4106 6178
397 317 507 376 ’771

1008 489 1237 544 CAPUT
1258 487 1447 543 XVIII.

471 643 578 699 Sed
615 647 705 698 est
734 641 998 710 quaedam
1034 640 1325 710 ejusmodi
1358 641 1583 711 species
1607 639 1665 694 in
1701 640 1850 695 facto
1882 645 1938 694 et
1994 640 2052 693 in

400 733 593 801 verbo,
627 731 718 786 bis
749 731 791 764 ²⁷
823 736 996 784 acuta
1041 735 1099 783 et
1159 729 1373 783 intesta
1423 728 1714 798 utrinque,
1773 728 1910 783 licet
1952 727 2053 783 tibi

401 819 935 889 blandiatur,quasi
971 823 1134 873 vacet
1158 818 1213 871 in
1237 823 1507 887 utroque,
1532 818 1671 871 dum
1704 817 1921 872 factum
1937 833 2052 871 non

400 911 651 973 videtur,
685 909 825 978 quia
859 907 1085 961 dictum
1118 923 1231 961 non
1266 911 1516 960 tenetur.
1554 906 1865 960 Pecuniam
1900 907 2053 961 694

404 1000 472 1054 de
500 997 752 1054 ethnicis
800 1001 1139 1051 mutuantes
1196 996 1305 1048 sub
1366 994 1710 1065 pignoribus
1769 994 2050 1064 tiduciati,

397 1087 585 1159 jurati
617 1090 842 1155 cavent,
876 1091 932 1140 et
963 1084 1046 1139 sic
1077 1088 1310 1156 negant.
1341 1083 1499 1137 Scire
1527 1084 1640 1155 (99)
1673 1084 1875 1139 volunt
1905 1083 2055 1139 scili-

405 1181 495 1231 cet
525 1181 759 1245 tempus
795 1172 1239 1245 persecutionis,
1273 1177 1329 1227 et
1377 1172 1569 1226 locum
1606 1173 1945 1239 tribunalis,
1999 1180 2056 1229 et

404 1280 714 1336 personam
750 1263 1036 1334 praesidis.
1074 1262 1404 1316 Praescribit
1451 1260 1741 1330 Christus,
1778 1278 1890 1315 non
1926 1278 2055 1317 esse

396 1355 739 1425 jurandum.
767 1352 844 1422 (4)
874 1350 1114 1422 Scripsi,
1152 1350 1381 1420 inquit;
1415 1351 1515 1405 sed
1552 1350 1698 1404 nihil
1735 1350 1852 1403 dixi
1891 1367 1902 1403 :
1940 1351 2053 1405 lin-

404 1457 539 1513 gua,
574 1459 686 1496 non
720 1440 916 1495 littera
945 1439 1289 1495 occidit.llic
1319 1454 1455 1509 ergo
1472 1439 1513 1471 ³⁸
1545 1443 1818 1493 naturam
1842 1444 2054 1495 etcon-

404 1531 707 1586 scientiam
741 1530 954 1583 advoco
989 1545 1001 1583 :
1037 1533 1333 1595 naturam,
1366 1527 1505 1598 quia
1537 1526 1683 1581 nihil
1715 1532 1907 1598 potest
1930 1544 2053 1583 ma-

406 1636 518 1675 nus
548 1619 824 1684 scribere,
858 1617 1088 1672 etiamsi
1130 1616 1333 1688 lingua
1368 1617 1424 1670 in
1484 1616 1809 1671 dictitando
1867 1621 2057 1673 cessat

404 1706 724 1763 immobilis
756 1711 812 1761 et
843 1705 1065 1777 quieta,
1091 1706 1247 1775 quod
1306 1722 1421 1758 non
1480 1703 1678 1759 anima
1729 1705 2056 1774 dictaverit,

924 310 1451 375 TERTULLIANI
1496 309 1823 374 Ol’EltUM
1872 311 2068 372 PARS
2113 308 2266 372 1.-
2298 308 2572 373 SERIES
2620 312 2667 385 l,
2713 307 3286 373 APOLOGETICA.

3690 310 3811 374 712

1986 468 1991 473 ι
2080 446 2134 511 Α
2165 445 2517 500 contendere
2540 448 2702 516 potes
2730 446 2796 516 ³⁸,
2830 460 3017 517 neque
3040 444 3318 501 noluisse.
3379 445 3526 500 Nam
3558 461 3693 501 cum
3718 462 3812 501 ca-

2163 549 2350 598 veres,
2393 533 2588 589 scisti:
2622 550 2758 590 cum
2792 535 2995 600 scires,
3054 534 3256 605 utique
3315 534 3577 601 voluisti,
3610 540 3667 589 et
3695 535 3811 590 has-

2163 637 2258 677 res
2288 622 2331 657 ³ί
2368 626 2485 677 tam
2520 624 2576 677 in
2609 624 2763 678 facto
2795 639 2971 694 quam
2995 623 3385 694 eogitatu,nec
3410 628 3573 695 potes
3603 623 3810 680 leviore

2165 711 2409 767 crimine
2430 713 2623 783 majus
2655 714 2701 748 ³³
2733 712 3059 778 excludere,
3097 718 3160 767 ut
3201 713 3362 768 dicas
3394 708 3617 768 falsum
3640 713 3809 785 plane

2162 800 2334 867 effici,
2366 801 2619 855 cavendo
2642 801 2794 872 quod
2831 818 2943 855 non
2978 800 3177 856 l'acis.«
3201 801 3414 856 Tamen
3435 817 3546 856 non
3582 802 3805 873 negavi,

2163 888 2301 959 quia
2340 906 2456 944 non
2481 890 2698 960 juravi.
2737 915 2756 937 ν
2795 895 2914 944 lmo
2954 889 3063 944 etsi
3114 890 3259 944 nihil
3290 892 3404 945 tale
3436 890 3697 960 fecisses,
3728 894 3809 945 ta-

2164 993 2298 1032 men
2331 979 2607 1034 dicereris
2633 979 2892 1049 dejerare
2924 978 2973 1034 si
3031 980 3426 1035 consenseris.
3476 980 3599 1035 Non
3660 979 3810 1035 valet

2162 1068 2339 1122 tacita
2381 1084 2479 1122 vox
2512 1068 2568 1122 in
2603 1067 2775 1140 stylo,
2808 1074 2864 1123 et
2904 1073 3104 1123 mutus
3156 1069 3214 1123 in
3246 1067 3455 1124 litteris
3503 1086 3706 1124 sonus.
3742 1074 3811 1124 At

2164 1156 2320 1211 enim
2349 1158 2500 1227 (Luc.
2538 1165 2573 1227 ι)
2605 1156 2914 1213 Zacharias
2956 1158 3261 1229 temporali
3294 1159 3451 1213 vocis
3508 1159 3809 1214 orbatione

2164 1243 2506 1313 mulctatus,
2533 1263 2665 1300 cum
2699 1246 2895 1300 animo
2932 1245 3254 1301 collocutus
3288 1247 3552 1317 linguam
3586 1247 3812 1302 irritam

2163 1332 2376 1386 transit
2408 1333 2507 1403 (3),
2541 1332 2815 1387 manibus
2848 1333 2972 1387 suis
3002 1351 3035 1387 a
3070 1335 3242 1388 corde
3289 1335 3490 1402 dictat,
3520 1342 3574 1389 et
3601 1352 3811 1390 nomen

2162 1420 2265 1473 lilii
2301 1421 2431 1476 sine
2460 1437 2557 1476 ore
2590 1421 2954 1493 pronuntiat,
2990 1423 3250 1494 loquitur
3280 1423 3338 1476 in
3370 1426 3542 1495 stylo,
3577 1424 3816 1478 auditur

2165 1508 2221 1563 in
2255 1526 2386 1564 cera
2415 1527 2628 1565 manus
2660 1511 2821 1566 omni
2854 1527 2998 1566 sono
3025 1511 3255 1577 clarior,
3286 1511 3476 1567 littera
3526 1514 3684 1567 omni
3716 1530 3813 1568 ore

2162 1598 2433 1654 vocalior.
2459 1600 2660 1663 Quaere
2690 1617 2767 1655 an
2797 1600 3025 1668 dixerit,
3058 1600 3158 1671 qui
3206 1601 3423 1657 dixisse
3476 1609 3813 1673 compertus

2161 1693 2267 1742 est.
2299 1686 2611 1743 Dominum
2645 1705 2881 1744 oremus
2912 1705 2984 1744 ne
3040 1705 3158 1759 qua
3204 1705 3311 1745 nos
3350 1690 3638 1760 ejusmodi
3669 1706 3813 1746 con-

400 1812 738 1868 quanquam
770 1799 826 1850 et
866 1776 993 1865 ipsi
1053 1793 1266 1865 linguae
1326 1793 1524 1849 anima
1581 1792 1883 1848 dictaverit
1948 1799 2049 1849 aut
2086 1824 2131 1888 Β
2164 1777 2725 1888 ῖτθίξξυδληξξθεῗίξῗε
2757 1777 2907 1832 θθδ
2942 1776 3459 1888 οίτξξλωείξῖθί·
3500 1778 3661 1888 είὶίία
3690 1795 3815 1888 εἷς·

400 1901 527 1941 ase
556 1890 924 1954 conceptum,
958 1888 1061 1938 aut
1113 1884 1184 1937 ab
1247 1882 1361 1937 alio
1422 1883 1727 1937 traditum.
1784 1883 1918 1937 Jam
1981 1900 2052 1938 ne

400 1975 648 2039 dicatur,
674 1994 701 2023 «
733 1972 896 2028 Alius
916 1972 1220 2041 dictavit,»
1252 1972 1346 2026 hic
1362 1972 1784 2027 conscientiam
1806 1970 2056 2043 appello,

401 2079 476 2118 an
520 2061 674 2132 quod
720 2060 873 2115 alius
927 2060 1169 2114 dictavit
1217 2059 1415 2115 anima
1472 2059 1776 2131 suscipiat,
1827 2066 1884 2116 et
1940 2061 2059 2117 sive

401 2149 713 2205 comitante
743 2148 863 2203 sive
894 2148 1183 2203 residente
1215 2146 1417 2218 lingua
1475 2148 1545 2203 ad
1582 2165 1825 2203 manum
1872 2154 2059 2205 trans-

404 2238 614 2294 mittat.
650 2238 715 2292 Et
746 2238 912 2306 bene,
946 2236 1100 2308 quod
1136 2236 1193 2290 in
1226 2236 1423 2291 anima
1455 2242 1513 2291 et
1561 2238 1922 2293 conscientia
1952 2239 2058 2293 de-

400 2327 595 2399 linqui
626 2325 909 2382 Dominus
942 2326 1104 2380 dixit.
1140 2325 1219 2391 Si,
1256 2325 1449 2395 inquit
1478 2326 1698 2395 (Matth.
1720 2344 1775 2392 v,
1797 2328 1888 2397 28)
1917 2343 2052 2382 con-

402 2414 861 2488 cupiscentia(2)
893 2413 1225 2470 velmalitta
1258 2414 1313 2468 in
1373 2431 1471 2469 cor
1536 2414 1794 2469 hominis
1852 2432 2058 2470 ascen—

405 2507 578 2571 derit,
612 2522 713 2576 pro
738 2505 886 2558 facto
919 2504 1134 2559 teneris
1154 2504 1217 2559 99.
1251 2503 1468 2558 Cavisti
1494 2503 1673 2573 igitur
1689 2504 1840 2574 quod
1878 2505 1937 2558 in
1961 2521 2060 2560 cor

403 2600 570 2650 tuum
606 2595 778 2664 plane
828 2592 1110 2661 ascendit,
1173 2592 1329 2663 quod
1388 2608 1580 2663 neque
1641 2592 1946 2662 ignorasse
2001 2597 2059 2648 te

2170 1864 2341 1931 nerit,
2376 1866 2473 1920 det
2499 1866 2779 1921 fratribus
2808 1866 3089 1938 operandi
3119 1867 3346 1938 copiam
3369 1868 3466 1938 (4),
3496 1867 3583 1923 vel
3644 1867 3813 1924 nobis

2168 1954 2584 2025 abrumpendae
2616 1956 2810 2011 omnis
2851 1955 3217 2011 necessitatis
3269 1958 3682 2027 constantiam,
3742 1974 3815 2013 ne

2166 2041 2278 2096 illae
2301 2041 2502 2098 littera:
2530 2044 2852 2114 negatrices
2901 2044 3125 2099 vicaria:
3161 2045 3279 2101 oris
3310 2046 3492 2101 nostri
3523 2047 3600 2117 (5)
3632 2047 3688 2101 in
3722 2047 3815 2102 die

2159 2131 2374 2201 judicii
2401 2133 2683 2187 adversus
2732 2150 2839 2189 nos
2870 2134 3239 2205 proferantur
3294 2136 3342 2191 si
3401 2139 3549 2190 natas
3606 2136 3815 2208 signis,

2169 2236 2282 2275 non
2307 2221 2431 2290 jam
2468 2222 2904 2293 advocatorum,
2931 2223 3032 2277 sed
3057 2222 3402 2295 angelorum
3435 2226 3528 2295 (6).

2809 2382 3035 2437 CAPUT
3050 2382 3240 2437 XXIV.

2240 2504 2397 2559 Inter
2426 2503 2533 2559 hoc
2566 2503 2841 2576 scopulos
2872 2510 2929 2560 et
2958 2506 3147 2573 sinus,
3199 2505 3353 2561 inter
3408 2507 3531 2563 hinc
3588 2510 3738 2566 vada
3761 2515 3819 2566 et

2169 2593 2317 2647 freta
2345 2591 2685 2648 idololatriae
2708 2594 2785 2665 (7)
2815 2592 3101 2649 velificata
3158 2595 3365 2665 spiritu
3426 2596 3526 2651 Dei
3561 2597 3638 2668 (8)
3670 2598 3817 2655 ﬁdes

1842 2735 2043 2796 Variae
2089 2735 2411 2796 lectiones.

481 2844 607 2900 “In
640 2844 787 2898 facto
819 2842 953 2898 etin
987 2842 1195 2909 verbis,
1229 2850 1415 2897 acute.
1453 2844 1573 2909 Riy.
1605 2843 1647 2876 ³⁸
1690 2842 1790 2896 Hic
1819 2858 1924 2913 ego
1956 2844 2156 2899 Wouw.
2190 2842 2297 2897 MS.
2349 2843 2393 2876 ²⁹
2421 2842 2625 2897 Teneri
2667 2844 2873 2899 Wouw.
2908 2843 3012 2898 MS.
3036 2845 3081 2879 ³ο
3113 2844 3306 2900 Potest
3330 2847 3561 2901 Semler.
3593 2847 3637 2882 ³⁸
3672 2851 3740 2901 Et
3756 2864 3818 2904 es

414 2916 586 2973 Sami.
621 2917 664 2949 ³³
692 2918 882 2987 Majas
915 2916 1041 2970 Lat.
1064 2916 1190 2970 Jun.
1226 2916 1344 2985 Rig.
1378 2917 1541 2985 LeOp.
1578 2932 1785 2969 manus
1817 2915 1989 2970 (then.
2025 2917 2255 2985 Francq.
2281 2914 2504 2969 Semler.

1846 3032 1993 3091 Com
2005 3032 2367 3091 mentarius.

480 3140 591 3213 (99)
624 3140 733 3194 Sub
756 3139 1077 3213 pignoribus
1107 3138 1358 3213 ﬁduciaii
1378 3139 1558 3208 jurali
1605 3146 1854 3213 caveat,_
1883 3148 1935 3213 et
1977 3140 2054 3194 sic
2086 3142 2128 3207 C

407 3208 610 3280 negant
631 3208 788 3266 scire.
822 3208 1084 3266 Creditor
1107 3210 1378 3263 ethnicus
1410 3211 1701 3262 mutuanti
1725 3208 2054 3265 Christiano

451 3283 719 3338 ecuniam
753 3282 914 3336 dedit
970 3282 1080 3335 sub
1138 3280 1483 3351 pignoribus
1541 3286 1596 3333 et
1644 3281 2053 3350 jurejurando.

451 3300 719 3338 ecuniam
753 3300 914 3336 uenit
970 3300 1080 3335 sun
1138 3300 1483 3351 pignoribus
1541 3300 1596 3333 ei.
1644 3300 2053 3350 jurejurando.

408 3300 698 3410 Eonfectis
730 3352 1014 3407 fiduciarii
1047 3356 1377 3406 contractus
1411 3350 1624 3405 tabulis
1657 3352 2054 3423 praescriptam

412 3431 523 3491 est,
548 3426 686 3495 quid
712 3424 1062 3495 praediorum
1095 3423 1379 3493 obligaret
1411 3440 1424 3488 ;
1459 3428 1737 3492 pra-terea
1762 3425 2052 3495 veroquid

402 3499 651 3566 juraret.
694 3495 891 3550 Jurari
923 3501 1124 3566 autem
1149 3495 1408 3566 oportuit
1437 3495 1591 3563 quod
1619 3495 1728 3548 sibi
1758 3496 2055 3563 jurarivo-

409 3570 598 3623 luerat
626 3567 898 3631 creditor,
935 3565 1169 3637 propria
1195 3565 1649 3637 superstitione.
1686 3566 2054 3623 Christianus

409 3639 613 3711 lingua
634 3654 747 3711 non
792 3636 1024 3705 iuravit,
1057 3638 1157 3691 sed
1190 3636 1421 3711 tabulas
1452 3641 1631 3711 testes
1656 3637 2052 3708 jurisjurandi

408 3707 560 3779 quod
594 3710 845 3764 creditor
874 3714 1141 3780 exegerat
1162 3707 1729 3780 signavit.Quaeritur
1760 3707 1829 3763 an
1866 3711 2052 3767 idolo-

408 3781 589 3836 latriaa
613 3781 858 3836 crimine
897 3779 1211 3835 teneatur?
1235 3780 1467 3835 Debitor
1500 3786 1673 3849 negat
1731 3797 1793 3835 se
1846 3784 2052 3848 teneri,

407 3870 474 3908 eo
505 3855 645 3924 quia
673 3853 961 3907 cautionis
993 3868 1096 3907 seu
1112 3852 1820 3925 fiduciis-instrumentum
1855 3855 2053 3925 signa-

407 3922 573 3991 verit,
608 3941 721 3979 non
758 3925 1037 3995 inquisito
1097 3939 1286 3993 neque
1344 3922 1633 3995 intellecto
1691 3924 1829 3994 quid
1895 3922 2051 3981 esset

409 4014 509 4069 pro
529 3994 916 4069 jurejurando
959 3996 1395 4069 praescriptum.
1412 3994 1809 4069 'I‘ertullianus
1827 4003 2049 4069 contra,

405 4066 587 4123 teneri
620 4068 719 4121 ait.
751 4068 893 4124 Nam
934 4084 1065 4122 cum
1097 4082 1348 4131 caveres,
1383 4066 1595 4136 inquit,
1627 4068 1809 4120 scisti.
1847 4066 2051 4123 Ethnié

407 4156 541 4194 cum
591 4140 810 4195 scilicet
866 4139 1210 4194 creditorem
1269 4139 1675 4211 commodasse
1723 4139 1827 4193 tibi
1876 4157 2052 4211 pecu-

412 4211 569 4266 niam
599 4228 666 4265 ea
688 4212 827 4279 lege,
853 4216 917 4266 ut
947 4226 1179 4264 caveres
1210 4215 1266 4264 et
1333 4208 1706 4282 pignoribus~
1732 4216 1788 4264 et
1818 4208 2049 4282 jureju-

411 4283 614 4339 rando.
649 4287 867 4337 Etcum
904 4284 1102 4346 scires,
1139 4282 1345 4352 utique,
1377 4280 1639 4335 voluisti.
1680 4280 1826 4335 PAM.

479 4385 547 4394 —-—
584 4357 782 4410 Jurati
807 4357 1013 4409 cavent.
1076 4357 1201 4407 Non
1249 4351 1458 4406 solum
1501 4352 1913 4420 jureconsulti,
1946 4354 2049 4409 sed

408 4425 627 4496 passim
662 4425 758 4480 alii
790 4425 958 4480 latini
991 4430 1277 4491 auctores,
1327 4421 1552 4477 similes
1609 4422 1919 4480 schedulas
1951 4430 2053 4481 aut

402 4497 767 4567 syngraphas
818 4500 1022 4551 vocant
1080 4496 1382 4567 cautiones

406 4565 632 4623 scilicet
659 4586 932 4624 cavemus
984 4568 1063 4621 ita
1121 4566 1311 4629 nobis,
1371 4570 1427 4620 et
1485 4565 1787 4621 reddimur
1836 4565 2048 4637 securi,

408 4656 538 4693 cum
576 4646 847 4695 mutuum
881 4642 1113 4693 damus.
1146 4642 1276 4691 Lac.

478 4712 978 4781 —Negantscire.
1041 4708 1200 4763 Hanc
1267 4708 1620 4781 scripturam
1680 4709 2049 4765 verissimam

410 4798 558 4849 esse,
592 4780 800 4838 docent
847 4799 973 4852 quis
1022 4785 1370 4852 sequuntur.
1431 4780 1577 4852 Nam
1632 4796 1757 4833 cum
1805 4797 2047 4850 caveres,

406 4855 596 4909 scisti:
631 4872 759 4909 cum
782 4851 978 4917 scires,
1012 4854 1201 4921 utique
1234 4851 1470 4906 voluisti.
1502 4851 1627 4905 Rm.

478 4924 554 4993 (Ι)
585 4925 905 4982 Prazscribit
937 4922 1180 4977 Christus
1233 4939 1348 4975 non
1398 4937 1508 4976 esse
1567 4922 1889 4989 iurandum.
1923 4924 2049 4980 Non

408 4995 733 5067 intelligere
760 5000 1055 5051 auctorem
1106 4994 1264 5067 omni
1303 4993 1653 5067 ijuramento
1702 4993 2053 5067 simpliciter

407 5063 854 5133 abstinendum,
887 5072 1045 5138 patet
1075 5064 1161 5119 vel
1192 5082 1259 5120 ex
1276 5063 1497 5133 Apolog.
1527 5065 1687 5138 c._32.
1725 5063 1871 5138 PAM.

482 5138 555 5210 (ξ)
587 5138 664 5204 Si,
705 5135 905 5210 inquit,
940 5139 1550 5210 concupiscentiallum
1587 5135 1712 5205 ipsa
1731 5136 1848 5190 haec
1879 5136 2053 5210 verba

406 5206 467 5280 in
491 5208 553 5263 S.
592 5206 909 5280 Scripturis
942 5206 1192 5280 reperire
1246 5207 1530 5262 hactenus
1589 5224 1702 5280 non
1738 5208 2049 5280 potuerim,

405 5278 635 5351 videtur
665 5278 807 5337 mihi
838 5283 896 5337 in
929 5278 1343 5351 compendium
1370 5278 1734 5351 contraxisse
1768 5278 1910 5334 illud
1947 5281 2048 5335 Ec-

406 5349 663 5407 clesiast.
688 5370 719 5407 v
747 5370 759 5409 :
796 5376 823 5403 «
852 5354 934 5408 Ne
954 5349 1219 5421 sequaris
1250 5350 1308 5404 in
1359 5349 1700 5421 fortitudine
1766 5356 1866 5405 tua
1919 5368 2052 5407 con-

406 5422 827 5492 cupiscentiam
870 5420 1059 5479 cordis
1090 5423 1195 5479 tui.
1228 5427 1285 5475 et
1324 5438 1395 5476 ne
1453 5420 1668 5477 dixeris
1702 5437 1713 5475 :
1749 5422 2050 5486 Quomodo

451 5496 596 5561 otui,
627 5503 729 5552 aut
759 5495 893 5568 quis
924 5511 1013 5551 me
1039 5494 1312 5568 subjiciat
1339 5497 1598 5568 propter
1659 5495 1807 5568 facta
1856 5511 1987 5568 mea
2024 5496 2051 5568 ‘t

451 5511 596 5561 oml,
627 5511 729 5552 aut
759 5512 893 5568 quis
924 5511 1013 5551 me
1039 5511 1312 5563 subjiciet
1362 5511 1598 5564 propter
1659 5511 1807 5549 tacta
1856 5511 1987 5550 mea
2024 5511 2047 5550 ἰ

405 5511 559 5622 Beus
587 5569 742 5623 enim
775 5568 1077 5623 vindicans
1107 5564 1439 5620 vindicabit.
1478 5587 1504 5613 ››
1536 5567 1649 5619 Aut
1679 5566 1874 5635 potius
1905 5566 2047 5621 illud

403 5656 555 5712 saepe
585 5640 827 5697 citatum
885 5638 1097 5695 alludit
1150 5636 1456 5694 Matth.v:
1509 5636 1616 5705 Qui
1661 5637 1866 5694 viderit
1923 5655 2049 5694 mu-

404 5712 621 5783 lierem,
656 5736 684 5763 »
715 5719 825 5772 etc.
851 5712 997 5769 PAM.

2241 3138 2317 3207 (3)
2352 3138 2633 3205 Linguam
2664 3139 2882 3192 irritam
2916 3141 3134 3194 transit.
3174 3140 3459 3196 Irretitam
3491 3146 3547 3196 et
3569 3142 3816 3198 residem

2171 3208 2315 3262 nihil
2351 3216 2635 3264 moratur.
2664 3209 2789 3264 Rm.

2238 3281 2313 3351 (4)
2346 3281 3014 3353 Detfratribusoperandi
3038 3284 3271 3352 copiam.
3328 3281 3558 3353 Optime
3614 3286 3811 3340 Pame-

2167 3350 2304 3428 lius
2341 3350 2592 3428 explicat
2635 3354 2725 3428 de
2775 3350 3162 3425 eleemosyna.
3189 3350 3451 3428 Yerbum
3482 3355 3638 3428 enim
3671 3374 3814 3428 ope-

2168 3424 2302 3497 rari,
2328 3432 2417 3479 est
2448 3423 2644 3495 largiri
2679 3423 3130 3497 eleeniosynam,
3182 3425 3429 3481 fortasse
3482 3427 3619 3496 quia
3662 3423 3814 3484 inter

2166 3495 2314 3571 bona
2349 3512 2524 3571 opera
2555 3512 2681 3571 quas
2741 3495 3122 3571 conferuntur
3153 3497 3450 3567 fratribus,
3484 3495 3807 3571 principem

2167 3513 2314 3549 nona
2349 3513 2524 3620 opera
2555 3513 2681 3565 quas
2741 3513 3121 3551 conteruntur
3153 3513 3450 3567 tramnus,
3484 3515 3807 3571 principem

2163 3565 2356 3640 locum
2434 3568 2603 3640 abeat
2630 3568 3023 3640 eleemosyna.
3064 3568 3203 3623 Hinc
3236 3570 3559 3640 Cyprianus
3593 3572 3811 3626 librum

2164 3637 2484 3713 inscripsit.
2517 3639 2582 3693 de
2614 3637 2783 3713 Qpere
2810 3649 2861 3695 et
2888 3637 3294 3712 Eieemosynis,'
3316 3637 3423 3695 ubi
3473 3658 3627 3713 saepe
3659 3644 3812 3699 hanc

2165 3726 2285 3764 rem
2311 3710 2588 3765 inculcat.
2625 3711 2757 3764 [ωε.

2236 3780 2313 3851 (5)
2344 3782 2573 3838 Litterae
2603 3783 2829 3837 vicariae
2861 3783 2973 3837 oris
3003 3784 3202 3838 nostri.
3258 3781 3377 3837 Hoc
3424 3782 3692 3837 imitatus
3723 3788 3815 3838 est

2162 3853 2507 3923 Cyprianus,
2540 3855 2715 3923 Epist.
2740 3853 2812 3908 ad
2843 3854 3206 3923 Rogatiauum
3227 3871 3244 3907 :
3284 3854 3451 3926 «llas
3482 3872 3584 3926 pro
3617 3871 3710 3909 me
3741 3856 3817 3911 ad

2163 3941 2335 4048 (aures
2365 3930 2422 3979 et
2461 3926 2530 3979 ad
2566 3926 2765 3980 oculos
2794 3931 3018 3980 vestros
3050 3926 3296 3981 vicarias
3327 3925 3552 3981 litteras
3583 3926 3817 3982 mitto.»

2218 4012 2295 4048 IG.

2188 3998 2295 4049 tio.

2233 4066 2310 4137 (6)
2337 4066 2587 4137 Signata
2642 4067 2841 4134 signis,
2901 4082 3008 4121 non
3068 4069 3181 4137 iam
3238 4068 3665 4133 advocatorum,
3724 4068 3818 4123 sed

2161 4139 2501 4206 angelorum.
2535 4138 2855 4193 Advocatos
2886 4138 3046 4204 dicit,
3080 4139 3180 4209 qui
3221 4141 3407 4195 amico
3439 4140 3817 4211 praesentiam

2162 4226 2328 4262 suam
2365 4211 2817 4266 commodabant
2848 4210 3157 4281 signando,
3191 4210 3815 4281 subscribendo,testi-

2162 4281 2358 4334 monio
2405 4280 2683 4336 dicundo.
2736 4280 2829 4336 Sic
2880 4280 3084 4350 Varro,
3143 4282 3243 4335 lib.
3302 4299 3366 4352 ιι,
3413 4283 3479 4339 de
3529 4299 3587 4338 re
3628 4280 3814 4351 'rust.,

2162 4352 2465 4421 cap.5:«
2535 4354 2622 4406 'l‘u
2680 4370 2833 4420 vero,
2896 4353 3095 4418 Murri,
3154 4353 3283 4408 veni
3329 4356 3407 4408 mi
3467 4355 3817 4423 advocatus,

2163 4424 2302 4477 dum
2326 4439 2489 4477 asses
2520 4424 2678 4498 solvo
2701 4422 3028 4498 _Patilibu_s_,
3053 4424 3103 4479 si
3164 4429 3364 4498 postea
3424 4443 3457 4481 a
3504 4442 3595 4481 me
3647 4422 3814 4498 rape;

1442 4510 1454 4548 :
1506 4499 1578 4581 et‘
1609 4500 1804 4581 cavent
1840 4512 1861 4558 ;
1912 4498 2047 4581 quia
2081 4515 2125 4578 Ι)
2158 4498 2318 4581 tanta
2342 4500 2405 4581 unt
2425 4496 2827 4581 testimonium
2850 4495 3404 4581 perhiberepossis.‘
3438 4520 3465 4548 »
3502 4498 3629 4581 ΒΨ..

2228 4566 2257 4632 (
2265 4567 2322 4637 7)
2356 4569 2511 4621 Freta
2539 4567 2897 4640 idololatriae.
2956 4566 3258 4640 Consentit
3317 4572 3520 4623 Petrus
3558 4570 3811 4640 Chryso-

2159 4634 2505 4711 log.,'serm_.
2539 4639 2629 4704 21,
2657 4640 2755 4708 qui
2789 4638 3062 4711 scopulos
3093 4646 3150 4694 et
3179 4640 3347 4694 sinus
3378 4646 3436 4695 et
3498 4634 3810 4711 fretafqua

2160 4709 2599 4778 praetervehitur
2637 4711 2798 4765 navis
2829 4710 3153 4777 Dominica,
3185 4711 3243 4765 id
3275 4714 3364 4765 est
3394 4710 3670 4775 Ecclesia,
3711 4709 3810 4766 ex-

2162 4779 2339 4853 plicat
2368 4796 2497 4835 esse
2525 4785 2651 4853 tum
2683 4781 3043 4837 extrinsecus
3085 4783 3351 4852 gentium
3414 4783 3619 4852 moles,
3683 4798 3811 4853 quin

2162 4852 2534 4906 undabundis
2568 4852 2727 4907 illam
2763 4853 3054 4923 quatiunt,
3086 4860 3212 4909 tum
3242 4853 3598 4909 intrinsecus
3629 4854 3813 4909 tumi-

2159 4922 2702 4997 doshzsreticorum
2733 4922 2971 4991 ﬂuctus,
3004 4926 3101 4997 qui
3153 4925 3388 4980 irruunt
3444 4926 3503 4980 in
3563 4942 3695 4981 eam
3755 4930 3812 4981 et

2160 4995 2429 5050 saeviunt.
2466 4995 2599 5049 Lac.

2231 5066 2319 5137 (8)
2344 5066 2628 5135 Veiiﬁcala
2655 5067 2867 5137 spiritu
2898 5068 3016 5121 Dei.
3050 5066 3178 5121 Hinc
3207 5084 3312 5122 vox
3341 5067 3579 5122 Auctori
3612 5071 3809 5121 nostro

2161 5136 2493 5206 peculiaris,
2530 5136 2689 5193 inter
2711 5144 2919 5193 caetera
2976 5138 3183 5202 eflecit,
3245 5144 3309 5193 ut
3344 5140 3508 5193 Sixto
3566 5138 3811 5193 Senensi

2161 5210 2470 5277 assentiar,
2502 5210 2654 5279 quod
2703 5209 2964 5264 carmina
2995 5209 3092 5265 illa
3148 5210 3389 5264 Genesis
3443 5217 3499 5264 et
3546 5211 3808 5265 Sodoma:

2162 5296 2289 5353 quas
2322 5298 2355 5353 a
2382 5297 2475 5336 me
2507 5281 2958 5351 postMorelium
2991 5286 3048 5336 et
3075 5281 3403 5337 Fabricium
3429 5283 3490 5336 Β.
3524 5281 3810 5353 Cypriano

2160 5352 2460 5421 adscripta
2490 5360 2649 5425 sunt,
2680 5353 3028 5408 Tertulliani
3063 5369 3191 5408 esse
3220 5358 3447 5425 putem.
3493 5352 3635 5425 Plut.

2231 5454 2299 5462 —
2342 5424 2638 5491 Veliﬁcata
2664 5426 2869 5492 spiritu
2905 5427 3025 5479 Dei.
3072 5423 3236 5488 Quid
3257 5424 3353 5478 hic
3385 5425 3497 5479 sibi
3529 5423 3669 5478 velit
3699 5424 3811 5478 Pa-

2162 5492 2381 5567 melius
2408 5511 2522 5548 non
2550 5494 2693 5549 satis
2743 5513 3045 5567 assequor,
3104 5513 3211 5549 vox
3262 5497 3478 5567 quippe
3538 5496 3817 5565 veliﬁrari

2160 5564 2419 5639 vulgaris
2446 5571 2556 5639 est,
2578 5571 2635 5621 et
2666 5564 3180 5637 passim—occurret
3235 5564 3389 5639 apud
3411 5564 3427 5567 ’
3449 5564 3655 5639 δοκεῖ
3676 5568 3812 5623 lati-

2162 5636 2364 5692 nitatis
2396 5636 2732 5711 scriptores,
2766 5648 2821 5695 et
2850 5640 2908 5695 in
2931 5656 2998 5696 eo
3030 5640 3211 5695 ferme
3228 5636 3432 5697 sensu.
3476 5639 3554 5694 Le
3574 5638 3680 5697 Pa.
