4106 6178
276 317 388 377 773

1542 313 1777 376 LIBER
1824 313 1926 373 AD
1974 309 2416 374 SCAPULAM.

3564 322 3683 381 7M

279 446 529 521 navigat,
564 451 691 503 tuta
720 447 768 503 si
798 452 990 517 cauta,
1021 464 1228 506 secura
1260 447 1309 504 si
1373 448 1623 503 attonita
1653 448 1751 518 (9).
1804 447 1925 502 ϐω·
1954 450 2012 514 Α
2044 448 2244 500 nostra
2275 461 2389 516 quo
2421 445 2708 516 expedita,
2760 445 2869 501 hoc
2916 446 3147 519 plenius
3196 450 3684 519 administranda,

276 542 465 592 terum
496 537 853 593 inenatabile
882 539 1146 595 excussis
1202 539 1558 609 profundum
1610 542 1718 605 est,
1770 536 1929 592 inex-

280 626 545 682 tricabile
576 627 850 699 impactis
882 628 1261 699 naufragium
1314 628 1424 698 (40)
1473 630 1581 691 est,
1624 627 1930 698 irrespira-

282 714 396 771 bile
427 716 719 771 devoratis
750 715 1214 789 hypobrychium
1249 717 1306 771 in
1346 715 1674 771 idololatria
1735 732 1747 769 :
1810 715 1934 787 qui-

283 820 531 875 cumque
578 804 791 859 ﬂuctus
842 806 967 875 ejus
1017 806 1305 871 oﬂ‘ocant;
1359 806 1548 861 omnis
1578 811 1776 861 vortex
1807 805 1934 875 ejus

285 895 353 949 ad
388 894 606 949 inferos
640 895 911 950 desorbet
950 896 1083 966 (11).
1117 898 1298 950 Nemo
1330 894 1486 950 dicat
1520 911 1532 949 :
1569 918 1595 943 «
1631 895 1770 958 Quis
1814 899 1933 949 tam

283 988 409 1038 tuto
442 981 828 1054 praecavebit?
858 984 1191 1038 exeundum
1226 983 1298 1038 de
1327 982 1538 1039 saeculo
1570 983 1743 1049 erit,»
1767 982 1935 1053 quasi

285 1089 398 1127 non
425 1072 573 1127 tanti
628 1072 706 1127 sit
758 1072 934 1140 exire,
992 1089 1169 1145 quam
1229 1072 1599 1128 idololatrem
1632 1074 1690 1127 in
1724 1070 1936 1127 saeculo

286 1166 459 1218 stare.
496 1160 651 1215 Nihil
684 1178 812 1218 esse
843 1161 1073 1217 facilius
1100 1162 1257 1217 696
1290 1165 1503 1234 potest,
1534 1178 1710 1233 quam
1742 1161 1937 1216 cautio

284 1247 645 1313 idololatriae,
679 1248 727 1303 si
761 1248 940 1305 timor
968 1249 1098 1319 ejus
1130 1248 1189 1303 in
1223 1248 1411 1321 capite
1443 1248 1537 1303 sit.
1568 1251 1938 1317 Quaecunque

288 1337 608 1393 necessitas
641 1338 833 1393 minor
881 1342 972 1394 est
1028 1338 1289 1410 periculo
1348 1340 1511 1393 tanto
1570 1342 1929 1410 comparata.

284 1426 659 1498 Proptererea
680 1427 929 1497 Spiritus
960 1431 1226 1497 sanctus,
1275 1427 1751 1483 consultantibus
1799 1430 1940 1481 tunc

286 1514 590 1587 apostolis,
622 1515 919 1572 vinculum
954 1518 1247 1589 etjugum
1302 1517 1473 1573 nobis
1522 1517 1825 1585 relaxavit,
1877 1520 1943 1571 ut

288 1603 627 1660 idololatriae
686 1604 1009 1661 devitanda
1067 1622 1434 1662 vacaremus.
1497 1607 1629 1663 Haec
1686 1606 1796 1662 erit
1852 1604 1941 1661 lex

2041 532 2276 605 propria
2306 533 2901 607 Christianorum,per
2932 554 3107 608 quam
3141 539 3211 593 ab
3234 540 3483 596 ethnicis
3508 559 3684 615 agno-

2042 622 2263 677 scimur
2294 627 2349 677 et
2396 622 2802 678 examinamur
2833 643 2844 679 :
2878 625 2997 680 haec
3048 628 3459 685 accedentibus
3508 632 3578 686 ad
3628 633 3693 686 ﬁ-

2044 712 2177 766 dem
2212 714 2585 783 proponenda
2618 712 2745 783 (Isa.
2778 730 2984 783 xxxm;
3015 718 3213 773 Mallh.
3250 735 3328 773 vu
3382 737 3395 775 :
3445 721 3689 793 Philipp.

2044 818 2142 867 111;
2177 802 2304 855 Luc.
2338 802 2416 871 Χ),
2450 806 2506 855 et
2535 800 3001 873 ingredientibus
3034 806 3091 860 in
3126 807 3297 862 fidem
3341 809 3692 866 inculcanda

2044 894 2133 945 est
2164 894 2226 944 ut
2255 891 2597 945 accedentes
2630 890 2976 958 deliberent,
3009 894 3385 952 observantes
3423 915 3691 969 perseve-

2048 984 2197 1047 rent,
2234 996 2348 1033 non
2378 980 2753 1035 observantes
2783 981 2829 1015 3‘
2861 984 3197 1039 renuntient
3249 985 3359 1041 sibi
3409 988 3542 1059 (12).
3592 988 3692 1043 Vi-

2047 1067 2310 1122 derimus
2364 1068 2522 1122 enim
2574 1069 2621 1122 si
2668 1071 2991 1125 secundum
3043 1089 3186 1128 arcae
3240 1074 3392 1146 (Gen.
3447 1077 3549 1148 vn)
3602 1082 3695 1150 ty-

2049 1174 2187 1228 pum
2220 1157 2381 1228 3“(13)
2430 1161 2487 1212 et
2517 1174 2725 1215 corvus
2752 1162 2808 1213 et
2839 1158 3052 1215 milvus
3084 1167 3141 1216 et
3164 1161 3340 1235 lupus
3372 1169 3428 1219 et
3454 1167 3615 1222 canis
3642 1170 3698 1223 et

2050 1263 2289 1315 serpens
2319 1245 2379 1300 in
2428 1246 2680 1301 Ecclesia
2728 1247 2858 1316 erit,
2910 1254 3061 1303 certe
3092 1249 3436 1309 idololatres
3468 1256 3526 1310 in
3551 1272 3695 1311 arcae

2051 1338 2186 1406 typo
2215 1335 2259 1368 ³⁵
2292 1352 2405 1390 non
2438 1335 2951 1393 babetur.Nullum
2986 1338 3201 1393 animal
3238 1340 3294 1394 in
3330 1342 3696 1399 idololatrem

2055 1424 2372 1495 figuratum
2405 1428 2493 1478 est
2525 1440 2538 1479 :
2573 1425 2725 1494 quod
2765 1425 2818 1478 in
2853 1442 2985 1480 arca
3021 1444 3132 1482 non
3169 1428 3299 1495 fuit,
3332 1430 3388 1483 in
3443 1431 3701 1487 Ecclesia

2055 1530 2170 1569 non
2203 1514 2276 1569 sit
2307 1513 2439 1583 (14).

1706 1735 1906 1796 Variae
1948 1733 2269 1807 lectiones.

358 1843 404 1878 ³³
432 1843 489 1898 Si
519 1847 759 1923 attenta.
795 1842 997 1923 Rigalt.
1030 1858 1102 1897 ex
1130 1843 1247 1899 cod.
1284 1844 1465 1898 Fulvii
1496 1843 1699 1900 Ursini.
1776 1843 1822 1877 3‘
1851 1845 2251 1907 Perseverent,
2287 1857 2401 1895 non
2437 1841 2815 1896 observantes
2847 1843 2999 1898 abest
3030 1844 3147 1915 Rig.
3228 1846 3272 1880 ³⁸
3302 1848 3701 1923 Archetypum

286 1916 453 1971 Fran.
527 1915 572 1949 ³⁸
599 1915 923 1986 Archetypo
945 1915 1110 1970 Fran.

1741 2002 2267 2065 Commentarius.

364 2112 441 2181 (9)
499 2111 723 2179 Secura,
780 2112 831 2165 si
888 2116 1099 2166 attenta
1155 2112 1227 2181 (v.
1287 2112 1405 2167 lect.
1447 2114 1594 2180 var).
1650 2114 2028 2176 PostremaB

297 2184 544 2254 hujusce
599 2183 866 2253 opusculi
925 2183 1119 2254 capita
1180 2184 1588 2238 desiderantur
1637 2184 1695 2237 in
1755 2184 1952 2237 codice

296 2257 482 2326 Agob.
514 2272 583 2311 ea
609 2271 690 2320 re,
715 2254 908 2326 secuti
939 2255 1049 2309 hoc
1082 2254 1207 2310 loco
1238 2271 1446 2311 sumus
1470 2256 1729 2311 codicem
1767 2254 1948 2309 Fulvii

297 2325 512 2381 Ursini.
571 2325 869 2381 Editiones
940 2327 1226 2392 Rhenani,
1290 2328 1512 2396 Secura,
1579 2328 1627 2379 si
1683 2328 1945 2381 attonita.

296 2398 455 2463 Quod
492 2398 733 2454 minime
764 2399 1184 2468 spernendum.
1217 2398 1311 2452 Sic
1344 2400 1499 2453 enim
1533 2397 1681 2452 libro
1704 2398 1768 2452 de
1799 2400 1950 2465 Fuga

297 2472 355 2523 in
402 2486 604 2539 persec.
639 2488 658 2524 .·
691 2493 719 2519 ‹‹
772 2470 883 2524 Sed
935 2471 1169 2541 quando
1219 2470 1374 2525 Deus
1431 2469 1619 2539 magis
1668 2470 1949 2532 creditur,

299 2541 410 2596 nisi
444 2558 578 2595 cum
611 2542 798 2612 magis
828 2542 1091 2607 timetur,
1128 2541 1239 2595 nisi
1275 2542 1334 2595 in
1367 2547 1630 2612 tempore
1681 2557 1950 2609 persecu-

299 2613 520 2668 tionis?
549 2614 712 2667 Tunc
739 2612 996 2668 Ecclesia
1028 2614 1084 2667 in
1117 2614 1365 2667 attonito
1397 2619 1506 2668 est.
1545 2634 1571 2661 »
1606 2612 1733 2666 Περ.

372 2686 484 2756 (40)
528 2685 920 2757 [nextricabz‘le
962 2686 1219 2757 impactis
1265 2686 1624 2756 naufragium
1660 2692 1779 2757 est.
1835 2683 1951 2757 Lu-

302 2755 442 2810 cifer
467 2754 835 2811 Calaritanus
867 2755 1014 2809 dixit
1042 2754 1483 2813 inextricabile:
1526 2755 1798 2821 tenebras,
1849 2754 1949 2807 lib.

304 2830 375 2881 de
398 2830 635 2881 Contem.
672 2836 833 2882 mort.
861 2842 959 2898 pro
992 2827 1122 2881 Chr.
1156 2829 1281 2883 R10.

373 2900 496 2980 (ill
518 2899 793 2980 Deso‘rbe‘l.
828 2895 1409 2980 Mihi-non‘dubiuq
1442 2898 1583 2980 quin
1632 2914 1780 2980 quae”
1810 2895 1954 2949 scri-

306 2968 420 3039 psit
450 2970 693 3042 Tertull.
728 2970 799 3042 de
830 2969 1244 3042 hypobrychio,
1277 2971 1348 3025 de
1378 2968 1653 3024 fluetibus
1701 2968 1957 3022 ell’ocan-

307 3042 487 3104 tibus,
521 3041 591 3097 de
621 3041 835 3096 vortice
866 3041 1231 3109 desorbente.
1265 3042 1477 3096 dixerit
1505 3057 1639 3095 cum
1686 3043 1956 3109 respectu

311 3113 382 3165 ad
440 3112 792 3184 Charybdin,
844 3106 1114 3169 videlicet
1161 3131 1229 3169 ex
1279 3130 1493 3184 magna
1541 3110 1747 3167 notitia
1778 3106 1957 3184 hujus

310 3184 530 3309 nlzliuéici
598 3182 862 3257 periculi.
927 3185 1070 3241 Vide
1132 3202 1246 3255 me,
1314 3182 1417 3240 lib.
1485 3201 1547 3238 III
1612 3182 1852 3253 /Eneicl.,
1884 3182 1955 3237 ad

312 3271 327 3307 ι
385 3272 418 3309 u
489 3273 501 3309 :

312 3271 459 3310 iuuu
489 3273 501 3310 Ζ

621 3333 813 3384 Sorbet
839 3334 891 3382 in
924 3334 1213 3398 abruptum
1244 3335 1453 3384 ﬂuctus.
1561 3336 1677 3384 LAC.

2131 2110 2243 2180 (12)
2302 2109 2631 2165 Renunlient
2679 2112 2810 2166 sibi.
2861 2112 3145 2167 Desinant
3194 2130 3324 2169 esse
3368 2114 3707 2175 Christiani.

2065 2181 2190 2235 RIG.

2135 2252 2243 2321 (13)
2273 2252 2589 2325 Secundum
2618 2270 2760 2308 arcw
2791 2259 2999 2325 typum.
3033 2255 3257 2325 Typum
3290 2257 3399 2312 hoc
3447 2256 3572 2313 loco
3617 2258 3712 2313 di-

2058 2322 2155 2389 cit,
2213 2324 2382 2400 quod‘
2428 2323 2565 2377 alibi
2627 2322 3000 2400 exemplum,
3040 2322 3377 2400 imaginem,
3432 2330 3708 2400 ﬁguram,

2059 2398 2520 2473 sacramentum,
2555 2397 2926 2473 mysterium,
2956 2396 3709 2473 similitudinem,a3nigma,

2061 2466 2426 2544 parabolam,
2498 2466 2878 2544 memoriam,
2946 2468 3340 2544 allegoriam,
3383 2466 3710 2544 speculum,

2061 2538 2590 2606 comparationem,
2626 2540 2915 2605 umbram,
2949 2538 3243 2595 nebulam.
3279 2538 3515 2599 Hieron.
3546 2545 3647 2600 lib.
3670 2538 3713 2601 1i

2060 2609 2273 2684 advers.
2320 2610 2711 2684 Jo_vinianum,
2777 2632 2802 2663 α
2861 2612 3054 2683 Typus
3115 2615 3423 2684 sanguinis
3474 2616 3713 2683 Christi,

2062 2680 2283 2733 vinum.
2321 2703 2341 2727 ι
2374 2680 2506 2735 LAC.

2136 2752 2247 2821 (14)
2282 2751 2431 2819 Quod
2462 2754 2525 2806 in
2555 2768 2682 2806 arca
2728 2769 2840 2805 non
2885 2755 3014 2821 fuit,
3064 2756 3122 2808 in
3172 2755 3413 2812 Ecclesia
3460 2774 3569 2814 non
3618 2760 3714 2814 sit.

2064 2823 2463 2898 lgpipbonema
2514 2824 3015 2898 istudprioribus
3065 2825 3235 2898 longe
3265 2833 3355 2882 est
3384 2830 3712 2886 obscurius.

2064 2893 2180 2948 Hac
2212 2895 2441 2949 interim
2478 2894 2620 2950 velle
2650 2894 2895 2950 videtur.
2932 2901 3072 2951 Cum
3124 2893 3196 2951 in'
3231 2915 3364 2954 arca
3412 2900 3528 2956 Noe
3589 2905 3713 2957 l'ue-

2066 2966 2184 3042 rint
2231 2965 2422 3042 omnis
2471 2967 2707 3042 generis
2757 2967 3056 3042 animalia,
3102 2972 3325 3042 munda
3373 2977 3611 3042 septena
3658 2976 3717 3027 et

2065 3041 2326 3108 septena,
2364 3037 2670 3093 immunda
2698 3055 2828 3093 vero
2858 3040 2974 3094 duo
3005 3045 3061 3094 et
3104 3041 3240 3105 duo,
3290 3037 3536 3098 exclusae
3582 3060 3716 3099 vero

2068 3109 2285 3163 fuerint
2316 3109 2651 3197 idololatria:
2684 3125 2910 3197 omnes,
2949 3112 3351 3195 consequitur,
3378 3120 3439 3169 ut
3481 3115 3716 3197 quodin

2067 3197 2202 3235 arca
2254 3195 2368 3234 non
2421 3181 2551 3246 fuit,
2608 3181 2665 3234 in
2697 3182 2953 3237 Ecclesia
2983 3200 3096 3238 non
3130 3181 3224 3239 sit.
3262 3190 3391 3239 Eam
3426 3181 3577 3242 enim
3610 3187 3717 3243 Ec-

2068 3251 2254 3306 clesiae
2283 3252 2529 3323 ﬁguram
2561 3253 2817 3324 gessisse
2867 3255 3046 3310 tradit
3094 3255 3188 3312 hic
3232 3261 3455 3324 auctor,
3498 3259 3599 3313 lib.
3651 3258 3719 3313 dc

2070 3326 2365 3395 Baptismo.
2405 3324 2550 3378 PAM.

1355 3585 1929 3682 MONITUM
1999 3585 2673 3680 EDITORUM.

394 3915 575 3974 Hunc
623 3912 705 3975 ad
746 3912 1069 3994 Scapulam
1124 3913 1378 3983 librum,
1432 3911 1547 3973 etsi
1605 3911 1790 3971 fuerit
1858 3918 1997 3987 post
2043 3918 2404 3988 susceptum
2457 3912 2535 3971 ab
2596 3913 2869 3971 Auctore
2947 3913 3462 3987 Montanismum,
3518 3915 3721 3976 omni-

308 4012 435 4071 bus
483 4014 609 4073 fere
659 4012 1125 4086 confitentibus,
1177 4016 1492 4082 exaratus,
1551 4015 1759 4069 tamen
1810 4008 1949 4068 aliis
1995 4008 2493 4087 praecedentibus
2542 4014 2689 4068 ante
2735 4008 3107 4069 Tertulliani
3156 4010 3402 4090 lapsum
3459 4030 3720 4090 compo-

303 4110 469 4186 sitis,
505 4116 636 4170 tum
671 4111 750 4171 ob
782 4128 987 4170 rerum
1021 4110 1497 4181 connexionem,
1535 4114 1666 4168 tum
1701 4109 1911 4168 forsan
1940 4107 2020 4167 ob
2053 4106 2420 4165 nonnullam
2472 4106 2674 4165 aetatis
2716 4105 3108 4181 relationem,
3144 4110 3232 4169 uti
3282 4110 3493 4170 videre
3533 4118 3625 4171 est
3656 4111 3720 4171 in

301 4208 749 4269 dissertatione
779 4211 850 4269 D.
887 4213 968 4270 Le
998 4210 1243 4287 Nourry
1274 4207 1436 4268 infra
1466 4206 1809 4281 afferenda,
1846 4205 2057 4267 statim
2092 4204 2547 4283 subjiciendum
2582 4204 2898 4265 duximus.

307 4375 482 4386 .__.

2102 4374 2441 4382 ’.ψ-

2467 4374 2638 4381 ...ν-...ο-

2640 4374 2733 4381 ._____
2760 4376 2781 4381 _
2800 4373 3728 4386 ___,__..__..._r_.._______._-___—

629 4528 899 4687 AD
1018 4526 1747 4692 LIBROS
1867 4521 3398 4689 APOLOGETICOS

1695 4790 2343 4885 APPENDIX.

1096 5153 1611 5255 LIBER
1697 5154 1912 5249 AD

2064 5150 2951 5250 ίαΑιιυιΑΜ.

378 5461 538 5517 697
575 5466 954 5513 Aacuusmuu
993 5469 1063 5510 nr
1102 5456 1383 5513 SYNOPSIS.
1414 5488 1480 5497 —
1502 5456 1579 5511 De
1613 5456 1827 5526 epocha
1859 5454 1987 5509 libri
2016 5455 2085 5509 ad
2116 5454 2409 5524 Scapulam
2442 5453 2725 5508 dissident
2757 5454 2984 5524 eruditi,
3011 5472 3074 5511 ac
3105 5476 3259 5516 anno
3287 5462 3415 5530 203,
3446 5480 3477 5517 a
3514 5463 3735 5517 Tertul-

301 5554 475 5608 liano
523 5548 739 5604 editum
796 5544 970 5600 fuisse
1023 5544 1304 5600 Pamelius
1347 5553 1399 5601 et
1450 5544 1727 5600 Baronius
1757 5543 2150 5611 tradiderunt;
2186 5544 2283 5597 alii
2314 5558 2444 5597 vero
2476 5542 2579 5596 sub
2617 5544 2983 5612 lrleliogabalo
3016 5545 3380 5618 imperatore,
3422 5565 3574 5605 anno
3602 5552 3731 5606 217.

302 5635 718 5696 Verosimilius
749 5640 939 5689 tamen
972 5633 1077 5689 hoc
1121 5634 1458 5691 intermedio
1490 5643 1765 5706 tempore,
1795 5640 1849 5687 ct
1881 5632 2031 5689 circa
2074 5648 2291 5688 annum
2321 5633 2449 5700 212,
2480 5632 2532 5685 id
2566 5632 2847 5687 accidisse
2878 5633 3120 5690 videtur.
3154 5651 3280 5692 cum
3340 5639 3555 5693 scilicet
3607 5645 3739 5708 post

276 5727 506 5807 patris
560 5724 781 5782 obitum
842 5721 997 5782 solus
1050 5722 1356 5797 imperaret
1402 5723 1692 5786 Garacalla
1725 5738 1739 5784 ;
1773 5737 1943 5797 quare
1998 5724 2169 5781 unius
2219 5728 2437 5780 tantum
2468 5721 2827 5795 imperatoris
2855 5736 2921 5782 eo
2950 5721 3010 5778 in
3044 5722 3189 5785 libro
3217 5725 3482 5784 meminit
3515 5743 3529 5786 :
3568 5748 3597 5780 ‹‹
3627 5727 3738 5787 ρο.
