4106 6178
438 305 557 368 775
964 302 1487 367 TERTULLIANI
1537 303 1859 368 OPERUM
1904 302 2105 366 PARS
2149 305 2197 365 Ι.
2224 304 2603 368 —SERIES
2648 307 2697 380 Ι,
2742 302 3311 369 APOLOGETICA.
3727 304 3843 367 776

443 440 615 495 limus
658 455 790 509 ergo
839 437 1235 507 imperatorem
1286 437 1390 506 sic,
1425 438 1711 509 quomodo
1760 442 1816 493 et
1862 437 2025 493 nobis
2083 437 2235 506 licet,
2273 446 2326 494 et
2371 438 2477 509 ipsi
2518 439 2763 509 expedit,
2801 444 2858 494 ut
2890 437 3179 494 hominem
3213 454 3247 493 a
3280 440 3389 493 Deo
3420 439 3775 505 secundum;
3812 462 3835 491 ι

438 538 489 585 et
523 530 721 585 iterum
761 544 773 583 :
817 546 837 574 α
872 531 1062 595 Itaque
1092 536 1147 581 et
1177 525 1562 581 sacrificamus
1595 543 1692 596 pro
1725 526 1907 582 salute
1961 527 2353 597 imperatoris;
2390 529 2485 583 sed
2537 527 2652 583 Deo
2698 534 2913 595 nostro,
2950 533 3001 582 et
3045 526 3241 598 ipsius.
3280 548 3305 575 »
3340 527 3467 583 Post
3518 527 3841 582 diuturnam

438 636 564 673 vero
610 616 1084 689 persecutionem,
1116 632 1237 684 quae
1287 614 1390 668 sub
1434 616 1619 670 Severi
1669 615 1907 686 imperio
1957 617 2220 687 conligit,
2267 616 2387 673 haec
2426 616 2838 673 Tcrtullianum
2885 617 3181 686 scripsisse
3233 617 3365 672 inde
3410 624 3651 684 constat,
3694 617 3840 687 quod

437 707 686 778 quinque
744 706 1110 774 proconsules
1170 712 1507 773 uumeret,a
1542 705 1745 775 quibus
1795 705 2102 761 Christiani
2162 705 2339 761 vexati
2398 706 2641 777 fuerant,
2701 706 2909 777 quique
2968 720 3097 761 cum
3159 706 3217 760 in
3273 707 3456 761 varias
3503 706 3841 762 incidissent

436 795 803 865 calamitates,
868 794 1067 849 horum
1122 792 1385 862 exemplo
1439 794 1757 864 Scapulam.
1810 800 1871 849 ut
1925 794 2031 850 sibi
2089 804 2329 863 caveret,
2393 795 2680 861 hortatur;
2730 811 2861 851 cum
2923 795 3205 865 praecipue
3262 802 3520 864 portenta
3580 796 3834 865 quaedam

438 884 776 954 Carthagine
823 884 941 937 visa
997 883 1226 948 fuerint,
1258 883 1445 937 statim
1501 898 1567 937 ac
1614 884 1764 938 idem
1822 883 2062 953 Scapula
2113 884 2461 953 provinciam
2494 884 2802 955 ingressus,
2838 884 3127 938 Mavilium
3161 883 3589 939 Adrumetieum
3647 882 3837 938 Chris-

438 974 654 1029 tianum
715 972 1001 1028 hominem
1051 970 1121 1024 ad
1173 970 1381 1025 bestias
1430 972 1834 1027 damnaverat:
1874 994 1901 1023 ‹‹
1948 972 2068 1027 Tibi
2127 989 2354 1045 quoque
2402 980 2663 1043 optamus
2710 973 3159 1029 admonitionem
3210 970 3388 1027 solam
3438 971 3632 1044 fuisse,
3689 972 3838 1043 quod

436 1079 568 1119 cum
597 1062 1022 1116 Adrumeticum
1058 1060 1343 1115 Mavilium
1374 1062 1442 1114 ad
1473 1059 1681 1117 bestias
1712 1062 2065 1130 damnasses,
2100 1070 2152 1118 et
2184 1063 2370 1117 statim
2408 1063 2527 1119 haec
2556 1063 2769 1117 vexatio
2794 1061 3091 1118 subsecuta
3122 1070 3222 1117 est.
3261 1082 3288 1109 υ

506 1155 771 1218 Quasnam
822 1158 1011 1205 autem
1062 1149 1228 1203 fuerit
1280 1149 1379 1204 illa
1429 1150 1661 1219 vexatio,
1699 1150 1784 1205 his
1832 1150 2017 1207 verbis
2068 1160 2256 1206 narrat
2290 1167 2300 1203 :
2339 1175 2365 1201 ‹‹
2401 1154 2672 1207 Caeterum
2706 1159 2759 1207 et
2788 1152 2970 1206 imbre
3000 1150 3137 1205 anni
3172 1149 3459 1219 praeteriti,
3494 1150 3627 1219 quid
3684 1165 3839 1206 com-

435 1241 696 1295 meruerit
739 1255 917 1309 genus
951 1241 1264 1294 humanum
1314 1240 1595 1308 apparuit,
1629 1240 2037 1308 cataclysmum
2079 1238 2319 1306 scilicet,
2350 1250 2403 1296 et
2449 1249 2596 1298 retro
2645 1241 2823 1296 fuisse
2873 1248 3100 1310 propter
3144 1238 3594 1307 incredulitates,
3625 1247 3677 1295 et
3724 1240 3838 1295 ini-

432 1331 671 1400 quitates
714 1328 1045 1394 hominum;
1080 1335 1131 1382 et
1163 1328 1339 1394 ignes,
1374 1329 1468 1397 qui
1499 1344 1671 1399 supra
1706 1329 1911 1383 moenia
1970 1330 2324 1399 Carthaginis
2372 1331 2629 1400 proxime
2676 1330 3070 1399 pependerunt
3116 1346 3215 1398 per
3262 1337 3509 1393 noctem,
3542 1329 3675 1398 quid
3727 1329 3837 1383 mi-

433 1420 549 1473 nati
580 1419 718 1483 sint,
752 1418 958 1483 sciunt,
992 1417 1084 1488 qui
1118 1417 1411 1480 viderunt;
1440 1425 1493 1471 et
1526 1417 1765 1487 pristina
1802 1412 2225 1488 tonitrua'quil
2266 1419 2612 1489 sonaverint,
2646 1419 2856 1485 sciunt,
2890 1418 2984 1489 qui
3029 1417 3435 1473 obduruerunt.
3466 1418 3677 1492 _Omnia
3716 1418 3838 1473 haec

432 1509 591 1577 signa
631 1515 759 1561 sunt
794 1507 1146 1560 imminentis
1177 1507 1271 1560 irae
1302 1505 1425 1569 Dci,
1455 1523 1622 1575 quam
1662 1523 1890 1561 necesse
1921 1514 2021 1576 est,
2046 1523 2267 1578 quoque
2319 1509 2484 1563 modo
2536 1523 2853 1578 possumus,
2888 1514 2946 1561 ut
3000 1514 3057 1562 et
3110 1508 3547 1574 annunliemus,
3590 1513 3645 1562 et
3690 1523 3836 1576 pra:-

429 1598 703 1661 dicemus,
738 1604 791 1649 et
846 1597 1215 1664 deprecemur
1272 1594 1495 1651 interim
1556 1594 1799 1650 localem
1857 1612 2018 1661 esse;
2054 1597 2428 1652 universalem
2470 1598 2622 1652 enim
2683 1604 2735 1651 et
2794 1612 3116 1666 supremam
3148 1612 3249 1651 suo
3283 1604 3532 1665 tempore
3561 1596 3836 1665 sentient,

429 1685 522 1754 qui
554 1683 817 1754 exempla
848 1685 970 1752 ejus
1000 1683 1164 1738 aliter
1193 1683 1652 1754 interpretantur.
1691 1683 1831 1740 Nam
1873 1692 1926 1738 et
1974 1684 2055 1740 sol
2106 1683 2202 1740 ille
2261 1685 2321 1739 in
2380 1694 2663 1741 conventu
2727 1684 2996 1751 Uticensi,
3026 1684 3306 1739 exstincto
3365 1684 3532 1753 plene
3591 1683 3836 1754 lumine,

428 1777 567 1830 adeo
610 1780 930 1845 portentum
982 1772 1111 1840 fuit,
1144 1781 1201 1826 ut
1251 1788 1365 1827 non
1413 1772 1658 1842 potuerit
1701 1788 1768 1828 ex
1818 1772 2107 1827 ordinario
2151 1773 2399 1844 deliquio
2450 1773 2555 1829 hoc
2604 1773 2739 1843 pati,
2773 1774 2987 1842 positus
3031 1773 3090 1827 in
3121 1788 3222 1827 suo
3255 1772 3609 1843 hypsomate,
3642 1780 3698 1828 et
3728 1773 3831 1828 do-

428 1861 665 1918 micilio.
698 1860 921 1916 llabetis
976 1860 1312 1929 astrologos.
1351 1881 1378 1910 ››
1435 1860 1648 1917 Deinde
1706 1869 1761 1915 ut
1819 1861 2122 1930 Scapulam
2180 1861 2250 1915 ab
2309 1861 2656 1918 eii‘undendo
2698 1860 3142 1917 Christianorum
3173 1861 3451 1933 sanguine
3507 1861 3835 1931 deterreret,

426 1951 559 2020 quid
593 1950 740 2019 passi
770 1950 885 2003 sint
913 1946 1011 2003 alii
1041 1949 1334 2019 prresides,
1366 1957 1589 2005 enarrat
1619 1965 1631 2002 :
1672 1971 1692 1998 α
1730 1949 2031 2004 Doleamus
2063 1965 2293 2005 necesse
2323 1956 2426 2016 est,
2461 1952 2607 2017 quod
2640 1948 2801 2005 nulla
2839 1949 3036 2005 civitas
3068 1951 3303 2019 impune
3349 1948 3532 2005 latura
3579 1949 3648 2004 sit
3700 1965 3834 2004 san-

426 2039 617 2108 guinis
644 2039 822 2093 nostri
854 2036 1210 2106 effusionem,
1246 2039 1389 2092 sicut
1428 2046 1481 2094 et
1511 2037 1613 2092 sub
1672 2037 1960 2093 Hilariano
2020 2039 2275 2106 przeside,
2310 2053 2434 2092 cum
2495 2039 2564 2093 de
2611 2040 2759 2093 areis
2805 2038 3218 2108 sepulturarum
3272 2046 3587 2093 nostrarum
3639 2039 3833 2094 accla-

424 2135 715 2183 massent:
752 2134 912 2182 Areas
944 2144 1055 2181 non
1089 2128 1224 2181 sint.
1259 2129 1417 2182 Area-3
1448 2128 1696 2197 ipsorum
1732 2143 1844 2182 non
1876 2128 2120 2191 fuerunt,
2156 2142 2368 2183 messes
2392 2127 2545 2183 enim
2586 2145 2716 2183 suas
2761 2144 2874 2183 non
2906 2137 3167 2197 egerunt.
3203 2150 3230 2176 ››
3266 2129 3339 2184 Ac
3386 2135 3509 2198 post
3548 2128 3838 2183 nonnulla

423 2218 559 2272 alibi
615 2217 786 2272 relata
834 2218 1059 2272 subdit:
1090 2240 1117 2265 ‹‹
1150 2222 1459 2272 Possumus
1510 2234 1669 2287 aeque
1724 2226 1778 2273 et
1834 2217 2016 2273 exitus
2074 2218 2447 2287 quorumdam
2499 2219 2809 2288 praesidum
2866 2217 2966 2272 tibi
3010 2234 3315 2287 exponere,
3341 2219 3435 2289 qui
3466 2218 3528 2273 in
3559 2219 3673 2274 line
3703 2219 3833 2274 vita:

422 2321 538 2361 suae
564 2305 835 2361 recordati
875 2311 1006 2358 sunt
1036 2303 1364 2373 deliquisse,
1397 2307 1545 2374 quod
1578 2304 1871 2360 vexasseul
1910 2305 2272 2360 christianos.
2306 2305 2581 2375 Vigellius
2628 2306 2991 2371 Saturninus,
3023 2307 3118 2374 qui
3167 2307 3385 2376 primus
3433 2306 3523 2361 hic
3574 2306 3833 2373 gladium

421 2396 479 2450 in
514 2411 616 2451 nos
642 2394 773 2462 egit,
812 2393 1031 2447 lnmina
1061 2394 1268 2448 amisit.
1304 2395 1569 2448 Claudius
1596 2394 1998 2449 Herminianus
2046 2395 2101 2449 in
2132 2395 2504 2463 Cappadocia,
2540 2410 2671 2449 cum
2729 2395 2963 2465 indigne
3014 2395 3200 2450 ferens
3260 2410 3492 2450 uxorem
3537 2410 3695 2450 suam
3759 2395 3836 2447 ad

422 2486 567 2539 hanc
596 2496 803 2538 sectam
839 2482 1149 2548 transiisse,
1185 2481 1536 2536 Christianos
1569 2481 1873 2537 crudeliter
1931 2488 2244 2547 tractasset,
2278 2482 2544 2552 solusque
2603 2484 2660 2538 in
2714 2483 2974 2551 praetorio
3033 2499 3133 2537 suo
3196 2491 3437 2538 vastatus
3487 2489 3661 2553 peste,
3695 2499 3836 2538 cum

421 2574 576 2628 vivus
632 2571 915 2627 vermibus
966 2570 1300 2626 ebullisset:
1339 2571 1513 2627 Nemo
1571 2572 1729 2637 sciat,
1762 2572 1966 2639 aiebat,
2003 2588 2073 2626 ne
2130 2588 2230 2643 spe
2281 2573 2563 2639 gaudeant
2612 2572 2938 2628 Christiani.
2969 2573 3164 2628 Postea
3194 2575 3420 2642 cognito
3450 2589 3639 2629 errore
3699 2589 3835 2645 suo,

420 2661 564 2732 quod
621 2659 917 2715 tormentis
974 2659 1248 2729 quosdam
1301 2678 1332 2713 a
1389 2661 1678 2731 proposito
1738 2675 1839 2714 suo
1887 2660 2146 2715 excidere
2176 2660 2419 2729 fecisset,
2455 2676 2600 2731 pene
2628 2660 2985 2715 Christianus
3013 2661 3273 2717 decessit.
3307 2661 3565 2717 Caecilius
3596 2661 3838 2732 Capella

417 2754 475 2807 in
527 2748 629 2804 illo
677 2751 828 2804 exitu
882 2748 1210 2816 Byzantino,
1243 2748 1621 2813 Christianos,
1661 2748 1934 2817 Gaudete,
1971 2749 2323 2806 acclamavit.
2358 2749 2467 2805 Sed
2513 2757 2566 2805 et
2619 2750 2712 2819 qui
2770 2750 3033 2805 videnlur
3067 2749 3176 2805 sibi
3207 2751 3447 2823 impune
3477 2751 3695 2820 tulisse,
3730 2767 3834 2808 ve-

427 2839 587 2894 nient
620 2837 677 2891 in
710 2837 858 2891 diem
889 2836 1062 2890 divini
1086 2836 1307 2906 judicii.
1343 2858 1370 2884 ››

496 2927 646 2984 698
680 2927 989 2982 Praesidum
1045 2926 1235 2990 etiam,
1268 2927 1362 2995 qui
1421 2925 1477 2980 in
1517 2926 1867 2982 Christianos
1898 2926 2090 2981 mitius
2121 2932 2377 2997 egerunt,
2406 2926 2667 2996 exempla
2695 2926 2850 2981 addit
2887 2942 2898 2981 :
2936 2951 2963 2980 ‹‹
2998 2926 3202 2993 Quanti
3233 2932 3418 2983 autem
3455 2926 3744 2997 praesides,
3774 2935 3830 2985 et

419 3017 851 3083 constantiores,
885 3022 937 3069 et
967 3014 1311 3069 crudeliores
1340 3014 1837 3072 dissimulaveruat
1872 3015 1942 3069 ab
1976 3015 2299 3085 hujusmodi
2328 3016 2557 3071 causis?
2612 3016 2675 3071 Ut
2723 3014 2954 3071 Cincius
3010 3019 3245 3071 Severus
3293 3016 3389 3085 qui
3436 3016 3642 3071 Thistri
3700 3017 3829 3087 ipse

418 3108 574 3162 dedit
624 3104 959 3170 remedium,
1008 3103 1295 3173 quomodo
1345 3105 1748 3172 restionderent
1797 3103 2124 3169 Christiani,
2178 3110 2236 3158 ut
2277 3103 2483 3158 dimitti
2536 3112 2782 3173 possent.
2841 3104 2904 3159 Ut
2959 3089 3300 3174 Vespronius
3354 3104 3660 3170 Candidus,
3726 3107 3826 3177 qui

419 3194 803 3250 Christianum
836 3190 996 3261 quasi
1028 3191 1441 3245 tumultuosum
1473 3192 1689 3246 civibus
1738 3192 1854 3246 suis
1893 3191 2213 3247 satisfacere
2263 3192 2498 3246 dimisit.
2534 3192 2597 3247 Ut
2632 3194 2822 3261 Asper,
2857 3192 2953 3260 qui
2985 3194 3203 3247 modice
3235 3201 3491 3248 vexatum
3525 3193 3825 3249 hominem

416 3292 467 3337 et
503 3283 694 3337 statim
730 3280 1032 3350 dejectum,
1066 3295 1172 3334 nec
1204 3279 1543 3335 sacrificium
1578 3280 1849 3348 compulit
1880 3281 2080 3348 facere,
2131 3290 2262 3335 ante
2310 3280 2592 3350 professus
2642 3281 2790 3336 inter
2824 3281 3127 3338 advocatos
3157 3289 3211 3337 et
3241 3298 3568 3349 assessores,
3622 3283 3825 3339 dolore

414 3387 474 3426 se
514 3370 785 3425 incidisse
811 3370 869 3422 in
904 3368 1049 3422 hanc
1082 3384 1329 3423 causam.
1380 3368 1603 3424 Pudens
1651 3369 1819 3423 etiam
1867 3370 2104 3424 tnissum
2134 3370 2201 3423 ad
2236 3385 2293 3424 se
2315 3368 2725 3434 Christianum,
2759 3371 2814 3424 in
2849 3370 3033 3440 elogio
3065 3370 3441 3426 concussione
3470 3371 3591 3440 ejus
3640 3372 3825 3427 intel-

415 3455 582 3522 lecta,
617 3458 852 3523 dimisit,
886 3457 1065 3511 scisso
1096 3457 1293 3510 eodem
1348 3457 1550 3524 elogio,
1611 3458 1736 3511 sine
1783 3466 2108 3513 accusatore
2159 3474 2373 3525 negans
2418 3474 2477 3512 se
2524 3459 2845 3512 auditurum
2883 3459 3194 3526 hominem,
3229 3460 3539 3515 secundum
3576 3462 3825 3515 manda-

413 3556 554 3602 tum.
590 3552 720 3600 Haec
749 3562 941 3599 omnia
973 3544 1093 3607 tibi,
1126 3554 1179 3599 et
1207 3546 1275 3597 de
1316 3543 1503 3600 ollicio
1552 3547 1775 3616 suggcri
1827 3554 2082 3616 possunt,
2134 3553 2186 3600 et
2231 3545 2301 3601 ab
2328 3547 2545 3601 eisdem
2576 3546 2877 3611 advocatis,
2907 3549 3007 3617 qui
3039 3557 3091 3602 ct
3123 3548 3229 3617 ipsi
3285 3547 3558 3603 beneﬁcia
3610 3549 3826 3605 habent

412 3636 867 3693 Christianorum
920 3634 1047 3689 licet
1096 3635 1410 3689 acclamant
1459 3651 1581 3704 quae
1622 3636 1854 3703 volunt;
1914 3651 2043 3689 nam
2100 3643 2153 3689 ct
2198 3636 2488 3703 cujusdam
2546 3636 2815 3703 notarius,
2868 3652 2999 3693 cum
3047 3656 3080 3691 a
3130 3641 3389 3693 daemone
3438 3639 3821 3708 praecipitare-

410 3741 519 3796 tur,
571 3724 841 3779 liberatus
890 3730 1012 3789 est;
1063 3731 1113 3777 et
1152 3724 1525 3792 quorumdam
1577 3724 1947 3794 propinquus,
1998 3730 2052 3779 et
2102 3725 2395 3793 puerulus,
2440 3732 2492 3779 et
2550 3725 2745 3795 quanti
2779 3725 3005 3781 honesti
3040 3726 3140 3781 viri
3174 3727 3265 3795 (de
3301 3727 3621 3797 vulgaribus
3652 3729 3813 3783 enim

407 3830 523 3869 non
568 3813 833 3882 dicimus)
884 3818 977 3866 aut
1028 3828 1060 3864 a
1111 3811 1427 3881 daemoniis,
1477 3816 1576 3866 aut
1623 3813 2039 3867 valetudinibus
2088 3812 2377 3867 remediati
2426 3814 2592 3867 sunt!
2653 3836 2673 3862 ι
2718 3814 2860 3868 Tum
2893 3814 3079 3869 Severi
3114 3816 3275 3869 refert
3307 3816 3664 3887 imperatoris
3714 3833 3824 3871 ex-

407 3903 686 3972 emplum,
719 3900 814 3971 qui
846 3918 878 3955 a
908 3900 1228 3955 Christiano
1262 3900 1510 3966 homine,
1545 3900 1669 3956 oleo
1702 3904 1990 3967 intinctus,
2027 3909 2254 3956 curatus
2286 3902 2501 3956 fuerat:
2538 3924 2566 3950 ‹‹
2613 3902 2737 3972 Ipse
2785 3904 2955 3957 etiam
3007 3903 3264 3970 Severus,
3312 3913 3468 3974 pater
3518 3906 3819 3971 Antonini,

409 3991 863 4047 Christianorum
922 4005 1136 4044 memor
1182 3989 1319 4044 fuit:
1375 4004 1505 4044 nam
1555 3994 1609 4044 ct
1661 3990 1965 4045 Proculum
2012 3988 2419 4058 Christianum,
2479 3989 2574 4059 qui
2623 3992 2945 4062 Toparcion
3006 3992 3537 4061 cognominabatur,
3597 3994 3821 4050 Evodim

414 4086 852 4146 procuratorem,
888 4078 983 4148 qui
1014 4093 1142 4132 eum
1196 4094 1293 4147 per
1342 4078 1529 4133 oleum
1575 4080 1877 4148 aliquando
1935 4086 2242 4147 curaverat,
2305 4077 2613 4149 requisivit,
2667 4089 2720 4135 et
2766 4080 2823 4134 in
2881 4080 3083 4149 palatio
3128 4097 3227 4137 suo
3258 4080 3456 4137 habuit
3510 4098 3690 4150 usque
3748 4083 3820 4139 ad

412 4177 652 4225 mortem
684 4168 823 4237 ejus,
858 4182 1029 4237 quem
1060 4174 1112 4220 et
1140 4167 1455 4221 Antoninus
1502 4168 1713 4235 Optime
1764 4175 1991 4221 noverat
2042 4168 2186 4222 lacte
2230 4166 2547 4222 Christiano
2578 4168 2866 4224 educatus.
2901 4191 2927 4219 α
2982 4168 3285 4238 Scapulam
3346 4170 3572 4225 tandem
3607 4173 3820 4226 admo-

415 4266 531 4326 net,
588 4264 647 4311 ut
693 4274 723 4310 a
769 4255 1215 4310 Christianorum
1287 4255 1692 4325 perquisitione
1742 4265 1943 4325 cesset,
1993 4271 2066 4310 ne
2117 4264 2226 4310 tota
2274 4255 2549 4325 Carthago
2600 4256 3050 4313 Chrtstianorum
3116 4259 3392 4326 sanguine
3468 4259 3817 4329 impleatur:

410 4369 437 4397 ‹‹
472 4346 613 4412 Quid
644 4346 766 4414 ipsa
794 4344 1069 4414 Carthago
1102 4360 1335 4414 passura
1383 4349 1465 4398 est
1510 4345 1843 4399 decimanda
1888 4361 1920 4397 a
1969 4350 2041 4412 te,
2093 4359 2224 4399 cum
2273 4344 2639 4413 propinquos,
2672 4360 2799 4400 cum
2834 4346 3269 4402 contubernales
3300 4363 3431 4402 suos
3486 4348 3609 4402 illic
3637 4363 3821 4404 unus-

408 4436 646 4506 quisque
675 4436 1019 4503 cognoverit,
1069 4449 1199 4489 cum
1244 4433 1444 4487 viderit
1492 4432 1607 4486 illic
1654 4434 1908 4501 fortasse,
1954 4441 2007 4487 et
2052 4432 2129 4487 tui
2191 4433 2406 4487 ordinis
2440 4433 2605 4500 viros,
2640 4442 2694 4488 et
2729 4442 3031 4502 matronas,
3066 4444 3119 4490 et
3170 4436 3512 4506 principales
3559 4452 3829 4508 quasque

408 4541 699 4596 personas,
732 4530 783 4579 et
815 4525 1127 4579 amicorum
1173 4531 1417 4586 tuorum,
1466 4520 1552 4575 wl
1605 4522 1971 4591 propinquos,
2024 4522 2108 4579 vel
2143 4521 2407 4578 amicos?
2440 4527 2613 4579 Parce
2642 4524 2987 4593 Cirthagini,
3020 4527 3071 4580 si
3106 4541 3221 4581 non
3255 4527 3386 4582 tibi:
3455 4543 3621 4596 parce
3679 4545 3825 4599 pro-

410 4615 630 4681 vinci-"te,
665 4630 788 4684 quae
818 4614 934 4668 visa
966 4613 1284 4667 intentione
1334 4618 1445 4678 tua,
1487 4610 1733 4665 obnoxia
1782 4613 1925 4666 facta
1973 4617 2057 4666 est
2096 4612 2591 4677 cencussienibus,
2650 4620 2704 4667 et
2754 4612 3020 4681 militum,
3070 4622 3123 4669 et
3166 4615 3522 4671 inimicorum
3578 4633 3825 4674 suorum

408 4702 701 4773 cujusque.
742 4725 767 4751 υ
796 4703 927 4756 Haec
958 4700 1190 4768 ideirco,
1224 4700 1367 4767 quod
1399 4714 1528 4754 cum
1561 4700 1735 4755 semel
1768 4699 2112 4755 innotuisset
2160 4702 2456 4769 praesidem
2488 4701 2827 4755 Christianis
2869 4701 3162 4757 infensum
3214 4719 3361 4769 esse,
3407 4704 3652 4775 gentiles
3699 4712 3827 4761 tur-

411 4792 603 4846 matim
637 4792 694 4846 in
724 4807 820 4845 eos
852 4804 1055 4857 magno
1086 4788 1270 4842 furore
1297 4788 1567 4858 impetum
1604 4790 1806 4856 facere,
1843 4789 2098 4859 praedari,
2148 4797 2317 4859 atque
2364 4805 2605 4845 enecare
2663 4788 2937 4844 solebant.
2985 4794 3260 4846 Caeterum
3322 4792 3467 4847 haud
3526 4796 3829 4863 exstingui

410 4881 801 4950 persecutione
833 4878 1205 4933 Christianam
1238 4878 1589 4947 religionem,
1623 4881 1715 4932 sed
1753 4879 2042 4946 propagari
2074 4878 2281 4946 potius,
2318 4878 2404 4932 his
2432 4879 2615 4932 verbis
2645 4879 2866 4933 adnotat
2895 4894 2906 4931 :
2947 4901 2974 4928 «
3017 4883 3132 4934 Nec
3179 4886 3370 4935 tamen
3423 4881 3644 4936 deficiet
3694 4882 3828 4940 hzec

406 4976 579 5034 secta,
608 4984 778 5038 quam
815 4974 949 5022 tunc
980 4968 1161 5037 magis
1190 4967 1457 5020 mdilicari
1491 4967 1656 5033 scias,
1684 4982 1811 5020 cum
1843 4966 1982 5020 caedi
2014 4966 2248 5021 videtur.
2301 4968 2547 5036 Quisque
2600 4967 2693 5021 eni
2789 4974 2999 5021 tantam
3035 4968 3388 5024 tolerantiam
3419 4977 3707 5038 spectans,
3765 4987 3826 5041 ιιι

403 5058 594 5127 aliquo
624 5056 892 5126 scrupulo
922 5071 1245 5125 percussus,
1277 5064 1329 5109 ct
1363 5056 1650 5125 inquirere
1681 5055 2036 5123 accenditur,
2069 5054 2205 5125 quid
2232 5056 2302 5110 sit
2333 5059 2390 5111 in
2422 5072 2627 5111 causa:
2663 5062 2715 5111 et
2747 5056 2839 5111 ubi
2871 5059 3197 5127 cognoverit
3252 5058 3558 5125 veritatem,
3590 5067 3646 5113 et
3696 5060 3827 5128 ipse

400 5146 588 5199 statim
621 5148 895 5216 sequitur.
925 5166 952 5192 ››
992 5145 1268 5199 Hactenus
1298 5144 1687 5199 Tertullianus
1716 5144 1785 5198 ad
1813 5142 2130 5213 Scaqulam.
2168 5144 2345 5199 Lunae.

943 5367 1180 5422 CAPUT
1207 5366 1520 5421 PRIMUM.
2165 5364 2223 5418 in
2259 5364 2363 5420 has
2394 5382 2622 5437 pugnas
2650 5368 3094 5434 aecedamus,ea
3124 5385 3248 5439 quae
3285 5373 3431 5424 Deus
3462 5369 3832 5440 repromittit

474 5453 590 5509 Nos
621 5454 852 5526 quidem
901 5472 1089 5527 neque
1121 5453 1584 5526 expavescimus,
1636 5465 1829 5526 neque
1875 5452 2053 5526 perti-
2163 5454 2442 5525 consequi
2476 5460 2767 5526 optantes,
2802 5462 2858 5511 et
2885 5474 2951 5512 ea
2983 5474 3109 5528 quae
3139 5458 3378 5513 diversae
3405 5458 3530 5513 vitae
3561 5460 3828 5514 commi-

403 5542 719 5599 mescimus
768 5561 836 5600 ea
879 5562 1004 5616 qum
1038 5545 1108 5599 ab
1139 5543 1549 5615 ignorantibus
1581 5544 1838 5615 patimur
1872 5561 1884 5597 :
1918 5558 2053 5597 cum
2164 5547 2338 5596 natur
2370 5543 2484 5614 pati
2518 5543 2813 5602 timentes.
2850 5545 3115 5619 Denique
3145 5547 3304 5601 omni
3356 5548 3574 5602 saevitia
3617 5554 3829 5606 vestra.

395 5631 467 5685 ad
496 5631 645 5689 hanc
677 5641 917 5705 sectam,
951 5634 1152 5704 utique
1182 5638 1457 5704 suscepta
1507 5633 1840 5687 conditione
1899 5632 2051 5701 ejus,
2161 5636 2591 5700 eoncertamus.
2642 5635 2817 5691 etiam
2869 5634 3022 5691 ultro
3069 5639 3470 5708 erumpentes,
3505 5636 3827 5708 magisque

401 5721 557 5794 pacti
578 5725 1015 5796 venerimus,ut
1032 5724 1209 5779 etiam
1244 5722 1471 5779 animas
1504 5726 1737 5779 nostras
1768 5718 2054 5778 auetorati
2160 5721 2422 5781 damnati
2450 5740 2629 5797 quam
2656 5722 2910 5783 absoluti
2940 5725 3290 5799 gaudemus.
3312 5728 3520 5801 Itaque
3550 5725 3714 5783 hunc
3748 5725 3825 5787 li-
