4106 6178
273 364 378 419 ΤΠ

1536 365 1769 426 LlBEB
1810 367 1915 426 AD
1959 366 2392 428 SCAPULAM.

3546 362 3667 421 778

273 493 482 549 bellum
517 511 630 549 non
667 495 833 550 nobis
863 495 1139 550 timentes
1170 495 1463 563 misimus,
1498 498 1597 553 sed
1638 498 1801 553 vobis
1851 503 1909 552 et
1936 500 1987 566 Α
2020 503 2077 553 et
2107 498 2596 570 ingratis.Tamen
2630 514 2913 567 nos,quos
2945 495 3259 567 sacrilegos
3288 495 3664 565 exisiimatis,

269 584 540 638 omnibus
572 584 829 639 inimicis
856 584 1097 649 nostris,
1130 587 1347 640 nedum
1382 587 1723 642 amicis‘:ita
1753 587 1911 642 enim

267 672 574 742 disciplina
609 673 892 742 jubemur
940 673 1178 745 diligere
1229 675 1500 730 inimicos
1550 692 1801 746 quoque,
1853 680 1912 731 et

265 776 422 815 orare
479 778 580 830 pro
638 764 722 815 eis
783 761 883 833 qui
934 778 1039 817 nos
1072 768 1546 834 persequuntur:
1590 770 1649 818 ut
1682 765 1802 819 haec
1835 767 1913 820 sit

265 848 516 919 perlecta
546 855 605 904 et
633 849 866 921 propria
897 850 1126 905 bonitas
1160 856 1380 914 nostra,
1405 869 1519 905 non
1552 854 1907 907 communis.

269 937 498 993 Amicos
527 938 683 993 enim
718 938 959 1009 diligere
991 939 1253 993 omnium
1288 940 1682 1006 est,inimicos
1715 946 1908 996 autem

262 1025 521 1080 solorum
582 1026 1090 1081 Christianorum.
1154 1027 1259 1091 Qui
1318 1044 1454 1099 ergo
1514 1028 1782 1084 dolemus
1842 1031 1910 1084 de

262 1115 595 1185 ignorantia
626 1120 841 1181 vestra,
878 1121 934 1169 et
983 1116 1334 1171 miseremur
1380 1117 1593 1171 erroris
1643 1104 1907 1185 humani,

260 1208 311 1257 ct
342 1203 367 1237 ³
403 1203 601 1257 futura
631 1204 783 1258 699
816 1204 1293 1275 prospicimus,et
1322 1205 1489 1276 signo
1524 1222 1723 1260 eorum
1760 1224 1907 1277 quo-

260 1292 402 1346 tidie
427 1292 703 1346 intentari
734 1292 1005 1347 videmus
1031 1293 1074 1356 ⁸,
1096 1308 1332 1347 necesse
1363 1300 1449 1347 est
1475 1293 1563 1348 vel
1598 1294 1705 1348 hoc
1737 1296 1909 1351 modo

257 1396 567 1450 erumpere
596 1382 666 1434 ad
701 1381 1077 1451 proponenda
1106 1381 1269 1435 vobis
1300 1398 1387 1446 ea,
1412 1398 1535 1451 quae
1568 1381 1759 1454 palam
1794 1400 1909 1439 non

264 1467 445 1523 vultis
480 1467 683 1523 audire
711 1468 814 1540 (1).

938 1557 1174 1613 CAPUT
1206 1558 1278 1612 ΙΙ.

318 1646 443 1701 Nos
475 1662 660 1700 unum
694 1650 875 1701 Deum
910 1646 1181 1713 colimus,
1205 1664 1376 1718 quem
1410 1665 1644 1703 omnem
1678 1653 1909 1704 natura-

250 1734 387 1790 liter
416 1734 708 1801 nostis,ad
744 1737 914 1804 cujus
946 1734 1180 1807 fulgura
1201 1742 1257 1790 et
1278 1737 1534 1792 tonitrua
1567 1740 1911 1793 contremis-

252 1823 386 1877 citis
416 1824 457 1889 ‘,
494 1825 566 1877 ad
597 1824 767 1893 cujus
794 1824 1074 1879 beneﬁcia
1103 1826 1396 1896 gaudetis.
1430 1831 1671 1881 Crateros
1703 1833 1759 1881 et
1794 1827 1904 1897 ipsi
1941 1865 1984 1928 Β

254 1914 481 1981 putatis
510 1912 651 1967 deos
683 1928 834 1978 esse,
868 1929 1016 1984 quos
1050 1930 1153 1968 nos
1179 1915 1477 1969 daemonas
1508 1916 1748 1970 scimus.
1796 1917 1905 1971 Ta-

258 2017 393 2055 men
425 2001 671 2055 humani
695 2001 850 2069 juris
881 2006 938 2055 et
968 2002 1251 2055 naturalis
1286 2004 1591 2073 potestatis
1634 2008 1722 2058 est
1773 2005 1905 2059 uni-

256 2090 493 2160 cuique,
544 2090 693 2159 quod
747 2091 1058 2160 putaverit,
1092 2090 1309 2156 colere;
1344 2108 1446 2146 nec
1480 2091 1577 2145 alii
1611 2093 1775 2147 obest
1804 2098 1905 2148 aut

256 2179 518 2249 prodest,
543 2179 781 2233 alterius
814 2179 1031 2247 religio.
1053 2180 1159 2233 Sed
1196 2196 1299 2233 nec
1333 2180 1630 2252 religionis
1672 2188 1759 2237 est
1810 2199 1903 2237 co-

254 2282 392 2337 gere
424 2265 765 2337 religionem
802 2269 899 2337 (2),
927 2284 1053 2337 qua:
1086 2273 1293 2338 sponte
1326 2269 1543 2339 suscipi
1577 2270 1765 2337 debet,
1792 2287 1905 2324 non

255 2360 351 2411 vi:
387 2372 521 2410 cum
555 2363 611 2410 et
642 2357 843 2410 hostiae
875 2358 945 2410 ab
979 2358 1174 2411 animo
1208 2357 1409 2411 libenti
1442 2358 1904 2429 expostulantur.

252 2448 338 2500 Ita
369 2445 485 2499 etsi
528 2461 632 2498 nos
664 2444 1065 2515 compuleritis
1116 2446 1185 2500 ad
1244 2447 1710 2513 sacriﬁcsndum,
1760 2447 1906 2501 nihil

251 2533 610 2602 praestabitis
641 2532 753 2586 diis
784 2533 995 2588 vestris
1029 2550 1041 2587 :
1076 2535 1147 2588 ab
1178 2533 1380 2589 invitis
1420 2536 1574 2590 enim
1621 2536 1910 2591 sacrificia

251 2638 368 2675 non
407 2621 871 2689 desiderabunt;
906 2621 1021 2676 nisi
1054 2622 1100 2676 si
1148 2624 1496 2678 contentiosi
1546 2629 1714 2691 sunt;
1767 2641 1904 2679 con~

250 2710 550 2764 tentiosus
582 2714 777 2763 autem
809 2710 952 2763 deus
989 2726 1103 2764 non
1135 2716 1242 2765 est.
1281 2712 1539 2782 Denique
1571 2713 1671 2783 qui
1703 2719 1789 2767 est
1816 2729 1909 2767 ve-

253 2797 589 2865 rus,omnia
619 2814 723 2851 sua
752 2814 819 2852 ex
844 2815 1009 2869 aequo
1041 2804 1098 2854 et
1129 2799 1386 2870 profanis
1420 2806 1475 2853 et
1506 2802 1630 2856 suis
1656 2806 1907 2872 prastat.

252 2888 513 2957 Ideoque
542 2891 599 2941 et
622 2887 910 2955 judicium
944 2888 1253 2943 constituit
1281 2893 1563 2943 aeternum
1615 2892 1684 2943 de
1733 2890 1911 2961 gratis

2020 603 2125 641 nec
2154 589 2211 640 in
2245 587 2399 641 furto
2431 602 2693 656 unquam
2726 585 3441 656 deprehendistis,nedum
3472 586 3529 639 in
3565 604 3663 641 sa-

2020 676 2276 746 crilegio.
2312 676 2526 729 Omnes
2559 680 2755 729 autem
2789 674 2888 744 qui
2920 674 3139 745 templa
3169 674 3500 744 despoliant
3530 676 3569 742 ⁵,
3606 680 3663 729 et

2022 782 2123 834 per
2152 765 2539 833 deosjurant,
2587 769 2642 817 et
2689 764 2922 817 eosdem
2974 763 3190 829 colunt,
3241 767 3297 817 et
3345 763 3659 817 Christiani

2020 869 2133 906 non
2167 859 2323 917 sunt,
2357 857 2413 907 et
2443 852 2710 922 sacrilegi
2740 855 2933 905 tamen
2966 852 3656 922 deprehenduntur.Lon-

2019 957 2157 1012 gum
2192 948 2280 995 est
2313 941 2361 995 si
2394 950 2743 1006 retexamus,
2777 940 2989 1010 quibus
3022 940 3151 994 aliis
3187 939 3376 994 modis
3408 944 3463 994 et
3510 940 3661 993 deri-

2020 1023 2269 1084 deantur
2297 1036 2352 1084 et
2383 1033 2835 1084 contemnantur
2865 1044 3065 1082 omnes
3096 1030 3197 1097 dii,
3230 1030 3303 1083 ab
3334 1028 3497 1099 ‘ipsis
3540 1027 3661 1082 cul-

2018 1118 2244 1172 toribus
2272 1118 2757 1173 snis.Sicetcirca
2791 1118 3150 1186 majestatem
3185 1117 3557 1189 imperatoris
3588 1116 3662 1187 (3)

2018 1206 2396 1271 infamamur,
2416 1212 2607 1260 tamen
2637 1222 2938 1275 nunquam
2973 1205 3347 1271 Albiani,nec
3378 1205 3661 1276 Nigriani,

2018 1294 2103 1349 vel
2129 1295 2388 1350 Cassiani
2413 1296 2489 1365 (4)
2515 1294 2757 1348 inveniri
2782 1298 3095 1365 potuerunt
3136 1295 3285 1347 700
3326 1294 3662 1359 Christiani,

2020 1385 2121 1439 sed
2154 1384 2306 1438 idem
2341 1384 2450 1455 ipsi
2484 1384 2581 1453 qui
2618 1400 2717 1454 per
2748 1383 2947 1452 genios
2987 1398 3188 1436 eorum
3239 1383 3314 1451 (5)
3365 1382 3424 1436 in
3473 1382 3663 1452 pridio

2020 1488 2207 1543 usque
2230 1474 2604 1543 juraverunt,
2627 1471 2727 1539 qui
2760 1488 2864 1542 pro
2897 1470 3087 1525 salute
3120 1487 3322 1525 eorum
3356 1470 3577 1525 hostias
3608 1474 3666 1525 et

2019 1561 2277 1615 fecerant
2304 1562 2324 1596 ⁸
2355 1566 2410 1614 et
2439 1564 2729 1629 voverant,
2766 1559 2863 1629 qui
2888 1558 3248 1613 Christianos
3295 1576 3445 1630 saepe
3492 1559 3664 1613 dam-

2020 1654 2319 1714 naverant,
2376 1649 2576 1703 hostes
2607 1665 2809 1703 eorum
2842 1653 2981 1702 sunt
3012 1649 3251 1719 reperti.
3293 1647 3662 1702 Christianus

2019 1736 2244 1792 nullius
2274 1745 2361 1793 est
2382 1738 2587 1806 hostis,
2620 1739 2837 1791 nedum
2869 1737 3441 1807 imperatoriszquem
3473 1736 3665 1790 sciens

2019 1826 2184 1880 aDeo
2216 1843 2321 1881 suo
2356 1825 2902 1893 constitui,necesse
2934 1828 3177 1879 estutet
3209 1826 3403 1895 ipsum
3436 1824 3661 1894 diligat,

2016 1918 2073 1967 et
2105 1919 2453 1983 revereatur,
2487 1919 2544 1968 et
2590 1913 2856 1977 honoret,
2916 1918 2971 1967 et
3024 1912 3249 1967 salvum
3306 1912 3467 1977 velit,
3525 1928 3658 1967 cum

2016 2006 2135 2056 toto
2194 2019 2433 2058 romano
2484 2002 2753 2073 imperio,
2808 2018 3114 2073 quousque
3145 2001 3424 2056 saiculum
3458 2002 3655 2056 stabit.

2015 2092 2240 2147 Tandiu
2273 2092 2425 2146 enim
2461 2091 2656 2145 stabit.
2681 2090 2939 2145 Colimus
2971 2106 3102 2160 ergo
3134 2094 3191 2144 et
3220 2090 3654 2162 imperatorem,

2017 2181 2121 2247 sic,
2157 2180 2445 2250 quomodo
2478 2184 2535 2233 et
2581 2179 2748 2233 nobis
2809 2177 2962 2243 licet,
3022 2184 3078 2235 et
3134 2179 3244 2249 ipsi
3304 2180 3534 2250 expedit
3593 2184 3657 2233 ut

2016 2269 2310 2322 hominem
2360 2272 2392 2322 a
2442 2272 2552 2322 Deo
2586 2268 2933 2333 secundum,
2965 2272 3022 2321 et
3051 2266 3325 2338 quicquid
3362 2272 3451 2321 est
3478 2285 3511 2321 a
3544 2273 3656 2321 Deo

2016 2362 2394 2412 consecutum
2436 2357 2476 2425 ⁷,
2535 2354 2657 2410 solo
2712 2360 2823 2409 Deo
2882 2357 3187 2409 minorem.
3251 2355 3367 2409 Hoc
3421 2360 3478 2409 et
3533 2355 3661 2426 ipse

2014 2446 2184 2500 volet.
2218 2444 2309 2499 Sic
2342 2444 2496 2499 enim
2530 2445 2806 2499 omnibus
2840 2444 3026 2512 major
3055 2448 3167 2512 est,
3198 2442 3337 2496 dum
3370 2443 3493 2498 solo
3526 2460 3661 2498 vero

2018 2534 2132 2589 Deo
2166 2533 2357 2587 minor
2387 2538 2475 2587 est
2510 2550 2522 2587 :
2557 2532 2639 2586 sic
2671 2536 2727 2586 et
2756 2532 2902 2602 ipsis
2936 2531 3049 2585 diis
3110 2532 3294 2601 major
3351 2536 3459 2597 est,
3521 2533 3663 2585 dum

2017 2630 2073 2677 et
2128 2622 2239 2692 ipsi
2298 2622 2357 2675 in
2414 2626 2703 2692 potestate
2764 2626 2903 2674 sunt
2960 2622 3108 2689 ejus.
3160 2620 3362 2690 Itaque
3389 2624 3445 2675 et
3475 2621 3669 2675 sacri-

2020 2713 2266 2766 ﬁcamus
2315 2728 2417 2782 pro
2468 2709 2658 2765 salute
2704 2708 3098 2780 imperatoris,
3155 2709 3253 2763 sed
3308 2710 3419 2763 Deo
3468 2714 3669 2765 nostro

2021 2805 2078 2854 et
2115 2798 2302 2869 ipsius
2356 2815 2367 2852 :
2421 2800 2545 2865 sed,
2607 2797 2898 2869 quomodo
2958 2797 3232 2868 praecepit
3288 2801 3460 2867 Deus,
3524 2815 3672 2868 pura

2021 2904 2189 2960 prece
2223 2888 2313 2958 (6).
2348 2887 2471 2942 Non
2504 2885 2660 2941 enim
2692 2889 2821 2957 eget
2844 2885 3017 2952 Deus,
3064 2885 3330 2939 conditor
3380 2886 3667 2941 universi-

1680 3006 1882 3066 Varize
1915 3004 2231 3066 lectiones.

326 3098 496 3173 [Nec
528 3098 668 3173 dum
701 3098 869 3173 Rhea.
946 3100 968 3132 ²
998 3099 1070 3153 Et
1097 3099 1248 3173 alien
1277 3101 1400 3173 Rig.

1495 3101 1517 3135 ³
1546 3103 1839 3157 Ostentari
1886 3102 2170 3169 videmus,
2203 3098 2376 3169 conjic
2401 3098 2530 3152 Jun.

2624 3098 2643 3130 ‘
2674 3096 3191 3152 Contremiscimus
3222 3095 3390 3151 Rhen.
3487 3097 3508 3130 ⁸
3542 3097 3666 3153 Dis-

249 3169 483 3240 poliant
514 3169 639 3224 alii.
716 3170 737 3203 ⁶
768 3170 1090 3226 Efl‘ecerant
1116 3169 1361 3227 Rhenan'.
1438 3175 1456 3207 ⁷
1479 3173 1547 3228 Et
1579 3174 1704 3229 add.
1736 3176 1901 3229 Fran.
1934 3173 2142 3241 Rigalt.

1701 3286 2221 3350 Commentarius.

322 3380 403 3450 (1)
462 3380 592 3447 Quae
648 3382 842 3451 palam
893 3398 1004 3437 non
1052 3383 1221 3438 vultis
1278 3386 1496 3440 audire.
1550 3386 1678 3441 Haec
1732 3387 1910 3441 verba
1942 3388 1984 3453 C
2022 3386 2201 3439 intus.
2235 3386 2513 3438 Caeterum
2547 3382 2619 3437 ab
2650 3381 2758 3436 hac
2790 3397 2892 3451 per
2921 3380 3123 3451 genios
3167 3384 3457 3436 Caesarum
3506 3383 3667 3453 deje-

250 3456 460 3532 aperte
493 3457 789 3532 testantur
818 3453 1029 3508 librum
1057 3454 1221 3532 hunc
1250 3456 1575 3532 supplicem
1629 3475 1741 3513 non
1792 3464 1912 3532 tra-

252 3523 687 3648 ditiimqufipse
722 3526 776 3578 in
810 3542 1022 3580 manus
1052 3523 1343 3597 Scapulae,
1368 3523 1473 3583 sed
1506 3535 1731 3585 tantum
1766 3531 1910 3585 mis-

252 3611 415 3648 sum.
501 3613 530 3648 ε
610 3613 665 3648 a.

251 3611 415 3648 sum.
452 3611 530 3648 L8
562 3611 665 3649 PR.

330 3674 407 3742 (2)
438 3672 543 3750 Sed
570 3690 669 3728 nec
698 3674 979 3750 religioni:
1005 3681 1082 3730 est
1113 3692 1298 3746 cogere
1348 3680 1691 3750 religionem.
1744 3680 1911 3734 Forte

252 3743 456 3799 locum
517 3743 674 3817 hunc
731 3746 1071 3817 detorqueat
1129 3743 1200 3803 ad
1244 3743 1535 3805 sectarum
1588 3751 1908 3817 licentiam,

256 3816 603 3870 annotanda
632 3818 788 3872 venit
818 3820 1088 3873 Auctoris
1118 3822 1406 3876 sententia
1452 3823 1790 3877 earumdem
1842 3822 1909 3876 li-

255 3886 474 3941 bertati
511 3903 750 3955 prorsus
781 3891 1073 3945 contraria
1102 3891 1270 3945 initio
1302 3894 1614 3964 Scorpiaci.
1654 3899 1789 3947 PAM.

333 3965 411 4034 (3)
448 3965 613 4041 Circa
641 3969 978 4041 maiestatem
1001 3973 1457 4041 imperatoris.De
1488 3972 1733 4027 crimine
1764 3974 1910 4026 lasere

264 4038 595 4116 majestatis
625 4038 751 4092 vide
784 4046 841 4092 L.
874 4040 932 4093 in
963 4038 1387 4116 quaestionibus
1423 4049 1484 4107 D,
1520 4046 1612 4116 ad,
1641 4044 1753 4116 leg.
1813 4047 1907 4100 Ju-

261 4108 411 4179 lian;
440 4110 651 4179 majesl,
685 4116 741 4163 et
771 4108 1157 4168 totum—illum
1209 4114 1445 4168 titulum
1495 4108 1730 4170 evolve:
1761 4117 1911 4170 Citat

261 4177 345 4231 La
375 4177 564 4233 Cerda
593 4180 631 4233 l.
663 4183 998 4255 meminisse,
1032 4201 1156 4255 quae
1188 4187 1265 4239 sit
1296 4186 1394 4240 illa
1424 4187 1512 4241 lex
1557 4189 1761 4242 docere
1812 4189 1909 4241 de-

258 4249 412 4302 buit.
451 4250 527 4303 La
558 4255 661 4303 Pa.

308 4265 412 4302 ιλιι.
452 4265 527 4303 με
558 4265 661 4305 ΡΒ.

334 4322 953 4398 (4)Ταγηεῃηαηι]αατη
982 4326 1283 4394 Albim’ani,
1329 4340 1447 4381 nee
1475 4329 1748 4398 ngrimzi,
1801 4333 1908 4383 etc.

260 4392 547 4468 Claudius
577 4392 845 4468 Albinus.
881 4402 944 4468 ut
975 4399 1177 4452 scribit
1218 4392 1584 4468 Spartianus,
1634 4392 1913 4455 adversus

260 4461 543 4518 Severum
580 4466 721 4535 imp.
757 4467 1055 4522 rebellavit
1084 4471 1142 4523 in
1181 4461 1385 4523 Gallia.
1431 4461 1629 4524 Victus
1684 4480 1774 4526 est
1821 4473 1914 4526 die

263 4535 586 4611 undecimo
606 4537 732 4591 Kal.
770 4539 1025 4606 Martias,
1061 4543 1213 4611 apud
1246 4543 1579 4596 Tinurtium
1614 4559 1626 4594 :
1661 4549 1717 4597 et
1743 4546 1913 4597 cada-

254 4619 358 4658 ver
386 4615 523 4680 ante
556 4608 794 4680 domum
832 4608 1126 4680 propriam
1150 4614 1271 4680 jam
1306 4614 1584 4679 divisum,
1606 4614 1662 4667 in
1691 4615 1917 4669 Rhoda-

262 4691 405 4750 num
461 4678 701 4733 fluvium
764 4678 1051 4750 abjectum
1115 4678 1220 4737 est.
1282 4684 1403 4738 Non
1464 4685 1735 4739 dissimili
1800 4689 1914 4740 fato

2023 3457 2188 3510 randi
2222 3454 2666 3517 consuetudine,
2699 3454 2864 3509 video
2898 3457 3101 3525 natum
3137 3457 3203 3507 ut
3231 3458 3457 3522 Tpostea
3511 3456 3667 3525 apud

2020 3527 2380 3583 Christianos
2413 3526 2706 3595 principes
2738 3541 2841 3595 per
2870 3524 3117 3578 salutem
3154 3527 3306 3595 regis
3338 3529 3439 3579 aut
3468 3524 3677 3581 libero-

2021 3617 2151 3653 rum
2183 3600 2310 3667 ejus
2333 3599 2652 3667 juraretur.
2688 3598 2848 3659 Quod
2884 3602 3079 3650 tamen
3114 3597 3170 3648 in
3208 3596 3381 3668 legib.
3422 3597 3671 3652 Franco-

2022 3688 2149 3725 rum
2186 3684 2383 3724 severe
2414 3668 2774 3737 prohibitum
2805 3673 3055 3721 constat.
3097 3668 3172 3720 ln.

2090 3742 2167 3810 (6)
2221 3740 2618 3819 sacriﬁcamus
2674 3739 2934 3819 quomodo
2989 3740 3258 3819 praecepit
3317 3740 3673 3819 ορμεζηρωζίι

2016 3829 2192 3884 prece.
2252 3812 2487 3882 Absque
2545 3811 2735 3865 thure.
2799 3811 3021 3881 absque
3053 3809 3307 3864 victima.
3343 3811 3434 3884 Sic
3467 3809 3568 3865 lib.
3604 3812 3670 3865 de

2020 3882 2242 3950 Pwnil.,
2278 3905 2304 3930 ‹‹
2338 3883 2574 3936 Pastum
2609 3886 2665 3936 et
2695 3886 2893 3951 potum
2930 3898 3076 3951 pura
3110 3897 3303 3947 nosse,
3334 3903 3361 3931 »
3398 3882 3507 3935 hoc
3557 3888 3665 3949 est,

2021 3972 2180 4009 mero
2213 3969 2359 4023 pane
2388 3957 2444 4007 et
2473 3970 2641 4023 aqua.
2675 3954 2770 4006 Sic
2802 3952 3101 4006 Juvenalis
3135 3970 3147 4006 :

2155 4077 2455 4125 Observant
2484 4076 2572 4124 ubi
2603 4076 2737 4125 festa
2770 4089 2916 4123 mero
2943 4074 3077 4137 pede
3109 4073 3327 4123 sabbata
3356 4088 3526 4137 reges,

2022 4193 2079 4247 Id
2118 4197 2225 4257 est,
2260 4194 2415 4248 nudo
2456 4193 2622 4263 pede.
2685 4196 2884 4261 Itaque
2944 4206 3090 4260 pura
3146 4206 3332 4260 prece,
3392 4190 3499 4245 hoc
3555 4195 3663 4259 est,

2024 4265 2148 4319 sola
2177 4269 2232 4319 et
2262 4266 2420 4319 nuda
2450 4263 2809 4328 oratione,de
2832 4269 3020 4316 menle
3052 4266 3255 4316 sancta
3272 4263 3663 4317 etinnocenti.

2022 4336 2566 4407 Offerebantgentes
2585 4334 2697 4388 diis
2714 4334 2881 4407 vanis
2900 4333 3161 4407 inanima
3180 4336 3280 4387 aut
3296 4335 3671 4407 bruta,thura

2024 4413 2123 4462 aut
2156 4405 2692 4463 boves—Christiani
2735 4406 2849 4459 Deo
2904 4420 3040 4458 vero
3100 4405 3351 4459 oﬂ'erunt
3408 4406 3663 4458 animam

2024 4479 2392 4542 rationalem,
2454 4480 2658 4532 laudes
2716 4483 2772 4531 et
2818 4476 3035 4547 gratias
3064 4477 3352 4531 dicentem
3387 4478 3519 4531 Deo.
3558 4478 3671 4530 lloc

2026 4553 2237 4605 diserte
2267 4549 2512 4621 explicat
2538 4550 2930 4617 Athenagoras
2954 4547 3241 4621 legatione
3262 4548 3362 4601 illa
3386 4566 3486 4618 pro
3510 4549 3673 4603 Chri-

2025 4623 2233 4677 stianis
2263 4620 2723 4676 ad’Antoninum
2758 4628 2815 4673 et
2836 4620 3238 4683 Commodum,
3272 4621 3469 4674 citatis
3500 4621 3673 4674 etiam

2026 4694 2186 4747 Pauli
2221 4694 2433 4755 verbis,
2467 4694 2675 4762 quibus
2710 4691 2962 4744 hostiam
2996 4691 3293 4762 describit,
3336 4690 3513 4762 qulxv
3570 4694 3670 4757 ζῶ-

264 4747 621 4837 Pescepnius
651 4747 895 4837 Niger'a‘
919 4754 1171 4825 Syriacis
1219 4756 1547 4837 legionibus
1598 4758 1911 4828 imperator

2025 4785 2140 4829 σαν,
2175 4764 2346 4837 ἁγίαν,
2381 4747 2659 4835 εὖάρεστον
2690 4766 2767 4830 τῷ
2800 4762 2932 4826 Θεῶ,
2988 4764 3084 4827 τήν
3133 4757 3364 4833 λογικὴν
3423 4760 3669 4831 λατρεῖαν

265 4820 600 4900 appellatus
630 4820 833 4900 contra
863 4820 1163 4889 Severum,
1200 4820 1430 4881 tandem
1462 4830 1615 4898 apud
1647 4820 1915 4900 (fyzicum

263 4890 339 4971 ab
368 4894 571 4971 eodem
604 4900 694 4971 est
725 4896 1131 4971 interemptus.
1168 4903 1257 4971 At
1284 4890 1529 4953 Avidius
1558 4890 1815 4965 Cassius,
1851 4917 1922 4954 ex

264 4959 488 5040 familia
519 4964 853 5040 Cassiorum
891 4959 989 5039 qui
1023 4970 1075 5021 in
1101 4968 1385 5023 C.Juliun.-
1423 4959 1916 5040 conspiraverant,

262 5030 333 5106 13.
368 5032 512 5088 Vero
545 5035 880 5106 imperatori
906 5030 1161 5093 insidias
1216 5042 1449 5105 struxit,
1499 5030 1727 5096 occisus
1788 5050 1915 5095 tan-

261 5101 395 5177 dem
430 5122 542 5177 non
571 5101 820 5175 ju'bente
850 5110 1075 5177 illo,sed
1112 5116 1305 5164 tamen
1342 5101 1450 5164 non
1486 5119 1734 5169 vetante.
1774 5114 1917 5168 Hinc

260 5171 637 5251 {sibinianos
671 5171 981 5251 Nigrianos
1040 5188 1097 5235 et
1127 5185 1435 5237 Cassianos
1467 5193 1631 5239 vocat
1685 5186 1915 5240 Tertul-

262 5240 461 5327 lienus
482 5240 885 5327 defectiuiium
919 5255 1165 5327 istarum
1196 5255 1483 5327 conscios.
1532 5258 1616 5310 sic
1664 5258 1720 5309 in
1770 5263 1918 5327 Apo-

267 5312 387 5398 log:
422 5339 445 5367 (ι
482 5318 907 5398 Unde,inquit,
966 5326 1148 5398 Cassii
1204 5331 1259 5379 et
1318 5312 1505 5398 Nigri,
1564 5332 1618 5381 et
1679 5312 1921 5382 Albini?

266 5386 425 5507 tande
482 5392 579 5459 qui
640 5386 794 5448 inter
852 5386 997 5450 duas
1046 5397 1243 5450 lauros
1287 5386 1560 5453 obsident
1591 5398 1920 5453 Caesarem?

327 5471 453 5507 nam.

327 5471 453 5511 BEN.

308 5579 313 5584 -
344 5535 420 5616 (5)
478 5537 579 5593 Sed
636 5543 803 5596 iidem
854 5547 990 5611 ipsi,
1043 5548 1136 5616 qui
1164 5564 1263 5613 per
1292 5550 1479 5611 geniox
1508 5566 1715 5605 eorum.
1749 5555 1829 5605 Ita
1865 5551 1921 5604 in

268 5608 495 5692 {spplog
524 5617 698 5692 atque
732 5608 1103 5692 adeo'omnes
1136 5608 1352 5692 illisut)
1375 5620 1925 5692 ipsausqueimpie-

270 5678 414 5765 Estis
439 5678 837 5765 eruptionemt
868 5706 1033 5765 sacra
1068 5689 1359 5765 iaciebant
1390 5678 1709 5765 prosalute
1740 5678 1923 5765 im'pe-

272 5752 508 5819 ratoris,
540 5761 597 5807 ct
625 5758 865 5826 genium
897 5764 1028 5829 ejus
1062 5752 1421 5833 dejerabant,
1461 5762 1562 5819 alii
1612 5766 1774 5836 foris,
1826 5752 1924 5819 alii

592 5881 857 5945 Panos.
902 5886 952 5948 I.

2015 4838 2188 4907 ὑμῶν.
2223 4833 2351 4904 ipse
2381 4833 2775 4890 ’l‘ertullianus
2826 4834 2883 4886 in
2930 4833 3277 4903 Apologetieo
3326 4852 3343 4887 :
3395 4857 3421 4882 «
3475 4835 3671 4887 OlTero

2017 4910 2273 4979 Opimam
2303 4916 2360 4962 et
2386 4911 2664 4976 majorem
2702 4907 2949 4959 hostiam
2990 4913 3304 4979 t)_eo,quam
3336 4907 3461 4979 ipse
3494 4922 3664 4959 man~

2029 4976 2205 5046 (lavit,
2240 4980 2557 5034 orationem
2592 4979 2662 5031 de
2684 4994 2859 5031 carne
2891 4976 3123 5046 pudica,
3159 4977 3229 5030 de
3261 4977 3459 5030 anima
3499 4978 3670 5031 inno-

2030 5051 2204 5111 centi,
2239 5053 2308 5104 de
2338 5051 2553 5121 Spiritu
2589 5058 2789 5102 sancto
2840 5048 3268 5121 profectamﬁor
3309 5048 3405 5121 Et,
3435 5048 3533 5101 lib.
3590 5066 3672 5121 iv,

2030 5140 2154 5192 cap.
2194 5124 2207 5172 1
2250 5118 2459 5176 advers.
2498 5122 2847 5185 Marcionem,
2882 5119 2950 5172 ad
2986 5118 3124 5171 illud
3164 5118 3491 5192 Malacbize:
3520 5120 3674 5192 «Of-

2033 5190 2210 5248 fertur
2245 5194 2465 5247 nomini
2508 5208 2632 5247 meo
2666 5192 2882 5245 oblatio
2916 5192 3214 5250 munda,»
3267 5190 3487 5244 scilicet
3532 5191 3675 5243 sim-

2031 5267 2161 5336 plex
2192 5267 2375 5318 oratio
2407 5266 2476 5318 de
2506 5263 2863 5317 conscientia
2895 5278 3059 5330 pura.
3088 5261 3155 5313 Et
3202 5277 3328 5336 cap,
3377 5264 3434 5329 9,
3486 5262 3676 5336 homi-

2032 5334 2164 5391 nem
2198 5338 2280 5389 ait
2311 5337 2512 5389 offerre
2543 5336 2751 5389 debere
2786 5350 3001 5386 munus
3033 5338 3144 5385 Deo
3175 5334 3327 5401 apud
3362 5334 3680 5403 templum,

2031 5407 2350 5463 orationem
2387 5406 2607 5460 scilicet
2633 5412 2689 5459 et
2721 5406 3005 5458 actionem
3040 5404 3359 5475 gratiarum
3395 5406 3548 5475 apud
3584 5406 3684 5458 Ec-

2032 5480 2291 5541 clesium,
2328 5494 2427 5547 per
2477 5482 2779 5532 CHRISTUM
2829 5476 3016 5547 JssUM
3050 5474 3443 5529 catholicum,
3488 5475 3680 5527 Patris

2033 5546 2416 5604 sacerdotem.
2478 5548 2761 5601 Minatius
2822 5546 2999 5603 Felix.
3056 5547 3677 5616 posteaquamrdixit:

2035 5646 2059 5671 ‹‹
2097 5622 2347 5675 Delubra
2376 5625 2431 5674 ct
2463 5638 2591 5673 aras
2626 5636 2737 5672 non
2774 5614 3118 5685 habemus,»
3152 5614 3375 5673 addit:«
3414 5614 3678 5671 Litabilis

2036 5695 2217 5748 hostia
2254 5694 2443 5747 bonus
2474 5692 2731 5751 animus,
2772 5694 2829 5742 et
2889 5706 3033 5757 pura
3093 5704 3276 5753 mens,
3338 5696 3395 5743 et
3451 5687 3680 5740 sincera

2038 5766 2346 5820 sententia.
2380 5764 2508 5819 Haec
2560 5769 2763 5818 nostra
2818 5758 3124 5821 sacriﬁcia,
3184 5757 3303 5813 haec
3355 5757 3452 5815 Dei
3509 5774 3677 5813 sacra

3276 5886 3352 5943 25
