4060 6178
281 312 391 371 781

1552 312 1783 372 LIBER
1829 312 1930 371 AD
1975 309 2421 373 SCAPULAM.

3568 311 3690 373 ’182

280 460 458 499 causa
509 442 901 514 interpellatio
939 442 1271 515 sanguinis,
1302 442 1436 514 (l6).
1470 444 1577 499 Sed
1629 446 1925 499 memento
1957 446 2010 512 Α
2040 446 2185 498 Nam
2200 440 2991 498 etProculumChristianum
3012 443 3443 517 qui'l‘orpacion
3476 458 3693 516 cogno-

280 535 353 589 de
380 536 590 588 caetero
619 534 753 603 (li).

939 622 1171 678 CAPUT
1205 623 1300 679 ιν.

351 712 475 768 Non
526 715 581 767 te
627 715 936 782 terremus,
997 712 1094 782 qui
1146 728 1249 767 nec
1305 711 1615 767 timemus:
1669 712 1769 767 sed
1828 727 1926 765 ve-

278 799 383 854 lim
414 805 479 854 ut
536 815 739 854 omnes
778 799 967 854 salvos
1023 800 1211 855 facere
1263 800 1583 870 possimus,
1637 799 1926 853 monendo

283 888 364 959 μὴ
398 891 713 961 θεομαχεῖν.
766 888 936 943 Potes
1001 892 1057 943 et
1106 889 1299 943 ofﬁcio
1331 887 1764 959 jurisdictionis
1814 892 1928 941 tuae

275 978 465 1049 fungi,
498 984 555 1032 et
600 976 986 1032 humanitatis
1037 978 1402 1045 meminisse,
1448 977 1537 1032 vel
1570 976 1709 1046 quia
1738 979 1795 1030 et
1823 991 1925 1029 vos

270 1066 384 1121 sub
413 1064 608 1137 gladio
625 1065 786 1121 estis.
823 1065 968 1131 Quid
988 1066 1145 1120 enim
1179 1064 1439 1137 amplius
1466 1065 1571 1120 tibi
1590 1065 1923 1130 mandatur,

268 1170 450 1223 quam
472 1158 746 1209 nocentes
775 1156 1073 1209 confessos
1097 1155 1398 1223 damnare,
1422 1160 1705 1225 negantes
1729 1158 1924 1207 autem

270 1241 345 1296 ad
382 1245 671 1297 tormenta
720 1256 989 1297 revocare
1012 1242 1039 1297 ‘I
1073 1241 1289 1298 Videtis
1322 1259 1458 1314 ergo
1489 1242 1779 1313 quomodo
1812 1240 1925 1313 ipsi

270 1347 377 1386 vos
407 1335 613 1386 contra
674 1332 831 1386 703
894 1332 1173 1386 mandata
1230 1331 1479 1399 faciatis,
1531 1337 1597 1386 ut
1627 1332 1926 1387 confessos

269 1436 489 1490 negare
520 1419 761 1491 cogatis.
832 1420 992 1473 Adeo
1028 1420 1385 1475 confitemini
1430 1419 1769 1475 innocentes
1798 1435 1927 1474 esse

2036 531 2390 597 minabatur,
2423 531 2707 587 Euhodezs
2769 533 2813 566 ⁸⁸
2862 538 3318 603 procuratorem,
3368 533 3469 604 qui
3548 550 3683 590 eum

2036 638 2139 692 per
2166 621 2361 675 oleum
2417 620 2730 690 aliquando
2793 628 3119 689 curaverat,
3180 622 3505 693 requisivit,
3539 628 3595 678 et
3625 623 3686 678 in

2035 710 2251 781 palatio
2285 726 2392 764 suo
2451 709 2659 763 habuit
2689 726 2878 781 usque
2928 711 2998 765 ad
3033 716 3280 766 mortem
3311 712 3472 781 ejus:
3506 728 3683 783 quem

2035 802 2092 852 et
2110 798 2441 853 Antoninus
2472 797 2692 868 optime
2735 804 2974 853 noverat
3003 799 3151 855 lacte
3183 799 3513 855 Christiano
3536 802 3682 856 edu-

2036 892 2204 942 catus
2238 888 2300 940 97.
2336 887 2447 941 Sed
2470 892 2527 941 et
2555 886 2918 942 clarissimas
2950 887 3198 943 feminas
3232 895 3288 942 et
3317 889 3683 945 clarissimos

2034 976 2189 1029 viros
2222 974 2467 1029 Severus
2500 974 2693 1029 sciens
2744 975 2923 1045 hujus
2954 982 3121 1031 secta
3180 993 3329 1046 esse,
3360 992 3476 1032 non
3508 978 3681 1033 modo

2036 1082 2153 1119 non
2179 1064 2348 1133 laesit,
2370 1081 2571 1119 verum
2601 1070 2658 1119 et
2677 1066 3012 1121 testimonio
3045 1066 3361 1132 exornavit,
3387 1071 3445 1122 et
3469 1066 3681 1138 populo

2037 1154 2251 1207 furenti
2284 1153 2339 1207 in
2362 1169 2467 1208 nos
2498 1152 2691 1225 palam
2714 1152 2948 1208 restitit.
2981 1154 3211 1210 Murcus
3242 1171 3477 1227 quoque
3505 1158 3685 1210 Aure-

2036 1241 2151 1298 lius
2176 1242 2237 1297 iu
2276 1241 2620 1297 Germanica
2666 1241 3029 1312 expeditione
3069 1242 3534 1299 Christianorum
3568 1245 3685 1298 mi-

2036 1330 2206 1385 litum
2248 1330 2615 1386 orationibus
2650 1331 2719 1385 ad
2771 1330 2957 1385 Deum
3007 1331 3195 1397 factis,
3244 1332 3463 1387 imbres
3493 1332 3553 1386 in
3585 1332 3685 1386 siti

2034 1419 2134 1475 illa
2180 1419 2532 1491 impretavit.
2568 1419 2811 1485 Quando
2856 1436 2971 1473 non
3035 1419 3570 1490 geniculationibus
3627 1424 3686 1475 et

272 1524 409 1574 nos,
469 1523 616 1578 quos
668 1510 950 1562 damnare
1005 1508 1203 1562 statim
1272 1524 1341 1562 ex
1396 1508 1761 1563 confessione
1808 1523 1924 1561 non
2027 1507 3685 1581 jejunationibusnostrisetiamsiccitatessuntdepulsis?

269 1596 474 1651 vultis.
507 1596 564 1649 Si
605 1600 799 1651 autem
856 1596 1212 1651 contenditis
1259 1597 1331 1650 ad
1388 1596 1690 1651 elidendos
1722 1613 1827 1651 nos
1858 1596 1923 1662 2°,

263 1687 401 1755 jam
434 1700 571 1755 ergo
633 1684 1022 1739 innocentiam
1080 1685 1446 1755 expugnatis.
1483 1686 1694 1749 Quanti
1726 1690 1923 1739 autem

270 1774 577 1843 praesides,
612 1779 669 1827 et
701 1776 1129 1828 constantiores
1159 1780 1217 1828 et
1245 1772 1619 1837 crudeliores,
1644 1773 1924 1827 dissimu-

265 1860 549 1916 laverunt
576 1862 647 1917 ab
681 1862 1022 1932 bujusmodi
1050 1862 1245 1917 causis
1270 1862 1281 1915 l
1321 1868 1382 1916 ut
1401 1862 1636 1916 Cincius
1654 1862 1921 1928 Severus,

265 1951 374 2021 qui
402 1950 635 2021 Thystri
669 1950 713 1984 ²¹
750 1950 874 2020 ipse
915 1950 1075 2005 dedit
1104 1950 1217 2021 (18)
1249 1950 1595 2020 remedium,
1629 1951 1921 2021 quomodo

270 2039 707 2110 responderent
761 2038 1100 2105 Christiani,
1160 2045 1223 2093 ut
1269 2039 1485 2094 dimitti
1543 2044 1813 2110 possent;
1861 2043 1923 2094 ut

271 2126 647 2198 Vespronius
678 2127 1002 2191 Candidus,
1054 2128 1152 2199 qui
1202 2128 1596 2183 Christianum
1629 2129 1799 2197 quasi
1838 2134 1927 2181 tu-

267 2216 645 2273 multuosum
680 2216 905 2271 civibus
938 2216 1063 2271 suis
1097 2216 1435 2272 satisfacere
1463 2217 1574 2287 (19)
1604 2216 1925 2281 dimisit;ut

268 2310 485 2376 Asper,
519 2304 617 2375 qui
675 2304 901 2359 modice
957 2312 1227 2359 vexatum
1288 2304 1606 2370 hominem,
1635 2311 1691 2360 et
1720 2306 1921 2360 statim

267 2394 593 2464 dejectum,
654 2409 760 2447 nec
814 2392 1170 2448 sacrificium
1214 2392 1494 2463 compulit
1548 2393 1755 2463 facere,
1789 2398 1923 2449 ante

268 2482 583 2553 professus
613 2481 765 2536 inter
799 2482 1109 2536 advocatos
1141 2486 1199 2536 et
1252 2498 1605 2548 assessores,
1635 2481 1830 2537 dolere
1862 2498 1924 2537 se

264 2569 557 2625 incidisse
579 2570 638 2623 in
671 2570 821 2624 hanc
844 2585 1081 2624 causam
1107 2570 1174 2623 9’.
1206 2570 1441 2624 Pudens
1473 2570 1647 2625 etiam
1674 2571 1920 2625 missum

264 2660 345 2713 ad
384 2674 447 2713 se
477 2658 868 2713 Christianum
929 2656 987 2711 in
1043 2656 1230 2728 elogio
1262 2659 1644 2713 concussione
1674 2660 1801 2729 ejus
1829 2658 1924 2712 in-

264 2746 509 2802 tellecta
539 2746 651 2818 (20)
709 2745 977 2811 dimisit,
1032 2747 1217 2801 scisso
1271 2747 1473 2801 eodem
1531 2746 1741 2818 elogio,
1798 2747 1926 2801 sine

267 2840 621 2891 accusatore
650 2851 874 2905 negans
906 2850 969 2888 se
1000 2835 1341 2889 auditurum
1378 2834 1678 2888 hominem
1711 2850 1925 2889 secun-

265 2925 419 2979 dum
483 2923 832 2978 mandatum
865 2924 931 2977 ³³.
966 2922 1094 2977 Haec
1151 2924 1347 2979 omnia
1378 2923 1483 2978 tibi
1539 2927 1596 2977 et
1635 2924 1705 2977 de
1733 2923 1925 2979 officio

264 3012 508 3083 suggeri
529 3017 798 3083 possunt,
833 3012 977 3066 etab
1018 3012 1241 3066 eisdem
1268 3011 1563 3066 advocatis
1592 3012 1657 3076 ",
1681 3012 1780 3082 qui
1813 3010 1927 3082 ipsi

265 3100 562 3155 beneficia
591 3100 808 3155 habent
863 3098 1355 3164 Christianorum,
1410 3098 1543 3154 licet
1580 3099 1924 3169 acclament,

2036 1597 2199 1651 Tunc
2244 1602 2300 1652 et
2348 1596 2600 1668 populus
2660 1596 2991 1651 acclamans
3045 1598 3153 1652 Deo
3210 1597 3438 1653 deorum
3486 1598 3553 1666 2⁸,
3588 1599 3683 1668 qui

2032 1686 2177 1740 solus
2205 1690 2394 1755 potens
2445 1686 2509 1749 ’9,
2541 1684 2599 1738 in
2630 1685 2790 1739 Jovis
2845 1688 3080 1740 nomine
3136 1689 3247 1740 Deo
3281 1692 3476 1741 nostro
3507 1685 3677 1741 testi-
3758 1730 3759 1733 η

2036 1774 2294 1827 monium
2328 1773 2601 1827 reddidit.
2627 1777 2839 1827 Praeter
2860 1775 2903 1807 ³ο
2927 1773 3045 1827 ι]ωο
3069 1774 3403 1842 depositum
3435 1790 3549 1829 non
3573 1775 3676 1829 ab-

2035 1878 2340 1933 negamus,
2357 1861 2796 1916 matrimonium
2821 1861 3044 1917 nullius
3078 1863 3229 1917 704
3250 1862 3677 1931 adulteramus,

2035 1949 2291 2022 pupillos
2322 1950 2413 2021 pie
2442 1955 2784 2019 tractamus,
2817 1950 3215 2022 indigentibus
3237 1951 3674 2021 refrigeramus,

2034 2038 2181 2092 nulli
2214 2038 2433 2094 malum
2480 2056 2582 2109 pro
2635 2039 2787 2094 malo
2846 2039 3175 2095 reddimus.
3236 2039 3523 2105 Viderint,
3576 2041 3677 2111 qui

2033 2133 2253 2183 sectam
2287 2128 2673 2193 mentiuntur,
2706 2144 2853 2196 quos
2898 2132 2956 2183 et
2999 2128 3110 2198 ipsi
3141 2143 3505 2183 recusamus.
3538 2129 3679 2191 Quis

2033 2216 2283 2286 denique
2337 2216 2409 2270 de
2457 2216 2628 2271 nobis
2673 2216 2785 2271 alio
2826 2216 3063 2271 nomine
3106 2216 3373 2287 queritur
3400 2217 3492 2272 31‘2
3523 2218 3678 2287 quod

2034 2304 2191 2359 aliud
2221 2304 2523 2375 negotium
2557 2305 2777 2373 patitur
2815 2304 3206 2368 Christianus,
3240 2304 3353 2359 nisi
3386 2322 3503 2359 suae
3548 2319 3679 2359 sec-

2032 2393 2130 2447 tae?
2161 2410 2339 2464 quam
2373 2393 2678 2460 incestam,
2701 2409 2878 2463 quam
2905 2392 3209 2460 crudelem,
3234 2398 3394 2448 tanto
3416 2399 3679 2464 tempore

2033 2498 2203 2537 nemo
2236 2481 2519 2552 probavit.
2577 2487 2684 2536 Pro
2740 2486 2903 2536 tanta
2954 2482 3309 2547 innocentia,
3354 2499 3457 2553 pro
3513 2488 3680 2537 tanta

2038 2572 2343 2641 probitate,
2379 2570 2753 2641 projustitia,
2794 2587 2897 2640 pro
2931 2571 3235 2641 pudicitia,
3272 2588 3372 2642 pro
3402 2572 3539 2634 ﬁde,
3573 2587 3676 2642 pro

2034 2660 2294 2725 veritate,
2347 2675 2451 2729 pro
2502 2663 2614 2713 Deo
2671 2658 2821 2724 vivo,
2863 2674 3233 2725 cremamur;
3266 2660 3421 2729 quod
3455 2676 3559 2714 nec
3588 2676 3678 2714 sa-

2036 2746 2256 2817 crilegi,
2291 2763 2397 2802 nec
2453 2746 2651 2802 hostes
2684 2746 2926 2817 publici,
2988 2763 3192 2802 verum
3220 2748 3265 2781 ³⁸³
3298 2763 3403 2802 nec
3432 2751 3518 2802 tot
3549 2765 3678 2802 ma-

2028 2835 2261 2905 jestatis
2293 2835 2371 2889 rei
2409 2834 2526 2905 pati
2556 2834 2765 2889 solent.
2802 2834 2947 2891 Nam
2982 2839 3038 2889 et
3066 2851 3224 2889 nunc
3254 2852 3287 2889 a
3319 2836 3564 2905 praeside
3594 2834 3677 2889 le-

2035 2923 2249 2994 gionis,
2267 2926 2324 2977 et
2344 2940 2377 2977 a
2400 2922 2645 2992 praeside
2668 2922 3033 2977 Mauritania:
3052 2927 3294 2977 vexatur
3310 2922 3419 2977 hoc
3441 2938 3677 2989 nomen,

2037 3012 2137 3066 sed
2170 3010 2359 3081 gladio
2389 3016 2582 3078 tenus,
2617 3011 2771 3065 sicut
2799 3014 2855 3065 et
2902 3027 2935 3065 a
2966 3010 3284 3081 primordio
3336 3012 3679 3064 mandatum

2037 3104 2125 3155 est
2145 3099 2529 3153 animadverti
2551 3098 2610 3153 in
2643 3098 3005 3168 hujusmodi.
3042 3098 3153 3153 Sed
3175 3099 3398 3168 majora
3416 3099 3682 3153 certami-

264 3206 407 3260 qua:
438 3187 641 3244 volunt
671 3188 735 3243 ²⁸.
770 3188 916 3243 Nam
957 3193 1012 3242 et
1068 3188 1377 3255 cujusdam
1435 3188 1699 3243 notarius
1728 3204 1862 3242 cum
1896 3204 1929 3243 a
1959 3189 2001 3254 ί]
2042 3204 2136 3257 na,
2171 3188 2395 3257 majora
2425 3192 2755 3258 sequuntur
2786 3186 3044 3258 praemia.

262 3280 541 3333 demens
572 3277 1048 3347 praecipitaretur,
1088 3275 1370 3331 liberatus
1402 3281 1532 3332 est:
1564 3281 1619 3332 et
1649 3293 1926 3348 quorum-

261 3367 413 3421 dam
444 3363 812 3436 propinquus
831 3368 887 3418 et
920 3364 1225 3435 puerulus,
1251 3370 1306 3418 et
1333 3365 1536 3436 quanti
1558 3365 1790 3420 honesti
1822 3364 1929 3419 viri

260 3455 366 3525 (de
402 3452 748 3524 vulgaribus
779 3452 936 3507 enim
978 3468 1091 3506 non
1125 3452 1395 3524 dicimus)
1428 3458 1529 3508 aut
1558 3471 1592 3508 a
1622 3452 1927 3508 daemoniis

262 3547 375 3598 aut
408 3539 843 3596 valetudinibus
902 3539 1214 3595 remediati
1247 3542 1423 3595 sunt!
1461 3541 1589 3612 Ipse
1621 3541 1796 3598 etiam
1827 3545 1925 3596 Se-

258 3648 450 3688 verus
482 3636 647 3703 pater
678 3629 970 3699 Antonini,
1029 3628 1494 3686 Christianorum
1536 3647 1762 3686 memor
1793 3631 1925 3687 fuit.

2718 3276 2949 3331 CAPUT
2984 3279 3046 3330 V.

2106 3363 2434 3420 Crudelitas
2464 3368 2656 3420 vestra
2688 3363 2876 3435 gloria
2904 3370 2993 3419 est
3020 3368 3241 3419 nostra.
3273 3364 3416 3419 Vide
3447 3368 3679 3419 tantum

2038 3470 2109 3508 ne
2140 3453 2249 3508 hoc
2278 3453 2428 3524 ipso,
2463 3453 2617 3523 quod
2650 3451 2789 3507 talia
2833 3453 3216 3520 sustinemus,
3249 3454 3321 3508 ad
3352 3453 3461 3508 hoc
3485 3454 3678 3507 solum

2036 3544 2341 3598 videamur
2369 3558 2696 3613 erumpere,
2732 3547 2796 3596 ut
2816 3541 2925 3597 hoc
2972 3543 3169 3613 ipsum
3202 3542 3535 3613 probemus,
3571 3558 3678 3597 nos

2037 3632 2158 3686 haec
2189 3647 2305 3686 non
2334 3629 2565 3696 timere,
2597 3631 2698 3685 sed
2742 3629 2895 3685 ultro
2928 3644 3152 3686 vocare.
3201 3630 3402 3686 Arrius
3431 3627 3677 3685 Antoni-

1714 3765 1917 3826 Variae
1964 3764 2284 3826 lectiones.

340 3878 394 3912 ³ο
452 3874 764 3947 Eligendos
800 3877 1019 3950 Rigalt.
1079 3878 1139 3950 ﬂ"
1202 3877 1633 3950 RhysdrirRig.

1711 3879 1756 3913 ²²
1804 3879 1925 3934 001(

2050 3880 2194 3934 abest
2242 3878 2409 3934 Rhea.
2487 3879 2532 3920 23
2590 3877 3108 3949 Hominemrabest
3166 3877 3333 3933 Rhen.
3411 3880 3458 3913 ²⁵
3516 3880 3689 3949 Εάυεη

257 3950 405 4005 dem
435 3950 567 4021 Jun.
624 3964 654 4002 e
710 3949 885 4021 Velie.
964 3948 1009 3983 2⁵
1069 3949 1138 4003 Et
1167 3950 1394 4004 additur
1424 3948 1595 4006 Rhea.
1671 3950 1716 3984 ²⁶
1749 3950 1915 4005 Rhen.
1969 3950 2291 4021 conficiebat
2342 3949 2601 4003 Euboeae.
2642 3951 2715 4021 iIn
2763 3948 2933 4005 veteri
2966 3948 3089 4004 Cod.
3123 3949 3400 4004 Euhodae.
3435 3948 3690 4007 Pithwus

255 4020 584 4077 emendavit
614 4019 816 4083 Euodi,

862 4021 1009 4090 quod
1037 4021 1211 4089 placet
1250 4021 1505 4092 Riqallio.
1562 4021 1706 4076 Idem
1760 4026 1912 4077 notat
1942 4021 2284 4089 Scaligerum
2337 4023 2397 4075 in
2428 4020 2705 4092 animadv.
2742 4022 2803 4074 in
2846 4021 3145 4076 Eusebium
3178 4020 3466 4090 defendere
3499 4023 3688 4077 ἱερείο-

256 4109 419 4148 nem.
458 4091 713 4146 Euodim.
745 4092 786 4124 ³⁷
844 4094 1096 4147 Noverat
1127 4090 1463 4148 Christianis
1520 4094 1830 4157 educatum
1884 4093 2010 4149 Cod.
2071 4094 2435 4148 Divionensis.
2477 4090 2815 4157 christiano,
2852 4097 2983 4146 Par.
3060 4093 3102 4126 ²⁸
3134 4092 3201 4147 Et
3244 4091 3470 4147 additur
3514 4093 3687 4151 Rhcn.

255 4166 307 4199 ’9
340 4164 461 4219 Alii
492 4167 679 4234 potes.
755 4162 800 4197 ³ο
830 4161 1093 4235 Propter.
1127 4164 1293 4219 Rhea.
1367 4164 1411 4200 ³¹
1444 4165 1731 4228 Quaeritur
1760 4164 1964 4235 Rigalt.

2067 4164 2111 4198 ⁸³
2141 4163 2386 4220 Publicii
2424 4179 2625 4218 verum
2659 4179 2762 4218 nec
2784 4163 2965 4217 Latin.

1722 4288 2244 4350 Commentarius.

336 4401 456 4473 (l6)
492 4402 556 4456 Et
586 4415 849 4473 nuncgea:
904 4401 1102 4473 eadem
1156 4417 1323 4456 causa
1379 4401 1750 4472 interpellatio
1792 4417 1934 4473 san-

256 4471 519 4545 guim’st
552 4471 796 4542 Scapula
846 4472 1045 4528 statim
1089 4478 1218 4543 post
1248 4471 1597 4545 damnatum,
1653 4472 1930 4545 Mavilum

254 4543 635 4601 acutissima;
675 4544 985 4613 cujusdam
1020 4544 1388 4614 (egritudinis
1447 4543 1706 4599 cruciatu
1734 4543 1925 4599 vexari

255 4622 548 4688 caeperat,
584 4632 698 4686 quo
728 4617 904 4670 etiam
938 4621 1102 4688 tum,
1136 4631 1269 4670 cum
1304 4617 1424 4669 hac
1456 4615 1927 4688 scriberct‘Sep-

254 4686 506 4753 timius,
538 4688 610 4742 ob
636 4688 901 4741 iteratam
934 4686 991 4741 in
1014 4687 1389 4742 Christianos
1420 4687 1703 4742 saevitiam
1737 4686 1929 4740 denuo

253 4762 615 4815 vexabatur.
650 4758 1015 4814 Clamaverat
1061 4759 1131 4812 ad
1168 4759 1350 4814 Deum
1383 4759 1625 4830 sanguis
1656 4757 1931 4830 Christia-

257 4850 414 4896 nus,
469 4846 538 4883 ac
595 4830 803 4901 divinas
863 4830 1151 4901 patientiae
1212 4846 1404 4901 moras
1435 4828 1927 4901 interpellaverat.

256 4903 528 4959 Paribus
560 4900 873 4972 exemplis,
910 4901 1008 4955 sed
1042 4917 1219 4955 causa
1251 4900 1421 4970 longe
1452 4900 1669 4971 dispari
1696 4900 1928 4972 Petilia-

253 4992 387 5030 nus
421 4971 740 5028 Donatista
761 4973 889 5026 adv.
932 4973 1261 5027 Catliolicos
1298 4974 1614 5044 pugnabat,
1648 4976 1712 5026 ut
1738 4971 1931 5044 rvidere

254 5052 356 5103 est
390 5045 451 5098 in
486 5044 897 5100 dissertatione
951 5044 1283 5115 Augustini.
1320 5045 1545 5098 Etenim
1604 5043 1930 5097 Petilianus

255 5116 628 5175 terribiliter
666 5130 990 5187 proponere
1046 5131 1227 5187 ausus
1285 5120 1373 5170 est
1404 5121 1461 5170 et
1500 5116 1726 5187 dicere:
1767 5136 1787 5165 ι
1823 5115 1925 5187 Sed

256 5197 331 5245 ut
365 5194 583 5242 cetera
636 5185 1152 5258 taceam,_vestris
1199 5186 1257 5241 in
1300 5186 1579 5258 exemplis
1636 5185 1928 5241 advertite

245 5262 659 5330 imperatores
684 5256 1063 5329 quamplures
1087 5258 1397 5327 acjudices
1413 5256 1639 5313 vestros
1662 5273 1931 5327 persecu-

253 5335 500 5389 tionem
540 5332 706 5386 nobis
739 5330 1001 5384 faciendo
1035 5330 1295 5400 periisse.
1334 5333 1458 5384 Hic.

339 5403 464 5473 (47)
497 5401 600 5455 Sed
629 5405 924 5473 memento
952 5401 1016 5455 de
1039 5399 1046 5400 ⁷
1073 5406 1281 5456 caetero.
1319 5401 1433 5455 Hoc
1457 5404 1571 5473 est,
1605 5400 1676 5473 de
1708 5399 1925 5473 futuro,

251 5470 521 5599 mlanere
551 5473 777 5599 scIiIicet
823 5470 1101 5527 ultionem
1145 5478 1417 5528 (sternam
1454 5472 1622 5544 longe
1655 5472 1929 5525 formida-

254 5548 318 5599 bi
354 5547 571 5599 iorem.
630 5564 681 5599 υ.

254 5547 571 5607 biliorem.
606 5547 681 5600 lo.

332 5617 463 5691 (18)
494 5618 602 5686 Qui
633 5617 851 5689 Thystri
893 5617 1007 5686 ipse
1054 5616 1223 5672 dedit.
1275 5614 1643 5672 Contrarium
1701 5612 1930 5669 videtur

2043 4400 2285 4456 omnino
2318 4399 2498 4473 fuisse
2547 4399 2976 4473 observatum”;
3010 4400 3111 4470 qui
3170 4400 3325 4473 enim
3358 4416 3523 4455 reum
3556 4418 3686 4473 per-

2045 4473 2231 4527 ditum
2267 4471 2558 4537 volebant,
2614 4472 2889 4527 omnibus
2921 4470 3087 4525 illum
3129 4471 3322 4527 modis
3351 4478 3524 4543 atque
3552 4470 3687 4528 arti-

2044 4544 2176 4613 lius,
2205 4548 2262 4598 et
2291 4544 2510 4597 crebris
2542 4543 3099 4604 interrogationibus
3130 4544 3187 4597 in
3221 4543 3484 4597 fraudem
3520 4546 3688 4600 indu-

2039 4617 2271 4670 cebant.
2336 4613 2828 4687 Pamelius‘legit
2903 4615 3106 4680 Tiristi,
3161 4614 3249 4668 vel
3313 4616 3554 4687 Tyristi;
3615 4622 3687 4672 La

2042 4687 2224 4741 Cerda
2256 4687 2503 4740 Thrislri.
2541 4686 2610 4738 Ls
2640 4683 2741 4738 Pn.

2116 4758 2224 4827 (19)
2257 4759 2425 4824 Quasi
2472 4756 2867 4811 tumultuosum
2924 4756 3132 4810 civibus
3187 4758 3300 4811 suis
3344 4759 3679 4827 satisfacere.

2041 4829 2402 4899 Vespronius
2435 4827 2531 4882 ille
2593 4827 2889 4881 Candidus
2934 4827 3086 4882 cives
3115 4843 3255 4883 suos
3288 4828 3687 4885 Christianum

2042 4901 2355 4969 quemdam
2411 4900 2481 4953 ad
2535 4903 2718 4953 morte
2756 4916 2776 4941 π
2833 4900 3211 4969 dcposcentes
3259 4900 3583 4966 admonuit,
3626 4918 3688 4956 se

2042 4971 2280 5042 quidem
2330 4972 2579 5025 libenter
2628 4986 2837 5042 eorum
2888 4971 3554 5042 votisrsatisfacturum,
3584 4973 3685 5027 sed

2041 5040 2160 5097 rem
2197 5043 2416 5097 civitati
2451 5040 2877 5097 tumultuosam
2913 5041 3232 5111 providere.
3270 5042 3396 5097 RiG.

2108 5114 2221 5184 (20)
2273 5113 2634 5169 Concussione
2683 5114 2802 5181 ejus
2854 5113 3161 5169 intellecta.
3205 5115 3323 5168 Hoc
3369 5118 3477 5181 est,
3512 5131 3681 5168 vexa-

2044 5184 2217 5267 tione.
2255 5186 2380 5268 ipse
2442 5185 2765 5265 infra,_sub.
2808 5184 2982 5268 finem
3014 5185 3192 5268 huius
3250 5185 3476 5268 libelli_:
3515 5201 3686 5268 parce

2041 5256 2370 5327 provinciis,
2403 5273 2551 5326 quis,
2585 5256 2710 5310 visa
2754 5256 3073 5310 intentione
3098 5260 3219 5322 tua,
3254 5256 3502 5311 obnoxia
3534 5260 3686 5312 facta

2039 5333 2129 5382 est
2187 5327 2695 5393 concussionibus,
2750 5331 2805 5381 et
2876 5327 3129 5382 militum
3196 5332 3252 5382 et
3309 5329 3682 5383 inimicorum

2040 5416 2282 5453 suorum
2331 5400 2634 5467 cujusque.
2670 5401 2794 5451 RIG.
2850 5429 2914 5438 —
2961 5398 3278 5453 Concussio
3318 5406 3406 5455 est
3437 5398 3682 5454 subdola

2040 5471 2333 5525 accusatio
2366 5470 2613 5525 furentis
2642 5470 2947 5539 cujusdam
2974 5472 3301 5538 nebulonis,
3336 5489 3451 5527 non
3484 5475 3678 5525 autem

2038 5542 2303 5614 legitima
2334 5541 2545 5598 actoris
2576 5542 2780 5598 oratio.
2809 5542 2882 5597 Lu
2916 5542 3010 5598 Ps.
