  <div class='ocr_page' id='page_1' title='image "/cluster/home/n/w/nwhite01/storage/ocr_20150623/1/hvd.32044096580337/399.png"; bbox 0 0 4106 6178; ppageno 0'>
   <div class='ocr_carea' id='block_1_1' title="bbox 998 295 3817 370">
    <p class='ocr_par' dir='ltr' id='par_1_1' title="bbox 998 295 3817 370">
     <span class='ocr_line' id='line_1_1' title="bbox 998 295 3817 370; baseline 0.001 -10"><span class='ocrx_word' id='word_1_1' title='bbox 998 297 1525 361; x_wconf 81' lang='lat' dir='ltr'>TERTULLIANI</span> <span class='ocrx_word' id='word_1_2' title='bbox 1568 295 1893 357; x_wconf 81' lang='lat' dir='ltr'>OPERUM</span> <span class='ocrx_word' id='word_1_3' title='bbox 1934 295 2136 355; x_wconf 81' lang='lat' dir='ltr'>PARS</span> <span class='ocrx_word' id='word_1_4' title='bbox 2179 295 2228 356; x_wconf 79' lang='grc'><strong>1.</strong></span> <span class='ocrx_word' id='word_1_5' title='bbox 2261 327 2339 338; x_wconf 94' lang='grc'><strong><em>-</em></strong></span> <span class='ocrx_word' id='word_1_6' title='bbox 2369 296 2643 356; x_wconf 81' lang='lat' dir='ltr'>SERIES</span> <span class='ocrx_word' id='word_1_7' title='bbox 2690 297 2735 370; x_wconf 87' lang='lat' dir='ltr'>I,</span> <span class='ocrx_word' id='word_1_8' title='bbox 2782 297 3345 360; x_wconf 80' lang='lat' dir='ltr'>APOLOGETICA.</span> <span class='ocrx_word' id='word_1_9' title='bbox 3715 305 3817 365; x_wconf 68' lang='lat'>784</span> 
     </span>
    </p>
   </div>
   <div class='ocr_carea' id='block_1_2' title="bbox 474 426 3819 505">
    <p class='ocr_par' dir='ltr' id='par_1_2' title="bbox 474 426 3819 505">
     <span class='ocr_line' id='line_1_2' title="bbox 474 426 3819 505; baseline 0.002 -20"><span class='ocrx_word' id='word_1_10' title='bbox 474 447 588 487; x_wconf 89' lang='lat' dir='ltr'>nus</span> <span class='ocrx_word' id='word_1_11' title='bbox 616 430 675 485; x_wconf 90' lang='lat' dir='ltr'>in</span> <span class='ocrx_word' id='word_1_12' title='bbox 705 430 841 485; x_wconf 85' lang='lat' dir='ltr'>Asia</span> <span class='ocrx_word' id='word_1_13' title='bbox 872 447 1004 486; x_wconf 90' lang='lat' dir='ltr'>cum</span> <span class='ocrx_word' id='word_1_14' title='bbox 1040 433 1490 502; x_wconf 78' lang='lat' dir='ltr'>persequeretur</span> <span class='ocrx_word' id='word_1_15' title='bbox 1550 429 1860 495; x_wconf 78' lang='lat' dir='ltr'>instanter,</span> <span class='ocrx_word' id='word_1_16' title='bbox 1914 445 2121 485; x_wconf 89' lang='lat' dir='ltr'>omnes</span> <span class='ocrx_word' id='word_1_17' title='bbox 2152 432 2205 497; x_wconf 81' lang='grc' dir='ltr'><strong>Α</strong></span> <span class='ocrx_word' id='word_1_18' title='bbox 2235 429 2409 485; x_wconf 89' lang='lat' dir='ltr'>Parce</span> <span class='ocrx_word' id='word_1_19' title='bbox 2438 445 2575 499; x_wconf 86' lang='lat' dir='ltr'>ergo</span> <span class='ocrx_word' id='word_1_20' title='bbox 2598 427 2725 494; x_wconf 86' lang='lat' dir='ltr'>tibi,</span> <span class='ocrx_word' id='word_1_21' title='bbox 2761 426 2810 481; x_wconf 89' lang='lat' dir='ltr'>si</span> <span class='ocrx_word' id='word_1_22' title='bbox 2843 442 2957 481; x_wconf 92' lang='lat' dir='ltr'>non</span> <span class='ocrx_word' id='word_1_23' title='bbox 2993 426 3183 495; x_wconf 88' lang='lat' dir='ltr'>nobis,</span> <span class='ocrx_word' id='word_1_24' title='bbox 3234 446 3408 501; x_wconf 88' lang='lat' dir='ltr'>parce</span> <span class='ocrx_word' id='word_1_25' title='bbox 3430 431 3745 505; x_wconf 75' lang='lat' dir='ltr'>Carthagini,</span> <span class='ocrx_word' id='word_1_26' title='bbox 3775 438 3819 493; x_wconf 79' lang='lat' dir='ltr'>si</span> 
     </span>
    </p>
   </div>
   <div class='ocr_carea' id='block_1_3' title="bbox 469 516 3818 589">
    <p class='ocr_par' dir='ltr' id='par_1_3' title="bbox 469 516 3818 589">
     <span class='ocr_line' id='line_1_3' title="bbox 469 516 3818 589; baseline 0.002 -15"><span class='ocrx_word' id='word_1_27' title='bbox 469 518 629 574; x_wconf 89' lang='lat' dir='ltr'>illius</span> <span class='ocrx_word' id='word_1_28' title='bbox 660 518 910 576; x_wconf 74' lang='lat' dir='ltr'>civitatis</span> <span class='ocrx_word' id='word_1_29' title='bbox 940 519 1253 575; x_wconf 82' lang='lat' dir='ltr'>Christiani</span> <span class='ocrx_word' id='word_1_30' title='bbox 1312 524 1442 573; x_wconf 83' lang='lat' dir='ltr'><strong>ante</strong></span> <span class='ocrx_word' id='word_1_31' title='bbox 1503 517 1822 573; x_wconf 89' lang='lat' dir='ltr'>tribunalia</span> <span class='ocrx_word' id='word_1_32' title='bbox 1880 519 2009 588; x_wconf 89' lang='lat' dir='ltr'>ejus</span> <span class='ocrx_word' id='word_1_33' title='bbox 2052 535 2115 573; x_wconf 88' lang='lat' dir='ltr'>se</span> <span class='ocrx_word' id='word_1_34' title='bbox 2226 535 2339 573; x_wconf 91' lang='lat' dir='ltr'>non</span> <span class='ocrx_word' id='word_1_35' title='bbox 2372 519 2500 587; x_wconf 88' lang='lat' dir='ltr'>tibi,</span> <span class='ocrx_word' id='word_1_36' title='bbox 2535 533 2706 588; x_wconf 90' lang='lat' dir='ltr'>parce</span> <span class='ocrx_word' id='word_1_37' title='bbox 2747 516 3054 587; x_wconf 63' lang='lat' dir='ltr'>provinciis</span> <span class='ocrx_word' id='word_1_38' title='bbox 3086 535 3211 589; x_wconf 67' lang='lat' dir='ltr'>quis</span> <span class='ocrx_word' id='word_1_39' title='bbox 3257 519 3382 575; x_wconf 87' lang='lat' dir='ltr'>visa</span> <span class='ocrx_word' id='word_1_40' title='bbox 3413 519 3701 578; x_wconf 86' lang='lat' dir='ltr'>intentione</span> <span class='ocrx_word' id='word_1_41' title='bbox 3730 530 3818 581; x_wconf 85' lang='lat' dir='ltr'>tua</span> 
     </span>
    </p>
   </div>
   <div class='ocr_carea' id='block_1_4' title="bbox 469 606 3818 678">
    <p class='ocr_par' dir='ltr' id='par_1_4' title="bbox 469 606 3818 678">
     <span class='ocr_line' id='line_1_4' title="bbox 469 606 3818 678; baseline 0.001 -15"><span class='ocrx_word' id='word_1_42' title='bbox 469 623 646 664; x_wconf 90' lang='lat' dir='ltr'>manu</span> <span class='ocrx_word' id='word_1_43' title='bbox 696 608 849 663; x_wconf 89' lang='lat' dir='ltr'>facta</span> <span class='ocrx_word' id='word_1_44' title='bbox 906 607 1265 675; x_wconf 84' lang='lat' dir='ltr'>obtulerunt,</span> <span class='ocrx_word' id='word_1_45' title='bbox 1299 624 1432 663; x_wconf 89' lang='lat' dir='ltr'>cum</span> <span class='ocrx_word' id='word_1_46' title='bbox 1465 608 1510 642; x_wconf 78' lang='grc'>³³</span> <span class='ocrx_word' id='word_1_47' title='bbox 1544 607 1662 676; x_wconf 90' lang='lat' dir='ltr'>ille,</span> <span class='ocrx_word' id='word_1_48' title='bbox 1716 607 1918 678; x_wconf 86' lang='lat' dir='ltr'>paucis</span> <span class='ocrx_word' id='word_1_49' title='bbox 1977 606 2112 661; x_wconf 91' lang='lat' dir='ltr'>duci</span> <span class='ocrx_word' id='word_1_50' title='bbox 2222 606 2469 662; x_wconf 86' lang='lat' dir='ltr'>obnoxia</span> <span class='ocrx_word' id='word_1_51' title='bbox 2521 608 2670 661; x_wconf 79' lang='lat' dir='ltr'>facta</span> <span class='ocrx_word' id='word_1_52' title='bbox 2726 610 2815 660; x_wconf 90' lang='lat' dir='ltr'>est</span> <span class='ocrx_word' id='word_1_53' title='bbox 2872 606 3363 662; x_wconf 91' lang='lat' dir='ltr'>concussionibus</span> <span class='ocrx_word' id='word_1_54' title='bbox 3416 614 3469 663; x_wconf 87' lang='lat' dir='ltr'>et</span> <span class='ocrx_word' id='word_1_55' title='bbox 3497 608 3724 666; x_wconf 87' lang='lat' dir='ltr'>militum</span> <span class='ocrx_word' id='word_1_56' title='bbox 3771 618 3818 668; x_wconf 85' lang='lat' dir='ltr'>et</span> 
     </span>
    </p>
   </div>
   <div class='ocr_carea' id='block_1_5' title="bbox 459 692 2086 768">
    <p class='ocr_par' dir='ltr' id='par_1_5' title="bbox 459 692 2086 768">
     <span class='ocr_line' id='line_1_5' title="bbox 459 692 2086 768; baseline -0.002 -17"><span class='ocrx_word' id='word_1_57' title='bbox 459 696 673 767; x_wconf 78' lang='lat' dir='ltr'>jussis,</span> <span class='ocrx_word' id='word_1_58' title='bbox 704 696 945 768; x_wconf 78' lang='lat' dir='ltr'>reliquis</span> <span class='ocrx_word' id='word_1_59' title='bbox 968 697 1067 766; x_wconf 85' lang='lat' dir='ltr'>ait,</span> <span class='ocrx_word' id='word_1_60' title='bbox 1111 698 1176 749; x_wconf 86' lang='grc' dir='ltr'><strong>Ὦ</strong></span> <span class='ocrx_word' id='word_1_61' title='bbox 1207 692 1403 762; x_wconf 80' lang='grc' dir='ltr'>διῖλοι,</span> <span class='ocrx_word' id='word_1_62' title='bbox 1437 694 1482 749; x_wconf 79' lang='grc' dir='ltr'>εἰ</span> <span class='ocrx_word' id='word_1_63' title='bbox 1516 693 1697 750; x_wconf 70' lang='grc' dir='ltr'>θέλετε</span> <span class='ocrx_word' id='word_1_64' title='bbox 1728 694 2086 763; x_wconf 77' lang='grc' dir='ltr'>ἀποθνήσκειν</span> 
     </span>
    </p>
   </div>
   <div class='ocr_carea' id='block_1_6' title="bbox 2166 692 3814 768">
    <p class='ocr_par' dir='ltr' id='par_1_6' title="bbox 2222 695 3814 768">
     <span class='ocr_line' id='line_1_6' title="bbox 2222 695 3814 768; baseline 0.004 -19"><span class='ocrx_word' id='word_1_65' title='bbox 2222 695 2593 751; x_wconf 82' lang='lat' dir='ltr'>inimicorum</span> <span class='ocrx_word' id='word_1_66' title='bbox 2618 712 2856 749; x_wconf 90' lang='lat' dir='ltr'>suorum</span> <span class='ocrx_word' id='word_1_67' title='bbox 2873 697 3180 765; x_wconf 86' lang='lat' dir='ltr'>cujusque.</span> <span class='ocrx_word' id='word_1_68' title='bbox 3204 696 3533 768; x_wconf 80' lang='lat' dir='ltr'>Magistrum</span> <span class='ocrx_word' id='word_1_69' title='bbox 3559 700 3814 756; x_wconf 88' lang='lat' dir='ltr'>neminem</span> 
     </span>
    </p>
   </div>
   <div class='ocr_carea' id='block_1_7' title="bbox 467 782 2086 859">
    <p class='ocr_par' dir='ltr' id='par_1_7' title="bbox 467 782 2085 859">
     <span class='ocr_line' id='line_1_7' title="bbox 467 782 2085 859; baseline 0.001 -22"><span class='ocrx_word' id='word_1_70' title='bbox 467 782 745 857; x_wconf 83' lang='grc' dir='ltr'>κρημνοὺς</span> <span class='ocrx_word' id='word_1_71' title='bbox 784 784 817 851; x_wconf 73' lang='grc' dir='ltr'><strong>ἢ</strong></span> <span class='ocrx_word' id='word_1_72' title='bbox 883 784 1123 859; x_wconf 80' lang='grc' dir='ltr'>βρόχους</span> <span class='ocrx_word' id='word_1_73' title='bbox 1178 782 1332 857; x_wconf 76' lang='grc' dir='ltr'><strong>ἔχετε</strong></span> <span class='ocrx_word' id='word_1_74' title='bbox 1362 785 1496 855; x_wconf 78' lang='grc'>(21).</span> <span class='ocrx_word' id='word_1_75' title='bbox 1550 785 1667 840; x_wconf 89' lang='lat' dir='ltr'>Hoc</span> <span class='ocrx_word' id='word_1_76' title='bbox 1720 785 1767 839; x_wconf 83' lang='lat' dir='ltr'>si</span> <span class='ocrx_word' id='word_1_77' title='bbox 1828 784 2085 854; x_wconf 90' lang='lat' dir='ltr'>placueri</span> 
     </span>
    </p>
   </div>
   <div class='ocr_carea' id='block_1_8' title="bbox 2166 782 3817 859">
    <p class='ocr_par' dir='ltr' id='par_1_8' title="bbox 2220 783 3817 851">
     <span class='ocr_line' id='line_1_8' title="bbox 2220 783 3817 851; baseline 0.004 -14"><span class='ocrx_word' id='word_1_78' title='bbox 2220 784 2529 848; x_wconf 78' lang='lat' dir='ltr'>habemus,</span> <span class='ocrx_word' id='word_1_79' title='bbox 2560 783 2673 838; x_wconf 88' lang='lat' dir='ltr'>nisi</span> <span class='ocrx_word' id='word_1_80' title='bbox 2725 788 2902 838; x_wconf 89' lang='lat' dir='ltr'>Deum</span> <span class='ocrx_word' id='word_1_81' title='bbox 2952 784 3166 839; x_wconf 91' lang='lat' dir='ltr'>solum.</span> <span class='ocrx_word' id='word_1_82' title='bbox 3207 784 3305 839; x_wconf 83' lang='lat' dir='ltr'>Hic</span> <span class='ocrx_word' id='word_1_83' title='bbox 3353 791 3485 840; x_wconf 87' lang='lat' dir='ltr'>ante</span> <span class='ocrx_word' id='word_1_84' title='bbox 3512 790 3562 840; x_wconf 90' lang='lat' dir='ltr'>te</span> <span class='ocrx_word' id='word_1_85' title='bbox 3601 793 3698 851; x_wconf 87' lang='lat' dir='ltr'>est,</span> <span class='ocrx_word' id='word_1_86' title='bbox 3729 804 3817 844; x_wconf 87' lang='lat' dir='ltr'>nec</span> 
     </span>
    </p>
   </div>
   <div class='ocr_carea' id='block_1_9' title="bbox 468 872 3816 945">
    <p class='ocr_par' dir='ltr' id='par_1_9' title="bbox 468 872 3816 945">
     <span class='ocr_line' id='line_1_9' title="bbox 468 872 3816 945; baseline 0 -15"><span class='ocrx_word' id='word_1_87' title='bbox 468 879 525 930; x_wconf 90' lang='lat' dir='ltr'>et</span> <span class='ocrx_word' id='word_1_88' title='bbox 542 874 632 929; x_wconf 88' lang='lat' dir='ltr'>hic</span> <span class='ocrx_word' id='word_1_89' title='bbox 663 874 810 938; x_wconf 83' lang='lat' dir='ltr'>ﬁeri,</span> <span class='ocrx_word' id='word_1_90' title='bbox 831 874 967 942; x_wconf 73' lang='lat' dir='ltr'>quid</span> <span class='ocrx_word' id='word_1_91' title='bbox 995 875 1171 929; x_wconf 84' lang='lat' dir='ltr'>facies</span> <span class='ocrx_word' id='word_1_92' title='bbox 1187 875 1258 928; x_wconf 87' lang='lat' dir='ltr'>de</span> <span class='ocrx_word' id='word_1_93' title='bbox 1288 874 1467 928; x_wconf 85' lang='lat' dir='ltr'>tantis</span> <span class='ocrx_word' id='word_1_94' title='bbox 1489 872 1751 927; x_wconf 88' lang='lat' dir='ltr'>millibus</span> <span class='ocrx_word' id='word_1_95' title='bbox 1777 872 2108 941; x_wconf 89' lang='lat' dir='ltr'>hominum,</span> <span class='ocrx_word' id='word_1_96' title='bbox 2220 873 2499 928; x_wconf 75' lang='lat' dir='ltr'>abscondi</span> <span class='ocrx_word' id='word_1_97' title='bbox 2528 877 2739 943; x_wconf 84' lang='lat' dir='ltr'>potest,</span> <span class='ocrx_word' id='word_1_98' title='bbox 2769 874 2869 927; x_wconf 85' lang='lat' dir='ltr'>sed</span> <span class='ocrx_word' id='word_1_99' title='bbox 2902 873 2996 926; x_wconf 90' lang='lat' dir='ltr'>cui</span> <span class='ocrx_word' id='word_1_100' title='bbox 3048 872 3189 927; x_wconf 90' lang='lat' dir='ltr'>nihil</span> <span class='ocrx_word' id='word_1_101' title='bbox 3224 873 3409 928; x_wconf 83' lang='lat' dir='ltr'>facere</span> <span class='ocrx_word' id='word_1_102' title='bbox 3442 875 3636 945; x_wconf 84' lang='lat' dir='ltr'>possis.</span> <span class='ocrx_word' id='word_1_103' title='bbox 3667 877 3816 931; x_wconf 68' lang='lat' dir='ltr'>Caete-</span> 
     </span>
    </p>
   </div>
   <div class='ocr_carea' id='block_1_10' title="bbox 2218 961 3816 1032">
    <p class='ocr_par' dir='ltr' id='par_1_10' title="bbox 2218 961 3816 1032">
     <span class='ocr_line' id='line_1_10' title="bbox 2218 961 3816 1032; baseline 0.002 -15"><span class='ocrx_word' id='word_1_104' title='bbox 2218 979 2347 1017; x_wconf 85' lang='lat' dir='ltr'>rum</span> <span class='ocrx_word' id='word_1_105' title='bbox 2384 978 2531 1032; x_wconf 79' lang='lat' dir='ltr'>quus</span> <span class='ocrx_word' id='word_1_106' title='bbox 2566 970 2736 1032; x_wconf 87' lang='lat' dir='ltr'>putas</span> <span class='ocrx_word' id='word_1_107' title='bbox 2756 961 2861 1016; x_wconf 91' lang='lat' dir='ltr'>tibi</span> <span class='ocrx_word' id='word_1_108' title='bbox 2909 962 3244 1031; x_wconf 89' lang='lat' dir='ltr'>magistros,</span> <span class='ocrx_word' id='word_1_109' title='bbox 3279 962 3577 1018; x_wconf 89' lang='lat' dir='ltr'>bomnines</span> <span class='ocrx_word' id='word_1_110' title='bbox 3618 970 3741 1018; x_wconf 87' lang='lat' dir='ltr'>sunt</span> <span class='ocrx_word' id='word_1_111' title='bbox 3767 970 3816 1020; x_wconf 88' lang='lat' dir='ltr'>et</span> 
     </span>
    </p>
   </div>
   <div class='ocr_carea' id='block_1_11' title="bbox 477 297 599 362">
    <p class='ocr_par' dir='ltr' id='par_1_11' title="bbox 477 297 599 362">
     <span class='ocr_line' id='line_1_11' title="bbox 477 297 599 362; baseline 0 -3"><span class='ocrx_word' id='word_1_112' title='bbox 477 297 599 362; x_wconf 82' lang='lat'>783</span> 
     </span>
    </p>
   </div>
   <div class='ocr_carea' id='block_1_12' title="bbox 465 961 2105 1031">
    <p class='ocr_par' dir='ltr' id='par_1_12' title="bbox 465 961 2105 1031">
     <span class='ocr_line' id='line_1_12' title="bbox 465 961 2105 1031; baseline -0.001 -14"><span class='ocrx_word' id='word_1_113' title='bbox 465 966 551 1019; x_wconf 89' lang='lat' dir='ltr'>tot</span> <span class='ocrx_word' id='word_1_114' title='bbox 583 962 722 1017; x_wconf 91' lang='lat' dir='ltr'>viris</span> <span class='ocrx_word' id='word_1_115' title='bbox 753 980 819 1017; x_wconf 92' lang='lat' dir='ltr'>ac</span> <span class='ocrx_word' id='word_1_116' title='bbox 885 962 1139 1029; x_wconf 78' lang='lat' dir='ltr'>feminis,</span> <span class='ocrx_word' id='word_1_117' title='bbox 1194 963 1386 1017; x_wconf 82' lang='lat' dir='ltr'>omnis</span> <span class='ocrx_word' id='word_1_118' title='bbox 1431 978 1626 1027; x_wconf 83' lang='lat' dir='ltr'>sexus,</span> <span class='ocrx_word' id='word_1_119' title='bbox 1672 961 1865 1015; x_wconf 88' lang='lat' dir='ltr'>omnis</span> <span class='ocrx_word' id='word_1_120' title='bbox 1898 961 2105 1031; x_wconf 56' lang='lat' dir='ltr'>astatis,</span> 
     </span>
    </p>
   </div>
   <div class='ocr_carea' id='block_1_13' title="bbox 464 1049 2103 1123">
    <p class='ocr_par' dir='ltr' id='par_1_13' title="bbox 464 1049 2103 1123">
     <span class='ocr_line' id='line_1_13' title="bbox 464 1049 2103 1123; baseline -0.001 -16"><span class='ocrx_word' id='word_1_121' title='bbox 464 1052 656 1107; x_wconf 89' lang='lat' dir='ltr'>omnis</span> <span class='ocrx_word' id='word_1_122' title='bbox 716 1051 1039 1123; x_wconf 89' lang='lat' dir='ltr'>dignitatis,</span> <span class='ocrx_word' id='word_1_123' title='bbox 1110 1051 1490 1107; x_wconf 66' lang='lat' dir='ltr'>ollerentibus</span> <span class='ocrx_word' id='word_1_124' title='bbox 1551 1067 1613 1104; x_wconf 81' lang='lat' dir='ltr'>se</span> <span class='ocrx_word' id='word_1_125' title='bbox 1662 1049 1821 1103; x_wconf 83' lang='lat' dir='ltr'>tibi?</span> <span class='ocrx_word' id='word_1_126' title='bbox 1860 1049 2103 1114; x_wconf 86' lang='lat' dir='ltr'>Quantis</span> 
     </span>
    </p>
   </div>
   <div class='ocr_carea' id='block_1_14' title="bbox 457 1138 2102 1211">
    <p class='ocr_par' dir='ltr' id='par_1_14' title="bbox 457 1138 2102 1211">
     <span class='ocr_line' id='line_1_14' title="bbox 457 1138 2102 1211; baseline 0 -18"><span class='ocrx_word' id='word_1_127' title='bbox 457 1138 967 1211; x_wconf 86' lang='lat' dir='ltr'>ignibus,quantis</span> <span class='ocrx_word' id='word_1_128' title='bbox 984 1139 1194 1210; x_wconf 84' lang='lat' dir='ltr'>gladiis</span> <span class='ocrx_word' id='word_1_129' title='bbox 1220 1156 1368 1209; x_wconf 82' lang='lat' dir='ltr'>Opus</span> <span class='ocrx_word' id='word_1_130' title='bbox 1387 1138 1522 1194; x_wconf 90' lang='lat' dir='ltr'>erit!</span> <span class='ocrx_word' id='word_1_131' title='bbox 1550 1139 1690 1209; x_wconf 89' lang='lat' dir='ltr'>quid</span> <span class='ocrx_word' id='word_1_132' title='bbox 1711 1139 1839 1209; x_wconf 83' lang='lat' dir='ltr'>ipsa</span> <span class='ocrx_word' id='word_1_133' title='bbox 1860 1139 2102 1193; x_wconf 81' lang='lat' dir='ltr'>Cartha-</span> 
     </span>
    </p>
   </div>
   <div class='ocr_carea' id='block_1_15' title="bbox 456 1228 2100 1300">
    <p class='ocr_par' dir='ltr' id='par_1_15' title="bbox 456 1228 2100 1300">
     <span class='ocr_line' id='line_1_15' title="bbox 456 1228 2100 1300; baseline -0.001 -17"><span class='ocrx_word' id='word_1_134' title='bbox 456 1244 527 1300; x_wconf 93' lang='lat' dir='ltr'>go</span> <span class='ocrx_word' id='word_1_135' title='bbox 561 1245 808 1300; x_wconf 89' lang='lat' dir='ltr'>passura</span> <span class='ocrx_word' id='word_1_136' title='bbox 836 1234 946 1295; x_wconf 90' lang='lat' dir='ltr'>est,</span> <span class='ocrx_word' id='word_1_137' title='bbox 995 1228 1345 1282; x_wconf 85' lang='lat' dir='ltr'>decimanda</span> <span class='ocrx_word' id='word_1_138' title='bbox 1374 1244 1407 1281; x_wconf 89' lang='lat' dir='ltr'>a</span> <span class='ocrx_word' id='word_1_139' title='bbox 1440 1234 1514 1291; x_wconf 88' lang='lat' dir='ltr'>te,</span> <span class='ocrx_word' id='word_1_140' title='bbox 1549 1244 1681 1282; x_wconf 90' lang='lat' dir='ltr'>cum</span> <span class='ocrx_word' id='word_1_141' title='bbox 1716 1228 2100 1297; x_wconf 86' lang='lat' dir='ltr'>prepinquos,</span> 
     </span>
    </p>
   </div>
   <div class='ocr_carea' id='block_1_16' title="bbox 454 1312 2097 1384">
    <p class='ocr_par' dir='ltr' id='par_1_16' title="bbox 454 1312 2097 1384">
     <span class='ocr_line' id='line_1_16' title="bbox 454 1312 2097 1384; baseline -0.002 -14"><span class='ocrx_word' id='word_1_142' title='bbox 454 1331 589 1370; x_wconf 88' lang='lat' dir='ltr'>cum</span> <span class='ocrx_word' id='word_1_143' title='bbox 616 1314 1065 1370; x_wconf 85' lang='lat' dir='ltr'>contubernales</span> <span class='ocrx_word' id='word_1_144' title='bbox 1088 1312 1361 1368; x_wconf 91' lang='lat' dir='ltr'>suosillic</span> <span class='ocrx_word' id='word_1_145' title='bbox 1387 1314 1798 1383; x_wconf 89' lang='lat' dir='ltr'>unusquisque</span> <span class='ocrx_word' id='word_1_146' title='bbox 1815 1328 2097 1384; x_wconf 86' lang='lat' dir='ltr'>cognove-</span> 
     </span>
    </p>
   </div>
   <div class='ocr_carea' id='block_1_17' title="bbox 2215 1048 3814 1121">
    <p class='ocr_par' dir='ltr' id='par_1_17' title="bbox 2215 1048 3814 1121">
     <span class='ocr_line' id='line_1_17' title="bbox 2215 1048 3814 1121; baseline 0.003 -18"><span class='ocrx_word' id='word_1_147' title='bbox 2215 1048 2327 1121; x_wconf 93' lang='lat' dir='ltr'>ipsi</span> <span class='ocrx_word' id='word_1_148' title='bbox 2377 1049 2645 1104; x_wconf 90' lang='lat' dir='ltr'>morituri</span> <span class='ocrx_word' id='word_1_149' title='bbox 2689 1050 3061 1120; x_wconf 86' lang='lat' dir='ltr'>quandoque.</span> <span class='ocrx_word' id='word_1_150' title='bbox 3095 1049 3210 1104; x_wconf 90' lang='lat' dir='ltr'>Nec</span> <span class='ocrx_word' id='word_1_151' title='bbox 3252 1054 3442 1105; x_wconf 89' lang='lat' dir='ltr'>tamen</span> <span class='ocrx_word' id='word_1_152' title='bbox 3476 1051 3687 1106; x_wconf 80' lang='lat' dir='ltr'>deﬁciet</span> <span class='ocrx_word' id='word_1_153' title='bbox 3712 1052 3814 1107; x_wconf 72' lang='lat' dir='ltr'>hinc</span> 
     </span>
    </p>
   </div>
   <div class='ocr_carea' id='block_1_18' title="bbox 2213 1138 3812 1208">
    <p class='ocr_par' dir='ltr' id='par_1_18' title="bbox 2213 1138 3812 1208">
     <span class='ocr_line' id='line_1_18' title="bbox 2213 1138 3812 1208; baseline 0.003 -17"><span class='ocrx_word' id='word_1_154' title='bbox 2213 1144 2390 1202; x_wconf 88' lang='lat' dir='ltr'>secta,</span> <span class='ocrx_word' id='word_1_155' title='bbox 2417 1154 2594 1208; x_wconf 84' lang='lat' dir='ltr'>quam</span> <span class='ocrx_word' id='word_1_156' title='bbox 2627 1143 2767 1193; x_wconf 89' lang='lat' dir='ltr'>tunc</span> <span class='ocrx_word' id='word_1_157' title='bbox 2819 1138 3007 1207; x_wconf 86' lang='lat' dir='ltr'>magis</span> <span class='ocrx_word' id='word_1_158' title='bbox 3036 1139 3306 1193; x_wconf 65' lang='lat' dir='ltr'>aediﬁcari</span> <span class='ocrx_word' id='word_1_159' title='bbox 3341 1139 3484 1195; x_wconf 77' lang='lat'>705</span> <span class='ocrx_word' id='word_1_160' title='bbox 3510 1139 3668 1205; x_wconf 83' lang='lat' dir='ltr'>scias,</span> <span class='ocrx_word' id='word_1_161' title='bbox 3698 1157 3812 1195; x_wconf 87' lang='lat' dir='ltr'>cum</span> 
     </span>
    </p>
   </div>
   <div class='ocr_carea' id='block_1_19' title="bbox 2211 1226 3814 1296">
    <p class='ocr_par' dir='ltr' id='par_1_19' title="bbox 2211 1226 3814 1296">
     <span class='ocr_line' id='line_1_19' title="bbox 2211 1226 3814 1296; baseline 0.001 -16"><span class='ocrx_word' id='word_1_162' title='bbox 2211 1226 2351 1280; x_wconf 70' lang='lat' dir='ltr'>caadi</span> <span class='ocrx_word' id='word_1_163' title='bbox 2413 1226 2657 1281; x_wconf 89' lang='lat' dir='ltr'>videtur.</span> <span class='ocrx_word' id='word_1_164' title='bbox 2698 1226 2956 1296; x_wconf 88' lang='lat' dir='ltr'>Quisque</span> <span class='ocrx_word' id='word_1_165' title='bbox 3003 1227 3157 1280; x_wconf 90' lang='lat' dir='ltr'>enim</span> <span class='ocrx_word' id='word_1_166' title='bbox 3212 1232 3433 1280; x_wconf 85' lang='lat' dir='ltr'>tantam</span> <span class='ocrx_word' id='word_1_167' title='bbox 3484 1227 3814 1282; x_wconf 67' lang='lat' dir='ltr'>tolerantiam</span> 
     </span>
    </p>
   </div>
   <div class='ocr_carea' id='block_1_20' title="bbox 2210 1314 3812 1385">
    <p class='ocr_par' dir='ltr' id='par_1_20' title="bbox 2210 1314 3812 1385">
     <span class='ocr_line' id='line_1_20' title="bbox 2210 1314 3812 1385; baseline 0.002 -18"><span class='ocrx_word' id='word_1_168' title='bbox 2210 1319 2482 1384; x_wconf 88' lang='lat' dir='ltr'>spectans</span> <span class='ocrx_word' id='word_1_169' title='bbox 2512 1315 2578 1380; x_wconf 73' lang='grc'>³⁸,</span> <span class='ocrx_word' id='word_1_170' title='bbox 2616 1320 2679 1368; x_wconf 90' lang='lat' dir='ltr'>ut</span> <span class='ocrx_word' id='word_1_171' title='bbox 2707 1314 2904 1385; x_wconf 91' lang='lat' dir='ltr'>aliquo</span> <span class='ocrx_word' id='word_1_172' title='bbox 2949 1314 3226 1385; x_wconf 82' lang='lat' dir='ltr'>scrupulo</span> <span class='ocrx_word' id='word_1_173' title='bbox 3254 1330 3563 1385; x_wconf 88' lang='lat' dir='ltr'>percussus</span> <span class='ocrx_word' id='word_1_174' title='bbox 3595 1316 3726 1371; x_wconf 73' lang='lat'>705</span> <span class='ocrx_word' id='word_1_175' title='bbox 3757 1317 3812 1383; x_wconf 78' lang='grc'>³⁸,</span> 
     </span>
    </p>
   </div>
   <div class='ocr_carea' id='block_1_21' title="bbox 451 1402 3815 1473">
    <p class='ocr_par' dir='ltr' id='par_1_21' title="bbox 451 1402 3815 1473">
     <span class='ocr_line' id='line_1_21' title="bbox 451 1402 3815 1473; baseline 0 -16"><span class='ocrx_word' id='word_1_176' title='bbox 451 1403 546 1471; x_wconf 89' lang='lat' dir='ltr'>rit,</span> <span class='ocrx_word' id='word_1_177' title='bbox 579 1420 712 1458; x_wconf 90' lang='lat' dir='ltr'>cum</span> <span class='ocrx_word' id='word_1_178' title='bbox 742 1404 953 1459; x_wconf 86' lang='lat' dir='ltr'>viderit</span> <span class='ocrx_word' id='word_1_179' title='bbox 984 1402 1100 1457; x_wconf 87' lang='lat' dir='ltr'>illic</span> <span class='ocrx_word' id='word_1_180' title='bbox 1133 1403 1377 1458; x_wconf 86' lang='lat' dir='ltr'>fortasse</span> <span class='ocrx_word' id='word_1_181' title='bbox 1408 1409 1465 1456; x_wconf 84' lang='lat' dir='ltr'>et</span> <span class='ocrx_word' id='word_1_182' title='bbox 1495 1402 1581 1456; x_wconf 91' lang='lat' dir='ltr'>tui</span> <span class='ocrx_word' id='word_1_183' title='bbox 1613 1402 1837 1457; x_wconf 87' lang='lat' dir='ltr'>ordinis</span> <span class='ocrx_word' id='word_1_184' title='bbox 1860 1404 2012 1456; x_wconf 86' lang='lat' dir='ltr'>viros</span> <span class='ocrx_word' id='word_1_185' title='bbox 2042 1404 2103 1456; x_wconf 89' lang='lat' dir='ltr'>et</span> <span class='ocrx_word' id='word_1_186' title='bbox 2206 1408 2262 1457; x_wconf 91' lang='lat' dir='ltr'>et</span> <span class='ocrx_word' id='word_1_187' title='bbox 2290 1402 2585 1473; x_wconf 86' lang='lat' dir='ltr'>inquirere</span> <span class='ocrx_word' id='word_1_188' title='bbox 2638 1403 2997 1465; x_wconf 88' lang='lat' dir='ltr'>accenditur,</span> <span class='ocrx_word' id='word_1_189' title='bbox 3031 1404 3133 1473; x_wconf 91' lang='lat' dir='ltr'>qui</span> <span class='ocrx_word' id='word_1_190' title='bbox 3186 1402 3263 1457; x_wconf 85' lang='lat' dir='ltr'>sit</span> <span class='ocrx_word' id='word_1_191' title='bbox 3322 1403 3379 1456; x_wconf 93' lang='lat' dir='ltr'>in</span> <span class='ocrx_word' id='word_1_192' title='bbox 3413 1419 3607 1469; x_wconf 81' lang='lat' dir='ltr'>causa,</span> <span class='ocrx_word' id='word_1_193' title='bbox 3634 1408 3686 1458; x_wconf 90' lang='lat' dir='ltr'>et</span> <span class='ocrx_word' id='word_1_194' title='bbox 3732 1403 3815 1459; x_wconf 91' lang='lat' dir='ltr'>ubi</span> 
     </span>
    </p>
   </div>
   <div class='ocr_carea' id='block_1_22' title="bbox 451 1490 2098 1563">
    <p class='ocr_par' dir='ltr' id='par_1_22' title="bbox 451 1490 2098 1563">
     <span class='ocr_line' id='line_1_22' title="bbox 451 1490 2098 1563; baseline -0.002 -15"><span class='ocrx_word' id='word_1_195' title='bbox 451 1496 773 1563; x_wconf 82' lang='lat' dir='ltr'>matronas,</span> <span class='ocrx_word' id='word_1_196' title='bbox 832 1496 890 1547; x_wconf 88' lang='lat' dir='ltr'>et</span> <span class='ocrx_word' id='word_1_197' title='bbox 948 1490 1296 1562; x_wconf 89' lang='lat' dir='ltr'>principales</span> <span class='ocrx_word' id='word_1_198' title='bbox 1352 1506 1647 1561; x_wconf 62' lang='lat' dir='ltr'>quasque~</span> <span class='ocrx_word' id='word_1_199' title='bbox 1685 1507 1986 1560; x_wconf 80' lang='lat' dir='ltr'>personas,</span> <span class='ocrx_word' id='word_1_200' title='bbox 2040 1494 2098 1545; x_wconf 89' lang='lat' dir='ltr'>et</span> 
     </span>
    </p>
   </div>
   <div class='ocr_carea' id='block_1_23' title="bbox 447 1578 2097 1651">
    <p class='ocr_par' dir='ltr' id='par_1_23' title="bbox 447 1578 2097 1651">
     <span class='ocr_line' id='line_1_23' title="bbox 447 1578 2097 1651; baseline -0.002 -15"><span class='ocrx_word' id='word_1_201' title='bbox 447 1580 768 1637; x_wconf 88' lang='lat' dir='ltr'>amicorum</span> <span class='ocrx_word' id='word_1_202' title='bbox 824 1586 1063 1636; x_wconf 89' lang='lat' dir='ltr'>tuorum</span> <span class='ocrx_word' id='word_1_203' title='bbox 1124 1579 1213 1635; x_wconf 90' lang='lat' dir='ltr'>vel</span> <span class='ocrx_word' id='word_1_204' title='bbox 1267 1579 1628 1651; x_wconf 87' lang='lat' dir='ltr'>propinquos</span> <span class='ocrx_word' id='word_1_205' title='bbox 1674 1579 1761 1634; x_wconf 88' lang='lat' dir='ltr'>vel</span> <span class='ocrx_word' id='word_1_206' title='bbox 1819 1578 2097 1634; x_wconf 85' lang='lat' dir='ltr'>amicos?</span> 
     </span>
    </p>
   </div>
   <div class='ocr_carea' id='block_1_24' title="bbox 2206 1491 3675 1562">
    <p class='ocr_par' dir='ltr' id='par_1_24' title="bbox 2206 1491 3675 1562">
     <span class='ocr_line' id='line_1_24' title="bbox 2206 1491 3675 1562; baseline -0.001 -17"><span class='ocrx_word' id='word_1_207' title='bbox 2206 1491 2543 1562; x_wconf 84' lang='lat' dir='ltr'>cognoverit</span> <span class='ocrx_word' id='word_1_208' title='bbox 2567 1491 2893 1559; x_wconf 89' lang='lat' dir='ltr'>veritatem,</span> <span class='ocrx_word' id='word_1_209' title='bbox 2925 1496 2983 1546; x_wconf 89' lang='lat' dir='ltr'>et</span> <span class='ocrx_word' id='word_1_210' title='bbox 3013 1492 3138 1562; x_wconf 84' lang='lat' dir='ltr'>ipse</span> <span class='ocrx_word' id='word_1_211' title='bbox 3171 1491 3371 1546; x_wconf 87' lang='lat' dir='ltr'>statim</span> <span class='ocrx_word' id='word_1_212' title='bbox 3404 1492 3675 1562; x_wconf 86' lang='lat' dir='ltr'>sequitur.</span> 
     </span>
    </p>
   </div>
   <div class='ocr_carea' id='block_1_25' title="bbox 1877 1695 2428 1756">
    <p class='ocr_par' dir='ltr' id='par_1_25' title="bbox 1877 1695 2428 1756">
     <span class='ocr_line' id='line_1_25' title="bbox 1877 1695 2428 1756; baseline 0.002 -1"><span class='ocrx_word' id='word_1_213' title='bbox 1877 1696 2079 1756; x_wconf 64' lang='lat' dir='ltr'>Varia!</span> <span class='ocrx_word' id='word_1_214' title='bbox 2109 1695 2428 1756; x_wconf 90' lang='lat' dir='ltr'>lectiones.</span> 
     </span>
    </p>
   </div>
   <div class='ocr_carea' id='block_1_26' title="bbox 516 1801 2403 1876">
    <p class='ocr_par' dir='ltr' id='par_1_26' title="bbox 516 1801 2403 1876">
     <span class='ocr_line' id='line_1_26' title="bbox 516 1801 2403 1876; baseline -0.002 -17"><span class='ocrx_word' id='word_1_215' title='bbox 516 1802 563 1837; x_wconf 82' lang='grc'>³³</span> <span class='ocrx_word' id='word_1_216' title='bbox 610 1803 762 1859; x_wconf 90' lang='lat' dir='ltr'>Tum</span> <span class='ocrx_word' id='word_1_217' title='bbox 792 1802 1043 1860; x_wconf 75' lang='lat' dir='ltr'>Rhenan.</span> <span class='ocrx_word' id='word_1_218' title='bbox 1121 1803 1167 1838; x_wconf 74' lang='grc'>³⁸</span> <span class='ocrx_word' id='word_1_219' title='bbox 1213 1803 1566 1876; x_wconf 84' lang='lat' dir='ltr'>Exspectans</span> <span class='ocrx_word' id='word_1_220' title='bbox 1624 1801 1797 1858; x_wconf 82' lang='lat' dir='ltr'>Rhen.</span> <span class='ocrx_word' id='word_1_221' title='bbox 1830 1802 1874 1837; x_wconf 77' lang='grc'>⁸⁵</span> <span class='ocrx_word' id='word_1_222' title='bbox 1921 1805 1987 1856; x_wconf 88' lang='lat' dir='ltr'>In</span> <span class='ocrx_word' id='word_1_223' title='bbox 2018 1801 2219 1872; x_wconf 68' lang='lat' dir='ltr'>Ehem,</span> <span class='ocrx_word' id='word_1_224' title='bbox 2267 1806 2403 1860; x_wconf 84' lang='lat' dir='ltr'>Jun.</span> 
     </span>
    </p>
   </div>
   <div class='ocr_carea' id='block_1_27' title="bbox 1878 1918 2400 1980">
    <p class='ocr_par' dir='ltr' id='par_1_27' title="bbox 1878 1918 2400 1980">
     <span class='ocr_line' id='line_1_27' title="bbox 1878 1918 2400 1980; baseline -0.002 0"><span class='ocrx_word' id='word_1_225' title='bbox 1878 1918 2400 1980; x_wconf 84' lang='lat' dir='ltr'>Commentarius.</span> 
     </span>
    </p>
   </div>
   <div class='ocr_carea' id='block_1_28' title="bbox 513 2022 2086 2099">
    <p class='ocr_par' dir='ltr' id='par_1_28' title="bbox 513 2022 2086 2098">
     <span class='ocr_line' id='line_1_28' title="bbox 513 2022 2086 2098; baseline 0.001 -17"><span class='ocrx_word' id='word_1_226' title='bbox 513 2026 625 2098; x_wconf 86' lang='grc'>(21)</span> <span class='ocrx_word' id='word_1_227' title='bbox 655 2027 719 2081; x_wconf 86' lang='grc' dir='ltr'><strong>Ὦ</strong></span> <span class='ocrx_word' id='word_1_228' title='bbox 750 2022 947 2096; x_wconf 78' lang='grc' dir='ltr'>διῖΑοι,</span> <span class='ocrx_word' id='word_1_229' title='bbox 975 2048 1028 2083; x_wconf 83' lang='grc' dir='ltr'>κ.</span> <span class='ocrx_word' id='word_1_230' title='bbox 1058 2047 1108 2085; x_wconf 87' lang='grc' dir='ltr'>τ.</span> <span class='ocrx_word' id='word_1_231' title='bbox 1142 2026 1197 2085; x_wconf 90' lang='grc' dir='ltr'>λ.</span> <span class='ocrx_word' id='word_1_232' title='bbox 1232 2028 1341 2085; x_wconf 89' lang='lat' dir='ltr'>hoc</span> <span class='ocrx_word' id='word_1_233' title='bbox 1370 2032 1496 2085; x_wconf 89' lang='lat' dir='ltr'>est:</span> <span class='ocrx_word' id='word_1_234' title='bbox 1531 2050 1559 2079; x_wconf 92' lang='grc'>‹‹</span> <span class='ocrx_word' id='word_1_235' title='bbox 1592 2028 1635 2084; x_wconf 92' lang='lat'>0</span> <span class='ocrx_word' id='word_1_236' title='bbox 1666 2026 1889 2096; x_wconf 89' lang='lat' dir='ltr'>miseri,</span> <span class='ocrx_word' id='word_1_237' title='bbox 1920 2027 1970 2082; x_wconf 92' lang='lat' dir='ltr'>si</span> <span class='ocrx_word' id='word_1_238' title='bbox 2003 2044 2086 2083; x_wconf 88' lang='lat' dir='ltr'>mc</span> 
     </span>
    </p>
   </div>
   <div class='ocr_carea' id='block_1_29' title="bbox 2166 2022 3600 2099">
    <p class='ocr_par' dir='ltr' id='par_1_29' title="bbox 2180 2026 3600 2099">
     <span class='ocr_line' id='line_1_29' title="bbox 2180 2026 3600 2099; baseline 0 -19"><span class='ocrx_word' id='word_1_239' title='bbox 2180 2026 2379 2097; x_wconf 89' lang='lat' dir='ltr'>vultis,</span> <span class='ocrx_word' id='word_1_240' title='bbox 2412 2027 2737 2099; x_wconf 61' lang='lat' dir='ltr'>principitia</span> <span class='ocrx_word' id='word_1_241' title='bbox 2776 2026 3003 2084; x_wconf 89' lang='lat' dir='ltr'>habetis</span> <span class='ocrx_word' id='word_1_242' title='bbox 3024 2032 3082 2084; x_wconf 89' lang='lat' dir='ltr'>et</span> <span class='ocrx_word' id='word_1_243' title='bbox 3109 2026 3370 2099; x_wconf 76' lang='lat' dir='ltr'>laqueos.</span> <span class='ocrx_word' id='word_1_244' title='bbox 3405 2048 3435 2077; x_wconf 84' lang='lat'><em>»</em></span> <span class='ocrx_word' id='word_1_245' title='bbox 3466 2030 3600 2080; x_wconf 84' lang='lat' dir='ltr'>Enn.</span> 
     </span>
    </p>
   </div>
   <div class='ocr_carea' id='block_1_30' title="bbox 1308 2390 2968 2556">
    <p class='ocr_par' dir='ltr' id='par_1_30' title="bbox 1308 2390 2968 2556">
     <span class='ocr_line' id='line_1_30' title="bbox 1308 2390 2968 2556; baseline -0.001 -3"><span class='ocrx_word' id='word_1_246' title='bbox 1308 2390 2968 2556; x_wconf 71' lang='lat' dir='ltr'>DISSERTATIU</span> 
     </span>
    </p>
   </div>
   <div class='ocr_carea' id='block_1_31' title="bbox 661 2633 3599 2745">
    <p class='ocr_par' dir='ltr' id='par_1_31' title="bbox 661 2633 3599 2745">
     <span class='ocr_line' id='line_1_31' title="bbox 661 2633 3599 2745; baseline 0 -26"><span class='ocrx_word' id='word_1_247' title='bbox 661 2634 772 2720; x_wconf 86' lang='lat' dir='ltr'>IN</span> <span class='ocrx_word' id='word_1_248' title='bbox 1026 2636 1328 2723; x_wconf 88' lang='lat' dir='ltr'>SEPT.</span> <span class='ocrx_word' id='word_1_249' title='bbox 1400 2636 1747 2727; x_wconf 79' lang='lat' dir='ltr'>FLOR.</span> <span class='ocrx_word' id='word_1_250' title='bbox 1821 2636 2593 2721; x_wconf 71' lang='lat' dir='ltr'>&#39;l‘EltTULLIANl</span> <span class='ocrx_word' id='word_1_251' title='bbox 2666 2635 3599 2743; x_wconf 75' lang='lat' dir='ltr'>APOLOGETICUM,</span> 
     </span>
    </p>
   </div>
   <div class='ocr_carea' id='block_1_32' title="bbox 1165 2784 3163 2851">
    <p class='ocr_par' dir='ltr' id='par_1_32' title="bbox 1165 2784 3163 2851">
     <span class='ocr_line' id='line_1_32' title="bbox 1165 2784 3163 2851; baseline -0.002 -10"><span class='ocrx_word' id='word_1_252' title='bbox 1165 2786 1349 2843; x_wconf 89' lang='lat' dir='ltr'>DUOS</span> <span class='ocrx_word' id='word_1_253' title='bbox 1386 2786 1479 2842; x_wconf 87' lang='lat' dir='ltr'>AD</span> <span class='ocrx_word' id='word_1_254' title='bbox 1518 2784 1874 2843; x_wconf 84' lang='lat' dir='ltr'>NATIONES</span> <span class='ocrx_word' id='word_1_255' title='bbox 1933 2784 2204 2850; x_wconf 79' lang='lat' dir='ltr'>LIBROS,</span> <span class='ocrx_word' id='word_1_256' title='bbox 2246 2786 2336 2840; x_wconf 83' lang='lat' dir='ltr'>ET</span> <span class='ocrx_word' id='word_1_257' title='bbox 2377 2784 2579 2841; x_wconf 90' lang='lat' dir='ltr'>UNUM</span> <span class='ocrx_word' id='word_1_258' title='bbox 2624 2785 2717 2839; x_wconf 84' lang='lat' dir='ltr'>AD</span> <span class='ocrx_word' id='word_1_259' title='bbox 2758 2784 3163 2851; x_wconf 82' lang='lat' dir='ltr'>SCAPULAM,</span> 
     </span>
    </p>
   </div>
   <div class='ocr_carea' id='block_1_33' title="bbox 1536 2912 2843 2961">
    <p class='ocr_par' dir='ltr' id='par_1_33' title="bbox 1536 2912 2843 2961">
     <span class='ocr_line' id='line_1_33' title="bbox 1536 2912 2843 2961; baseline -0.002 0"><span class='ocrx_word' id='word_1_260' title='bbox 1536 2913 1889 2961; x_wconf 71' lang='lat' dir='ltr'>AUCTOIE</span> <span class='ocrx_word' id='word_1_261' title='bbox 1919 2912 2188 2961; x_wconf 74' lang='lat' dir='ltr'><strong>DOMNO</strong></span> <span class='ocrx_word' id='word_1_262' title='bbox 2220 2912 2370 2960; x_wconf 74' lang='lat' dir='ltr'>NIC.</span> <span class='ocrx_word' id='word_1_263' title='bbox 2406 2913 2502 2960; x_wconf 75' lang='lat' dir='ltr'>LE</span> <span class='ocrx_word' id='word_1_264' title='bbox 2532 2912 2843 2960; x_wconf 70' lang='lat' dir='ltr'>NOUBIIY</span> 
     </span>
    </p>
   </div>
   <div class='ocr_carea' id='block_1_34' title="bbox 820 3048 2086 3090">
    <p class='ocr_par' dir='ltr' id='par_1_34' title="bbox 820 3048 2086 3090">
     <span class='ocr_line' id='line_1_34' title="bbox 820 3048 2086 3090; baseline 0.001 -2"><span class='ocrx_word' id='word_1_265' title='bbox 820 3048 1178 3089; x_wconf 68' lang='lat' dir='ltr'>PRESBYTERO</span> <span class='ocrx_word' id='word_1_266' title='bbox 1214 3051 1283 3089; x_wconf 79' lang='lat' dir='ltr'>ET</span> <span class='ocrx_word' id='word_1_267' title='bbox 1320 3050 1589 3090; x_wconf 79' lang='lat' dir='ltr'>MONACHO</span> <span class='ocrx_word' id='word_1_268' title='bbox 1628 3048 1858 3089; x_wconf 79' lang='lat' dir='ltr'>ORDINIS</span> <span class='ocrx_word' id='word_1_269' title='bbox 1899 3049 2086 3089; x_wconf 78' lang='lat' dir='ltr'>BANCT]</span> 
     </span>
    </p>
   </div>
   <div class='ocr_carea' id='block_1_35' title="bbox 2166 3048 3491 3090">
    <p class='ocr_par' dir='ltr' id='par_1_35' title="bbox 2166 3048 3491 3089">
     <span class='ocr_line' id='line_1_35' title="bbox 2166 3048 3491 3089; baseline 0 -2"><span class='ocrx_word' id='word_1_270' title='bbox 2166 3049 2428 3088; x_wconf 65' lang='grc' dir='ltr'>εκεωσιί</span> <span class='ocrx_word' id='word_1_271' title='bbox 2468 3049 2500 3087; x_wconf 76' lang='grc' dir='ltr'>Ε</span> <span class='ocrx_word' id='word_1_272' title='bbox 2540 3048 3003 3089; x_wconf 77' lang='lat' dir='ltr'>CONGREGATIONE</span> <span class='ocrx_word' id='word_1_273' title='bbox 3040 3048 3238 3089; x_wconf 73' lang='lat' dir='ltr'>SANCTI</span> <span class='ocrx_word' id='word_1_274' title='bbox 3276 3048 3491 3088; x_wconf 76' lang='grc' dir='ltr'>ΜΑυιιι.</span> 
     </span>
    </p>
   </div>
   <div class='ocr_carea' id='block_1_36' title="bbox 988 3300 1550 3370">
    <p class='ocr_par' dir='ltr' id='par_1_36' title="bbox 988 3300 1550 3370">
     <span class='ocr_line' id='line_1_36' title="bbox 988 3300 1550 3370; baseline 0.005 -17"><span class='ocrx_word' id='word_1_275' title='bbox 988 3300 1211 3355; x_wconf 86' lang='lat' dir='ltr'>CAPUT</span> <span class='ocrx_word' id='word_1_276' title='bbox 1241 3300 1550 3370; x_wconf 84' lang='lat' dir='ltr'>PRIMUM,</span> 
     </span>
    </p>
   </div>
   <div class='ocr_carea' id='block_1_37' title="bbox 416 3402 2063 3478">
    <p class='ocr_par' dir='ltr' id='par_1_37' title="bbox 416 3402 2063 3478">
     <span class='ocr_line' id='line_1_37' title="bbox 416 3402 2063 3478; baseline 0.002 -20"><span class='ocrx_word' id='word_1_277' title='bbox 416 3402 676 3476; x_wconf 74' lang='lat' dir='ltr'>Analyu‘:</span> <span class='ocrx_word' id='word_1_278' title='bbox 719 3405 1076 3477; x_wconf 77' lang='lat' dir='ltr'>Apologetici,</span> <span class='ocrx_word' id='word_1_279' title='bbox 1121 3410 1171 3461; x_wconf 81' lang='lat' dir='ltr'>et</span> <span class='ocrx_word' id='word_1_280' title='bbox 1218 3408 1343 3477; x_wconf 76' lang='lat' dir='ltr'>qui:</span> <span class='ocrx_word' id='word_1_281' title='bbox 1372 3408 1445 3467; x_wconf 69' lang='lat' dir='ltr'>sit</span> <span class='ocrx_word' id='word_1_282' title='bbox 1476 3408 1876 3475; x_wconf 77' lang='lat' dir='ltr'>Tertullianus,</span> <span class='ocrx_word' id='word_1_283' title='bbox 1907 3407 2063 3478; x_wconf 71' lang='lat' dir='ltr'>cujus</span> 
     </span>
    </p>
   </div>
   <div class='ocr_carea' id='block_1_38' title="bbox 933 3479 1533 3533">
    <p class='ocr_par' dir='ltr' id='par_1_38' title="bbox 933 3479 1533 3533">
     <span class='ocr_line' id='line_1_38' title="bbox 933 3479 1533 3533; baseline 0.002 -2"><span class='ocrx_word' id='word_1_284' title='bbox 933 3479 1161 3532; x_wconf 77' lang='lat' dir='ltr'>nomine</span> <span class='ocrx_word' id='word_1_285' title='bbox 1191 3479 1533 3533; x_wconf 73' lang='lat' dir='ltr'>inscribitur.</span> 
     </span>
    </p>
   </div>
   <div class='ocr_carea' id='block_1_39' title="bbox 825 3607 1668 3649">
    <p class='ocr_par' dir='ltr' id='par_1_39' title="bbox 825 3607 1668 3649">
     <span class='ocr_line' id='line_1_39' title="bbox 825 3607 1668 3649; baseline 0.001 -3"><span class='ocrx_word' id='word_1_286' title='bbox 825 3607 1274 3647; x_wconf 75' lang='lat' dir='ltr'>ARTICULUS</span> <span class='ocrx_word' id='word_1_287' title='bbox 1341 3608 1668 3649; x_wconf 76' lang='lat' dir='ltr'>PRIMUS.</span> 
     </span>
    </p>
   </div>
   <div class='ocr_carea' id='block_1_40' title="bbox 883 3707 1555 3781">
    <p class='ocr_par' dir='ltr' id='par_1_40' title="bbox 883 3707 1555 3781">
     <span class='ocr_line' id='line_1_40' title="bbox 883 3707 1555 3781; baseline 0.001 -19"><span class='ocrx_word' id='word_1_288' title='bbox 883 3708 1139 3779; x_wconf 80' lang='lat' dir='ltr'>Analysis</span> <span class='ocrx_word' id='word_1_289' title='bbox 1188 3707 1555 3781; x_wconf 79' lang='lat' dir='ltr'>Apologetici.</span> 
     </span>
    </p>
   </div>
   <div class='ocr_carea' id='block_1_41' title="bbox 399 3830 2053 3905">
    <p class='ocr_par' dir='ltr' id='par_1_41' title="bbox 399 3830 2053 3905">
     <span class='ocr_line' id='line_1_41' title="bbox 399 3830 2053 3905; baseline 0.002 -20"><span class='ocrx_word' id='word_1_290' title='bbox 399 3878 403 3885; x_wconf 88' lang='lat'>.</span> <span class='ocrx_word' id='word_1_291' title='bbox 480 3835 623 3886; x_wconf 87' lang='lat' dir='ltr'>Cum</span> <span class='ocrx_word' id='word_1_292' title='bbox 656 3830 1053 3887; x_wconf 88' lang='lat' dir='ltr'>Tertullianus</span> <span class='ocrx_word' id='word_1_293' title='bbox 1087 3848 1199 3886; x_wconf 92' lang='lat' dir='ltr'>non</span> <span class='ocrx_word' id='word_1_294' title='bbox 1234 3848 1446 3905; x_wconf 88' lang='lat' dir='ltr'>magno</span> <span class='ocrx_word' id='word_1_295' title='bbox 1477 3833 1603 3888; x_wconf 89' lang='lat' dir='ltr'>sine</span> <span class='ocrx_word' id='word_1_296' title='bbox 1643 3832 1825 3887; x_wconf 92' lang='lat' dir='ltr'>animi</span> <span class='ocrx_word' id='word_1_297' title='bbox 1856 3833 2053 3889; x_wconf 90' lang='lat' dir='ltr'>dolore</span> 
     </span>
    </p>
   </div>
   <div class='ocr_carea' id='block_1_42' title="bbox 406 3919 2051 3992">
    <p class='ocr_par' dir='ltr' id='par_1_42' title="bbox 406 3919 2051 3992">
     <span class='ocr_line' id='line_1_42' title="bbox 406 3919 2051 3992; baseline 0.001 -18"><span class='ocrx_word' id='word_1_298' title='bbox 406 3923 671 3974; x_wconf 86' lang='lat' dir='ltr'>cerneret</span> <span class='ocrx_word' id='word_1_299' title='bbox 706 3919 1068 3975; x_wconf 89' lang='lat' dir='ltr'>Christianos</span> <span class='ocrx_word' id='word_1_300' title='bbox 1125 3924 1284 3975; x_wconf 81' lang='lat' dir='ltr'>tanta</span> <span class='ocrx_word' id='word_1_301' title='bbox 1340 3921 1649 3992; x_wconf 85' lang='lat' dir='ltr'>iniquitate</span> <span class='ocrx_word' id='word_1_302' title='bbox 1680 3923 1750 3976; x_wconf 91' lang='lat' dir='ltr'>ab</span> <span class='ocrx_word' id='word_1_303' title='bbox 1800 3921 2051 3977; x_wconf 83' lang='lat' dir='ltr'>ethnicis</span> 
     </span>
    </p>
   </div>
   <div class='ocr_carea' id='block_1_43' title="bbox 400 4007 2049 4081">
    <p class='ocr_par' dir='ltr' id='par_1_43' title="bbox 400 4007 2049 4081">
     <span class='ocr_line' id='line_1_43' title="bbox 400 4007 2049 4081; baseline 0.002 -20"><span class='ocrx_word' id='word_1_304' title='bbox 400 4007 597 4062; x_wconf 87' lang='lat' dir='ltr'>vexari</span> <span class='ocrx_word' id='word_1_305' title='bbox 644 4012 703 4061; x_wconf 91' lang='lat' dir='ltr'>et</span> <span class='ocrx_word' id='word_1_306' title='bbox 749 4007 953 4064; x_wconf 86' lang='lat' dir='ltr'>occidi.</span> <span class='ocrx_word' id='word_1_307' title='bbox 987 4012 1052 4062; x_wconf 85' lang='lat' dir='ltr'>ut</span> <span class='ocrx_word' id='word_1_308' title='bbox 1108 4024 1213 4063; x_wconf 82' lang='lat' dir='ltr'>nec</span> <span class='ocrx_word' id='word_1_309' title='bbox 1253 4010 1362 4065; x_wconf 88' lang='lat' dir='ltr'>sibi</span> <span class='ocrx_word' id='word_1_310' title='bbox 1395 4009 1591 4081; x_wconf 89' lang='lat' dir='ltr'>palam</span> <span class='ocrx_word' id='word_1_311' title='bbox 1649 4025 1710 4065; x_wconf 89' lang='lat' dir='ltr'>se</span> <span class='ocrx_word' id='word_1_312' title='bbox 1740 4010 1910 4075; x_wconf 87' lang='lat' dir='ltr'>tueri,</span> <span class='ocrx_word' id='word_1_313' title='bbox 1944 4026 2049 4064; x_wconf 87' lang='lat' dir='ltr'>nec</span> 
     </span>
    </p>
   </div>
   <div class='ocr_carea' id='block_1_44' title="bbox 392 4094 2044 4170">
    <p class='ocr_par' dir='ltr' id='par_1_44' title="bbox 392 4094 2044 4170">
     <span class='ocr_line' id='line_1_44' title="bbox 392 4094 2044 4170; baseline 0.002 -20"><span class='ocrx_word' id='word_1_314' title='bbox 392 4094 694 4165; x_wconf 82' lang='lat' dir='ltr'>judicibus</span> <span class='ocrx_word' id='word_1_315' title='bbox 724 4111 822 4150; x_wconf 87' lang='lat' dir='ltr'>eos</span> <span class='ocrx_word' id='word_1_316' title='bbox 883 4096 1114 4166; x_wconf 92' lang='lat' dir='ltr'>publice</span> <span class='ocrx_word' id='word_1_317' title='bbox 1172 4099 1375 4152; x_wconf 88' lang='lat' dir='ltr'>audire</span> <span class='ocrx_word' id='word_1_318' title='bbox 1422 4098 1638 4163; x_wconf 88' lang='lat' dir='ltr'>liceret,</span> <span class='ocrx_word' id='word_1_319' title='bbox 1672 4100 1743 4153; x_wconf 92' lang='lat' dir='ltr'>ad</span> <span class='ocrx_word' id='word_1_320' title='bbox 1787 4100 2044 4170; x_wconf 86' lang='lat' dir='ltr'>ipsorum</span> 
     </span>
    </p>
   </div>
   <div class='ocr_carea' id='block_1_45' title="bbox 399 4182 2048 4257">
    <p class='ocr_par' dir='ltr' id='par_1_45' title="bbox 399 4182 2048 4257">
     <span class='ocr_line' id='line_1_45' title="bbox 399 4182 2048 4257; baseline 0.002 -19"><span class='ocrx_word' id='word_1_321' title='bbox 399 4200 640 4239; x_wconf 90' lang='lat' dir='ltr'>causam</span> <span class='ocrx_word' id='word_1_322' title='bbox 673 4182 903 4239; x_wconf 91' lang='lat' dir='ltr'>occulta</span> <span class='ocrx_word' id='word_1_323' title='bbox 949 4185 1300 4257; x_wconf 90' lang='lat' dir='ltr'>scriptorum</span> <span class='ocrx_word' id='word_1_324' title='bbox 1332 4187 1384 4240; x_wconf 91' lang='lat' dir='ltr'>vi</span> <span class='ocrx_word' id='word_1_325' title='bbox 1435 4188 1587 4257; x_wconf 81' lang='lat' dir='ltr'>apud</span> <span class='ocrx_word' id='word_1_326' title='bbox 1646 4189 1889 4243; x_wconf 85' lang='lat' dir='ltr'>Romani</span> <span class='ocrx_word' id='word_1_327' title='bbox 1943 4188 2048 4242; x_wconf 89' lang='lat' dir='ltr'>im-</span> 
     </span>
    </p>
   </div>
   <div class='ocr_carea' id='block_1_46' title="bbox 399 4271 2042 4344">
    <p class='ocr_par' dir='ltr' id='par_1_46' title="bbox 399 4271 2042 4344">
     <span class='ocr_line' id='line_1_46' title="bbox 399 4271 2042 4344; baseline 0.001 -17"><span class='ocrx_word' id='word_1_328' title='bbox 399 4271 547 4342; x_wconf 89' lang='lat' dir='ltr'>perii</span> <span class='ocrx_word' id='word_1_329' title='bbox 579 4271 875 4327; x_wconf 88' lang='lat' dir='ltr'>antitistes</span> <span class='ocrx_word' id='word_1_330' title='bbox 925 4274 1210 4343; x_wconf 83' lang='lat' dir='ltr'>agendam</span> <span class='ocrx_word' id='word_1_331' title='bbox 1268 4290 1583 4344; x_wconf 83' lang='lat' dir='ltr'>aggressus</span> <span class='ocrx_word' id='word_1_332' title='bbox 1615 4280 1722 4329; x_wconf 91' lang='lat' dir='ltr'>est.</span> <span class='ocrx_word' id='word_1_333' title='bbox 1780 4278 2042 4330; x_wconf 86' lang='lat' dir='ltr'>Primum</span> 
     </span>
    </p>
   </div>
   <div class='ocr_carea' id='block_1_47' title="bbox 395 4358 2043 4431">
    <p class='ocr_par' dir='ltr' id='par_1_47' title="bbox 395 4358 2043 4431">
     <span class='ocr_line' id='line_1_47' title="bbox 395 4358 2043 4431; baseline 0.002 -16"><span class='ocrx_word' id='word_1_334' title='bbox 395 4358 594 4431; x_wconf 87' lang='lat' dir='ltr'>itaque</span> <span class='ocrx_word' id='word_1_335' title='bbox 638 4360 985 4429; x_wconf 89' lang='lat' dir='ltr'>gravissime</span> <span class='ocrx_word' id='word_1_336' title='bbox 1014 4360 1413 4430; x_wconf 89' lang='lat' dir='ltr'>conqueritur,</span> <span class='ocrx_word' id='word_1_337' title='bbox 1448 4362 1809 4417; x_wconf 89' lang='lat' dir='ltr'>Christianos</span> <span class='ocrx_word' id='word_1_338' title='bbox 1841 4380 2043 4419; x_wconf 91' lang='lat' dir='ltr'>omnes</span> 
     </span>
    </p>
   </div>
   <div class='ocr_carea' id='block_1_48' title="bbox 396 4447 2039 4518">
    <p class='ocr_par' dir='ltr' id='par_1_48' title="bbox 396 4447 2039 4518">
     <span class='ocr_line' id='line_1_48' title="bbox 396 4447 2039 4518; baseline 0.003 -15"><span class='ocrx_word' id='word_1_339' title='bbox 396 4448 470 4503; x_wconf 87' lang='lat' dir='ltr'>ab</span> <span class='ocrx_word' id='word_1_340' title='bbox 517 4448 790 4512; x_wconf 88' lang='lat' dir='ltr'>ethnicis,</span> <span class='ocrx_word' id='word_1_341' title='bbox 824 4447 925 4518; x_wconf 90' lang='lat' dir='ltr'>qui</span> <span class='ocrx_word' id='word_1_342' title='bbox 983 4463 1082 4502; x_wconf 90' lang='lat' dir='ltr'>eos</span> <span class='ocrx_word' id='word_1_343' title='bbox 1114 4464 1217 4503; x_wconf 91' lang='lat' dir='ltr'>nec</span> <span class='ocrx_word' id='word_1_344' title='bbox 1270 4456 1570 4516; x_wconf 88' lang='lat' dir='ltr'>noverant,</span> <span class='ocrx_word' id='word_1_345' title='bbox 1606 4468 1710 4506; x_wconf 88' lang='lat' dir='ltr'>nec</span> <span class='ocrx_word' id='word_1_346' title='bbox 1740 4469 1913 4507; x_wconf 84' lang='lat' dir='ltr'>nosse</span> <span class='ocrx_word' id='word_1_347' title='bbox 1943 4471 2039 4508; x_wconf 91' lang='lat' dir='ltr'>vo-</span> 
     </span>
    </p>
   </div>
   <div class='ocr_carea' id='block_1_49' title="bbox 392 4535 2037 4612">
    <p class='ocr_par' dir='ltr' id='par_1_49' title="bbox 392 4535 2037 4612">
     <span class='ocr_line' id='line_1_49' title="bbox 392 4535 2037 4612; baseline 0.004 -23"><span class='ocrx_word' id='word_1_348' title='bbox 392 4535 612 4601; x_wconf 88' lang='lat' dir='ltr'>lebant,</span> <span class='ocrx_word' id='word_1_349' title='bbox 663 4541 868 4590; x_wconf 91' lang='lat' dir='ltr'>contra</span> <span class='ocrx_word' id='word_1_350' title='bbox 917 4535 1116 4589; x_wconf 90' lang='lat' dir='ltr'>omnia</span> <span class='ocrx_word' id='word_1_351' title='bbox 1165 4537 1459 4608; x_wconf 65' lang='lat' dir='ltr'>aequitatis</span> <span class='ocrx_word' id='word_1_352' title='bbox 1517 4548 1573 4594; x_wconf 91' lang='lat' dir='ltr'>et</span> <span class='ocrx_word' id='word_1_353' title='bbox 1608 4546 1827 4595; x_wconf 68' lang='lat' dir='ltr'>naturae</span> <span class='ocrx_word' id='word_1_354' title='bbox 1879 4542 2037 4612; x_wconf 87' lang='lat' dir='ltr'>jura,</span> 
     </span>
    </p>
   </div>
   <div class='ocr_carea' id='block_1_50' title="bbox 392 4622 2041 4694">
    <p class='ocr_par' dir='ltr' id='par_1_50' title="bbox 392 4622 2041 4694">
     <span class='ocr_line' id='line_1_50' title="bbox 392 4622 2041 4694; baseline 0.004 -15"><span class='ocrx_word' id='word_1_355' title='bbox 392 4623 525 4679; x_wconf 92' lang='lat' dir='ltr'>odio</span> <span class='ocrx_word' id='word_1_356' title='bbox 558 4622 730 4694; x_wconf 89' lang='lat' dir='ltr'>plane</span> <span class='ocrx_word' id='word_1_357' title='bbox 764 4623 1117 4693; x_wconf 87' lang='lat' dir='ltr'>implacabili</span> <span class='ocrx_word' id='word_1_358' title='bbox 1150 4625 1351 4681; x_wconf 86' lang='lat' dir='ltr'>haberi</span> <span class='ocrx_word' id='word_1_359' title='bbox 1383 4631 1441 4682; x_wconf 91' lang='lat' dir='ltr'>et</span> <span class='ocrx_word' id='word_1_360' title='bbox 1479 4629 1900 4684; x_wconf 85' lang='lat' dir='ltr'>excarniﬁcari.</span> <span class='ocrx_word' id='word_1_361' title='bbox 1938 4630 2041 4685; x_wconf 91' lang='lat' dir='ltr'>Pu-</span> 
     </span>
    </p>
   </div>
   <div class='ocr_carea' id='block_1_51' title="bbox 388 4710 2034 4784">
    <p class='ocr_par' dir='ltr' id='par_1_51' title="bbox 388 4710 2034 4784">
     <span class='ocr_line' id='line_1_51' title="bbox 388 4710 2034 4784; baseline 0.004 -18"><span class='ocrx_word' id='word_1_362' title='bbox 388 4711 608 4767; x_wconf 88' lang='lat' dir='ltr'>blicum</span> <span class='ocrx_word' id='word_1_363' title='bbox 639 4712 934 4766; x_wconf 89' lang='lat' dir='ltr'>enimvero</span> <span class='ocrx_word' id='word_1_364' title='bbox 963 4710 1142 4783; x_wconf 89' lang='lat' dir='ltr'>hujus</span> <span class='ocrx_word' id='word_1_365' title='bbox 1166 4714 1510 4784; x_wconf 66' lang='lat' dir='ltr'>ignorantia:</span> <span class='ocrx_word' id='word_1_366' title='bbox 1538 4717 1943 4772; x_wconf 87' lang='lat' dir='ltr'>testimonium</span> <span class='ocrx_word' id='word_1_367' title='bbox 1968 4736 2034 4773; x_wconf 91' lang='lat' dir='ltr'>eo</span> 
     </span>
    </p>
   </div>
   <div class='ocr_carea' id='block_1_52' title="bbox 388 4799 2034 4878">
    <p class='ocr_par' dir='ltr' id='par_1_52' title="bbox 388 4799 2034 4878">
     <span class='ocr_line' id='line_1_52' title="bbox 388 4799 2034 4878; baseline 0.004 -23"><span class='ocrx_word' id='word_1_368' title='bbox 388 4799 579 4869; x_wconf 83' lang='lat' dir='ltr'>magis</span> <span class='ocrx_word' id='word_1_369' title='bbox 608 4799 843 4854; x_wconf 89' lang='lat' dir='ltr'>illorum</span> <span class='ocrx_word' id='word_1_370' title='bbox 871 4802 1401 4871; x_wconf 68' lang='lat' dir='ltr'>praevaricationem</span> <span class='ocrx_word' id='word_1_371' title='bbox 1437 4806 1846 4878; x_wconf 86' lang='lat' dir='ltr'>redarguebat,</span> <span class='ocrx_word' id='word_1_372' title='bbox 1881 4808 2034 4877; x_wconf 88' lang='lat' dir='ltr'>quod</span> 
     </span>
    </p>
   </div>
   <div class='ocr_carea' id='block_1_53' title="bbox 388 4888 2035 4968">
    <p class='ocr_par' dir='ltr' id='par_1_53' title="bbox 388 4888 2035 4968">
     <span class='ocr_line' id='line_1_53' title="bbox 388 4888 2035 4968; baseline 0.005 -26"><span class='ocrx_word' id='word_1_373' title='bbox 388 4888 489 4943; x_wconf 89' lang='lat' dir='ltr'>ubi</span> <span class='ocrx_word' id='word_1_374' title='bbox 521 4888 779 4959; x_wconf 90' lang='lat' dir='ltr'>primum</span> <span class='ocrx_word' id='word_1_375' title='bbox 813 4890 1209 4960; x_wconf 84' lang='lat' dir='ltr'>agnoscebant</span> <span class='ocrx_word' id='word_1_376' title='bbox 1241 4909 1369 4963; x_wconf 61' lang='lat' dir='ltr'>qua;</span> <span class='ocrx_word' id='word_1_377' title='bbox 1418 4897 1475 4947; x_wconf 90' lang='lat' dir='ltr'>et</span> <span class='ocrx_word' id='word_1_378' title='bbox 1505 4894 1693 4964; x_wconf 88' lang='lat' dir='ltr'>qualis</span> <span class='ocrx_word' id='word_1_379' title='bbox 1725 4896 1801 4950; x_wconf 89' lang='lat' dir='ltr'>sit</span> <span class='ocrx_word' id='word_1_380' title='bbox 1832 4896 2035 4968; x_wconf 86' lang='lat' dir='ltr'>religio</span> 
     </span>
    </p>
   </div>
   <div class='ocr_carea' id='block_1_54' title="bbox 386 4975 2031 5052">
    <p class='ocr_par' dir='ltr' id='par_1_54' title="bbox 386 4975 2031 5052">
     <span class='ocr_line' id='line_1_54' title="bbox 386 4975 2031 5052; baseline 0.005 -22"><span class='ocrx_word' id='word_1_381' title='bbox 386 4975 739 5047; x_wconf 87' lang='lat' dir='ltr'>Christiana,</span> <span class='ocrx_word' id='word_1_382' title='bbox 773 4977 972 5033; x_wconf 85' lang='lat' dir='ltr'>statim</span> <span class='ocrx_word' id='word_1_383' title='bbox 1012 4979 1213 5035; x_wconf 90' lang='lat' dir='ltr'>relicto</span> <span class='ocrx_word' id='word_1_384' title='bbox 1268 4980 1546 5037; x_wconf 81' lang='lat' dir='ltr'>falsorum</span> <span class='ocrx_word' id='word_1_385' title='bbox 1580 4985 1819 5039; x_wconf 88' lang='lat' dir='ltr'>deorum</span> <span class='ocrx_word' id='word_1_386' title='bbox 1849 4985 2031 5052; x_wconf 91' lang='lat' dir='ltr'>cultu,</span> 
     </span>
    </p>
   </div>
   <div class='ocr_carea' id='block_1_55' title="bbox 387 5067 2035 5145">
    <p class='ocr_par' dir='ltr' id='par_1_55' title="bbox 387 5067 2035 5145">
     <span class='ocr_line' id='line_1_55' title="bbox 387 5067 2035 5145; baseline 0.006 -26"><span class='ocrx_word' id='word_1_387' title='bbox 387 5079 518 5119; x_wconf 87' lang='lat' dir='ltr'>eam</span> <span class='ocrx_word' id='word_1_388' title='bbox 549 5069 669 5120; x_wconf 91' lang='lat' dir='ltr'>toto</span> <span class='ocrx_word' id='word_1_389' title='bbox 699 5071 989 5122; x_wconf 90' lang='lat' dir='ltr'>terrarum</span> <span class='ocrx_word' id='word_1_390' title='bbox 1025 5067 1082 5120; x_wconf 91' lang='lat' dir='ltr'>in</span> <span class='ocrx_word' id='word_1_391' title='bbox 1128 5069 1267 5122; x_wconf 91' lang='lat' dir='ltr'>orbe</span> <span class='ocrx_word' id='word_1_392' title='bbox 1299 5070 1799 5141; x_wconf 87' lang='lat' dir='ltr'>amplexabantur.</span> <span class='ocrx_word' id='word_1_393' title='bbox 1836 5074 2035 5145; x_wconf 88' lang='lat' dir='ltr'>Neque</span> 
     </span>
    </p>
   </div>
   <div class='ocr_carea' id='block_1_56' title="bbox 387 5152 2034 5217">
    <p class='ocr_par' dir='ltr' id='par_1_56' title="bbox 387 5152 2034 5217">
     <span class='ocr_line' id='line_1_56' title="bbox 387 5152 2034 5217; baseline 0.005 -8"><span class='ocrx_word' id='word_1_394' title='bbox 387 5152 702 5209; x_wconf 89' lang='lat' dir='ltr'>dicendum</span> <span class='ocrx_word' id='word_1_395' title='bbox 735 5158 825 5209; x_wconf 90' lang='lat' dir='ltr'>est</span> <span class='ocrx_word' id='word_1_396' title='bbox 862 5153 995 5208; x_wconf 89' lang='lat' dir='ltr'>illos</span> <span class='ocrx_word' id='word_1_397' title='bbox 1053 5154 1107 5208; x_wconf 90' lang='lat' dir='ltr'>in</span> <span class='ocrx_word' id='word_1_398' title='bbox 1172 5156 1394 5211; x_wconf 89' lang='lat' dir='ltr'>malum</span> <span class='ocrx_word' id='word_1_399' title='bbox 1449 5165 1590 5214; x_wconf 89' lang='lat' dir='ltr'>tunc</span> <span class='ocrx_word' id='word_1_400' title='bbox 1620 5161 1867 5215; x_wconf 88' lang='lat' dir='ltr'>traduci.</span> <span class='ocrx_word' id='word_1_401' title='bbox 1900 5163 2034 5217; x_wconf 85' lang='lat' dir='ltr'>Mali</span> 
     </span>
    </p>
   </div>
   <div class='ocr_carea' id='block_1_57' title="bbox 386 5240 2034 5318">
    <p class='ocr_par' dir='ltr' id='par_1_57' title="bbox 386 5240 2034 5318">
     <span class='ocr_line' id='line_1_57' title="bbox 386 5240 2034 5318; baseline 0.005 -23"><span class='ocrx_word' id='word_1_402' title='bbox 386 5240 678 5312; x_wconf 81' lang='lat' dir='ltr'>siquidem</span> <span class='ocrx_word' id='word_1_403' title='bbox 723 5241 976 5296; x_wconf 89' lang='lat' dir='ltr'>hominis</span> <span class='ocrx_word' id='word_1_404' title='bbox 1029 5241 1145 5296; x_wconf 66' lang='lat' dir='ltr'>base</span> <span class='ocrx_word' id='word_1_405' title='bbox 1201 5247 1290 5297; x_wconf 90' lang='lat' dir='ltr'>est</span> <span class='ocrx_word' id='word_1_406' title='bbox 1320 5245 1599 5307; x_wconf 89' lang='lat' dir='ltr'>conditio,</span> <span class='ocrx_word' id='word_1_407' title='bbox 1632 5251 1695 5300; x_wconf 89' lang='lat' dir='ltr'>ut</span> <span class='ocrx_word' id='word_1_408' title='bbox 1724 5248 1947 5318; x_wconf 89' lang='lat' dir='ltr'>pudore</span> <span class='ocrx_word' id='word_1_409' title='bbox 1977 5254 2034 5303; x_wconf 90' lang='lat' dir='ltr'>et</span> 
     </span>
    </p>
   </div>
   <div class='ocr_carea' id='block_1_58' title="bbox 384 5327 2029 5400">
    <p class='ocr_par' dir='ltr' id='par_1_58' title="bbox 384 5327 2029 5400">
     <span class='ocr_line' id='line_1_58' title="bbox 384 5327 2029 5400; baseline 0.006 -19"><span class='ocrx_word' id='word_1_410' title='bbox 384 5327 593 5383; x_wconf 88' lang='lat' dir='ltr'>timore</span> <span class='ocrx_word' id='word_1_411' title='bbox 651 5328 950 5399; x_wconf 77' lang='lat' dir='ltr'>perfusus,</span> <span class='ocrx_word' id='word_1_412' title='bbox 1011 5327 1266 5385; x_wconf 86' lang='lat' dir='ltr'>latebras</span> <span class='ocrx_word' id='word_1_413' title='bbox 1325 5336 1593 5400; x_wconf 64' lang='lat' dir='ltr'>qureret:</span> <span class='ocrx_word' id='word_1_414' title='bbox 1646 5340 1847 5389; x_wconf 89' lang='lat' dir='ltr'>contra</span> <span class='ocrx_word' id='word_1_415' title='bbox 1899 5353 2029 5391; x_wconf 90' lang='lat' dir='ltr'>vero</span> 
     </span>
    </p>
   </div>
   <div class='ocr_carea' id='block_1_59' title="bbox 382 5416 2028 5491">
    <p class='ocr_par' dir='ltr' id='par_1_59' title="bbox 382 5416 2028 5491">
     <span class='ocr_line' id='line_1_59' title="bbox 382 5416 2028 5491; baseline 0.005 -21"><span class='ocrx_word' id='word_1_416' title='bbox 382 5416 768 5482; x_wconf 89' lang='lat' dir='ltr'>Christianus,</span> <span class='ocrx_word' id='word_1_417' title='bbox 801 5416 910 5469; x_wconf 87' lang='lat' dir='ltr'>etsi</span> <span class='ocrx_word' id='word_1_418' title='bbox 951 5417 1265 5472; x_wconf 89' lang='lat' dir='ltr'>damnatus</span> <span class='ocrx_word' id='word_1_419' title='bbox 1297 5435 1361 5472; x_wconf 89' lang='lat' dir='ltr'>ac</span> <span class='ocrx_word' id='word_1_420' title='bbox 1412 5422 1675 5491; x_wconf 82' lang='lat' dir='ltr'>quolibet</span> <span class='ocrx_word' id='word_1_421' title='bbox 1703 5428 2028 5479; x_wconf 70' lang='lat' dir='ltr'>tormento-</span> 
     </span>
    </p>
   </div>
   <div class='ocr_carea' id='block_1_60' title="bbox 382 5504 2027 5586">
    <p class='ocr_par' dir='ltr' id='par_1_60' title="bbox 382 5504 2027 5586">
     <span class='ocr_line' id='line_1_60' title="bbox 382 5504 2027 5586; baseline 0.005 -26"><span class='ocrx_word' id='word_1_422' title='bbox 382 5522 514 5561; x_wconf 89' lang='lat' dir='ltr'>rum</span> <span class='ocrx_word' id='word_1_423' title='bbox 546 5519 755 5575; x_wconf 86' lang='lat' dir='ltr'>genere</span> <span class='ocrx_word' id='word_1_424' title='bbox 804 5504 1191 5573; x_wconf 86' lang='lat' dir='ltr'>excruciatus,</span> <span class='ocrx_word' id='word_1_425' title='bbox 1226 5507 1295 5561; x_wconf 89' lang='lat' dir='ltr'>de</span> <span class='ocrx_word' id='word_1_426' title='bbox 1344 5524 1451 5563; x_wconf 90' lang='lat' dir='ltr'>sua</span> <span class='ocrx_word' id='word_1_427' title='bbox 1502 5511 1865 5581; x_wconf 81' lang='lat' dir='ltr'>professione</span> <span class='ocrx_word' id='word_1_428' title='bbox 1904 5514 2027 5586; x_wconf 90' lang='lat' dir='ltr'>glo-</span> 
     </span>
    </p>
   </div>
   <div class='ocr_carea' id='block_1_61' title="bbox 381 5591 1459 5667">
    <p class='ocr_par' dir='ltr' id='par_1_61' title="bbox 381 5591 1459 5667">
     <span class='ocr_line' id='line_1_61' title="bbox 381 5591 1459 5667; baseline 0.002 -18"><span class='ocrx_word' id='word_1_429' title='bbox 381 5592 586 5661; x_wconf 87' lang='lat' dir='ltr'>riatur,</span> <span class='ocrx_word' id='word_1_430' title='bbox 619 5592 791 5665; x_wconf 81' lang='lat' dir='ltr'>gestit</span> <span class='ocrx_word' id='word_1_431' title='bbox 821 5595 878 5647; x_wconf 89' lang='lat' dir='ltr'>et</span> <span class='ocrx_word' id='word_1_432' title='bbox 908 5591 1163 5649; x_wconf 79' lang='lat' dir='ltr'>exsultat</span> <span class='ocrx_word' id='word_1_433' title='bbox 1202 5598 1349 5667; x_wconf 81' lang='lat' dir='ltr'>(cap.</span> <span class='ocrx_word' id='word_1_434' title='bbox 1388 5597 1459 5667; x_wconf 86' lang='grc'>1).</span> 
     </span>
    </p>
   </div>
   <div class='ocr_carea' id='block_1_62' title="bbox 2068 4677 2111 4743">
    <p class='ocr_par' dir='ltr' id='par_1_62' title="bbox 2068 4677 2111 4743">
     <span class='ocr_line' id='line_1_62' title="bbox 2068 4677 2111 4743; baseline 0 0"><span class='ocrx_word' id='word_1_435' title='bbox 2068 4677 2111 4743; x_wconf 92' lang='lat' dir='ltr'><strong>C</strong></span> 
     </span>
    </p>
   </div>
   <div class='ocr_carea' id='block_1_63' title="bbox 2096 3296 3805 3370">
    <p class='ocr_par' dir='ltr' id='par_1_63' title="bbox 2096 3296 3805 3370">
     <span class='ocr_line' id='line_1_63' title="bbox 2096 3296 3805 3370; baseline -0.005 -15"><span class='ocrx_word' id='word_1_436' title='bbox 2096 3304 2141 3368; x_wconf 87' lang='grc' dir='ltr'><strong>Β</strong></span> <span class='ocrx_word' id='word_1_437' title='bbox 2249 3298 2463 3355; x_wconf 90' lang='lat' dir='ltr'>Deinde</span> <span class='ocrx_word' id='word_1_438' title='bbox 2514 3313 2648 3353; x_wconf 83' lang='lat' dir='ltr'>vero</span> <span class='ocrx_word' id='word_1_439' title='bbox 2709 3298 2756 3354; x_wconf 88' lang='lat' dir='ltr'>si</span> <span class='ocrx_word' id='word_1_440' title='bbox 2817 3297 3187 3353; x_wconf 88' lang='lat' dir='ltr'>Christianus</span> <span class='ocrx_word' id='word_1_441' title='bbox 3242 3297 3576 3370; x_wconf 89' lang='lat' dir='ltr'>sacrilegii,</span> <span class='ocrx_word' id='word_1_442' title='bbox 3630 3296 3805 3350; x_wconf 88' lang='lat' dir='ltr'>incest</span> 
     </span>
    </p>
   </div>
   <div class='ocr_carea' id='block_1_64' title="bbox 2175 3380 3811 3456">
    <p class='ocr_par' dir='ltr' id='par_1_64' title="bbox 2175 3380 3811 3456">
     <span class='ocr_line' id='line_1_64' title="bbox 2175 3380 3811 3456; baseline -0.003 -15"><span class='ocrx_word' id='word_1_443' title='bbox 2175 3385 2500 3454; x_wconf 85' lang='lat' dir='ltr'>homicidii,</span> <span class='ocrx_word' id='word_1_444' title='bbox 2559 3385 2644 3441; x_wconf 84' lang='lat' dir='ltr'>vel</span> <span class='ocrx_word' id='word_1_445' title='bbox 2704 3385 2943 3441; x_wconf 83' lang='lat' dir='ltr'>alterius</span> <span class='ocrx_word' id='word_1_446' title='bbox 3023 3384 3338 3456; x_wconf 83' lang='lat' dir='ltr'>cujuslibet</span> <span class='ocrx_word' id='word_1_447' title='bbox 3398 3386 3683 3449; x_wconf 87' lang='lat' dir='ltr'>criminis,</span> <span class='ocrx_word' id='word_1_448' title='bbox 3737 3380 3811 3436; x_wconf 85' lang='lat' dir='ltr'>uti</span> 
     </span>
    </p>
   </div>
   <div class='ocr_carea' id='block_1_65' title="bbox 2177 3472 3816 3547">
    <p class='ocr_par' dir='ltr' id='par_1_65' title="bbox 2177 3472 3816 3547">
     <span class='ocr_line' id='line_1_65' title="bbox 2177 3472 3816 3547; baseline -0.004 -17"><span class='ocrx_word' id='word_1_449' title='bbox 2177 3474 2515 3547; x_wconf 88' lang='lat' dir='ltr'>garriebant</span> <span class='ocrx_word' id='word_1_450' title='bbox 2559 3475 2829 3547; x_wconf 87' lang='lat' dir='ltr'>gentiles,</span> <span class='ocrx_word' id='word_1_451' title='bbox 2888 3492 3022 3530; x_wconf 88' lang='lat' dir='ltr'>reus</span> <span class='ocrx_word' id='word_1_452' title='bbox 3079 3475 3175 3542; x_wconf 89' lang='lat' dir='ltr'>sit,</span> <span class='ocrx_word' id='word_1_453' title='bbox 3235 3491 3340 3530; x_wconf 89' lang='lat' dir='ltr'>cur</span> <span class='ocrx_word' id='word_1_454' title='bbox 3371 3475 3447 3530; x_wconf 87' lang='lat' dir='ltr'>ab</span> <span class='ocrx_word' id='word_1_455' title='bbox 3486 3472 3604 3530; x_wconf 86' lang='lat' dir='ltr'>illis</span> <span class='ocrx_word' id='word_1_456' title='bbox 3632 3474 3816 3527; x_wconf 89' lang='lat' dir='ltr'>contra</span> 
     </span>
    </p>
   </div>
   <div class='ocr_carea' id='block_1_66' title="bbox 2174 3562 3811 3635">
    <p class='ocr_par' dir='ltr' id='par_1_66' title="bbox 2174 3562 3811 3635">
     <span class='ocr_line' id='line_1_66' title="bbox 2174 3562 3811 3635; baseline -0.004 -16"><span class='ocrx_word' id='word_1_457' title='bbox 2174 3564 2406 3619; x_wconf 90' lang='lat' dir='ltr'>divinas</span> <span class='ocrx_word' id='word_1_458' title='bbox 2437 3564 2852 3635; x_wconf 89' lang='lat' dir='ltr'>humanasque</span> <span class='ocrx_word' id='word_1_459' title='bbox 2902 3563 3082 3635; x_wconf 84' lang='lat' dir='ltr'>leges,</span> <span class='ocrx_word' id='word_1_460' title='bbox 3136 3563 3262 3619; x_wconf 91' lang='lat' dir='ltr'>sine</span> <span class='ocrx_word' id='word_1_461' title='bbox 3294 3563 3418 3619; x_wconf 88' lang='lat' dir='ltr'>ulla</span> <span class='ocrx_word' id='word_1_462' title='bbox 3444 3562 3704 3619; x_wconf 88' lang='lat' dir='ltr'>criminis</span> <span class='ocrx_word' id='word_1_463' title='bbox 3733 3576 3811 3613; x_wconf 87' lang='lat' dir='ltr'>ac-</span> 
     </span>
    </p>
   </div>
   <div class='ocr_carea' id='block_1_67' title="bbox 2169 3651 3811 3723">
    <p class='ocr_par' dir='ltr' id='par_1_67' title="bbox 2169 3651 3811 3723">
     <span class='ocr_line' id='line_1_67' title="bbox 2169 3651 3811 3723; baseline -0.003 -16"><span class='ocrx_word' id='word_1_464' title='bbox 2169 3652 2487 3719; x_wconf 84' lang='lat' dir='ltr'>cusatione,</span> <span class='ocrx_word' id='word_1_465' title='bbox 2521 3653 2646 3708; x_wconf 81' lang='lat' dir='ltr'>sine</span> <span class='ocrx_word' id='word_1_466' title='bbox 2705 3658 2877 3718; x_wconf 86' lang='lat' dir='ltr'>teste,</span> <span class='ocrx_word' id='word_1_467' title='bbox 2934 3652 3060 3707; x_wconf 91' lang='lat' dir='ltr'>sine</span> <span class='ocrx_word' id='word_1_468' title='bbox 3092 3653 3303 3723; x_wconf 66' lang='lat' dir='ltr'>praevio</span> <span class='ocrx_word' id='word_1_469' title='bbox 3338 3651 3525 3707; x_wconf 90' lang='lat' dir='ltr'>ullius</span> <span class='ocrx_word' id='word_1_470' title='bbox 3575 3652 3811 3704; x_wconf 85' lang='lat' dir='ltr'>circum-</span> 
     </span>
    </p>
   </div>
   <div class='ocr_carea' id='block_1_68' title="bbox 2172 3736 3813 3813">
    <p class='ocr_par' dir='ltr' id='par_1_68' title="bbox 2172 3736 3813 3813">
     <span class='ocr_line' id='line_1_68' title="bbox 2172 3736 3813 3813; baseline -0.005 -18"><span class='ocrx_word' id='word_1_471' title='bbox 2172 3741 2426 3810; x_wconf 62' lang='lat' dir='ltr'>stantiae,</span> <span class='ocrx_word' id='word_1_472' title='bbox 2458 3741 2764 3813; x_wconf 88' lang='lat' dir='ltr'>temporis,</span> <span class='ocrx_word' id='word_1_473' title='bbox 2800 3741 3169 3797; x_wconf 84' lang='lat' dir='ltr'>consciorum</span> <span class='ocrx_word' id='word_1_474' title='bbox 3202 3741 3499 3808; x_wconf 86' lang='lat' dir='ltr'>examine,</span> <span class='ocrx_word' id='word_1_475' title='bbox 3527 3740 3625 3795; x_wconf 91' lang='lat' dir='ltr'>sed</span> <span class='ocrx_word' id='word_1_476' title='bbox 3659 3736 3813 3792; x_wconf 71' lang='lat' dir='ltr'>unico</span> 
     </span>
    </p>
   </div>
   <div class='ocr_carea' id='block_1_69' title="bbox 2172 3825 3815 3902">
    <p class='ocr_par' dir='ltr' id='par_1_69' title="bbox 2172 3825 3815 3902">
     <span class='ocr_line' id='line_1_69' title="bbox 2172 3825 3815 3902; baseline -0.006 -17"><span class='ocrx_word' id='word_1_477' title='bbox 2172 3830 2413 3902; x_wconf 91' lang='lat' dir='ltr'>ponitus</span> <span class='ocrx_word' id='word_1_478' title='bbox 2447 3830 2707 3886; x_wconf 90' lang='lat' dir='ltr'>nominis</span> <span class='ocrx_word' id='word_1_479' title='bbox 2731 3830 3071 3902; x_wconf 81' lang='lat' dir='ltr'>praejudicio</span> <span class='ocrx_word' id='word_1_480' title='bbox 3102 3829 3582 3886; x_wconf 80' lang='lat' dir='ltr'>condemnatur?</span> <span class='ocrx_word' id='word_1_481' title='bbox 3616 3825 3815 3883; x_wconf 80' lang='lat' dir='ltr'>Plinius</span> 
     </span>
    </p>
   </div>
   <div class='ocr_carea' id='block_1_70' title="bbox 2167 3917 3815 3991">
    <p class='ocr_par' dir='ltr' id='par_1_70' title="bbox 2167 3917 3815 3991">
     <span class='ocr_line' id='line_1_70' title="bbox 2167 3917 3815 3991; baseline -0.005 -17"><span class='ocrx_word' id='word_1_482' title='bbox 2167 3920 2392 3991; x_wconf 90' lang='lat' dir='ltr'>itaque,</span> <span class='ocrx_word' id='word_1_483' title='bbox 2420 3919 2527 3973; x_wconf 90' lang='lat' dir='ltr'>hac</span> <span class='ocrx_word' id='word_1_484' title='bbox 2564 3919 2854 3990; x_wconf 85' lang='lat' dir='ltr'>injustitia</span> <span class='ocrx_word' id='word_1_485' title='bbox 2881 3923 3199 3991; x_wconf 74' lang='lat' dir='ltr'>permotus,</span> <span class='ocrx_word' id='word_1_486' title='bbox 3227 3919 3552 3988; x_wconf 78' lang='lat' dir='ltr'>Trajanum</span> <span class='ocrx_word' id='word_1_487' title='bbox 3582 3917 3815 3986; x_wconf 77' lang='lat' dir='ltr'>impera-</span> 
     </span>
    </p>
   </div>
   <div class='ocr_carea' id='block_1_71' title="bbox 2160 4000 3806 4078">
    <p class='ocr_par' dir='ltr' id='par_1_71' title="bbox 2160 4000 3806 4078">
     <span class='ocr_line' id='line_1_71' title="bbox 2160 4000 3806 4078; baseline -0.006 -16"><span class='ocrx_word' id='word_1_488' title='bbox 2160 4018 2353 4062; x_wconf 84' lang='lat' dir='ltr'>torem</span> <span class='ocrx_word' id='word_1_489' title='bbox 2414 4008 2791 4078; x_wconf 84' lang='lat' dir='ltr'>interrogavit</span> <span class='ocrx_word' id='word_1_490' title='bbox 2854 4007 2991 4077; x_wconf 85' lang='lat' dir='ltr'>quid</span> <span class='ocrx_word' id='word_1_491' title='bbox 3051 4008 3122 4061; x_wconf 91' lang='lat' dir='ltr'>de</span> <span class='ocrx_word' id='word_1_492' title='bbox 3169 4006 3542 4071; x_wconf 86' lang='lat' dir='ltr'>Christianis,</span> <span class='ocrx_word' id='word_1_493' title='bbox 3603 4000 3806 4059; x_wconf 80' lang='lat' dir='ltr'>nullius</span> 
     </span>
    </p>
   </div>
   <div class='ocr_carea' id='block_1_72' title="bbox 2161 4090 3804 4168">
    <p class='ocr_par' dir='ltr' id='par_1_72' title="bbox 2161 4090 3804 4168">
     <span class='ocr_line' id='line_1_72' title="bbox 2161 4090 3804 4168; baseline -0.006 -16"><span class='ocrx_word' id='word_1_494' title='bbox 2161 4098 2357 4168; x_wconf 72' lang='lat' dir='ltr'>plane,</span> <span class='ocrx_word' id='word_1_495' title='bbox 2418 4101 2626 4168; x_wconf 72' lang='lat' dir='ltr'>praeter</span> <span class='ocrx_word' id='word_1_496' title='bbox 2685 4096 3036 4150; x_wconf 87' lang='lat' dir='ltr'>obstinatam</span> <span class='ocrx_word' id='word_1_497' title='bbox 3100 4096 3157 4149; x_wconf 92' lang='lat' dir='ltr'>in</span> <span class='ocrx_word' id='word_1_498' title='bbox 3188 4094 3288 4150; x_wconf 91' lang='lat' dir='ltr'>Dei</span> <span class='ocrx_word' id='word_1_499' title='bbox 3320 4101 3379 4150; x_wconf 90' lang='lat' dir='ltr'>et</span> <span class='ocrx_word' id='word_1_500' title='bbox 3410 4094 3626 4151; x_wconf 87' lang='lat' dir='ltr'>Christi</span> <span class='ocrx_word' id='word_1_501' title='bbox 3660 4090 3804 4147; x_wconf 88' lang='lat' dir='ltr'>cultu</span> 
     </span>
    </p>
   </div>
   <div class='ocr_carea' id='block_1_73' title="bbox 2158 4178 3801 4257">
    <p class='ocr_par' dir='ltr' id='par_1_73' title="bbox 2158 4178 3801 4257">
     <span class='ocr_line' id='line_1_73' title="bbox 2158 4178 3801 4257; baseline -0.005 -17"><span class='ocrx_word' id='word_1_502' title='bbox 2158 4202 2381 4257; x_wconf 87' lang='lat' dir='ltr'>suaque</span> <span class='ocrx_word' id='word_1_503' title='bbox 2412 4184 2723 4255; x_wconf 89' lang='lat' dir='ltr'>disciplina</span> <span class='ocrx_word' id='word_1_504' title='bbox 2758 4184 3167 4255; x_wconf 86' lang='lat' dir='ltr'>perseverandi</span> <span class='ocrx_word' id='word_1_505' title='bbox 3200 4184 3589 4251; x_wconf 87' lang='lat' dir='ltr'>voluntatem,</span> <span class='ocrx_word' id='word_1_506' title='bbox 3619 4178 3801 4237; x_wconf 85' lang='lat' dir='ltr'>crimi-</span> 
     </span>
    </p>
   </div>
   <div class='ocr_carea' id='block_1_74' title="bbox 2159 4268 3801 4344">
    <p class='ocr_par' dir='ltr' id='par_1_74' title="bbox 2159 4268 3801 4344">
     <span class='ocr_line' id='line_1_74' title="bbox 2159 4268 3801 4344; baseline -0.004 -16"><span class='ocrx_word' id='word_1_507' title='bbox 2159 4274 2253 4329; x_wconf 88' lang='lat' dir='ltr'>nis</span> <span class='ocrx_word' id='word_1_508' title='bbox 2286 4277 2383 4328; x_wconf 87' lang='lat' dir='ltr'>aut</span> <span class='ocrx_word' id='word_1_509' title='bbox 2430 4273 2623 4327; x_wconf 89' lang='lat' dir='ltr'>delicti</span> <span class='ocrx_word' id='word_1_510' title='bbox 2661 4274 2966 4339; x_wconf 87' lang='lat' dir='ltr'>convictis,</span> <span class='ocrx_word' id='word_1_511' title='bbox 2999 4274 3287 4344; x_wconf 78' lang='lat' dir='ltr'>agendum</span> <span class='ocrx_word' id='word_1_512' title='bbox 3320 4279 3501 4329; x_wconf 89' lang='lat' dir='ltr'>esset.</span> <span class='ocrx_word' id='word_1_513' title='bbox 3538 4273 3647 4328; x_wconf 87' lang='lat' dir='ltr'>Sed</span> <span class='ocrx_word' id='word_1_514' title='bbox 3683 4268 3801 4324; x_wconf 90' lang='lat' dir='ltr'>nul-</span> 
     </span>
    </p>
   </div>
   <div class='ocr_carea' id='block_1_75' title="bbox 2150 4360 3797 4434">
    <p class='ocr_par' dir='ltr' id='par_1_75' title="bbox 2150 4360 3797 4434">
     <span class='ocr_line' id='line_1_75' title="bbox 2150 4360 3797 4434; baseline -0.005 -18"><span class='ocrx_word' id='word_1_515' title='bbox 2150 4361 2275 4417; x_wconf 92' lang='lat' dir='ltr'>lum</span> <span class='ocrx_word' id='word_1_516' title='bbox 2307 4362 2466 4416; x_wconf 89' lang='lat' dir='ltr'>aliud</span> <span class='ocrx_word' id='word_1_517' title='bbox 2503 4362 2573 4415; x_wconf 89' lang='lat' dir='ltr'>ab</span> <span class='ocrx_word' id='word_1_518' title='bbox 2609 4360 2707 4416; x_wconf 91' lang='lat' dir='ltr'>illo</span> <span class='ocrx_word' id='word_1_519' title='bbox 2740 4378 3088 4433; x_wconf 88' lang='lat' dir='ltr'>responsum</span> <span class='ocrx_word' id='word_1_520' title='bbox 3131 4362 3375 4434; x_wconf 88' lang='lat' dir='ltr'>accepit,</span> <span class='ocrx_word' id='word_1_521' title='bbox 3415 4362 3535 4417; x_wconf 90' lang='lat' dir='ltr'>nisi</span> <span class='ocrx_word' id='word_1_522' title='bbox 3567 4377 3664 4416; x_wconf 89' lang='lat' dir='ltr'>eos</span> <span class='ocrx_word' id='word_1_523' title='bbox 3694 4373 3797 4412; x_wconf 90' lang='lat' dir='ltr'>non</span> 
     </span>
    </p>
   </div>
   <div class='ocr_carea' id='block_1_76' title="bbox 2153 4444 3800 4522">
    <p class='ocr_par' dir='ltr' id='par_1_76' title="bbox 2153 4444 3800 4522">
     <span class='ocr_line' id='line_1_76' title="bbox 2153 4444 3800 4522; baseline -0.005 -17"><span class='ocrx_word' id='word_1_524' title='bbox 2153 4466 2280 4506; x_wconf 89' lang='lat' dir='ltr'>esse</span> <span class='ocrx_word' id='word_1_525' title='bbox 2338 4450 2747 4521; x_wconf 84' lang='lat' dir='ltr'>inquirendos,</span> <span class='ocrx_word' id='word_1_526' title='bbox 2808 4452 2905 4505; x_wconf 87' lang='lat' dir='ltr'>sed</span> <span class='ocrx_word' id='word_1_527' title='bbox 2972 4450 3200 4506; x_wconf 91' lang='lat' dir='ltr'>oblatos</span> <span class='ocrx_word' id='word_1_528' title='bbox 3251 4452 3566 4522; x_wconf 86' lang='lat' dir='ltr'>judicibus</span> <span class='ocrx_word' id='word_1_529' title='bbox 3621 4444 3800 4521; x_wconf 78' lang='lat' dir='ltr'>puniri</span> 
     </span>
    </p>
   </div>
   <div class='ocr_carea' id='block_1_77' title="bbox 2151 4538 3799 4612">
    <p class='ocr_par' dir='ltr' id='par_1_77' title="bbox 2151 4538 3799 4612">
     <span class='ocr_line' id='line_1_77' title="bbox 2151 4538 3799 4612; baseline -0.002 -18"><span class='ocrx_word' id='word_1_530' title='bbox 2151 4545 2434 4611; x_wconf 87' lang='lat' dir='ltr'>oportere.</span> <span class='ocrx_word' id='word_1_531' title='bbox 2465 4540 2612 4605; x_wconf 91' lang='lat' dir='ltr'>Quid</span> <span class='ocrx_word' id='word_1_532' title='bbox 2646 4544 2867 4609; x_wconf 91' lang='lat' dir='ltr'>autem,</span> <span class='ocrx_word' id='word_1_533' title='bbox 2891 4541 3131 4595; x_wconf 81' lang='lat' dir='ltr'>obsecro</span> <span class='ocrx_word' id='word_1_534' title='bbox 3162 4546 3237 4611; x_wconf 72' lang='lat' dir='ltr'>te,</span> <span class='ocrx_word' id='word_1_535' title='bbox 3268 4541 3539 4612; x_wconf 90' lang='lat' dir='ltr'>iniquius</span> <span class='ocrx_word' id='word_1_536' title='bbox 3567 4556 3634 4595; x_wconf 90' lang='lat' dir='ltr'>ea</span> <span class='ocrx_word' id='word_1_537' title='bbox 3662 4538 3799 4606; x_wconf 84' lang='lat' dir='ltr'>lege,</span> 
     </span>
    </p>
   </div>
   <div class='ocr_carea' id='block_1_78' title="bbox 2151 4622 3805 4699">
    <p class='ocr_par' dir='ltr' id='par_1_78' title="bbox 2151 4622 3805 4699">
     <span class='ocr_line' id='line_1_78' title="bbox 2151 4622 3805 4699; baseline -0.002 -16"><span class='ocrx_word' id='word_1_538' title='bbox 2151 4645 2277 4699; x_wconf 67' lang='lat' dir='ltr'>quae</span> <span class='ocrx_word' id='word_1_539' title='bbox 2308 4628 2695 4693; x_wconf 85' lang='lat' dir='ltr'>Christianos,</span> <span class='ocrx_word' id='word_1_540' title='bbox 2749 4633 2950 4699; x_wconf 84' lang='lat' dir='ltr'>utpote</span> <span class='ocrx_word' id='word_1_541' title='bbox 3012 4629 3377 4697; x_wconf 88' lang='lat' dir='ltr'>innocentes,</span> <span class='ocrx_word' id='word_1_542' title='bbox 3430 4622 3805 4697; x_wconf 85' lang='lat' dir='ltr'>vetatinqui-</span> 
     </span>
    </p>
   </div>
   <div class='ocr_carea' id='block_1_79' title="bbox 2151 4712 3800 4789">
    <p class='ocr_par' dir='ltr' id='par_1_79' title="bbox 2151 4712 3800 4789">
     <span class='ocr_line' id='line_1_79' title="bbox 2151 4712 3800 4789; baseline -0.004 -18"><span class='ocrx_word' id='word_1_543' title='bbox 2151 4716 2217 4784; x_wconf 91' lang='lat' dir='ltr'>ri,</span> <span class='ocrx_word' id='word_1_544' title='bbox 2269 4722 2326 4770; x_wconf 80' lang='lat' dir='ltr'>ct</span> <span class='ocrx_word' id='word_1_545' title='bbox 2408 4721 2685 4786; x_wconf 88' lang='lat' dir='ltr'>tanquam</span> <span class='ocrx_word' id='word_1_546' title='bbox 2750 4722 3024 4773; x_wconf 84' lang='lat' dir='ltr'>nocentes</span> <span class='ocrx_word' id='word_1_547' title='bbox 3101 4718 3486 4773; x_wconf 87' lang='lat' dir='ltr'>condemnari</span> <span class='ocrx_word' id='word_1_548' title='bbox 3544 4712 3800 4789; x_wconf 72' lang='lat' dir='ltr'>praecipit</span> 
     </span>
    </p>
   </div>
   <div class='ocr_carea' id='block_1_80' title="bbox 2150 4806 2438 4877">
    <p class='ocr_par' dir='ltr' id='par_1_80' title="bbox 2150 4806 2438 4877">
     <span class='ocr_line' id='line_1_80' title="bbox 2150 4806 2438 4877; baseline -0.003 -18"><span class='ocrx_word' id='word_1_549' title='bbox 2150 4808 2297 4877; x_wconf 89' lang='lat' dir='ltr'>(cap.</span> <span class='ocrx_word' id='word_1_550' title='bbox 2329 4807 2383 4877; x_wconf 85' lang='lat'>2)</span> <span class='ocrx_word' id='word_1_551' title='bbox 2419 4806 2438 4858; x_wconf 70' lang='grc' dir='ltr'><em>ἒ</em></span> 
     </span>
    </p>
   </div>
   <div class='ocr_carea' id='block_1_81' title="bbox 2215 4894 3801 4967">
    <p class='ocr_par' dir='ltr' id='par_1_81' title="bbox 2215 4894 3801 4967">
     <span class='ocr_line' id='line_1_81' title="bbox 2215 4894 3801 4967; baseline -0.001 -20"><span class='ocrx_word' id='word_1_552' title='bbox 2215 4896 2297 4948; x_wconf 85' lang='lat' dir='ltr'>Ad</span> <span class='ocrx_word' id='word_1_553' title='bbox 2334 4894 2453 4949; x_wconf 73' lang='lat' dir='ltr'>haec</span> <span class='ocrx_word' id='word_1_554' title='bbox 2508 4911 2658 4959; x_wconf 87' lang='lat' dir='ltr'>vero,</span> <span class='ocrx_word' id='word_1_555' title='bbox 2692 4894 2903 4949; x_wconf 90' lang='lat' dir='ltr'>divinis</span> <span class='ocrx_word' id='word_1_556' title='bbox 2954 4895 3351 4967; x_wconf 75' lang='lat' dir='ltr'>humanisque</span> <span class='ocrx_word' id='word_1_557' title='bbox 3407 4894 3642 4965; x_wconf 85' lang='lat' dir='ltr'>legibus</span> <span class='ocrx_word' id='word_1_558' title='bbox 3672 4907 3801 4948; x_wconf 87' lang='lat' dir='ltr'>cau-</span> 
     </span>
    </p>
   </div>
   <div class='ocr_carea' id='block_1_82' title="bbox 2143 4979 3803 5054">
    <p class='ocr_par' dir='ltr' id='par_1_82' title="bbox 2143 4979 3803 5054">
     <span class='ocr_line' id='line_1_82' title="bbox 2143 4979 3803 5054; baseline -0.002 -18"><span class='ocrx_word' id='word_1_559' title='bbox 2143 4988 2268 5037; x_wconf 88' lang='lat' dir='ltr'>tum</span> <span class='ocrx_word' id='word_1_560' title='bbox 2300 4988 2407 5053; x_wconf 91' lang='lat' dir='ltr'>est,</span> <span class='ocrx_word' id='word_1_561' title='bbox 2469 4999 2540 5037; x_wconf 94' lang='lat' dir='ltr'>ne</span> <span class='ocrx_word' id='word_1_562' title='bbox 2592 4982 2770 5038; x_wconf 88' lang='lat' dir='ltr'>ullius</span> <span class='ocrx_word' id='word_1_563' title='bbox 2826 4983 3142 5054; x_wconf 83' lang='lat' dir='ltr'>cujuslibet</span> <span class='ocrx_word' id='word_1_564' title='bbox 3190 4984 3459 5039; x_wconf 86' lang='lat' dir='ltr'>criminis</span> <span class='ocrx_word' id='word_1_565' title='bbox 3521 5000 3658 5038; x_wconf 90' lang='lat' dir='ltr'>reus</span> <span class='ocrx_word' id='word_1_566' title='bbox 3692 4979 3803 5036; x_wconf 86' lang='lat' dir='ltr'>ulla</span> 
     </span>
    </p>
   </div>
   <div class='ocr_carea' id='block_1_83' title="bbox 2144 5070 3797 5143">
    <p class='ocr_par' dir='ltr' id='par_1_83' title="bbox 2144 5070 3797 5143">
     <span class='ocr_line' id='line_1_83' title="bbox 2144 5070 3797 5143; baseline -0.002 -17"><span class='ocrx_word' id='word_1_567' title='bbox 2144 5088 2406 5141; x_wconf 88' lang='lat' dir='ltr'>unquam</span> <span class='ocrx_word' id='word_1_568' title='bbox 2468 5076 2839 5141; x_wconf 90' lang='lat' dir='ltr'>torqueretur</span> <span class='ocrx_word' id='word_1_569' title='bbox 2896 5078 2998 5127; x_wconf 90' lang='lat' dir='ltr'>aut</span> <span class='ocrx_word' id='word_1_570' title='bbox 3045 5089 3235 5143; x_wconf 68' lang='lat' dir='ltr'>paena,</span> <span class='ocrx_word' id='word_1_571' title='bbox 3299 5076 3401 5127; x_wconf 85' lang='lat' dir='ltr'>aut</span> <span class='ocrx_word' id='word_1_572' title='bbox 3454 5070 3797 5143; x_wconf 58' lang='lat' dir='ltr'>quastione,</span> 
     </span>
    </p>
   </div>
   <div class='ocr_carea' id='block_1_84' title="bbox 2143 5157 3796 5215">
    <p class='ocr_par' dir='ltr' id='par_1_84' title="bbox 2143 5157 3796 5215">
     <span class='ocr_line' id='line_1_84' title="bbox 2143 5157 3796 5215; baseline -0.002 -2"><span class='ocrx_word' id='word_1_573' title='bbox 2143 5161 2257 5213; x_wconf 85' lang='lat' dir='ltr'>nisi</span> <span class='ocrx_word' id='word_1_574' title='bbox 2317 5165 2376 5213; x_wconf 90' lang='lat' dir='ltr'>ut</span> <span class='ocrx_word' id='word_1_575' title='bbox 2431 5161 2649 5215; x_wconf 86' lang='lat' dir='ltr'>scelera</span> <span class='ocrx_word' id='word_1_576' title='bbox 2687 5177 2795 5215; x_wconf 87' lang='lat' dir='ltr'>sua</span> <span class='ocrx_word' id='word_1_577' title='bbox 2845 5161 3238 5215; x_wconf 84' lang='lat' dir='ltr'>conﬁteretur.</span> <span class='ocrx_word' id='word_1_578' title='bbox 3296 5165 3365 5215; x_wconf 88' lang='lat' dir='ltr'>At</span> <span class='ocrx_word' id='word_1_579' title='bbox 3412 5157 3739 5215; x_wconf 87' lang='lat' dir='ltr'>Christiani</span> <span class='ocrx_word' id='word_1_580' title='bbox 3769 5172 3796 5210; x_wconf 79' lang='grc' dir='ltr'><strong>θ</strong></span> 
     </span>
    </p>
   </div>
   <div class='ocr_carea' id='block_1_85' title="bbox 2141 5250 3794 5321">
    <p class='ocr_par' dir='ltr' id='par_1_85' title="bbox 2141 5250 3794 5321">
     <span class='ocr_line' id='line_1_85' title="bbox 2141 5250 3794 5321; baseline -0.001 -18"><span class='ocrx_word' id='word_1_581' title='bbox 2141 5250 2433 5304; x_wconf 89' lang='lat' dir='ltr'>contrario</span> <span class='ocrx_word' id='word_1_582' title='bbox 2490 5250 2991 5304; x_wconf 78' lang='lat' dir='ltr'>discruciabantur</span> <span class='ocrx_word' id='word_1_583' title='bbox 3022 5267 3035 5317; x_wconf 90' lang='lat'><strong>;</strong></span> <span class='ocrx_word' id='word_1_584' title='bbox 3071 5254 3135 5304; x_wconf 91' lang='lat' dir='ltr'>ut</span> <span class='ocrx_word' id='word_1_585' title='bbox 3187 5267 3275 5320; x_wconf 91' lang='lat' dir='ltr'>ca,</span> <span class='ocrx_word' id='word_1_586' title='bbox 3335 5266 3596 5321; x_wconf 89' lang='lat' dir='ltr'>quorum</span> <span class='ocrx_word' id='word_1_587' title='bbox 3632 5264 3794 5302; x_wconf 87' lang='lat' dir='ltr'>accu—</span> 
     </span>
    </p>
   </div>
   <div class='ocr_carea' id='block_1_86' title="bbox 2141 5336 3796 5408">
    <p class='ocr_par' dir='ltr' id='par_1_86' title="bbox 2141 5336 3796 5408">
     <span class='ocr_line' id='line_1_86' title="bbox 2141 5336 3796 5408; baseline -0.002 -16"><span class='ocrx_word' id='word_1_588' title='bbox 2141 5338 2256 5392; x_wconf 90' lang='lat' dir='ltr'>sari</span> <span class='ocrx_word' id='word_1_589' title='bbox 2290 5336 2578 5406; x_wconf 91' lang='lat' dir='ltr'>solebant,</span> <span class='ocrx_word' id='word_1_590' title='bbox 2629 5338 2895 5406; x_wconf 83' lang='lat' dir='ltr'>crimina,</span> <span class='ocrx_word' id='word_1_591' title='bbox 2938 5354 3112 5408; x_wconf 85' lang='lat' dir='ltr'>seque</span> <span class='ocrx_word' id='word_1_592' title='bbox 3142 5338 3513 5394; x_wconf 82' lang='lat' dir='ltr'>Christianos</span> <span class='ocrx_word' id='word_1_593' title='bbox 3547 5354 3679 5393; x_wconf 88' lang='lat' dir='ltr'>esse</span> <span class='ocrx_word' id='word_1_594' title='bbox 3710 5350 3796 5388; x_wconf 84' lang='lat' dir='ltr'>ne-</span> 
     </span>
    </p>
   </div>
   <div class='ocr_carea' id='block_1_87' title="bbox 2139 5426 3793 5498">
    <p class='ocr_par' dir='ltr' id='par_1_87' title="bbox 2139 5426 3793 5498">
     <span class='ocr_line' id='line_1_87' title="bbox 2139 5426 3793 5498; baseline -0.001 -19"><span class='ocrx_word' id='word_1_595' title='bbox 2139 5430 2361 5498; x_wconf 83' lang='lat' dir='ltr'>garent.</span> <span class='ocrx_word' id='word_1_596' title='bbox 2399 5426 2476 5479; x_wconf 90' lang='lat' dir='ltr'>De</span> <span class='ocrx_word' id='word_1_597' title='bbox 2508 5426 2630 5481; x_wconf 87' lang='lat' dir='ltr'>solo</span> <span class='ocrx_word' id='word_1_598' title='bbox 2662 5427 2859 5495; x_wconf 79' lang='lat' dir='ltr'>itaque</span> <span class='ocrx_word' id='word_1_599' title='bbox 2880 5427 3344 5483; x_wconf 88' lang='lat' dir='ltr'>Christianorum</span> <span class='ocrx_word' id='word_1_600' title='bbox 3377 5428 3627 5482; x_wconf 87' lang='lat' dir='ltr'>nomine</span> <span class='ocrx_word' id='word_1_601' title='bbox 3652 5442 3793 5496; x_wconf 75' lang='lat' dir='ltr'>prae-</span> 
     </span>
    </p>
   </div>
   <div class='ocr_carea' id='block_1_88' title="bbox 2136 5510 3796 5586">
    <p class='ocr_par' dir='ltr' id='par_1_88' title="bbox 2136 5510 3796 5586">
     <span class='ocr_line' id='line_1_88' title="bbox 2136 5510 3796 5586; baseline -0.001 -20"><span class='ocrx_word' id='word_1_602' title='bbox 2136 5513 2282 5567; x_wconf 89' lang='lat' dir='ltr'>lium</span> <span class='ocrx_word' id='word_1_603' title='bbox 2314 5517 2457 5569; x_wconf 90' lang='lat' dir='ltr'>erat.</span> <span class='ocrx_word' id='word_1_604' title='bbox 2491 5514 2561 5569; x_wconf 89' lang='lat' dir='ltr'>Et</span> <span class='ocrx_word' id='word_1_605' title='bbox 2612 5519 2765 5571; x_wconf 89' lang='lat' dir='ltr'>certe</span> <span class='ocrx_word' id='word_1_606' title='bbox 2813 5532 2940 5586; x_wconf 77' lang='lat' dir='ltr'>quae</span> <span class='ocrx_word' id='word_1_607' title='bbox 2992 5532 3025 5570; x_wconf 89' lang='lat' dir='ltr'>a</span> <span class='ocrx_word' id='word_1_608' title='bbox 3073 5515 3377 5586; x_wconf 83' lang='lat' dir='ltr'>judicibus</span> <span class='ocrx_word' id='word_1_609' title='bbox 3443 5515 3521 5569; x_wconf 90' lang='lat' dir='ltr'>de</span> <span class='ocrx_word' id='word_1_610' title='bbox 3580 5510 3796 5568; x_wconf 86' lang='lat' dir='ltr'>tabella</span> 
     </span>
    </p>
   </div>
   <div class='ocr_carea' id='block_1_89' title="bbox 2136 5600 3788 5675">
    <p class='ocr_par' dir='ltr' id='par_1_89' title="bbox 2136 5600 3788 5675">
     <span class='ocr_line' id='line_1_89' title="bbox 2136 5600 3788 5675; baseline -0.001 -17"><span class='ocrx_word' id='word_1_611' title='bbox 2136 5602 2413 5658; x_wconf 85' lang='lat' dir='ltr'>adversus</span> <span class='ocrx_word' id='word_1_612' title='bbox 2471 5616 2570 5657; x_wconf 80' lang='lat' dir='ltr'>eos</span> <span class='ocrx_word' id='word_1_613' title='bbox 2619 5604 3113 5675; x_wconf 88' lang='lat' dir='ltr'>pronuntiabatur</span> <span class='ocrx_word' id='word_1_614' title='bbox 3169 5602 3505 5670; x_wconf 86' lang='lat' dir='ltr'>sententia,</span> <span class='ocrx_word' id='word_1_615' title='bbox 3569 5600 3788 5658; x_wconf 77' lang='lat' dir='ltr'>omisso</span> 
     </span>
    </p>
   </div>
  </div>
