4106 6178
246 309 358 371 785

967 309 1043 368 ΙΝ
1090 309 1698 371 APOLOGETICUM
1751 310 1821 367 D.
1873 311 1965 368 LE
2015 310 2342 371 NOURRY
2393 312 2926 372 DlSSEHTATIO.

3532 312 3647 372 786

249 441 508 511 cujusvis
568 440 829 494 criminis
876 441 1086 511 elogio,
1135 440 1462 495 nihilaliud
1497 443 1716 495 ferebat
1779 441 1890 494 nisi
1925 444 1970 505 Α
2004 441 2177 512 siani,
2208 444 2284 497 Pii
2328 449 2384 498 et
2414 445 2544 498 Veri
2599 444 2709 507 lex,
2757 443 3103 514 nullumque
3151 444 3470 498 decretum.
3531 442 3644 497 Soli

248 533 589 589 Christianos
622 529 910 584 damnari.
943 533 1013 583 At
1043 530 1259 584 ethnici
1298 537 1419 585 tum
1454 531 1512 584 in
1548 530 1892 586 sacratiores

245 619 403 687 leges
431 636 498 673 eo
532 619 765 686 gravius
793 620 1128 688 peccabant,
1165 637 1279 689 quo
1331 620 1895 690 saepiusfatebantur

246 714 440 763 castos
473 712 828 777 sanctosque
851 723 977 762 esse
1011 724 1201 762 mores
1250 709 1739 777 Christianorum,
1771 726 1896 764 eos-

255 813 366 868 que
401 796 500 866 qui
535 813 602 851 ex
636 797 757 850 suis
805 796 1122 867 gentilibus
1157 797 1649 852 Christiantetidei
1681 815 1892 852 nomen

249 888 494 949 dabant,
532 885 656 939 fieri
707 901 937 957 semper
985 885 1272 940 meliores.
1335 889 1724 940 Veruntamen
1779 903 1892 939 non

253 973 468 1028 minori
503 973 844 1029 crudelitate
875 974 931 1028 in
964 975 1070 1029 hos
1124 974 1466 1046 neOphytos,
1490 991 1665 1045 quam
1700 976 1756 1028 in
1785 991 1893 1029 ca:-

248 1067 410 1118 teros
444 1078 669 1124 omnes,
709 1063 779 1116 ob
843 1069 1213 1134 assumptum
1248 1063 1647 1118 Christianum
1683 1080 1895 1118 nomen

250 1151 594 1206 saviebant.

324 1243 388 1294 At
425 1240 617 1305 nobis,
669 1240 1011 1310 inquiebant
1052 1241 1290 1308 ethnici,
1330 1240 1600 1313 displicet
1644 1238 1900 1295 auctoris

260 1344 466 1383 eorum
498 1345 731 1383 nomen.
766 1328 911 1391 Quid
945 1346 1105 1400 ergo,
1130 1331 1441 1401 respondet
1482 1328 1897 1396 Tertullianus,

252 1417 448 1470 odiosi
479 1418 721 1471 subesse
753 1422 942 1487 potest
973 1418 1027 1471 in
1061 1418 1274 1474 Christi
1311 1418 1591 1472 nomine?
1612 1418 1813 1471 Nonne
1834 1434 1901 1470 ex

252 1506 554 1561 suavitate
582 1505 674 1560 vel
705 1506 1062 1576 benignitate
1087 1509 1326 1561 ductum
1362 1508 1494 1562 est?
1544 1507 1687 1572 Quid
1722 1506 1897 1560 etiam

247 1594 308 1648 in
337 1595 440 1648 illo
477 1595 667 1665 magis
699 1595 830 1649 odio
857 1596 1121 1667 dignum,
1164 1612 1338 1666 quam
1388 1596 1446 1650 in
1482 1596 1607 1666 ipso
1640 1594 1900 1665 philoso-

256 1682 543 1754 phorum,
583 1683 970 1748 medicorum,
1011 1699 1328 1752 coquorum
1381 1684 1638 1749 nomine,
1712 1688 1900 1736 trans-

2004 530 2202 601 itaque
2232 533 2494 603 pessimi,
2529 533 2899 603 nequissimi,
2932 549 2996 586 ac
3018 532 3354 604 impiissimi
3394 532 3647 604 impera-

2005 621 2237 674 toresin
2271 639 2368 676 eos
2400 623 2708 676 srevierunt
2744 622 2889 692 (cap.
2917 621 2992 692 5).

2074 709 2216 763 Tum
2251 710 2462 764 dehinc
2493 709 2908 780 Tertullianns,
2943 711 3277 764 utethnieis
3312 725 3547 764 omnem
3579 725 3645 763 ex

2005 801 2293 869 majorum
2321 799 2609 854 institutis
2642 799 2943 870 aclegibus
2975 801 3167 872 inepte
3192 800 3460 871 litigandi
3490 801 3644 854 viam

2006 889 2343 961 praecludat,
2382 889 2569 959 palam
2615 889 2855 943 cuilibet
2891 889 3050 943 brevi
3103 889 3440 944 inductione
3488 887 3646 956 facit,

2006 977 2418 1050 pessumdatas
2455 978 2525 1032 ab
2576 977 2691 1031 illis
2741 978 2922 1032 fuisse
2976 979 3045 1032 de
3086 982 3355 1049 sumptu,
3395 976 3640 1046 ambitu,

2004 1067 2122 1122 vini
2150 1066 2522 1133 abstinentia,
2561 1065 2806 1120 divortio
2862 1082 2926 1120 ac
2958 1065 3120 1120 cultu
3167 1067 3408 1122 deorum
3457 1065 3638 1135 leges,

2008 1158 2348 1225 statutaque
2406 1154 2744 1209 sacratiora.
2805 1156 3051 1209 Romani
3108 1154 3325 1226 quippe
3380 1153 3650 1210 consules

2010 1245 2284 1298 Liberum
2321 1259 2451 1296 eum
2484 1242 2609 1297 suis
2661 1242 2956 1313 mysteriis
2998 1242 3180 1296 Roma
3202 1246 3377 1314 atque
3407 1259 3476 1298 ex
3529 1246 3652 1297 tota

2010 1332 2196 1392 Italia,
2222 1332 2717 1401 quemadmodum
2772 1331 2900 1386 Piso
2964 1335 3020 1386 et
3079 1332 3383 1398 Gabinius,
3450 1331 3651 1386 itidem

2011 1421 2303 1486 consules;
2339 1421 2698 1489 Serapidem,
2727 1420 2971 1484 Isidum,
3004 1425 3062 1475 et
3110 1420 3546 1491 Harpocratem,
3587 1435 3656 1474 ex

2009 1509 2290 1581 Capitolio
2325 1510 2686 1578 deorumque
2716 1510 2879 1563 curia
2931 1510 3252 1579 ejecerunt,
3283 1510 3380 1579 qui
3447 1507 3651 1579 postli-

2013 1600 2196 1653 minio
2229 1599 2511 1652 duntaxat
2540 1615 2572 1652 a
2605 1598 2881 1652 Romanis
2915 1603 3054 1652 sunt
3085 1598 3359 1653 restituti.
3397 1598 3655 1668 Denique

2013 1688 2226 1742 ethnici
2262 1703 2466 1741 omnes
2500 1687 2770 1740 nuntium
2808 1687 3071 1741 moribus
3107 1704 3455 1758 proavorum
3512 1703 3650 1741 suo-

246 1773 437 1827 misso
501 1774 571 1827 ab
619 1773 953 1827 auctoribus
1007 1774 1151 1838 suis,
1207 1780 1262 1828 et
1320 1775 1390 1828 ab
1426 1773 1573 1841 faliis
1623 1777 1856 1842 accepto
1882 1775 1903 1826 Ρ
1933 1811 1977 1874 Β
2015 1793 2144 1830 rum
2169 1775 2515 1830 remiserant
2548 1774 2774 1843 habitu,
2798 1774 2974 1839 victu,
3006 1774 3326 1840 instructu,
3362 1792 3562 1843 censu,
3597 1779 3654 1830 et

248 1860 491 1918 Nullius
522 1861 772 1931 denique
796 1868 963 1915 secta:
991 1879 1200 1916 nomen
1237 1862 1455 1916 malum
1498 1867 1596 1916 aut
1635 1861 1889 1914 invisum

2007 1863 2136 1933 ipso
2159 1863 2331 1918 etiam
2359 1878 2644 1916 sermone.
2681 1861 3030 1916 Christianis
3064 1863 3245 1933 igitur
3301 1865 3519 1917 frustra
3551 1863 3653 1917 ob-

242 1950 433 2004 videri
462 1951 652 2018 debet,
673 1951 784 2004 nisi
822 1951 980 2021 prius
1011 1952 1144 2021 quid
1183 1951 1238 2005 in
1276 1952 1404 2024 ipsa
1435 1959 1590 2007 secta
1627 1950 1761 2004 mali
1788 1949 1900 2018 sit,
2003 1952 2285 2022 jiciebant
2316 1949 2720 2005 conculcatam
2745 1955 2802 2004 et
2843 1951 3211 2021 profligatam
3237 1955 3497 2006 veterum
3547 1969 3653 2023 pa-

246 2047 411 2096 certo
445 2038 824 2109 dignoscatur
852 2044 908 2094 et
939 2041 1214 2110 probetur
1237 2041 1382 2112 (cap.
1415 2042 1492 2113 3).

322 2145 620 2217 Urgebant
639 2143 856 2200 ethnici
889 2162 949 2200 se
982 2145 1176 2217 legum
1207 2148 1277 2201 ab
1311 2147 1768 2219 imperatoribus
1814 2153 1896 2207 la-

251 2240 460 2288 tarum
493 2235 832 2305 praescripto
865 2235 933 2288 ad
965 2235 1257 2290 vexandos
1290 2236 1693 2310 tollendosque
1738 2242 1895 2295 Chri-

262 2323 493 2377 stianos
520 2322 722 2378 teneri.
758 2323 968 2379 Verum
1016 2341 1255 2395 prorsus
1305 2326 1502 2398 inepta
1537 2335 1645 2394 est,
1707 2329 1900 2401 inquit

254 2411 680 2477 Tertullianus,
719 2411 838 2466 haec
887 2413 1163 2484 exceptio.
1218 2415 1398 2470 Nemo
1447 2416 1602 2471 enim
1639 2416 1755 2473 ulla
1806 2418 1898 2473 in-

243 2504 417 2570 justa
450 2499 742 2570 obligatur
763 2501 906 2572 lege,
940 2518 1066 2572 quae
1094 2509 1196 2556 aut
1225 2504 1444 2558 bonum
1480 2506 1766 2576 prohibet,
1799 2513 1902 2563 aut

253 2589 535 2659 iniquum
571 2588 788 2659 aliquid
838 2591 1103 2662 imperat.
1144 2593 1320 2664 Atqui
1363 2593 1510 2649 tales
1541 2602 1707 2651 erant
1762 2614 1898 2652 san-

252 2677 384 2732 cita:
419 2678 477 2731 in
511 2677 872 2734 Christianos
906 2681 1340 2756 leges._lnﬁcias
1377 2690 1654 2753 praeterea
1682 2687 1899 2741 ethnici

252 2768 340 2821 ire
378 2784 491 2821 non
521 2773 782 2836 poterant
812 2768 1008 2839 plures
1039 2787 1072 2823 a
1101 2770 1245 2839 suis,
1302 2770 1552 2842 aliisque
1605 2773 1901 2844 legislato-

255 2857 450 2923 ribus,
499 2855 770 2910 humanae
816 2856 1143 2913 inﬁrmitati
1211 2860 1497 2925 obnoxiis,
1537 2862 1722 2927 datas,
1776 2880 1903 2934 quas

257 2945 503 3016 quidem
537 2945 677 3015 quia
699 2946 830 3000 visa)
866 2953 1004 3001 sunt
1037 2952 1136 3002 aut
1185 2949 1369 3004 noxiae
1409 2955 1510 3005 aut
1541 2951 1798 3022 inutiles,
1833 2954 1903 3008 ab

251 3035 390 3088 aliis
425 3036 799 3102 postmodum
853 3037 1191 3100 emendatae,
1247 3044 1548 3109 truncatas,
1617 3043 1904 3113 abrogata:

253 3122 556 3177 fuerunt?
587 3123 788 3178 Nonne
838 3127 994 3179 enim
1038 3124 1196 3196 leges
1255 3127 1494 3198 Lycurgi
1545 3147 1578 3183 a
1639 3132 1904 3184 Lacedae-

1096 3179 1128 3196 U
1180 3179 1190 3180 ί
1257 3179 1494 3198 "11"‘0‘
1548 3179 1577 3183 "
1640 3179 1868 3184 —""_"

255 3212 504 3278 muniis,
541 3229 733 3268 nonne
762 3213 919 3285 leges
954 3214 1138 3286 Papia:
1173 3217 1244 3270 de
1270 3217 1664 3287 suscipiendis
1708 3219 1904 3274 liberis
1937 3179 1979 3245 Ο

262 3319 294 3355 a
321 3301 538 3355 Severo
567 3302 914 3371 imperatore
945 3308 1045 3356 aut
1096 3309 1388 3370 correctas,
1440 3311 1543 3360 aut
1591 3307 1906 3378 antiquata:

258 3390 442 3446 sunt?
476 3391 680 3445 Nonne
739 3389 827 3445 lex
865 3392 934 3446 de
967 3393 1356 3448 creditoribus
1406 3394 1462 3448 in
1506 3396 1649 3448 707
1714 3401 1909 3466 partes

255 3479 534 3534 secandis
596 3480 909 3535 immutata
969 3481 1076 3534 fuit
1122 3482 1148 3535 ?
1204 3487 1319 3536 Nec
1384 3483 1596 3537 mirum
1645 3485 1906 3555 quidem.

254 3567 572 3622 Enimvero
605 3584 794 3638 neque
847 3573 1125 3634 vetustas,
1182 3587 1370 3641 neque
1403 3574 1658 3627 auctoris
1717 3573 1908 3643 digni-

253 3662 372 3719 tas,
409 3657 509 3710 scd
543 3656 783 3727 aequitas
815 3657 938 3712 sola
967 3658 1123 3730 leges
1147 3662 1538 3715 commendat.
1570 3661 1746 3716 Nulla
1776 3679 1907 3717 vero

262 3761 532 3814 unquam
559 3745 816 3816 iniquior
841 3747 976 3814 fuit,
1010 3764 1180 3818 quam
1215 3748 1336 3815 illa,
1364 3766 1489 3820 quas
1521 3750 1906 3818 Christianos,

259 3836 335 3888 ob
362 3850 538 3888 suum
576 3835 859 3890 duntaxat
897 3852 1130 3903 nomen,
1158 3853 1260 3892 nec
1292 3839 1491 3892 audita
1521 3855 1719 3905 causa,
1771 3855 1912 3893 con-

259 3923 530 3977 demnari
556 3923 804 3993 jubebat
833 3925 979 3995 (cap.
1015 3925 1088 3996 4).

328 4030 631 4092 Quantum
667 4031 819 4085 enim
854 4049 967 4085 non
1004 4032 1174 4087 modo
1236 4049 1382 4088 nova
1441 4038 1496 4088 et
1537 4033 1775 4104 injuste,
1806 4036 1907 4090 sed

252 4121 433 4174 etiam
467 4119 771 4191 tyrannica
803 4120 903 4186 sit,
938 4121 1072 4176 inde
1095 4121 1492 4177 Tertullianus
1525 4124 1908 4192 demonstrat,

253 4208 396 4278 quia
426 4207 718 4273 Tiberius,
761 4225 876 4280 quo
930 4215 1208 4278 regnante
1250 4209 1647 4265 Christianum
1695 4229 1908 4266 nomen

251 4314 357 4366 per
389 4295 582 4352 varias
606 4297 816 4352 mundi
849 4301 1040 4368 partes
1077 4298 1454 4353 disseminari
1485 4299 1906 4369 ccepit,auditis

255 4384 483 4439 Christi
545 4384 867 4453 miraculis,
930 4403 1064 4441 eum
1133 4387 1376 4442 deorum
1428 4404 1672 4442 numero
1729 4387 1914 4444 voluit

255 4473 499 4528 ascribi.
536 4475 698 4540 Quod
748 4475 984 4546 quidem
1048 4474 1175 4543 etsi,
1234 4477 1500 4531 obstante
1531 4480 1756 4542 senatu,
1793 4494 1908 4532 non

2009 2045 2166 2094 trum
2216 2056 2454 2094 suorum
2504 2039 2930 2104 auctoritatem,
3005 2056 3182 2109 quam
3232 2039 3468 2110 ipsimet
3534 2045 3654 2094 tam

2011 2130 2307 2197 audacter,
2344 2144 2520 2198 quam
2543 2128 2784 2198 impune
2817 2129 3345 2198 pessumdederant
3392 2128 3541 2198 (cap.
3575 2129 3653 2198 6).

2080 2234 2316 2290 Transit
2347 2235 2482 2288 inde
2512 2235 2728 2289 Auctor
2758 2239 2957 2289 noster
3015 2235 3086 2288 ad
3124 2234 3270 2289 falsa
3300 2238 3357 2289 et
3415 2234 3658 2288 mentita

2007 2324 2244 2378 infanda
2292 2322 2753 2377 Christianorum
2809 2322 3075 2392 erimina,
3110 2339 3236 2394 qua:
3282 2321 3520 2392 quidem
3576 2322 3658 2375 ita

2011 2412 2201 2475 diluit,
2239 2417 2302 2466 ut
2333 2412 2492 2483 ipsos
2517 2411 2587 2465 ab
2631 2411 2700 2465 iis
2732 2414 2851 2465 tam
2893 2410 3137 2480 alienos,
3173 2427 3348 2482 quam
3407 2408 3656 2481 gentiles

2007 2501 2242 2556 illorum
2278 2502 2469 2572 reipsa
2491 2518 2616 2556 reos
2636 2518 2763 2556 esse
2789 2501 3226 2556 evidentissime
3268 2502 3652 2556 demonstret.

2010 2591 2272 2646 Primum
2302 2591 2459 2646 enim
2504 2590 3047 2661 Christianialongo
3070 2592 3194 2662 jam
3225 2587 3653 2660 temporeinfa-

2011 2683 2342 2748 mabantur,
2393 2681 2559 2751 quasi
2611 2697 2816 2736 carnes
2862 2679 3035 2735 occisi
3088 2696 3202 2735 ase
3250 2678 3413 2751 pueri
3466 2676 3650 2733 ferino

2013 2786 2173 2824 more
2203 2774 2491 2838 vorarent,
2518 2786 2584 2824 ac
2617 2773 2818 2841 postea
2848 2769 3152 2824 exstinctis
3210 2784 3423 2823 canum
3474 2782 3651 2838 opera

2015 2858 2361 2926 luminibus,
2393 2859 2449 2913 in
2476 2858 2734 2929 quolibet
2756 2863 2961 2930 stupro
2997 2863 3053 2912 et
3076 2858 3302 2912 incestu
3335 2855 3657 2910 foedissime

2014 2947 2437 3002 volutarentur.
2497 2949 2569 3001 At
2626 2951 2779 3002 certe
2830 2947 2975 3000 nihil
3035 2946 3265 3001 facilius
3296 2949 3439 3011 erat,
3477 2958 3652 3014 quam

2014 3036 2377 3091 Christianos
2424 3041 2744 3099 tantorum,
2793 3035 2841 3089 si
2891 3051 3089 3090 revera
3128 3034 3303 3089 abiis
3343 3035 3639 3104 perpetra-

2016 3127 2238 3188 rentur,
2271 3124 2586 3178 criminum
2637 3124 2996 3178 convincere.
3049 3124 3158 3177 Tot
3204 3123 3496 3177 enimvero
3527 3118 3656 3173 illo-

2018 3229 2148 3266 rum
2180 3212 2403 3267 inimici
2438 3218 2494 3268 et
2525 3213 2722 3268 hostes
2747 3228 2978 3284 semper
3011 3212 3415 3279 fuerunt,quot
3441 3207 3650 3272 Judaei,

2017 3305 2159 3371 quot
2208 3301 2446 3369 milites,
2487 3306 2628 3371 quot
2684 3300 3010 3365 domestici,
3066 3303 3208 3372 quot
3255 3314 3400 3370 pene
3451 3311 3656 3352 eorum

2016 3407 2246 3456 uxores,
2281 3390 2394 3445 imo
2426 3395 2482 3444 et
2503 3390 2749 3461 gentiles
2780 3390 3069 3455 homines,
3112 3389 3212 3459 qui
3246 3386 3382 3442 illos
3423 3399 3655 3455 semper

2016 3479 2477 3534 insectabantur.
2507 3479 2718 3534 Nullus
2759 3482 2954 3533 tamen
2995 3495 3062 3533 ex
3093 3477 3176 3532 eis
3208 3481 3371 3531 tanta
3402 3474 3661 3530 facinora

2018 3568 2252 3638 agnovit
2285 3584 2565 3637 unquam,
2605 3567 2909 3638 multoque
2957 3565 3154 3620 minus
3174 3563 3450 3637 prodidit,
3503 3560 3653 3615 708

2014 3655 2104 3712 vel
2135 3656 2338 3710 iisdem
2391 3655 2736 3711 Christianis
2759 3656 2941 3727 pretio
2971 3655 3166 3725 aliquo
3198 3669 3372 3709 suum
3404 3650 3668 3705 vendidit

2016 3743 2333 3798 silentium.
2371 3746 2437 3798 Et
2465 3761 2596 3799 vero
2629 3744 2762 3815 quis
2793 3744 2913 3798 haec
2943 3743 3191 3798 erimina
3236 3741 3595 3814 prodidisset
3626 3738 3654 3791 *ἶ

2016 3832 2138 3888 Non
2171 3833 2482 3887 Christiani
2522 3832 2888 3903 quidem,qui
2917 3848 3027 3886 non
3059 3831 3257 3885 minus
3298 3827 3662 3899 scrupulose,

2018 3938 2196 3992 quam
2229 3922 2474 3993 gentiles
2494 3939 2600 3977 sua
2637 3921 2902 3976 eelabant
2929 3919 3223 3992 mysteria.
3254 3919 3452 3989 Neque
3481 3916 3658 3971 etiam

2018 4011 2253 4079 ethnici,
2291 4010 2391 4081 qui
2423 4012 2494 4066 ab
2534 4012 2872 4065 eorumdem
2907 4008 3367 4064 Chtistianorum
3418 4004 3660 4059 canibus

2018 4102 2256 4172 penitus
2289 4100 2530 4166 exclusi,
2566 4101 2705 4170 quid
2739 4100 2796 4153 in
2831 4099 2914 4154 eis
2949 4101 3239 4169 ageretur,
3274 4096 3421 4151 scire
3453 4091 3657 4166 procul

2020 4189 2196 4244 dubio
2225 4207 2339 4244 non
2396 4193 2682 4260 poterant.
2737 4190 2806 4242 At
2849 4187 2971 4256 isti,
3036 4187 3212 4241 Fama
3292 4183 3662 4255 inquiebant,

2021 4278 2318 4333 communi
2353 4278 2472 4333 haec
2504 4277 2804 4348 divulgata
2830 4275 3106 4331 sunt.Sed
3128 4273 3266 4345 quid
3289 4270 3660 4336 famalevius,

2020 4383 2146 4436 quae
2181 4383 2321 4421 sane
2344 4367 2482 4436 quia
2512 4382 2744 4436 semper
2774 4364 2959 4420 oritur
2980 4363 3064 4417 vel
3098 4361 3336 4430 invidia,
3369 4359 3456 4414 vel
3509 4359 3663 4426 odio,

2022 4460 2124 4510 aut
2151 4455 2507 4527 suspicione,
2542 4454 2809 4509 autalios
2851 4451 3177 4523 decipiendi
3216 4449 3665 4521 voluptate,tan-

257 4538 610 4634 perfecerit;
641 4563 700 4618 in
735 4538 842 4620 sua
879 4568 1072 4620 tamen
1111 4538 1435 4636 permansit
1491 4538 1803 4632 sententia,
1854 4569 1911 4620 et
1939 4542 1985 4604 D
2020 4545 2115 4599 diu
2143 4548 2372 4598 tantum
2409 4547 2764 4614 Persevera“,
2799 4541 3059 4613 quandi“
3093 4539 3376 4594 mentitur
3405 4538 3553 4609 ((⁵⁸1)-
3585 4538 3666 4607 ⁷)·

257 4652 736 4707 Christianorum
764 4654 1207 4710 accusatoribus
1263 4653 1584 4725 periculum
1664 4655 1911 4710 commi-

254 4745 434 4795 natus
470 4745 582 4797 est.
644 4742 725 4797 Ex
768 4743 1216 4799 successoribus
1267 4747 1463 4797 autem
1518 4741 1677 4798 illius
1738 4748 1910 4812 Nero,

258 4830 532 4884 omnium
568 4830 815 4901 primus,
850 4831 961 4886 heu
1005 4848 1182 4902 quam
1218 4831 1436 4902 impius
1476 4831 1914 4898 sceleratusque

255 4920 436 4974 homo
465 4921 474 4974 !
505 4918 828 4975 Caesariano
859 4919 1054 4992 gladio
1112 4921 1389 4975 adversus
1420 4920 1784 4977 Christianos
1833 4922 1913 4976 fe-

258 5008 457 5064 rociit.
484 5008 852 5064 Domitianus
886 5026 1047 5078 vero,
1080 5009 1421 5065 crudelitate
1450 5009 1533 5064 illi
1558 5028 1669 5065 non
1702 5012 1915 5083 impar,

260 5113 402 5152 cum
440 5097 643 5152 eadem
676 5102 978 5163 tentasset,
1009 5114 1146 5152 suos
1177 5099 1290 5153 cito
1325 5098 1604 5169 repressit
1650 5104 1913 5155 conatus.

262 5185 354 5239 Ab
393 5189 646 5256 utroque
678 5187 872 5258 quiem
898 5185 1070 5258 longe
1122 5186 1311 5241 abfuit
1345 5190 1574 5243 Marcus
1624 5188 1914 5256 Aurelius,

261 5275 369 5346 qui
404 5274 874 5331 Christianorum
908 5276 1167 5331 militum
1200 5277 1805 5349 precibusimpetrato
1831 5277 1916 5331 di-

257 5363 494 5419 vinitus
529 5364 737 5434 imbre,
764 5365 948 5436 jussit
979 5366 1037 5420 in
1071 5382 1168 5420 eos
1200 5365 1457 5420 severius
1508 5366 1915 5433 animadverti,

259 5452 364 5522 qui
401 5451 618 5507 Christi
647 5458 965 5511 sectatores
998 5457 1361 5510 accusarent.
1396 5457 1580 5509 Antea
1609 5455 1916 5526 'l‘rajanus,

263 5539 437 5595 nulla
465 5540 586 5612 lege
615 5541 752 5614 lata,
779 5543 1079 5616 prohibuit
1109 5560 1206 5600 eos
1237 5543 1657 5614 inquiriNulla
1691 5559 1921 5614 quoque

263 5629 554 5686 adversus
587 5629 721 5688 illos
751 5636 940 5688 exstat
968 5631 1390 5704 imperatorum
1432 5632 1920 5703 Adriani,Vespa-

2097 4651 2277 4723 Urget
2299 4649 2699 4706 Tertullianus
2730 4653 2849 4704 tam
2901 4645 3207 4702 horribilia
3240 4661 3368 4702 esse
3397 4643 3499 4698 illa
3559 4643 3668 4698 ﬂa-

2023 4741 2187 4813 gitia,
2220 4745 2349 4795 uta
2401 4740 2632 4794 nemine
2677 4739 2831 4794 credi
2887 4752 3145 4808 unquam
3195 4734 3525 4803 debuerint,
3572 4735 3672 4787 aut

2024 4829 2322 4902 potuerint
2394 4828 2700 4884 committi.
2788 4825 3182 4882 Sectatoribus
3258 4824 3474 4896 quippe
3547 4821 3671 4878 suis

2025 4919 2346 4975 Christiani
2383 4922 2662 4973 aeternam
2701 4916 3032 4971 felicitatem
3067 4913 3501 4986 promittebant.
3533 4912 3674 4976 Quis

2025 5014 2222 5063 antem
2255 5007 2311 5060 in
2345 5007 2610 5062 animum
2645 5005 2756 5059 sibi
2787 5005 3046 5074 inducat,
3070 5020 3198 5058 eam
3232 5001 3523 5073 pollicitos
3545 5017 3674 5057 esse

2024 5096 2270 5153 homini.
2314 5097 2413 5167 qui
2447 5095 2730 5149 infantem
2754 5093 3059 5158 occideret,
3084 5108 3295 5164 panem
3347 5091 3674 5146 comederet

2027 5186 2244 5241 recenti
2273 5184 2429 5239 illius
2454 5183 2737 5255 sanguine
2759 5182 3165 5246 intinctum,ac
3199 5183 3401 5252 postea
3421 5180 3672 5235 nefando

2025 5274 2252 5329 incestu
2315 5272 2673 5345 pollueretur
2704 5272 2730 5326 ?
2773 5272 2894 5327 Imo
2953 5287 3084 5325 vero
3129 5269 3351 5324 nemini
3411 5285 3675 5339 unquam

2026 5362 2368 5434 persuaderi
2404 5361 2614 5434 poterit
2661 5363 2781 5416 hac
2805 5361 2874 5415 ab
2906 5358 3159 5429 ethnieo,
3191 5358 3282 5412 cui
3326 5357 3566 5428 pudoris
3622 5361 3679 5412 et

2031 5451 2423 5506 humanitatis
2458 5451 2672 5522 aliquis
2707 5466 2916 5505 sensus
2950 5448 3046 5519 sit,
3079 5447 3344 5519 potuisse
3367 5448 3509 5503 ﬁeri.
3569 5445 3679 5500 Ne-

2033 5555 2147 5612 que
2166 5540 2387 5594 dixeris
2404 5539 2707 5612 religionis
2749 5537 3088 5593 Christianie
3112 5535 3443 5592 candidatis
3466 5534 3681 5589 factam

2035 5629 2108 5685 ab
2148 5628 2284 5686 aliis
2315 5629 2602 5685 fraudem.
2644 5626 2783 5693 Quis
2838 5625 2993 5682 anim
3026 5640 3153 5680 eam
3213 5624 3400 5679 facere
3450 5619 3682 5696 potuit?
