4106 6178
369 422 489 483 787
893 418 1416 481 TERTULLIANI
1461 420 1787 482 OPERUM
1834 418 2027 477 PARS
2073 418 2123 477 l.
2158 449 2233 459 —
2273 413 2542 474 SERIES
2587 412 2634 485 1,
2686 407 3251 471 APOLOGETICA.
3635 405 3743 463 788

371 553 526 610 Num
556 566 857 606 sacrorum
893 554 1187 621 pater,aut
1213 550 1362 607 alius
1394 569 1426 606 a
1455 568 1570 623 quo
1593 547 2015 607 edocebantur?
2042 550 2096 617 Α
2126 546 2238 601 diis
2270 544 2493 600 cultum
2530 558 2768 615 prorsus
2796 541 3166 611 denegarent.
3182 536 3295 591 Nec
3325 534 3597 589 difﬁtetur
3622 535 3749 623 (qui-

373 645 445 697 At
485 656 599 711 quo
629 640 868 694 tandem
901 640 1056 703 dolo,
1090 640 1304 709 quibus
1341 622 1651 712 praestigiis
1683 644 1780 694 eos
1814 639 2018 694 docere
2128 636 2261 689 dem
2293 632 2695 689 Tertullianus
2724 630 2940 701 grande
2975 625 3175 699 procul
3219 623 3392 678 dubio
3440 639 3564 677 esse
3615 622 3750 712 illud

379 710 605 801 poterat
634 728 915 798 quidnam
950 729 1020 782 ab
1056 728 1199 799 ipsis
1240 730 1310 784 ad
1342 710 1705 784 exsecranda
1752 728 1853 782 illa
1911 727 2019 781 cri-
2131 723 2370 787 crimen,
2405 722 2451 777 si
2484 737 2631 792 quos
2661 717 2875 774 ethnici
2899 715 3242 782 adorabant,
3274 712 3352 765 dii
3383 726 3602 801 revera,
3640 710 3755 765 fue-

387 818 545 873 mina
577 818 965 887 perpetranda
995 820 1151 873 esset
1180 818 1470 888 agendum
1502 818 1530 871 ‘I
1563 820 1697 873 Esto
1728 819 2025 883 tamen,et
2135 813 2277 876 rint,
2311 813 2382 865 At
2403 828 2502 866 eos
2538 826 2651 864 non
2686 809 2847 871 deos,
2880 805 2981 860 sed
3016 819 3207 858 meros
3265 800 3530 856 homines
3586 799 3758 888 fuisse

384 906 494 975 fac,
552 903 601 959 si
642 905 810 970 velis,
856 905 975 959 haec
1032 906 1104 960 ab
1134 887 1252 959 illis
1284 906 1465 960 fuisse
1511 906 1828 961 commissa
1868 921 1883 971 ;
1925 919 2028 957 cur
2135 901 2305 956 testis
2331 905 2456 956 erat
2488 900 2879 971 ipsorummct
2909 892 3273 948 ethnicorum
3312 889 3679 945 conscientia.
3707 887 3762 941 Si

390 1011 527 1066 ergo
556 993 629 1048 iis
661 994 897 1048 tandem
954 993 1172 1063 agnitis
1231 997 1287 1048 et
1338 996 1503 1060 actis,
1558 994 1628 1049 de
1661 993 1865 1048 fraude
1914 989 2029 1045 sibi
2139 991 2272 1062 quis
2302 995 2495 1045 tamen
2530 985 2803 1043 reluctari
2829 983 3021 1040 adhuc
3054 983 3286 1050 audeat,
3322 978 3417 1034 ille
3474 976 3764 1066 confestim

386 1083 539 1138 facta
569 1098 873 1152 nunquam
905 1082 1233 1153 conquesti,
1264 1082 1323 1137 in
1355 1083 1571 1137 tradita
1605 1082 1717 1137 sibi
1742 1086 1861 1136 tam
1895 1080 2031 1134 hor-

385 1171 542 1228 ribili
573 1171 835 1226 doctrina
864 1174 984 1225 tam
1033 1175 1372 1226 constanter
1429 1187 1634 1226 omnes
1703 1185 2033 1241 persevera-

385 1259 573 1317 runt?
604 1260 898 1331 Numquid
924 1259 1210 1315 timebant
1239 1276 1310 1314 ne
1331 1275 1397 1314 ea
1423 1260 1839 1331 patefacientes
1870 1256 2035 1329 puni-

391 1349 642 1405 rentur?
672 1349 821 1414 Quin
872 1348 988 1404 imo
1049 1348 1419 1404 ethnicorum
1468 1350 1715 1420 gratiam
1747 1348 1857 1402 sibi
1901 1346 2039 1400 inde

394 1438 903 1494 conciliavissent:
939 1439 1039 1493 sed
1098 1438 1280 1507 perire
1338 1438 1658 1504 malebant,
1719 1454 1886 1510 quam
1940 1435 2039 1490 sub

396 1529 500 1582 tali
529 1528 866 1582 conscientia
886 1528 1083 1583 vivere.
1117 1530 1269 1600 (cap.
1299 1529 1353 1582 8.

470 1634 594 1698 Qua
625 1638 819 1689 autem
837 1633 1112 1689 facilitate
1132 1635 1530 1691 Tertullianus
1575 1634 1933 1690 Christianos
1974 1631 2041 1685 de

400 1723 581 1779 tantis
610 1727 823 1795 purgat
853 1722 1197 1778 criminibus
1230 1725 1432 1779 eadem
1465 1724 1722 1796 profecto
1789 1720 2047 1777 ostendit

403 1811 652 1885 gentiles
684 1814 1022 1867 earumdem
1046 1817 1145 1867 aut
1176 1811 1463 1867 similium
1498 1812 1666 1884 plane
1697 1814 2048 1883 penitusque

406 1901 688 1957 convinci.
713 1905 959 1957 Saturno
992 1917 1269 1973 namque,
1304 1902 1403 1973 qui
1438 1901 1690 1973 propriis
1739 1900 1874 1954 ﬁliis
1924 1898 2048 1953 suis

407 2008 522 2046 non
555 1991 831 2063 pepercit,
862 1991 1113 2044 infantes
1148 1991 1217 2045 ad
1281 1991 1536 2061 primum
1595 2006 1784 2062 usque
1832 1985 2050 2043 Tiberii

416 2078 898 2150 proconsulatum
934 2076 1149 2148 palam,
1180 2095 1244 2133 ac
1267 2079 1539 2150 deinceps
1561 2078 1786 2134 occulte
1820 2076 1875 2132 in
1902 2076 2057 2132 Afri-

418 2186 485 2224 ca
506 2166 910 2222 immolabant.
959 2165 1107 2221 Galli
1157 2183 1289 2222 vero
1320 2167 1587 2223 solebant
1614 2168 1866 2239 majores
1917 2170 2057 2222 natu

418 2255 727 2325 Mercurio,
790 2255 962 2310 Tauri
1018 2272 1157 2311 suos
1203 2255 1461 2328 hospites
1524 2257 1750 2326 Diana,
1814 2254 2061 2310 Romani

417 2344 762 2412 bestiarios,
798 2360 911 2398 non
949 2344 1147 2399 minus
1168 2348 1364 2400 tamen
1396 2344 1688 2413 homines,
1722 2344 1780 2399 in
1810 2343 2061 2421 publicis

414 2433 572 2489 ludis
594 2433 721 2489 Jovi
772 2437 1044 2488 mactare.
1105 2434 1253 2498 Quid
1306 2435 1484 2505 quod,
1537 2433 1636 2489 alii
1690 2450 1802 2489 non
1850 2431 2062 2487 minori

420 2521 765 2578 crudelitate
796 2522 1123 2577 infantibus
1156 2528 1260 2578 aut
1289 2524 1495 2578 abortu
1530 2522 1940 2594 praeripiebant
1979 2520 2064 2574 vi-

426 2616 572 2679 tam,
599 2614 700 2666 aut
727 2615 898 2666 natos
932 2611 1101 2666 morti
1137 2613 1505 2683 exponebant
1530 2628 1663 2667 mox
1687 2612 1917 2666 futurae.
1944 2610 2065 2664 Huc

429 2699 671 2769 accedit,
700 2700 857 2770 quod
881 2716 993 2755 non
1027 2700 1218 2755 solum
1250 2701 1513 2756 nationes
1546 2701 1833 2772 quaedam,
1867 2714 2067 2769 quem-

431 2789 751 2844 admodum
800 2789 1067 2855 Catilina,
1102 2789 1286 2844 eifuso
1305 2807 1412 2844 suo
1443 2790 1729 2861 sanguine
1768 2789 1955 2843 foedus
1979 2804 2071 2859 pe-

434 2877 876 2950 pigere,verum
911 2876 1087 2932 etiam
1126 2878 1350 2950 Scythae
1411 2877 1708 2933 hominem
1768 2878 2071 2932 comedere

433 2965 789 3021 ferebantur.
826 2965 1073 3021 Bellone
1106 2983 1341 3038 quoque
1371 2968 1701 3022 sacerdotes
1733 2983 1838 3022 suo
1871 2982 2074 3021 conse-

433 3054 751 3110 crabantur
779 3055 1087 3127 sanguine,
1120 3060 1177 3109 et
1207 3056 1581 3128 gladiatores,
1612 3056 1765 3111 sicut
1794 3053 2073 3110 comitiali

435 3144 640 3199 morbo
672 3142 1028 3213 laborantes,
1060 3144 1341 3200 bibebant
1370 3144 1617 3201 aliorum
1651 3144 1955 3200 hominum
2016 3143 2077 3196 in

434 3248 612 3288 arena
642 3231 969 3287 occisorum
998 3232 1369 3304 sanguinem.
1394 3232 1507 3287 Alii
1532 3233 1710 3287 etiam
1734 3232 1790 3286 in
1825 3230 2078 3304 publicis

436 3320 788 3393 spectaculis
821 3337 1023 3376 carnes
1074 3323 1457 3377 comedebant
1488 3327 1587 3376 aut
1644 3322 1817 3389 cervi,
1869 3321 1969 3393 qui
2018 3320 2077 3375 in

436 3408 650 3465 ominis
682 3409 969 3481 sanguine
992 3410 1433 3480 jacuerat,haut
1465 3410 1613 3483 apri,
1646 3411 1747 3483 qui
1778 3410 2079 3465 hominem

439 3492 861 3564 cruentaverat,
915 3502 1017 3553 aut
1101 3499 1222 3554 ursi
1278 3498 1552 3565 alveolos,
1612 3500 1711 3572 qui
1770 3498 2083 3554 ructabant

449 3584 640 3640 adhuc
663 3585 970 3641 hominum
997 3586 1055 3640 in
1090 3585 1253 3642 hisce
1310 3587 1467 3642 ludis
1511 3588 1949 3644 interfectorum
2000 3588 2082 3642 vi-

446 3689 630 3729 scera.
668 3673 925 3745 Denique
957 3675 1145 3746 magis
1174 3675 1487 3746 horrendo,
1521 3693 1627 3732 nec
1657 3693 1921 3748 unquam
1982 3692 2083 3731 no-

446 3761 749 3829 minando,
792 3762 1008 3817 scelere
1052 3764 1446 3821 substantiam
1492 3765 1747 3821 hominis
1802 3764 2085 3838 deglutie-

444 3850 608 3905 bant.
632 3850 948 3906 Christiani
985 3867 1015 3906 e
1044 3853 1334 3909 contrario
1366 3854 1758 3910 abhorrebant
1817 3855 1965 3909 709
2017 3854 2088 3909 ab

450 3938 609 3993 omni
642 3938 872 3994 saevitiae
903 3954 1136 4011 genere,
1169 3958 1275 3996 nec
1323 3942 1409 3997 fas
1458 3943 1542 3998 eis
1573 3948 1697 3998 erat
1725 3944 1901 3998 etiam
1961 3959 2090 3997 cru-

449 4027 755 4083 delissima
770 4028 920 4083 inter
933 4034 1222 4085 tormenta
1238 4036 1338 4087 aut
1351 4031 1695 4087 animalium
1720 4032 2093 4104 sanguinem,

449 4119 550 4171 aut
581 4116 931 4172 sufi‘ocatum
984 4117 1233 4190 aliquid,
1287 4124 1389 4175 aut
1438 4121 1701 4177 oblatum
1760 4121 1925 4177 falsis
1982 4120 2096 4175 diis

448 4205 847 4261 morticinium
874 4212 1233 4279 pragustare
1265 4209 1416 4281 (cap.
1449 4211 1526 4279 9).

520 4312 667 4375 Quid
715 4329 846 4369 vero
876 4330 1068 4370 causae
1105 4319 1229 4370 erat
1277 4332 1383 4372 cur
1443 4317 1661 4373 ethnici
1730 4318 2098 4373 Christianos

451 4406 763 4473 arguerent
785 4402 1243 4475 incestus,cujus
1269 4406 1602 4476 exemplum
1634 4407 1872 4461 dederat
1914 4405 2101 4461 scele-

452 4489 786 4546 ratissimus
810 4491 1061 4563 Jupiter,
1094 4497 1152 4548 et
1182 4494 1266 4549 rei
1317 4499 1480 4549 erant
1510 4496 1692 4550 Persa:
1715 4496 1742 4549 ?
1820 4495 2100 4565 Ejusdem

451 4595 583 4634 vero
615 4578 850 4635 sceleris
909 4582 1182 4652 suspecti;
1217 4587 1383 4637 erant
1403 4584 1772 4653 Macedones,
1805 4601 1839 4638 a
1886 4584 2105 4655 quibus

455 4667 728 4723 isirrisus
759 4669 870 4724 fuit
909 4671 1008 4741 qui
1040 4671 1243 4742 OEdipi
1274 4673 1613 4743 tragcndiam
1632 4672 2111 4744 agendo,lamen-

449 4758 687 4812 tabatur
718 4757 988 4814 violatam
1011 4775 1045 4813 a
1070 4761 1351 4830 semetips
1372 4778 1402 4815 o
1445 4766 1695 4816 matrem
1742 4777 1932 4816 suam.
1958 4760 2108 4824 Quid

455 4843 663 4915 plura?
692 4845 951 4916 lmprobi
993 4846 1241 4917 gentiles
1289 4849 1512 4919 stupris
1571 4850 1906 4918 assuefacti,
1982 4850 2109 4905 suis

460 4934 642 4989 etiam
699 4933 927 5002 liberis,
978 4933 1115 4989 olim
1170 4936 1472 5007 expositis,
1516 4954 1620 4993 nec
1671 4937 1782 4993 sibi
1853 4937 2110 5009 amplius

460 5022 734 5095 cognitis,
793 5026 1068 5093 stuprum
1110 5040 1257 5079 caeca
1316 5024 1561 5082 libidine
1632 5026 1981 5083 inferebant.
2041 5029 2113 5082 At

462 5111 777 5166 Christiani
809 5116 909 5166 aut
940 5110 999 5165 in
1028 5111 1382 5183 virginitatis
1449 5117 1898 5185 perseverabant
1928 5121 2107 5187 statu,

464 5203 567 5254 aut
589 5200 659 5254 ab
692 5200 852 5254 omni
898 5204 1035 5271 post
1092 5202 1538 5259 matrimonium
1599 5220 1840 5261 excessu
1877 5221 2112 5277 semper

463 5287 864 5343 abstinebant.

535 5376 621 5431 Ab
647 5375 812 5432 falsis
846 5380 1042 5432 autem
1063 5377 1405 5451 ﬁctitiisque
1427 5381 1891 5439 Christianorum
1924 5384 2113 5439 occul-

461 5464 539 5522 tis
588 5465 959 5536 criminibus,
1020 5469 1089 5523 ad
1144 5485 1212 5524 ea
1258 5471 1474 5526 transit
1518 5472 1940 5542 Tertullianus,
1982 5490 2113 5544 quae

465 5554 681 5612 ethnici
712 5558 1024 5613 manifesta
1056 5562 1111 5613 et
1160 5559 1397 5629 publica
1450 5576 1579 5616 esse
1621 5563 2107 5619 criminabantur.

468 5645 831 5718 Praecipuum
866 5652 1059 5703 autem
1092 5646 1235 5702 illud
1260 5654 1525 5722 erat,quo
1557 5651 1846 5724 sacrilegii
1872 5660 1924 5707 et
1962 5652 2114 5708 lases

472 5736 796 5806 majestatis
827 5736 1039 5794 divinae
1064 5736 1194 5795 ideo
1217 5740 1836 5814 accusabantur,quod
1875 5757 2112 5797 omnem

2140 1078 2470 1135 innumeris
2502 1075 2836 1131 revincetur
2857 1072 3218 1142 Scriptorum
3254 1083 3487 1123 suorum
3520 1065 3768 1120 testimo-

2145 1170 2282 1236 niis,
2317 1168 2414 1239 qui
2450 1166 2579 1222 loca
2608 1160 3001 1231 indicant,ubi
3030 1155 3418 1214 commentitii
3441 1155 3521 1209 illi
3546 1154 3620 1209 dii
3644 1153 3773 1215 nati,

2144 1259 2243 1315 ubi
2297 1255 2600 1312 mortalem
2660 1256 2906 1325 egerunt
2961 1249 3163 1313 vitam,
3253 1251 3311 1301 et
3368 1244 3467 1299 ubi
3517 1260 3581 1298 ea
3628 1241 3778 1296 ﬁnita

2148 1346 2360 1419 sepulti
2396 1349 2551 1401 sunt.
2603 1341 2749 1408 Quia
2803 1356 2934 1395 vero
2993 1336 3229 1408 longius
3287 1333 3495 1390 fuisset
3524 1329 3773 1403 singulos

2148 1438 2325 1492 hosce
2358 1436 2497 1489 deos
2548 1430 2894 1486 nominatim
2946 1440 3268 1493 recensere,
3325 1425 3541 1478 Auctor
3595 1425 3781 1474 noster

2152 1527 2295 1582 illud
2357 1522 2613 1587 Saturni,
2674 1521 2916 1575 deorum
2961 1514 3223 1570 omnium
3281 1510 3478 1583 primi,
3535 1506 3781 1578 exemplo

2154 1611 2760 1671 demonstratﬂmnes
2776 1621 3029 1675 namque
3043 1600 3465 1674 antiquitatum
3484 1596 3786 1667 descripto-

2155 1722 2247 1761 res
2278 1705 2550 1759 asserunt
2603 1698 2772 1752 illum
2826 1710 3025 1751 revera
3080 1692 3261 1747 fuisse
3320 1688 3640 1753 hominem,
3693 1686 3786 1755 qui

2155 1798 2289 1866 post
2319 1791 2536 1845 multas
2557 1786 2983 1859 expeditiones,
3029 1782 3211 1837 Attico
3264 1778 3518 1851 hospitio
3541 1777 3610 1831 ab
3650 1774 3784 1866 Jano

2155 1862 2247 1939 vel
2303 1882 2479 1936 {none
2534 1878 2591 1931 in
2651 1874 2817 1931 Italia
2870 1875 3165 1943 exceptus,
3225 1868 3410 1924 monti
3468 1883 3535 1921 ac
3589 1862 3790 1919 civitati

2165 1988 2342 2043 quam
2373 1967 2638 2031 incoluit,
2691 1964 2913 2033 totique
2964 1960 3141 2016 Italiae
3183 1957 3343 2013 dedit
3374 1953 3669 2043 Saturnia)!
3698 1966 3789 2043 np-

2168 2037 2528 2128 men.Neque
2553 2055 2610 2109 id
2642 2053 2837 2108 minus
2864 2049 3170 2121 perspicue
3193 2044 3572 2101 declarabant
3599 2037 3794 2095 tabulae

2170 2150 2239 2205 ab
2270 2148 2396 2217 ipso
2427 2144 2503 2198 ibi
2538 2141 2795 2214 primum
2826 2137 3104 2202 conﬁctae,
3132 2139 3188 2189 et
3216 2148 3503 2188 nummus
3559 2128 3797 2198 imagine

2170 2239 2460 2311 signatus,
2491 2235 2564 2290 ob
2617 2247 2788 2302 quem
2838 2227 3149 2300 praesidere
3196 2223 3402 2279 zerario
3456 2219 3797 2293 perhibetur.

2169 2329 2354 2383 Homo
2383 2325 2567 2396 igitur
2589 2321 2689 2376 ille
2721 2319 2851 2387 iuit,
2878 2334 2981 2371 nec
3036 2316 3105 2371 de
3152 2312 3295 2369 coelo
3323 2317 3381 2367 et
3430 2317 3585 2367 terra
3621 2313 3792 2370 ortus,

2172 2415 2345 2472 sicuti
2379 2410 2647 2469 nonnulli
2680 2406 2922 2465 fabulati
2956 2413 3114 2462 sunt.
3156 2404 3408 2459 Caeteros
3441 2416 3577 2472 ergo
3608 2411 3795 2453 omnes

2174 2506 2333 2569 deos,
2359 2500 2460 2572 qui
2485 2514 2653 2553 suam
2689 2511 2758 2550 ex
2788 2493 2886 2548 illo
2930 2495 3150 2547 ducunt
3180 2488 3488 2558 originem,
3550 2483 3798 2539 homines

2175 2592 2352 2650 etiam
2380 2571 2588 2655 fuisse,
2622 2584 2753 2656 quis
2786 2597 2999 2653 negare
3020 2578 3258 2636 audebit
3283 2579 3437 2649 (cap.
3470 2574 3557 2645 10)
3584 2571 3612 2627 ?

2248 2701 2363 2757 Nec
2403 2698 2546 2754 sinit
2582 2694 2817 2767 quidem
2864 2689 3260 2745 Tertullianus
3321 2684 3438 2741 sibi
3483 2677 3805 2753 responderi

2179 2793 2288 2848 hos
2313 2793 2441 2859 post
2472 2789 2717 2841 mortem
2745 2786 2975 2837 tantum
3026 2795 3195 2834 suam
3238 2778 3485 2831 deorum
3545 2768 3809 2859 ascriptus

2181 2855 2611 2937 esse—numero.
2646 2871 3017 2927 Divinitalem
3042 2866 3198 2922 enim
3233 2864 3439 2920 nullus
3486 2862 3657 2917 homo
3708 2855 3807 2911 sibi

2185 2968 2448 3024 conferre
2506 2965 2717 3036 potest.
2752 2960 2812 3014 Si
2870 2957 2963 3013 cui
3010 2972 3147 3026 ergo
3194 2970 3296 3009 seu
3357 2956 3516 3016 ante,
3566 2964 3662 3004 seu
3695 2946 3812 3018 post

2187 3061 2433 3112 mortem
2467 3054 2603 3108 data
2635 3056 2743 3115 est,
2779 3048 2828 3103 is
2860 3051 3011 3102 certe
3052 3045 3125 3099 ab
3158 3042 3271 3097 alio
3322 3039 3647 3112 potentiore
3709 3039 3808 3086 Deo

2187 3146 2349 3201 illam
2385 3143 2647 3214 accipere
2669 3138 2892 3194 debuit.
2943 3139 3018 3189 At
3074 3132 3239 3188 nulla
3271 3130 3462 3202 .plane
3494 3142 3668 3184 causa
3712 3138 3809 3214 unf

2190 3250 2367 3307 quam
2422 3212 2533 3287 fuit
2579 3247 2687 3284 cur
2747 3226 2845 3281 ille
2890 3239 3163 3281 summus
3204 3220 3362 3275 Deus
3424 3216 3652 3309 aliquos
3699 3212 3816 3309 post

2190 3306 2391 3380 eorum
2425 3326 2679 3376 mortem
2714 3319 2853 3372 deos
2886 3316 3117 3370 faceret.
3152 3309 3384 3366 Nullius
3418 3306 3655 3378 quippe,
3710 3306 3814 3354 sive

2191 3415 2262 3469 ad
2287 3414 2575 3467 mundum
2601 3405 3030 3469 fabricandum,
3065 3403 3183 3457 sive
3216 3399 3285 3453 ad
3321 3396 3485 3452 aliud
3534 3389 3812 3464 quidpiam

2193 3502 2483 3575 agendum
2513 3512 2778 3568 unquam
2818 3492 3073 3563 indiguit
3113 3486 3349 3545 auxilio.
3425 3486 3602 3575 Ante
3634 3489 3818 3575 omnes

2195 3568 2480 3661 siquidem
2517 3585 2749 3641 lictitios
2774 3580 3081 3654 gentilium
3112 3577 3274 3645 deos,
3305 3572 3539 3645 pluviae,
3591 3568 3817 3624 lumina,

2197 3681 2411 3746 sidera,
2468 3675 2748 3739 tonitrua,
2801 3668 3073 3734 fulmina,
3137 3669 3195 3721 et
3225 3663 3389 3719 varia
3448 3661 3681 3749 frugum
3735 3668 3822 3749 ge-

2198 3784 2337 3825 nera
2359 3771 2487 3821 orta
2516 3767 2677 3819 sunt.
2712 3759 2861 3827 Quin
2911 3758 3029 3811 imo
3061 3753 3327 3811 omnium
3362 3748 3673 3806 hominum
3723 3748 3829 3813 pri-

2202 3874 2357 3923 mus,
2388 3857 2520 3926 post
2551 3851 2750 3908 omnia
2779 3848 2850 3904 ad
2885 3846 3065 3901 vitam
3123 3844 3252 3911 ejus
3312 3835 3663 3926 necessaria,
3712 3843 3825 3926 con-

2204 3922 2361 4002 ditus
2389 3922 2500 3999 est.
2532 3942 2657 3996 Non
2693 3937 2881 4010 magis
2924 3950 3060 4006 ergo
3110 3930 3301 3997 Liber,
3334 3928 3532 3992 Ceres,
3590 3922 3830 4010 Bacchus

2204 4040 2260 4091 et
2288 4034 2545 4087 Minerva
2576 4030 2648 4084 ob
2680 4002 2946 4082 inventas
2980 4002 3176 4092 fruges
3209 4017 3289 4073 dii
3314 4015 3459 4072 facti
3493 4015 3654 4076 sunt,
3687 4002 3835 4102 71.0

2209 4139 2389 4196 quam
2422 4117 2703 4176 Lucullus
2724 4116 2797 4171 ob
2828 4128 3030 4170 cerasa
3058 4126 3128 4165 ex
3183 4110 3367 4163 Ponto
3409 4100 3737 4161 transvecta
3782 4100 3832 4145 in

2210 4211 2465 4269 Italiam.

2279 4302 2475 4370 Neque
2500 4296 2707 4369 potiori
2740 4293 2966 4350 ratione
2996 4287 3113 4345 dici
3163 4288 3353 4359 potest
3384 4279 3658 4370 collatam
3690 4284 3843 4370 prop-

2210 4396 2298 4445 ter
2329 4360 2535 4444 merita
2564 4389 2621 4441 et
2641 4384 2884 4439 virtutes
2916 4376 3258 4434 hominibus
3290 4369 3679 4429 divinitatem.
3715 4360 3842 4453 Nam

2212 4479 2348 4533 inde
2379 4474 2686 4532 conﬁcitur
2715 4484 3058 4543 supremum
3092 4465 3347 4537 aliquem
3369 4476 3503 4516 esse
3541 4456 3729 4516 deum,
3759 4459 3845 4517 qul

2215 4566 2582 4623 merentibus
2639 4560 3008 4618 divinitatem
3054 4555 3380 4626 dispensat.
3434 4546 3655 4605 Deinde
3730 4549 3848 4626 vero

2142 4652 2185 4717 D
2216 4620 2466 4728 gentiles
2500 4652 2665 4709 fateri
2697 4650 3058 4723 cogebantur
3088 4620 3228 4700 de-os
3284 4654 3424 4697 suos
3458 4636 3645 4728 fuisse
3674 4620 3844 4728 homi-

2221 4717 2323 4801 nes
2361 4744 2685 4816 improbos,
2746 4738 2985 4811 impios,
3042 4733 3382 4796 sceleratos,
3442 4717 3845 4821 nequi-saluto?

2221 4814 2487 4905 aliosque
2547 4831 2666 4886 illis
2715 4826 2940 4883 similes
2974 4826 3047 4881 ab
3078 4823 3208 4879 aliis
3230 4821 3378 4876 bene
3435 4814 3680 4905 moratis
3733 4814 3853 4905 ἔῙιπεὶ

2223 4894 2430 4979 merito
2459 4917 2860 4977 condemnari.
2880 4915 2988 4970 Fac
3019 4916 3218 4967 tamen
3253 4908 3386 4963 illos
3414 4904 3598 4960 fuisse
3630 4894 3849 4969 probos.

2222 5012 2323 5068 sed
2360 5028 2475 5067 non
2509 5006 2782 5064 meliores
2816 5008 2984 5060 erant
3034 5002 3275 5056 Socrate
3331 4999 3388 5051 et
3441 4986 3734 5081 Aristiden
3761 4990 3856 5034 n80

2229 5102 2498 5157 fortiores
2528 5092 2918 5152 Themistocle
2951 5096 3008 5147 et
3027 5087 3378 5152 Alexandro,
3420 5096 3528 5137 nec
3593 5072 3856 5170 feliciores

2220 5190 2520 5261 Polycrate
2553 5191 2609 5242 et
2656 5183 2829 5256 Sylla,
2866 5197 2969 5237 nec
3016 5182 3209 5233 Croeso
3266 5175 3547 5230 Crassove
3608 5164 3851 5261 ditiorﬁg,

2222 5250 2651 5350 eloquentiores
2696 5250 3093 5329 hamosthene
3134 5272 3193 5322 et
3223 5264 3515 5328 Cicerone,
3569 5250 3855 5350 sapipntig-

2222 5385 2316 5423 res
2336 5337 2652 5431 Catone,ac
2684 5360 2954 5432 Scipione
2972 5356 3277 5429 aequiores.
3311 5356 3425 5407 Cur
3451 5360 3591 5417 ergo
3642 5337 3860 5432 ethnici,

2222 5456 2315 5512 bis
2356 5456 2510 5527 apud
2542 5454 2762 5509 inferos
2784 5448 3026 5517 relictis,
3069 5444 3203 5500 illos
3236 5444 3292 5498 in
3325 5438 3536 5497 ccelum
3585 5413 3861 5498 tanquaml

2224 5546 2362 5601 deos
2392 5543 2761 5598 sustulerunt
2792 5540 2936 5611 (cap.
2972 5538 3059 5607 11)
3082 5535 3110 5590 ?

2295 5651 2404 5706 Sed
2434 5650 2527 5705 dic
2556 5665 2729 5720 porro
2766 5645 3009 5720 quinam
3047 5642 3170 5699 sint
3198 5640 3262 5696 hi
3290 5632 3593 5720 gentilium
3630 5611 3868 5720 dii.i‘iibi

2222 5740 2396 5814 plane
2426 5740 2487 5796 in
2520 5711 2657 5809 illis,
2687 5736 2767 5794 ait
2786 5711 3241 5802 “Tertullianus,
3284 5716 3592 5794 video,nisi
3622 5711 3866 5770 mortu0°
