4106 6178
225 297 340 357 ’189

954 297 1033 356 ΙΝ
1082 296 1690 358 APOLOGETICUM
1735 296 1806 354 D.
1855 297 1952 356 LE
1995 295 2325 357 NOUHBY
2371 294 2908 357 DISSERTATIO.

3520 294 3641 353 790

228 444 358 484 rum
391 428 698 482 hominum
733 427 1156 482 nomina.Nihil
1189 428 1363 482 audio
1389 431 1594 497 praeter
1625 428 1879 495 fabulas,
1909 433 1961 496 Α
1991 428 2129 481 deos
2163 427 2518 496 destruebat,
2552 429 2736 480 morte
2767 427 3078 480 damnatus
3119 427 3224 478 est.
3246 423 3356 479 Sed
3391 422 3640 479 rescissa

229 523 406 588 atque
439 533 507 570 ex
551 516 644 570 his
699 515 912 571 fabulis
964 533 1128 571 sacra
1187 517 1457 570 instituta
1504 531 1876 587 recognosco.

230 605 374 668 Quid
391 620 806 675 vero,quorum
838 621 1039 659 eorum
1065 606 1378 659 simulacra
1392 623 1458 659 ex
1473 605 1877 659 communium

229 695 607 748 vasculorum
659 699 714 747 et
782 694 1308 748 instrumentorum
1364 695 1625 758 materie,
1672 693 1756 748 vel
1812 710 1880 748 ex

229 784 503 854 ipsismet
552 783 807 838 vasculis
855 788 911 838 et
967 783 1376 838 instrumentis
1428 784 1764 852 fabrefacta,
1800 783 1878 836 dii

231 873 474 927 tandem
509 871 794 941 sacrilega
843 873 1277 927 consecratione
1327 874 1477 926 facta
1525 877 1662 926 sunt
1683 875 1710 925 ‘I
1741 872 1880 938 Quis

231 961 477 1031 insuper
511 977 625 1015 non
657 961 853 1014 videat
887 960 1135 1031 pulchra
1191 961 1292 1015 illa
1351 960 1686 1024 simulacra,
1739 962 1878 1015 dum

229 1050 614 1113 fabricantur,
649 1049 849 1102 eadem
889 1049 1030 1119 pati,
1065 1054 1240 1119 atque
1269 1048 1611 1113 Christiani,
1643 1065 1775 1103 cum
1810 1050 1879 1103 ab

227 1137 480 1194 ethnicis
511 1137 908 1207 torquentur?
936 1139 1016 1191 Ex
1050 1137 1300 1192 metallis
1332 1138 1485 1192 enim
1537 1139 1708 1204 ﬁunt,
1759 1137 1883 1208 qui-

230 1229 340 1280 bus
372 1227 732 1280 damnantur
761 1225 1092 1281 Christiani.
1132 1224 1238 1280 Illa
1279 1226 1549 1280 crucibus
1584 1230 1640 1280 et
1669 1226 1880 1296 stipiti-

231 1318 340 1371 bus
374 1316 782 1386 imponuntur,
835 1316 1125 1369 raduntur
1171 1314 1427 1385 ungulis,
1475 1315 1711 1386 ignibus
1744 1332 1880 1370 exu-

230 1403 572 1473 runtur,sed
604 1403 696 1456 his
722 1403 998 1457 omnibus
1030 1402 1220 1457 modis
1253 1403 1567 1459 Christiani
1598 1403 1884 1458 tolluntur

229 1510 258 1548 e
293 1493 526 1554 medio;
563 1492 620 1546 in
682 1492 788 1545 hoc
821 1497 1016 1547 tamen
1067 1492 1138 1545 ab
1184 1491 1300 1546 illis
1339 1493 1694 1562 discrepant,
1727 1493 1881 1562 quod

229 1580 550 1635 simulacra
579 1579 838 1650 primum
871 1584 1011 1634 sunt
1043 1580 1170 1634 sine
1202 1579 1571 1651 capite,quod
1603 1580 1881 1635 Christia-

230 1670 346 1736 nis,
376 1668 755 1739 iniquissime
786 1667 1104 1737 damnatis,
1139 1670 1376 1723 tandem
1408 1673 1764 1739 amputatur.
1798 1669 1880 1722 Ad

230 1759 354 1813 hazc
380 1773 538 1824 vero,
571 1757 628 1811 hi
665 1757 721 1810 in
752 1756 979 1812 insulas
1011 1757 1362 1829 relegantur,
1398 1758 1454 1811 in
1509 1758 1721 1828 quibus
1763 1756 1880 1827 ple-

231 1862 449 1917 rosque
479 1862 686 1900 omnes
735 1845 1041 1916 gentilium
1093 1847 1230 1900 deos
1283 1850 1450 1900 natos
1500 1851 1880 1916 mortuosque

231 1953 360 1993 esse
393 1951 564 1990 nemo
597 1933 801 1988 nescit.
835 1934 1028 2004 thue
1060 1936 1410 2004 respondere
1457 1939 1723 2004 poterant
1760 1934 1879 1988 hinc

233 2043 394 2080 mera
425 2039 551 2078 esse
584 2022 1051 2077 Christianorum
1096 2023 1152 2077 in
1185 2023 1324 2078 deos
1367 2023 1660 2089 convicia;
1697 2039 1881 2093 quan-

235 2113 552 2184 doquidem
584 2112 818 2166 eosdem
860 2112 998 2165 deos
1031 2111 1250 2166 Seneca
1281 2112 1547 2183 pluribus
1596 2111 1884 2182 longeque

237 2201 627 2257 amarioribus
697 2200 888 2254 verbis
940 2200 1265 2254 insectatus
1341 2205 1445 2256 est.
1507 2201 1679 2254 Recte
1748 2215 1882 2270 ergo

234 2289 549 2354 Christiani
598 2288 700 2343 illa
758 2289 996 2343 deorum
1048 2288 1364 2343 simulacra
1406 2290 1648 2344 adorare
1679 2303 1884 2343 renue-

240 2381 403 2447 bant,
439 2395 566 2448 quas
600 2393 632 2431 a
663 2376 878 2446 milvis,
912 2378 1203 2444 muribus,
1228 2377 1457 2432 araneis
1489 2377 1884 2447 coinquinata,

242 2469 314 2522 ab
349 2466 498 2538 ipsis
549 2465 870 2536 gentilibus
928 2465 1327 2537 negliguntur,
1378 2465 1731 2532 illuduntur,
1789 2466 1886 2520 de-

240 2559 576 2611 struuntur.

311 2645 462 2708 Quin
492 2644 669 2699 etiam
719 2643 814 2698 alii
851 2644 993 2698 alios
1045 2645 1183 2699 deos
1231 2645 1519 2712 colebant,
1573 2644 1888 2714 nullusque

240 2731 369 2788 sine
401 2730 916 2785 senatusconsulto
943 2731 1087 2786 deus
1118 2747 1246 2787 esse
1279 2732 1889 2803 poterat.Domesticos

238 2836 375 2875 vero
428 2820 570 2874 deos
619 2835 722 2890 pro
756 2835 864 2872 sua
922 2820 1172 2889 quisque
1230 2826 1331 2875 aut
1387 2821 1732 2876 necessitate
1791 2825 1893 2875 aut

239 2914 528 2981 potestate
559 2908 999 2978 oppignerabat,
1033 2907 1117 2962 vel
1149 2911 1454 2976 vendebat,
1487 2909 1571 2964 vel
1605 2911 1888 2976 mutabat,

245 2998 418 3053 modo
451 2997 510 3051 in
540 2997 801 3066 trullam,
844 2999 1016 3050 modo
1055 2998 1114 3051 in
1148 2999 1450 3053 cacabum.
1490 2999 1753 3053 Publicos
1786 3015 1893 3052 au-

241 3093 357 3142 tem
393 3088 532 3142 deos
566 3087 624 3140 in
659 3086 914 3141 hastario
967 3087 1272 3158 vectigales
1322 3089 1636 3154 habebant,
1690 3104 1751 3142 ac
1783 3088 1893 3142 sub

1990 516 2363 570 damnatione
2401 515 2743 586 praeclarum
2767 514 3000 568 tandem
3021 512 3105 566 illi
3127 511 3432 567 reddidere
3464 512 3627 566 testi-

1990 604 2583 658 monium.Postremo
2622 605 2901 674 Diogenes
2932 602 3172 671 quidam
3206 601 3390 656 irrisit
3420 600 3630 656 Hercu-

1987 692 2123 759 lem,
2159 709 2223 746 ac
2252 692 2433 747 Varro
2463 696 2756 746 trecentos
2785 691 2954 745 Joves
2986 689 3306 744 introduxit
3343 695 3492 760 (cap.
3527 691 3636 761 14).

2061 799 2237 870 Urget
2265 798 2454 853 adhuc
2478 796 2875 852 Tertullianus
2911 796 2966 849 in
3000 795 3306 867 gentilium
3333 796 3637 854 comcediis

1991 907 2055 947 ac
2086 890 2385 962 tragmdiis
2419 888 2816 960 repraesentari
2852 887 3143 942 moechum
3179 886 3455 956 Anubim,
3490 903 3643 941 mas-

1991 983 2190 1036 culum
2243 981 2489 1045 Lunam,
2544 978 2892 1050 ﬂagellatam
2946 979 3208 1042 Dianam,
3259 977 3421 1032 Jovis
3462 980 3640 1030 testa-

1991 1075 2280 1135 mentum,
2315 1075 2549 1140 tresque
2584 1067 2855 1123 Hercules
2913 1068 3230 1122 famelicos.
3285 1066 3367 1119 Ab
3401 1063 3637 1120 histrio-

1992 1159 2166 1213 nibus
2195 1158 2438 1229 insuper
2469 1157 2852 1212 exhibebatur
2882 1155 2978 1210 Sol
3009 1152 3453 1226 lugens,Cybele
3479 1151 3640 1209 fasti-

1993 1249 2219 1302 diosum
2255 1251 2546 1317 pastorem
2580 1244 3074 1316 suspirans,Jovis
3107 1240 3640 1311 elogium,Junonie

1993 1338 2379 1406 Minervaque
2403 1335 2718 1404 judicium,
2754 1351 2817 1387 ac
2853 1333 3082 1388 tandem
3115 1332 3174 1386 in
3225 1331 3341 1385 illis
3386 1330 3639 1401 ignomi-

1993 1425 2224 1480 niosum
2284 1429 2458 1495 caput
2535 1423 2990 1494 repraesentabat
3046 1421 3137 1475 dei
3197 1416 3446 1489 alicujus
3494 1417 3643 1472 ima-

1993 1515 2212 1585 ginem,
2262 1518 2317 1568 et
2367 1529 2579 1583 corpus
2630 1511 2878 1566 ridicula
2928 1515 3050 1565 arte
3098 1508 3500 1564 effeminatum
3533 1504 3640 1559 Mi-

1993 1619 2228 1657 nervam
2280 1606 2378 1655 aut
2426 1599 2754 1655 Herculem.
2810 1599 3007 1668 Neque
3056 1595 3268 1651 melius
3320 1593 3542 1665 aliquid
3575 1609 3643 1648 ex

1993 1707 2165 1746 cavea
2195 1694 2513 1760 exspectes.
2548 1688 2627 1743 lbi
2657 1688 2812 1742 enim
2846 1702 3096 1758 persona
3125 1686 3404 1755 agebatur
3434 1682 3638 1751 Atydis

1994 1777 2252 1844 castrati,
2284 1775 2543 1831 ardentis
2575 1774 2859 1840 Herculis,
2902 1770 3172 1828 Mercurii
3216 1771 3368 1824 inter
3413 1767 3639 1823 ludicra

1992 1865 2453 1920 meridianorum
2483 1863 2818 1936 spectacula
2843 1867 3105 1916 mortuos
3125 1859 3378 1914 cauterio
3411 1855 3630 1911 exami-

1992 1954 2212 2018 nantis,
2244 1971 2308 2008 ac
2340 1953 2536 2008 fratris
2556 1952 2715 2007 Jovis
2747 1952 3025 2007 cadavera
3055 1953 3418 2004 mortuorum
3443 1943 3632 2000 homi-

1993 2061 2134 2098 num
2171 2060 2302 2097 cum
2336 2042 2546 2098 malleo
2581 2039 3134 2096 deducentis.Plura
3164 2038 3278 2093 alia
3308 2036 3400 2091 his
3419 2033 3637 2090 similia

1995 2132 2213 2187 omittit
2263 2131 2683 2200 Tertullianus,
2758 2130 3014 2200 vitioque
3062 2125 3380 2199 gentilibus
3439 2123 3634 2189 vertit,

1995 2221 2150 2291 quod
2182 2221 2334 2275 intra
2388 2221 2630 2274 deorum
2681 2218 2921 2290 templa,
2964 2218 3236 2292 ipsasque
3286 2215 3440 2268 inter
3486 2227 3638 2274 aras,

1997 2314 2171 2379 atque
2213 2309 2272 2362 in
2309 2309 2678 2363 sacerdotum
2711 2312 2768 2361 et
2821 2306 3167 2360 aedituorum
3223 2299 3640 2366 tabernaculis,

1998 2397 2287 2453 adulteria
2345 2400 2781 2468 componerent,
2830 2397 3268 2464 tractarentque
3331 2386 3641 2444 lenocinia.

1999 2487 2246 2552 Quinam
2279 2502 2438 2557 ergo,
2487 2486 2568 2540 ait
2622 2484 2741 2553 ille,
2790 2483 2996 2537 divinae
3051 2479 3378 2551 majestatis
3427 2477 3529 2546 rei,
3564 2492 3638 2530 an

1998 2576 2112 2646 ipsi
2145 2576 2242 2646 qui
2301 2579 2461 2630 tanto
2517 2573 2770 2629 ludibrio
2830 2573 2969 2627 deos
3028 2587 3165 2626 suos
3219 2566 3530 2631 habebant,
3568 2579 3640 2618 an

2000 2663 2341 2724 Christiani.
2382 2664 2480 2735 qui
2541 2664 2648 2718 hos
2707 2662 2999 2733 negabant
3054 2676 3182 2714 esse
3225 2658 3387 2722 deos,
3427 2653 3647 2725 quique

2002 2752 2219 2808 idcirco
2251 2769 2451 2807 eorum
2497 2750 2718 2822 templa
2763 2750 3022 2806 interdiu
3082 2765 3198 2802 non
3253 2745 3552 2810 noverant,
3585 2745 3643 2796 et

2002 2859 2068 2897 ea
2099 2839 2148 2896 si
2181 2841 2303 2895 ﬁeri
2334 2847 2551 2911 posset,
2586 2841 2818 2911 penitus
2841 2838 3196 2910 spoliassent
3227 2851 3376 2906 \cap.
3410 2830 3540 2901 15)?

2072 2947 2288 3002 Verum
2313 2951 2514 3001 contra
2535 2945 2887 3015 objiciebant
2907 2942 3122 2999 ethnici
3143 2945 3319 3013 caput
3349 2937 3648 2994 asininum

2005 3052 2038 3090 a
2064 3034 2399 3089 christianis
2429 3040 2710 3104 tanquam
2745 3035 2919 3088 deum
2961 3031 3211 3087 adorari.
3254 3028 3361 3083 Sed
3397 3041 3649 3089 merum,

2010 3123 2091 3178 ait
2119 3122 2538 3188 Tertullianus,
2573 3125 2661 3176 est
2692 3121 3014 3186 somnium,
3045 3120 3138 3174 cui
3169 3115 3472 3172 Cornelius
3493 3111 3656 3167 Taci-

248 3177 552 3274 hasgasiet
600 3174 1149 3274 Publitﬁnat‘ménis
1201 3193 1337 3231 νοθθ
1387 3177 1639 3274 νθηδξιθθ·
1694 3177 1808 3274 N9,"
1839 3176 1895 3230 id
1930 3174 1973 3241 Β
2129 3174 2710 3274 dedit—occasionem,
2737 3174 2836 3263 ubi
2871 3174 3162 3263 memoria
3204 3203 3350 3259 falso
3402 3198 3660 3273 prodidit

254 3265 516 3336 profecto
551 3262 784 3318 mirum.
833 3263 915 3317 Dii
961 3264 1177 3335 quippe
1209 3281 1324 3336 quo
1375 3265 1562 3337 magis
1593 3265 1801 3334 sancti,
1837 3281 1902 3318 eo

257 3353 450 3424 magis
479 3350 775 3406 tributarii
806 3358 990 3406 erant.
1022 3353 1356 3408 Mendicans
1384 3371 1516 3408 vero
1539 3354 1901 3408 ethnicorum

259 3441 463 3514 religio
489 3439 776 3494 circuibat
808 3455 1123 3510 cauponas,
1159 3459 1223 3496 ac
1257 3459 1526 3512 magnam
1572 3459 1674 3513 pro
1703 3441 1904 3512 templi

263 3530 514 3600 alicujus
544 3528 706 3584 aditu
737 3528 1000 3599 exigebat
1031 3534 1379 3585 mercedem.

333 3636 444 3690 Sed
487 3635 758 3704 agedum,
810 3651 948 3705 quo,
1003 3652 1218 3706 quasso,
1273 3639 1445 3692 modo
1495 3637 1712 3693 ethnici
1772 3638 1909 3692 deos

267 3741 407 3780 suos
439 3723 852 3778 honorabant?
883 3725 1094 3779 Eodem
1129 3725 1297 3795 plane
1329 3743 1393 3780 ac
1433 3731 1695 3782 mortuos
1725 3727 1910 3796 impe-

265 3817 487 3867 ratores
521 3829 534 3868 :
571 3812 690 3866 imo
718 3827 853 3866 vero
884 3813 1154 3867 eumdem
1187 3814 1466 3870 honorem
1517 3815 1635 3870 illis
1664 3815 1911 3869 viventi-

264 3902 397 3965 bus,
431 3916 498 3954 ac
527 3898 776 3954 mortuis
814 3899 924 3954 diis
955 3901 1080 3956 suis
1112 3902 1660 3959 detulerunt.Simili
1682 3919 1915 3974 quoque

267 3989 442 4043 modo
473 3989 844 4043 Larentinam
878 3990 1266 4060 meretricem,
1308 3992 1604 4047 Simonem
1653 3993 1912 4064 Magum,

268 4083 325 4132 et
361 4077 555 4132 nescio
588 4093 759 4147 quem
794 4077 1003 4148 Synedi
1039 4079 1310 4145 deum,ac
1339 4080 1602 4151 impurae
1631 4082 1915 4150 Junones,

270 4166 529 4231 Cereres,
564 4169 618 4220 et
655 4166 798 4218 711
849 4166 1060 4221 Dianas
1100 4169 1546 4223 venerabantur.
1593 4170 1740 4233 Quid
1782 4185 1918 4240 ergo

272 4253 530 4325 amplius
570 4253 629 4307 in
677 4257 937 4308 veterum
970 4255 1210 4310 deorum
1243 4258 1659 4313 contumeliam
1695 4259 1817 4313 fieri
1847 4259 1918 4312 ab

274 4341 392 4397 ullo
424 4341 661 4397 homine
693 4345 919 4412 poterat
946 4349 1094 4414 (cap.
1132 4347 1216 4410 12,
1251 4346 1338 4416 13)
1365 4346 1387 4400 ἲ

346 4448 554 4504 Nonne
585 4448 761 4502 etiam
795 4449 873 4502 dii
907 4466 1021 4505 non
1055 4450 1266 4506 minori
1299 4452 1415 4508 illis
1447 4458 1613 4508 erant
1642 4453 1922 4521 ludibrio,

2011 3301 2244 3356 Judeos
2262 3298 2626 3353 consimilem
2649 3298 2826 3367 hujus
2842 3297 3034 3351 bestiae
3048 3292 3419 3366 superﬁciem
3441 3288 3657 3343 idcirco

2015 3404 2411 3451 consecrasse,
2440 3388 2580 3457 quia
2609 3387 2776 3458 ipsis,
2826 3385 2882 3439 in
2939 3386 3179 3455 ngypto
3236 3381 3335 3436 siti
3389 3379 3658 3432 laborau-

2015 3477 2445 3548 tibus,quidam
2480 3476 2682 3546 onagri
2703 3476 2920 3529 fontem
2940 3468 3457 3529 ostenderant.Sed
3481 3466 3660 3536 hujus

2017 3564 2459 3620 mendacissimi
2509 3562 2811 3634 scriptoris
2882 3560 3176 3616 calumnia
3224 3554 3665 3614 evidentissima

2020 3655 2371 3727 patuit,cum
2406 3652 3084 3724 Pompeius,Judaeorum
3119 3647 3402 3718 templum
3433 3645 3662 3716 ingres-

2021 3760 2143 3811 sus,
2178 3742 2405 3797 nullum
2437 3741 2516 3795 ibi
2550 3741 2767 3796 invenit
2810 3739 3214 3795 simulacrum.
3243 3740 3319 3790 At
3365 3738 3518 3789 certe
3548 3745 3662 3800 quo

2021 3834 2078 3886 id
2114 3831 2340 3900 falsius,
2373 3848 2437 3885 eo
2469 3830 2660 3884 verius
2691 3834 2813 3884 erat
2850 3830 3119 3899 jnmenta
3151 3824 3369 3891 omnia,
3418 3827 3474 3877 et
3523 3837 3664 3874 can-

2021 3920 2240 3976 therios
2271 3937 2403 3975 cum
2437 3936 2545 3974 sua
2574 3919 2840 3990 Hippone
2871 3917 2942 3972 ab
2977 3915 3226 3972 ethnicis
3258 3911 3364 3967 coli
3395 3915 3452 3967 et
3478 3910 3667 3965 hono-

2025 4008 2161 4063 rari.

2097 4098 2211 4152 Nec
2264 4095 2474 4168 potiori
2531 4095 2754 4151 ratione
2814 4091 3163 4148 Christianis
3239 4085 3670 4159 exprobrabant

2029 4186 2219 4240 crucis
2251 4186 2463 4241 Christi
2496 4185 2739 4240 cultum.
2779 4183 2927 4247 Quid
2959 4181 3113 4237 enim
3164 4179 3223 4233 in
3281 4176 3380 4232 illo
3430 4187 3669 4242 arguere

2029 4275 2340 4345 poterant?
2372 4274 2573 4328 Nonne
2605 4272 2759 4343 apud
2791 4287 2888 4326 eos
2922 4267 3217 4339 prostabat
3242 4263 3433 4319 Pallas
3464 4261 3672 4328 Attica,

2031 4381 2096 4418 ac
2127 4367 2293 4418 Ceres
2330 4364 2477 4418 712
2520 4361 2752 4430 Pharia,
2787 4377 2913 4431 quae
2970 4357 3104 4412 rudi
3161 4355 3292 4426 palo
3349 4357 3405 4407 et
3459 4351 3616 4419 ligno
3643 4363 3678 4404 a

2035 4452 2225 4508 crucis
2257 4452 2453 4523 stipite
2485 4468 2598 4506 non
2631 4447 3148 4520 distinguebatur?
3179 4445 3242 4499 In
3265 4456 3506 4498 suorum
3539 4454 3680 4510 prm-

279 4537 376 4610 qui
407 4537 667 4608 pessima
698 4553 936 4608 quaeque
967 4537 1086 4595 illis
1131 4540 1555 4609 sacrificabant,
1589 4547 1644 4598 et
1692 4543 1924 4597 tertiam
1956 4530 2002 4595 Β
2035 4546 2191 4597 terea
2221 4542 2463 4596 deorum
2512 4537 2868 4606 simulacris,
2928 4538 2986 4590 in
3043 4532 3322 4603 victoriis,
3379 4527 3677 4601 tropheais,

281 4626 690 4697 subripiebant
737 4626 1097 4682 decimarum
1144 4628 1373 4684 Herculi
1422 4631 1755 4685 debiturum
1794 4647 1927 4702 par-

283 4714 440 4769 tem?
470 4714 676 4769 Nonne
708 4713 806 4768 alii
860 4716 983 4771 suis
1014 4716 1072 4771 in
1121 4716 1287 4771 libris
1331 4735 1444 4772 non
1493 4719 1747 4774 maxima
1804 4719 1931 4774 sine

285 4802 518 4857 illorum
551 4802 876 4872 ignominia
899 4804 1293 4874 praedicabant
1315 4821 1412 4860 eos
1432 4806 1583 4860 inter
1612 4823 1673 4861 se
1695 4813 1931 4878 propter

291 4891 594 4961 Trojanos,
629 4894 732 4946 aut
779 4891 1022 4948 Achivos
1066 4894 1414 4964 decertasse,
1464 4895 1748 4951 Venerem
1798 4912 1933 4950 sau-

291 4979 522 5048 ciatam,
575 4983 815 5036 Martem
865 4981 925 5035 in
993 4980 1241 5037 vinculis
1296 5000 1441 5054 pene
1494 4989 1932 5056 consumptum,

289 5068 485 5124 Jovem
519 5085 553 5123 a
580 5074 839 5124 monstro
863 5071 1117 5140 quodam
1149 5070 1647 5140 liberatum,nunc
1678 5077 1936 5140 ﬂentem,

296 5173 446 5211 nunc
484 5157 631 5213 foede
663 5159 972 5214 subantem
996 5160 1023 5213 ?
1067 5159 1250 5214 Poetae
1297 5177 1429 5216 vero
1479 5167 1696 5217 canunt
1725 5162 1941 5232 Apolli-

298 5261 424 5299 nem
453 5246 796 5316 Admeto,et
824 5249 1198 5304 Laomedonti
1232 5253 1566 5320 Neptunum
1601 5251 1937 5317 servientes,

301 5333 585 5389 Pindarus
624 5351 757 5392 vero
807 5337 1208 5407 ZEscnlapium
1273 5337 1518 5393 fulmine
1590 5340 1939 5410 judicatum.

302 5421 581 5479 Praeterea
614 5441 646 5478 a
679 5426 952 5498 tragoedis
981 5428 1367 5482 decantantur
1397 5429 1640 5484 deorum
1673 5445 1943 5484 arumnis

305 5515 360 5565 et
387 5529 632 5570 errores.
675 5514 754 5569 Ex
787 5515 1150 5587 philosophis
1183 5519 1375 5572 autem
1408 5522 1691 5588 Socrates,
1712 5520 1819 5575 etsi
1846 5535 1947 5590 per

310 5616 606 5672 quercum,
638 5603 895 5674 hircum,
928 5609 985 5661 et
1011 5620 1213 5663 canem
1234 5607 1542 5677 juraverit,
1588 5611 1724 5680 quia
1748 5614 1944 5665 tamen

2041 4630 2226 4701 signis
2284 4629 2659 4693 militaribus,
2718 4624 3062 4681 vexillorum
3139 4625 3196 4678 et
3264 4619 3679 4676 cantabrorum

2041 4718 2317 4790 eipharis,
2351 4721 2451 4772 aut
2478 4731 2677 4771 eorum
2710 4713 3011 4768 intestinis
3044 4709 3386 4778 monilibus,
3422 4711 3478 4764 et
3512 4704 3680 4762 stolis

2042 4823 2242 4863 cruces
2276 4806 2596 4861 adorabant
2629 4803 2744 4858 illis
2777 4800 3136 4874 suppositas.

2112 4895 2225 4950 Alii
2266 4895 2438 4966 paulo
2488 4894 2725 4966 quidem
2774 4889 3184 4946 verissimilius
3230 4887 3687 4959 suspicabantur

2045 4984 2531 5052 Christianorum,
2566 4981 3065 5053 quemadmodum
3125 4979 3450 5045 Persarum,
3501 4974 3688 5029 Deum

2049 5089 2176 5128 esse
2205 5071 2534 5127 Solem.Sed
2560 5071 2678 5124 haec
2713 5067 2858 5123 falsa
2880 5066 3136 5139 suspicio
3158 5066 3293 5120 inde
3317 5066 3557 5120 suborta
3578 5066 3689 5131 est,

2052 5163 2204 5233 quod
2239 5163 2416 5216 iidem
2446 5158 2786 5224 Christiani,
2823 5159 2893 5212 ad
2936 5157 3124 5212 Solem
3178 5153 3460 5219 conversi,
3507 5157 3691 5207 Deum

2053 5251 2458 5322 precabantur,
2493 5265 2555 5304 ac
2585 5248 2678 5302 die
2712 5246 2861 5302 Solis
2887 5248 3005 5301 sive
3038 5245 3332 5300 dominico
3366 5242 3578 5298 laetitiae
3601 5240 3696 5295 in-

2054 5338 2377 5411 dulgerent.
2422 5338 2532 5392 Sed
2573 5336 2731 5392 istud
2781 5335 3090 5407 gentilium
3149 5332 3598 5405 reprehensione
3630 5343 3694 5384 eo

2057 5433 2209 5484 certe
2240 5428 2438 5483 minus
2470 5428 2716 5501 dignum
2748 5429 2890 5496 erat,
2941 5426 3094 5496 quod
3143 5423 3227 5479 illi
3259 5424 3413 5480 diem
3461 5416 3692 5478 Saturni

2058 5516 2172 5573 otio
2203 5521 2260 5573 et
2286 5516 2464 5571 victui
2492 5516 2942 5572 destinaverant.

2128 5609 2427 5663 Postremo
2456 5609 2674 5663 Auctor
2703 5605 2900 5660 noster
2924 5601 3196 5659 Judaeum
3228 5599 3694 5672 quemdam,ma-
