4106 6178
373 243 485 302 791

891 242 1418 304 TERTULLIANI
1464 243 1786 304 OPERUM
1832 243 2029 303 PARS
2078 244 2123 303 Ι.
2160 276 2240 288 —-
2272 245 2547 306 SERIES
2592 247 2640 317 Ι,
2688 224 3253 306 APOUOGETICA.

3618 196 3629 213 δ
3657 247 3773 307 792

383 368 602 423 ximum
654 369 910 439 profecto
980 369 1349 436 nebulonem,
1383 369 1674 436 exsibilat,
1725 370 1826 440 qui
1885 387 2018 425 cum
2054 380 2100 440 Α
2206 371 2403 442 Neque
2435 388 2604 442 porro
2637 389 2933 427 summam
2960 372 3118 427 illius
3143 372 3551 428 auctoritatem
3577 374 3784 441 repetit

382 456 695 511 bestiarius
722 460 896 526 esset,
932 458 1084 512 inter
1114 458 1282 512 ludos
1315 459 1636 523 Circenses,
1669 458 1725 511 in
1765 461 1894 524 ista,
1941 459 2025 511 in-

384 546 530 614 quit,
556 545 769 601 civitate
800 546 1116 601 novissime
1147 547 1354 611 editos,
1387 548 1661 601 tabellam
1696 547 2022 618 proposuit,

384 632 443 686 in
477 650 591 703 qua
617 634 806 705 pictus
830 636 1350 690 circumferebatur
1373 635 1524 689 Deus
1556 636 2025 689 Christianorum

385 721 624 776 auribus
656 723 921 787 asininis,
984 728 1164 778 altero
1215 725 1357 795 pede
1418 725 1757 795 ungulatus,
1808 724 2023 778 librum

384 817 640 880 gestans,
674 817 730 866 et
766 817 1022 883 togatus,
1074 829 1206 867 cum
1242 814 1345 867 hae
1395 813 1643 868 ridicula
1691 812 2023 883 inscriptio-

387 915 458 954 ne
491 916 503 953 :
538 902 677 955 Deus
707 900 1148 956 Christianorum
1186 904 1507 957 auos/metes.
1557 904 1664 958 Sed
1699 920 1875 975 quam
1918 903 2022 960 fal-

386 1002 451 1040 sa
483 990 849 1061 mendaxque
884 990 992 1044 fuit
1024 990 1141 1044 haec
1197 991 1445 1060 pictura,
1478 997 1598 1046 tam
1654 1010 1854 1048 verum
1904 999 2029 1047 erat

386 1078 457 1128 ab
478 1076 727 1131 ethnicis
772 1079 909 1132 deos
962 1079 1189 1132 adorari
1233 1078 1535 1135 hominum
1582 1081 2028 1153 belluarumque

383 1165 666 1221 membris
697 1168 1051 1238 compositos
1085 1170 1232 1238 (cap.
1262 1170 1368 1240 16).

452 1272 533 1325 Ne
580 1274 776 1325 autem
824 1272 998 1326 ethici
1054 1289 1247 1326 veram
1296 1274 1759 1329 Christianorum
1812 1276 2030 1330 doctri-

384 1376 519 1413 nam
551 1360 880 1414 voluntaria
907 1359 1289 1431 ignoratione,
1321 1366 1375 1416 et
1406 1362 1849 1433 impudentibus
1875 1379 2032 1418 more

388 1447 560 1502 solito
589 1449 910 1503 mendaciis
967 1449 1241 1520 deinceps
1289 1450 1813 1517 calumniarentur,
1871 1451 2031 1506 illam

392 1535 790 1591 Tertullianus
822 1554 1056 1593 summa
1095 1555 1225 1593 cum
1264 1538 1564 1605 brevitate,
1614 1544 1737 1593 tum
1789 1541 2032 1595 sinceri-

396 1629 514 1678 tate
544 1626 628 1679 sic
656 1627 891 1696 exponit
923 1644 934 1681 :
975 1632 1142 1695 Deus,
1177 1627 1569 1698 inquit,quem
1603 1628 2034 1691 colimus,unus

2133 476 2200 514 ex
2231 461 2338 514 hac
2371 465 2601 515 tantum
2636 462 3005 531 antiquitate,
3048 463 3145 515 sed
3183 478 3247 515 co
3298 461 3573 529 maxime,
3631 462 3779 528 quod

2136 548 2306 619 plane
2350 549 2545 604 divina
2601 550 2696 604 sit.
2756 552 2838 604 Ab
2896 550 3049 603 illius
3108 564 3362 620 namque
3421 550 3783 615 auctoribus,

2136 637 2330 692 divino
2361 639 2578 709 Spiritu
2613 639 2849 702 afflatis.
2883 639 3085 693 mundi
3119 639 3312 693 clades
3359 638 3589 708 aliaque
3618 637 3787 708 plura

2138 727 2411 797 pradicta
2442 734 2599 793 sunt,
2634 744 2760 799 quae
2795 744 2991 782 revera
3022 727 3301 782 accidisse
3354 727 3785 799 cognoscimus.

2136 814 2415 870 Dubitare
2445 816 2685 886 proinde
2715 816 2785 871 de
2816 816 3038 870 caeteris
3073 834 3183 871 non
3221 816 3527 881 debemus,
3552 832 3682 886 quas
3713 817 3790 870 ab

2136 903 2208 959 iis
2262 906 2650 975 prienuntiata
2708 922 2941 976 quoque
3001 904 3254 959 fuerunt.
3315 906 3523 959 Ratum
3588 906 3793 975 itaque

2138 993 2436 1064 ﬁxumque
2468 1010 2595 1049 esse
2627 995 2799 1049 debet
2856 1010 3038 1048 unum
3099 994 3403 1058 duntaxat,
3458 993 3561 1063 qui
3594 994 3667 1047 ab
3699 994 3791 1048 eis

2139 1081 2362 1150 passim
2390 1083 2760 1152 praedicatur,
2793 1083 2971 1137 Deum
3005 1082 3269 1152 existere,
3297 1097 3613 1152 veramque
3658 1098 3794 1137 esse

2140 1170 2529 1225 Christianam
2558 1171 2922 1242 religionem,
2963 1188 3088 1243 quas
3132 1170 3290 1227 hisce
3347 1170 3581 1225 illorum
3615 1168 3791 1224 libris

2140 1258 2381 1313 suffulta
2410 1265 2497 1314 est
2526 1262 2674 1331 (cap.
2703 1261 2812 1328 20).

2211 1366 2318 1419 Sed
2353 1368 2477 1419 tum
2509 1365 2893 1436 insurgebant
2921 1365 3160 1431 ethnici,
3205 1382 3269 1421 ac
3318 1364 3795 1421 vociferabantur

2144 1452 2428 1507 novellam
2498 1469 2622 1508 esse
2672 1453 2819 1507 hanc
2896 1453 3235 1524 religionem
3299 1452 3790 1518 christianorum,

2144 1539 2244 1609 qui
2277 1557 2309 1593 τι
2338 1541 2603 1609 Judaica,
2636 1545 2693 1597 et
2724 1542 2958 1597 nomine
2988 1548 3045 1597 et
3063 1542 3291 1608 ritibus,
3326 1541 3494 1612 plane
3526 1541 3791 1611 penitus-

2144 1646 2257 1700 que
2286 1630 2714 1701 discrepabant.
2748 1631 2961 1685 Verum
3002 1629 3094 1684 his
3136 1630 3449 1701 respondet
3477 1628 3789 1684 Tertullia-

397 1716 504 1781 est,
540 1714 639 1783 qui
673 1716 960 1769 mundum
1020 1716 1380 1784 universum,
1430 1716 1487 1769 in
1537 1732 1659 1770 suas
1708 1716 2037 1786 majestatis
2069 1737 2114 1801 Β
2145 1735 2255 1773 nus
2308 1719 2539 1773 Judzeos
2597 1735 2833 1774 summa
2890 1718 3161 1773 felicitate
3229 1719 3427 1773 tandiu
3489 1718 3787 1784 ﬂoruisse,

398 1809 831 1868 ornamentum,
888 1820 954 1858 ex
1002 1805 1184 1858 nihilo
1235 1804 1465 1858 creavit.
1517 1805 1793 1868 Quamvis
1841 1811 2035 1860 autem

395 1900 801 1966 cognoscatur,
832 1894 1145 1948 invisibilis
1189 1898 1386 1947 tamen
1425 1898 1533 1957 est,
1584 1894 2033 1963 inrestimabilis,

394 1982 743 2052 immensus,
777 2000 842 2036 ac
873 1982 984 2037 sibi
1018 1980 1124 2036 soli
1154 1985 1354 2036 tantus
1385 1987 1639 2053 quantus
1695 1988 1803 2048 est,
1838 1983 2033 2054 cogni-

392 2076 508 2127 tus.
548 2073 710 2126 Hunc
742 2088 873 2126 vero
903 2087 1085 2125 unum
1119 2085 1439 2141 verumque
1486 2072 1666 2125 Deum
1713 2089 1904 2127 revera
1934 2088 2033 2127 ex-

388 2159 594 2216 sistere
626 2161 1033 2215 demonstrant
1064 2163 1120 2214 et
1151 2160 1430 2227 mundus,
1471 2164 1528 2214 et
1584 2164 1787 2214 castera
1813 2161 2028 2228 omnia,

388 2266 513 2321 quae
543 2250 717 2305 verbo
748 2248 871 2303 fieri
919 2248 1121 2318 jussit,
1184 2249 1405 2303 ratione
1437 2249 1765 2319 composuit
1814 2266 1880 2304 ac
1913 2250 2031 2304 vir-

385 2343 504 2393 tute
536 2355 643 2394 sua
674 2338 952 2393 condidit.
1003 2338 1152 2402 Quin
1197 2337 1371 2392 etiam
1420 2337 1563 2392 illud
1596 2339 2032 2393 evidentissima

386 2428 800 2498 comprobatur
831 2426 1163 2482 testimonio
1196 2429 1402 2480 animas
1436 2429 2032 2491 nostrae,naturaliter

386 2516 751 2579 Christianas,
794 2532 922 2586 qua:
969 2516 1026 2568 in
1061 2531 1410 2586 quocunque
1468 2517 1587 2571 sive
1645 2516 2029 2581 infirmitatis,

388 2604 507 2658 sive
538 2604 766 2672 erroris,
801 2605 921 2658 sive
953 2620 1139 2675 pravae
1172 2604 1433 2659 libidinis
1477 2610 1632 2659 statu
1682 2606 1779 2673 sit,
1813 2606 1911 2660 ubi
1942 2622 2028 2659 re-

390 2692 637 2763 sipiscit,
666 2696 765 2747 aut
796 2692 943 2748 redit
968 2693 1038 2746 ad
1071 2708 1132 2747 se
1160 2693 1369 2763 ipsam,
1407 2710 1518 2747 non
1553 2694 1820 2759 deos,sed
1848 2711 2029 2749 unum

390 2780 719 2835 conclamat
754 2781 961 2848 Deum,
1022 2796 1275 2851 eumque
1326 2780 1588 2850 judicem
1646 2785 2028 2837 contestatur.

388 2870 538 2940 (cap.
575 2870 681 2940 17).

457 2959 572 3014 Νθθ
604 2959 801 3014 minus
831 2959 1069 3013 evidens
1100 2958 1307 3013 divinas
1338 2958 1687 3014 exsistentias
1718 2975 2031 3031 argumen-

381 3051 511 3103 tum
542 3048 873 3103 desumitur
904 3064 970 3102 ex
1001 3047 1182 3103 sacris
1211 3047 1437 3102 Veteris
1474 3048 1827 3102 Testamenti
1861 3047 2026 3103 libris

384 3138 483 3209 qui
516 3138 714 3209 scripti
744 3142 881 3191 sunt
911 3154 943 3191 a
971 3136 1110 3190 viris
1138 3136 1331 3190 divino
1363 3137 1578 3206 Spiritu
1625 3138 1940 3206 inundatis,
1972 3143 2028 3192 et

384 3224 485 3296 qui
512 3226 730 3295 scripta
758 3242 866 3280 sua
892 3224 1070 3279 variis
1100 3225 1371 3294 verisque
1393 3224 1694 3280 miraculis
1725 3226 2031 3280 conﬁrma-

381 3328 537 3367 vere.
569 3313 851 3368 Aristmus
883 3317 1077 3367 autem
1110 3313 1456 3368 testiﬁcatur
1486 3313 1659 3368 hosce
1686 3313 1886 3378 libros,
1917 3316 2023 3369 He-

388 3400 586 3455 braico
618 3401 872 3471 primum
905 3417 1176 3456 sermone
1209 3403 1586 3470 compositos,
1636 3402 1695 3455 in
1742 3403 2028 3470 Graecum,

390 3494 739 3561 procurante
789 3490 1092 3543 Ptolemaeo
1152 3489 1551 3559 Philadelpho,
1588 3506 1652 3545 ao
1694 3492 2031 3546 Menedemo

390 3578 733 3648 probante,a
762 3578 1130 3648 septuaginta
1147 3578 1367 3633 Judzeis
1398 3594 1631 3633 summa
1658 3579 1770 3634 fide
1793 3596 2033 3634 conver-

394 3682 491 3719 sos
542 3664 743 3719 fuisse.
789 3667 937 3719 Tum
992 3670 1184 3721 autem
1234 3665 1426 3720 adhuc
1480 3668 1931 3723 asservabantur
1972 3668 2031 3723 in

394 3753 686 3808 Ptolemaei
711 3753 1060 3808 bibliotheca
1106 3754 1405 3809 Hebraicis
1437 3760 1495 3809 et
1554 3755 1766 3810 Graecis
1824 3757 2032 3812 litteris

392 3842 634 3905 exarati,
667 3858 814 3913 quos
845 3842 1027 3897 Judaei
1081 3842 1330 3913 singulis
1388 3844 1717 3915 quibusque
1773 3845 2034 3900 sabbatis

391 3932 586 4002 palam
618 3931 1224 3987 lectitabantNullum
1256 3948 1392 4003 ergo
1424 3933 1495 3986 de
1525 3931 1757 3987 illorum
1791 3934 2034 3988 veritate

392 4022 566 4092 atque
596 4019 929 4092 integritate
960 4020 1205 4075 dubium
1238 4037 1366 4075 esse
1396 4025 1622 4091 poterat
1652 4024 1796 4093 (cap.
1832 4022 1940 4091 18).

460 4126 774 4182 Maximam
825 4131 1019 4181 autem
1061 4126 1295 4182 illorum
1345 4129 1747 4183 auctoritatem
1778 4128 2036 4183 vindicat

391 4214 729 4286 antiquitas.
764 4215 910 4270 Nam
944 4215 1118 4270 unius
1146 4217 1441 4287 prophetas
1492 4216 1798 4283 scrinium,
1832 4216 1888 4269 id
1922 4222 2031 4283 est,

394 4304 603 4376 Moysis
633 4303 787 4371 libri,
821 4304 1043 4359 caeteris
1074 4304 1382 4376 gentilium
1417 4304 2030 4372 commentationibus,

393 4393 528 4462 diis,
561 4392 820 4464 templis,
853 4392 1128 4461 oraculis,
1162 4392 1489 4462 sacris,imo
1521 4394 1794 4448 omnibus
1822 4394 2033 4448 Griecis

2148 1807 2406 1877 quandiu
2463 1806 2679 1878 insigni
2746 1824 2853 1862 sua
2898 1806 3153 1877 justitia,
3213 1823 3279 1861 ac
3320 1806 3789 1878 patriarcharum

2146 1896 2280 1960 ﬁde,
2312 1895 2559 1966 gratiam
2598 1895 2690 1949 Dei
2739 1900 3209 1966 promeruerunt.
3265 1896 3576 1966 Postquam
3626 1912 3785 1964 vero,

2145 1983 2502 2039 conculcatis
2534 1983 2694 2038 illius
2726 1983 2975 2055 legibus,
3005 1984 3262 2038 maxima
3291 1986 3346 2038 in
3398 1983 3618 2039 scelera
3648 2000 3786 2055 pro-

2141 2071 2289 2144 lapsi
2312 2079 2469 2139 sunt,
2501 2072 2557 2127 in
2591 2089 2791 2128 eorum
2824 2090 3051 2145 pmnam
3085 2072 3791 2144 dispersi,palabundi,ao

2142 2161 2268 2216 coeli
2302 2162 2531 2232 solique
2572 2165 2831 2216 extorres
2890 2162 2971 2215 ita
2998 2166 3303 2234 vagantur,
3362 2166 3427 2216 ut
3482 2160 3627 2232 ipsis
3685 2178 3791 2233 pa-

2140 2250 2314 2305 triam
2348 2266 2515 2305 suam
2568 2250 2809 2319 vestigio
2869 2251 3078 2305 saltem
3138 2251 3394 2306 salutare
3436 2267 3789 2306 concessum

2144 2356 2256 2395 non
2312 2340 2504 2394 fuerit.
2538 2340 2611 2393 At
2664 2354 2777 2393 non
2813 2339 2932 2394 haec
2980 2344 3210 2394 tantum
3245 2357 3278 2394 a
3308 2342 3492 2395 sacris
3547 2339 3789 2394 illorum

2139 2429 2369 2482 vatibus
2402 2426 2678 2499 prmdicta
2708 2431 2866 2497 sunt,
2900 2428 3001 2482 sed
3036 2428 3298 2482 futurum
3340 2443 3573 2499 quoque
3602 2427 3789 2482 alium

2141 2515 2451 2588 populum,
2505 2516 2563 2569 in
2628 2532 2803 2586 quem
2862 2514 3018 2570 Deus
3076 2517 3379 2586 majorem,
3440 2533 3615 2587 quam
3667 2516 3793 2571 illis

2140 2605 2387 2674 gratiam
2424 2605 2779 2659 transferret.
2841 2605 3109 2659 Christus
3162 2621 3294 2660 vero
3354 2604 3549 2660 selecti
3606 2605 3790 2674 hujus

2140 2691 2340 2761 populi
2374 2691 2610 2757 arbiter,
2643 2691 3038 2761 magisterque
3068 2696 3177 2759 est,
3210 2692 3282 2746 ab
3316 2692 3521 2746 iisdem
3554 2708 3791 2764 quoque

2140 2778 2445 2849 prophetis
2478 2780 2924 2847 przenuntiatus.
2957 2780 3028 2834 Et
3066 2781 3116 2834 is
3149 2779 3384 2849 quidem
3421 2780 3789 2850 philosophis

2139 2868 2355 2922 Zenoni
2384 2871 2440 2922 et
2464 2867 2725 2921 Cleanthi
2762 2884 2873 2921 non
2908 2867 3077 2938 plane
3108 2868 3461 2940 incognitus,
3490 2869 3591 2924 Dei
3623 2867 3788 2941 λὸγος

2141 2971 2357 3019 sermo,
2409 2956 2578 3016 ratio,
2629 2955 2858 3026 sophia,
2909 2957 3217 3027 sapientia,
3271 2973 3557 3029 verusque
3608 2958 3789 3012 Filius

2141 3049 2247 3099 est.
2284 3044 2405 3098 Non
2438 3044 2595 3098 enim
2642 3045 2969 3109 hominum,
3002 3050 3103 3099 aut
3153 3045 3511 3100 factitiorum
3541 3047 3784 3101 deorum

2140 3148 2321 3197 more,
2353 3132 2453 3187 sed
2506 3133 2661 3188 sicut
2717 3132 2916 3187 radius
2973 3150 3041 3188 ex
3095 3134 3237 3198 sole,
3280 3135 3360 3188 ita
3416 3134 3661 3205 spiritus
3719 3151 3788 3189 ex

2139 3222 2376 3293 spiritu,
2407 3226 2463 3276 et
2512 3222 2712 3277 lumen
2744 3222 2813 3276 de
2847 3222 3066 3276 lumine
3096 3223 3353 3292 genitus,
3384 3239 3495 3277 non
3548 3224 3789 3278 recessit

2140 3310 2466 3378 amatrice,
2523 3311 2621 3364 sed
2684 3312 2766 3363 ita
2822 3311 3089 3376 excessit,
3124 3316 3189 3365 ut
3248 3327 3361 3365 non
3419 3317 3790 3382 separetura

2141 3400 2466 3455 substantia
2500 3401 2591 3454 sui
2624 3398 2829 3464 Patris,
2862 3416 2895 3453 a
2927 3415 3040 3469 quo
3071 3399 3220 3454 alter
3250 3399 3508 3467 modulo,
3538 3418 3654 3455 non
3683 3418 3790 3455 nu-

2142 3504 2323 3555 mero,
2358 3489 2539 3558 gradu
2574 3504 2687 3541 non
2721 3492 2901 3551 statu,
2936 3505 3091 3543 unus
3131 3489 3370 3543 omnino
3404 3505 3535 3544 cum
3568 3489 3669 3545 illo
3700 3496 3790 3543 est

2144 3580 2313 3630 Deus.
2344 3576 2570 3629 Statuto
2610 3576 2821 3631 dehinc
2863 3581 3123 3647 tempore
3173 3576 3483 3648 prolapsus
3516 3578 3573 3632 in
3605 3577 3785 3649 virgi-

2144 3681 2297 3731 nem,
2331 3664 2505 3719 bomo
2537 3665 2650 3720 Deo
2684 3664 2897 3719 mistus
2927 3665 3115 3719 factus
3149 3666 3278 3722 fuit.

2215 3770 2297 3824 Ad
2332 3770 2513 3825 aniles
2542 3787 2673 3825 vero
2722 3770 2949 3826 fabulas
2994 3769 3112 3825 haec
3153 3772 3391 3842 rejicere
3448 3788 3562 3826 non
3623 3775 3789 3842 pote-

2143 3864 2274 3915 rant
2305 3876 2493 3930 nsque
2542 3858 2811 3932 gentiles,
2846 3860 2945 3930 qui
2995 3860 3218 3915 similes
3276 3859 3421 3916 alias
3480 3860 3785 3928 tinxerant,

2142 3964 2331 4019 neque
2360 3947 2570 4015 Judaei,
2603 3949 2698 4018 qui
2733 3953 3010 4003 noverant
3049 3948 3214 4004 illum
3248 3966 3281 4003 a
3310 3949 3437 4005 suis
3484 3947 3788 4019 prophetis

2142 4037 2499 4109 promissum
2534 4038 2735 4094 fuisse.
2759 4037 2904 4093 Nam
2929 4037 2991 4091 bi
3020 4037 3079 4092 in
3104 4053 3169 4093 eo
3192 4038 3490 4103 errabant,
3516 4037 3674 4107 quod
3698 4051 3785 4101 ea,

2143 4143 2270 4198 quae
2300 4126 2361 4180 in
2391 4126 2462 4180 iis
2513 4126 2694 4181 sacris
2725 4126 3045 4197 Scripturis
3078 4128 3148 4180 de
3190 4126 3377 4197 primo
3426 4129 3483 4180 et
3531 4124 3784 4180 secundo

2140 4214 2304 4271 illius
2336 4215 2584 4270 adventu
2618 4214 2774 4270 dicta
2813 4219 2970 4282 sunt,
3006 4230 3120 4270 non
3169 4211 3587 4285 intelligentes,
3619 4211 3784 4267 illum

2144 4304 2213 4358 ad
2248 4320 2355 4359 nos
2400 4304 2525 4374 jam
2586 4304 2814 4359 venisse
2873 4303 3307 4359 inficiabantur.
3341 4303 3529 4357 Tanta
3590 4304 3784 4355 autem

2145 4397 2267 4447 erat
2322 4409 2522 4447 eorum
2583 4391 2834 4458 caecitas,
2884 4392 3255 4463 perversitas,
3298 4395 3355 4446 et
3407 4389 3693 4462 nequitia,
3723 4393 3788 4444 ut

398 4456 547 4536 713
570 4456 1026 4544 characteribus,
1072 4456 1136 4535 ac
1192 4456 1485 4551 plerisque
1544 4482 1817 4553 gentibus
1850 4487 1904 4535 et
1937 4500 2031 4536 ur-
2064 4456 2110 4519 D
2143 4482 2297 4537 hunc
2331 4480 2531 4551 magia
2562 4456 2987 4545 accusaverint,
3020 4480 3119 4551 qui
3168 4456 3339 4535 editis
3396 4456 3697 4535 miraculis
3726 4494 3785 4532 se

393 4569 564 4625 bibus
592 4571 1127 4626 vetustioressunt.
1152 4573 1295 4622 Nam
1324 4570 1373 4624 is
1401 4570 1866 4641 Moyses,lnacho
1889 4586 2033 4625 cos:-

391 4675 521 4727 vus,
554 4677 669 4713 non
704 4660 875 4714 modo
909 4658 1225 4712 Homerum
1261 4662 1313 4711 et
1347 4658 1561 4713 Priami
1622 4658 1867 4727 cladem,
1931 4660 2030 4714 sed

390 4748 857 4803 vetustissimum
878 4763 1110 4817 quoque
1132 4746 1395 4801 Danaum
1419 4752 1587 4803 astate
1606 4747 1777 4819 longe
1798 4752 2033 4819 superat

391 4837 590 4892 Crateri
622 4852 754 4890 vero
808 4834 1123 4906 prophetis,
1182 4835 1290 4890 etsi
1350 4834 1448 4891 illo
1509 4837 1881 4907 posteriores,
1916 4853 2032 4891 non

384 4923 547 4979 brevi
572 4927 763 4977 tamen
799 4923 1081 4993 temporis
1112 4923 1419 4979 intervallo
1456 4925 1683 4980 Graecos
1717 4925 2029 4996 sapientes,

382 5010 654 5081 legiferos
710 5015 764 5066 et
816 5011 1125 5068 historicos
1186 5015 1559 5068 antecedunt.
1624 5014 1768 5077 Quia
1808 5029 1941 5068 vero
1973 5014 2031 5068 id

396 5100 547 5170 quod
610 5102 883 5156 omnibus
941 5104 1187 5172 probatu
1246 5102 1593 5157 facillimum
1625 5107 1731 5172 est,
1761 5118 2031 5159 enarrare

385 5188 619 5259 longius
657 5190 817 5257 foret,
868 5190 1263 5245 Tertullianus
1314 5191 1464 5245 hanc
1510 5192 1911 5262 probationem
1943 5192 2031 5246 id-

391 5278 542 5334 circo
577 5278 817 5333 missam
874 5279 1142 5345 fecit,ita
1173 5284 1366 5335 tamen
1429 5284 1493 5333 ut
1550 5280 1738 5334 fontes
1797 5279 2029 5347 indicet,

391 5366 646 5439 citctque
676 5368 866 5423 varios
888 5368 1222 5439 scriptores,
1256 5384 1322 5422 ex
1353 5369 1566 5440 quibus
1598 5368 1698 5424 illa
1723 5368 2032 5441 Scripturis

394 5474 569 5514 sacras
614 5458 936 5527 antiquitas
993 5457 1312 5530 unicuique
1367 5457 1852 5513 manifestissima
1910 5457 2033 5513 ﬁeri

393 5551 588 5621 potest
619 5548 765 5619 (cap.
802 5546 910 5617 19).

2141 4569 2320 4643 Λόγον
2356 4570 2449 4625 Dei
2487 4569 2679 4641 palam
2710 4569 3074 4625 ostendebat.
3096 4570 3237 4625 Cum
3265 4584 3400 4624 vero
3426 4567 3648 4624 cmlesti
3681 4583 3786 4622 sua

2143 4659 2408 4714 doctrina
2440 4658 2726 4730 plurimos
2757 4659 2827 4713 ad
2862 4674 2923 4714 se
2954 4657 3234 4724 alliceret,
3266 4662 3404 4712 tunc
3440 4655 3783 4728 exasperati,

2141 4748 2307 4802 illum
2342 4747 2681 4803 obtulerunt
2703 4746 2905 4802 Pontio
2936 4746 3145 4812 Pilato,
3173 4749 3322 4802 714
3354 4747 3427 4802 ab
3458 4762 3644 4817 eoque
3674 4745 3786 4799 vio-

2143 4836 2322 4891 lentia
2352 4835 2760 4907 suffragiorum
2795 4839 3182 4902 extorserunt,
3209 4839 3271 4890 ut
3302 4835 3481 4904 cruci,
3506 4833 3783 4906 quemad-

2143 4926 2380 4980 modum
2439 4924 2535 4979 ilie
2595 4924 2981 4995 praedixerat,
3041 4925 3394 4996 afﬁgeretur.
3458 4927 3533 4978 Eo
3593 4928 3784 4978 autem

2143 5015 2445 5085 moriente,
2476 5015 2629 5069 facta
2658 5018 2747 5067 est
2776 5012 3012 5068 insolita
3042 5013 3216 5085 plane
3247 5012 3388 5068 solis
3419 5012 3689 5077 defectio,
3717 5010 3783 5065 ab

2143 5103 2352 5158 iisdem
2382 5103 2624 5169 Judaeis,
2653 5103 2749 5173 qui
2799 5119 2924 5157 eam
2960 5120 2993 5158 a
3024 5102 3325 5174 prophetis
3377 5101 3783 5156 annuntiatam

2142 5192 2499 5261 nesciebant,
2526 5194 2586 5246 in
2615 5192 2838 5246 arcani:
2868 5192 2993 5247 suis
3026 5192 3338 5262 descripta.
3362 5191 3446 5246 Ab
3477 5188 3594 5245 illis
3618 5203 3784 5261 porro

2144 5298 2355 5352 corpus
2387 5283 2514 5351 ejus
2548 5280 2814 5352 sepulcro
2847 5286 2934 5335 est
2966 5280 3288 5336 conditum.
3314 5279 3424 5335 Sed
3453 5295 3588 5334 cum
3622 5277 3783 5333 tertia

2143 5370 2237 5425 die
2294 5368 2643 5425 mirabiliter
2694 5370 3132 5438 resurrexisset,
3187 5371 3533 5441 subreptum
3584 5383 3616 5421 a
3662 5366 3780 5421 dis-

2142 5455 2356 5527 cipulis
2408 5456 2840 5525 jactitaverunt.
2872 5459 2946 5512 At
2984 5456 3081 5511 ille
3128 5456 3418 5512 redivivus
3474 5454 3664 5509 turbis
3723 5468 3782 5507 se

2146 5544 2446 5615 subduxit,
2466 5560 2531 5600 ao
2561 5560 2664 5616 per
2692 5545 2817 5602 dies
2847 5544 3239 5617 quadraginta
3268 5560 3402 5601 cum
3425 5541 3779 5616 quibusdam
