4106 6178
261 306 372 364 793

978 309 1056 368 ΙΝ
1102 309 1708 374 APOLOGETICUM
1756 314 1826 371 D.
1877 314 1975 372 LE
2021 314 2345 374 NOURRY
2395 314 2936 375 DISSERTATIO.

3538 320 3668 378 ⁵194

261 436 569 507 discipulis
599 443 996 505 conversatus,
1028 459 1126 497 eos
1173 444 1437 499 doctrina
1470 446 1686 516 ubique
1716 443 1899 498 divul-
1935 452 1984 515 Α
2015 449 2071 499 et
2100 446 2313 517 singuli
2348 448 2394 501 si
2427 448 2639 517 petenti
2665 447 2996 503 Christiano
3019 448 3115 517 qui
3141 448 3346 509 sint,se
3377 449 3675 505 daemones

260 526 449 594 ganda
481 526 709 594 imbuit,
745 545 808 581 ac
858 535 987 599 post
1030 531 1144 585 haec
1175 533 1531 589 circumfusa
1576 535 1730 588 nube
1761 550 1906 587 con-

260 614 483 668 scendit
513 616 571 668 in
606 615 833 671 caelum.
860 617 1081 674 Pilatus
1104 623 1366 693 vero,qui
1390 628 1527 677 tunc
1549 622 1908 677 conscientia

258 702 625 759 Christianus
656 710 799 774 erat,
832 721 898 759 ea
940 709 1137 762 omnia
1187 710 1477 767 nuntiavit
1520 711 1771 774 Tiberio,
1804 710 1907 781 qui
1946 736 1949 741 -

259 790 494 859 quidem
555 792 779 848 Christo
832 796 1194 863 credidisset,
1258 799 1368 853 nisi
1428 800 1638 855 fuisset
1695 800 1905 866 Cmsar,

258 881 715 952 imperassetque
781 883 1055 940 ethnicis.
1124 890 1336 942 Verum
1399 889 1665 944 saeviores
1718 888 1906 943 Judaei

257 968 570 1039 discipulos
609 970 841 1040 Christi,
890 975 1164 1029 traditam
1209 977 1320 1031 sibi
1369 978 1441 1031 ab
1481 994 1545 1033 eo
1578 977 1905 1032 doctrinam

259 1057 653 1125 praedicantes,
703 1060 1106 1119 crudelissime
1149 1065 1530 1134 divexarunt;
1592 1080 1910 1137 eorumque

256 1149 601 1218 sanguinem
633 1150 779 1206 Nero
812 1151 1037 1223 primus
1064 1158 1251 1211 Romae
1275 1158 1497 1213 alludit.

326 1258 502 1310 Porro
545 1262 741 1311 autem
786 1259 1186 1316 Tertullianus
1234 1269 1572 1319 constanter
1618 1269 1912 1321 asseverat

254 1343 406 1397 hanc
446 1360 640 1399 veram
691 1361 818 1401 esse
866 1347 1207 1405 Christianae
1252 1352 1528 1408 doctrinm
1583 1370 1904 1418 summam,

254 1447 359 1485 nec
392 1449 564 1503 posse
604 1433 717 1488 sibi
748 1435 820 1489 ab
852 1437 1101 1492 ethnicis
1136 1439 1305 1495 tidem
1340 1442 1627 1513 abrogari.
1664 1447 1911 1497 Persua-

250 1535 383 1574 sum
434 1520 720 1590 siquidem
784 1522 1099 1580 Christiani
1178 1530 1412 1598 penitus
1474 1530 1769 1585 habebant
1829 1532 1913 1584 fas
1989 1570 2000 1581 .

251 1609 479 1663 nemini
540 1625 794 1680 unquam
845 1613 1051 1681 fuisse,
1087 1618 1385 1687 multoque
1439 1619 1634 1673 minus
1681 1619 1789 1673 sibi
1827 1636 1913 1674 re-

250 1697 490 1769 ligionis
557 1718 674 1756 sua:
723 1704 1078 1760 documenta
1135 1707 1586 1777 declarantibus,
1658 1710 1911 1765 mentiri.

2016 551 2145 589 esse
2215 552 2326 589 non
2399 537 2712 603 fateantur,
2775 553 2877 608 per
2932 536 3353 591 Tertullianum
3414 537 3549 592 licet
3606 543 3670 593 ut

2014 623 2169 680 illico
2205 625 2485 679 fundatur
2513 626 2772 695 ejusdem
2805 626 3107 679 christiani
3142 626 3401 697 sanguis.
3429 628 3501 681 At
3523 627 3673 682 nihil

2015 712 2183 783 plane
2232 714 2339 768 hac
2390 714 2885 768 demonstratione
2939 719 3027 768 est
3079 714 3428 785 simplicius,
3482 717 3675 770 mani-

2017 802 2224 857 festiue
2256 808 2313 857 et
2343 803 2658 857 efficacius.
2721 802 2821 856 Vel
2872 802 3025 857 enim
3080 803 3392 857 mentietur
3422 805 3673 860 daemon:

2016 896 2072 947 et
2119 892 2262 946 deus
2307 909 2419 945 non
2466 898 2555 945 est
2601 908 2613 947 :
2665 891 2753 946 vel
2805 908 2937 946 vera
2995 891 3167 959 dicet,
3200 909 3264 945 ac
3316 893 3553 961 proinde
3595 893 3675 947 dii

2016 996 2214 1034 revera
2256 981 2549 1035 daemones
2581 986 2741 1035 sunt.
2775 980 3118 1051 Quicunque
3167 996 3302 1051 ergo
3346 980 3466 1036 haec
3498 998 3530 1035 a
3560 980 3677 1036 diis

2020 1068 2169 1122 facta
2189 1068 2416 1135 dixerit,
2444 1069 2491 1123 is
2521 1073 2759 1133 asserat,
2779 1084 3014 1124 necesse
3045 1074 3133 1123 est
3163 1067 3294 1123 illos
3325 1067 3678 1123 Christianis

2018 1173 2146 1212 esse
2184 1157 2502 1226 subjectos,
2535 1163 2710 1227 atque
2742 1157 2955 1211 idcirco
2990 1163 3107 1211 tam
3152 1156 3329 1212 falsos
3377 1173 3506 1212 esse
3538 1158 3679 1212 deos

2019 1262 2192 1315 quam
2218 1262 2348 1300 vera
2379 1253 2467 1300 est
2488 1245 2948 1301 Christianorum
2982 1245 3201 1317 religio.
3226 1246 3427 1301 Omnis
3459 1246 3678 1319 quippe

2020 1334 2139 1388 haec
2189 1339 2446 1405 potestas
2495 1336 2682 1389 oritur
2729 1352 2791 1389 ex
2844 1334 3055 1389 Christi
3104 1335 3359 1400 nomine,
3394 1352 3509 1405 quo
3563 1336 3677 1390 daa-

2025 1439 2243 1487 mones,
2269 1423 2338 1477 ab
2372 1421 2487 1476 illis
2521 1424 2794 1493 adjurati,
2821 1424 2891 1478 de
2922 1423 3179 1478 obsessis
3210 1424 3517 1478 hominum
3551 1440 3676 1478 cor-

2022 1511 2262 1582 poribus
2307 1518 2597 1583 coguntur
2648 1529 2761 1565 non
2814 1512 3003 1567 solum
3058 1511 3229 1581 exire,
3282 1513 3381 1567 sed
3435 1513 3681 1583 insuper

2022 1599 2186 1653 fateri
2233 1618 2293 1654 se
2342 1601 2481 1655 deos
2534 1618 2648 1656 non
2696 1618 2845 1665 esse,
2898 1602 2997 1655 sed
3045 1601 3382 1655 immundos
3415 1602 3677 1672 spiritus,

2024 1689 2095 1742 ob
2127 1688 2413 1743 malitiam
2450 1706 2616 1743 suam
2652 1690 3101 1759 praedamnatos,
3128 1690 3366 1743 unicum
3393 1706 3521 1744 vero
3552 1706 3682 1744 esse

252 1790 402 1851 Quid
438 1804 573 1859 ergo
606 1792 661 1845 in
694 1792 798 1846 hac
828 1810 1029 1849 eorum
1064 1795 1339 1860 religione
1380 1802 1435 1852 et
1482 1798 1640 1853 cultu
1694 1805 1916 1870 poterat
1949 1824 1995 1887 B
2025 1777 2243 1887 De‘um;
2265 1794 2329 1887 “Ac
2374 1793 2515 1887 verat
2550 1778 2795 1887 [ideircfn
2820 1794 2947 1887 eis:
2978 1796 3099 1846 ηυδε
3149 1779 3219 1832 de
3248 1777 3474 1832 Chrisw
3506 1778 3679 1849 Palllo

255 1891 387 1930 esse
420 1878 581 1946 mali,
615 1880 714 1949 qui
747 1884 927 1935 Deum
962 1900 994 1936 a
1023 1899 1084 1936 se
1118 1900 1218 1954 per
1246 1885 1542 1941 Christum
1584 1887 1692 1941 coli
1728 1887 1915 1959 palam

259 1964 651 2019 asserebant?
680 1966 881 2023 Nonne
910 1970 1091 2024 Judaei
1122 1971 1303 2026 Deum
1340 1989 1441 2042 per
1464 1974 1718 2046 Moysem
1744 1992 1918 2030 vene-

260 2053 566 2131 rabantur,
618 2071 684 2110 ac
730 2057 975 2125 gentiles
1031 2059 1207 2113 Graeci
1269 2078 1368 2131 per
1429 2062 1573 2118 alios
1632 2064 1917 2133 homines,

258 2140 507 2196 Romani
552 2159 682 2197 vero
715 2161 815 2215 per
844 2149 1092 2201 Numam
1146 2149 1493 2220 Pompilium
1546 2154 1919 2223 superstitio-

260 2230 440 2285 nibus
487 2233 611 2287 suis
668 2231 883 2289 initiati
935 2236 1117 2290 sunt?
1148 2238 1535 2302 Quaerendum
1569 2242 1764 2311 potius
1797 2248 1921 2298 erat

258 2324 461 2374 utrum
493 2337 628 2375 vera
661 2321 738 2377 sit
768 2323 983 2378 Christi
1007 2325 1302 2390 divinitas,
1329 2344 1441 2398 qua
1471 2330 1724 2400 cognita,
1749 2331 1919 2386 homo

266 2408 325 2462 in
372 2409 582 2463 melius
614 2412 964 2467 reformatur
994 2414 1145 2485 (cap.
1176 2416 1288 2485 21).

336 2499 664 2552 Credebant
723 2505 999 2570 presteres
1056 2502 1366 2559 Christiani
1419 2523 1546 2562 esse
1605 2509 1919 2573 daemones,

264 2585 659 2678 philosophis,
718 2604 787 2644 ac
846 2589 1219 2678 potissimum
1278 2595 1496 2649 Socrati
1551 2612 1616 2649 ac
1680 2596 1918 2678 Zenoni,

258 2676 450 2745 poetis
481 2681 654 2745 atque
706 2677 893 2747 magis
937 2677 1091 2733 haud
1140 2682 1490 2753 incognitas,
1525 2701 1668 2755 quos
1719 2676 1922 2754 vulgus

258 2765 642 2831 exsecranda,
676 2771 777 2820 aut
808 2766 937 2821 aliis
990 2768 1386 2825 maledicendo
1434 2772 1681 2827 invocat.
1718 2774 1784 2827 Hi
1818 2791 1921 2828 au-

255 2858 381 2906 tem
414 2852 754 2923 spiritaalis,
796 2854 949 2910 sicut
978 2856 1187 2926 angeli,
1221 2865 1361 2913 sunt
1403 2861 1765 2928 substantias,
1819 2862 1920 2915 sed

258 2940 317 2993 in
365 2946 671 3010 peccatum
716 2942 994 3013 prolapsi,
1048 2945 1290 3001 exitium
1325 2947 1581 3002 hominis
1614 2950 1684 3002 ab
1718 2936 1921 3004 mundi

260 3028 433 3082 initio
486 3028 672 3083 moliti
730 3037 888 3085 sunt.
946 3033 1108 3087 Sicut
1183 3039 1378 3089 autem
1440 3036 1791 3104 substantia,
1840 3037 1923 3091 sic

261 3116 492 3171 viribus
522 3117 886 3188 spiritalibus
916 3121 1164 3191 praediti,
1198 3139 1311 3176 non
1345 3123 1536 3178 solum
1570 3125 1764 3195 fruges
1816 3126 1921 3180 ho-

2026 1872 2159 1920 ante
2191 1867 2344 1921 dicta
2379 1871 2519 1921 sunt
2548 1868 2696 1938 (cap.
2728 1868 2817 1933 22,
2849 1867 2960 1937 23).

2100 1974 2269 2028 Recte
2317 1989 2451 2043 ergo
2498 1990 2565 2028 ex
2613 1972 2695 2028 eis
2744 1972 3143 2028 Tertullianus
3191 1971 3488 2027 concludit
3516 1972 3683 2027 Chri-

2029 2060 2255 2116 atianos
2287 2078 2586 2133 perperam
2622 2062 2767 2117 lassis
2800 2063 3123 2131 nmjestatis
3155 2062 3361 2116 divina?
3394 2062 3678 2116 accusari.

2027 2150 2302 2212 Quamvis
2333 2150 2486 2204 enim
2536 2156 2829 2205 constaret
2859 2166 3023 2205 veros
3066 2166 3195 2205 esse
3244 2151 3383 2205 deos
3415 2148 3678 2204 ethnico-

2032 2256 2182 2304 rum,
2218 2238 2328 2309 ipsi
2364 2246 2581 2305 tamen,
2635 2239 3133 2310 quemadmodum
3170 2238 3346 2304 Plato,
3382 2237 3683 2292 existima-

2030 2328 2171 2381 bant
2231 2343 2404 2397 penes
2463 2344 2669 2392 unum,
2740 2332 2878 2397 puta
2938 2330 3139 2381 Jovem
3199 2342 3327 2381 esse
3385 2341 3681 2379 summam

2030 2419 2397 2486 potestatem,
2449 2419 2506 2468 et
2563 2404 2755 2468 ofﬁcia
2812 2430 2989 2484 penes
3046 2418 3300 2468 caeteros.
3351 2413 3496 2477 Quid
3548 2428 3684 2483 ergo

2032 2506 2350 2574 peccabant
2378 2502 2713 2573 Christiani,
2745 2503 2844 2572 qui
2879 2519 3060 2557 unum
3098 2517 3441 2572 supremum
3473 2501 3682 2565 Deum,

2033 2592 2201 2647 sicuti
2236 2590 2332 2646 alii
2375 2591 2643 2645 homines
2677 2591 2912 2645 unicum
2952 2590 3386 2661 imperatorem,
3416 2587 3684 2643 colebant

2032 2686 2085 2736 et
2117 2681 2545 2736 venerabantur
2573 2680 2599 2733 ?
2629 2680 2902 2750 Nunquid
2946 2678 3001 2732 id
3053 2679 3250 2732 minus
3288 2677 3515 2732 licitum
3566 2675 3684 2731 illis

2031 2775 2175 2837 erat;
2225 2785 2401 2841 quam
2449 2767 2699 2839 singulis
2730 2768 3061 2839 quibusque
3094 2767 3451 2833 hominibus,
3486 2763 3683 2819 civita-

2031 2858 2211 2922 tibus,
2244 2866 2297 2912 et
2344 2857 2656 2928 provinciis
2701 2856 3013 2928 quemdam
3052 2855 3352 2926 proprium
3397 2858 3454 2909 et
3503 2869 3683 2925 pecu-

2034 2947 2235 3001 liarem
2288 2947 2463 3000 deum
2524 2944 2783 3000 habere?
2838 2950 2910 2997 At
2961 2948 3117 2998 certe
3170 2942 3289 3009 alii,
3330 2942 3564 2997 nemine
3595 2957 3683 2995 re-

2035 3040 2355 3106 pugnante,
2412 3034 2635 3099 Jovem,
2696 3033 2795 3088 alii
2856 3032 3079 3099 Fidem,
3135 3031 3383 3103 ngyptii
3444 3046 3577 3085 aves
3634 3032 3691 3084 et

2037 3122 2269 3184 bestias,
2327 3121 2451 3191 Syri
2511 3127 2824 3191 Astartcm,
2874 3126 3048 3191 atque
3122 3120 3204 3175 ita
3263 3118 3449 3175 czeteri
3510 3132 3686 3173 suum

265 3183 571 3275 minisque
614 3183 1011 3263 valetudinem
1060 3183 1284 3277 vitiant,
1336 3214 1433 3266 sed
1495 3183 1922 3284 illiusuquoque
1954 3183 1996 3249 C
2035 3210 2209 3265 deum
2276 3183 2547 3281 privatim
2619 3183 2904 3265 colebant.
2953 3183 3090 3263 -Uno
3143 3208 3315 3263 verbo
3370 3206 3688 3276 unicuique

259 3295 529 3348 animum
580 3295 924 3351 concutiunt
973 3298 1167 3367 pravis
1213 3301 1491 3364 motibus,
1525 3307 1580 3355 et
1627 3318 1660 3355 δ.
1710 3301 1921 3355 divini-

256 3383 403 3437 tatis
453 3388 721 3438 avertunt
765 3385 1040 3455 cogitatu.
1090 3386 1295 3442 Nativa
1332 3404 1464 3443 vero
1496 3388 1756 3460 agilitate
1787 3406 1921 3445 cum

262 3472 485 3540 ubique
534 3489 649 3527 uno
700 3479 997 3529 momento
1054 3475 1196 3541 sint,
1247 3492 1313 3531 ae
1356 3476 1456 3531 Dei
1506 3478 1924 3549 dispositiones

262 3565 643 3629 cognoscant,
687 3562 1033 3616 aemulantur
1077 3566 1446 3631 divinitatem,
1480 3565 1612 3620 dum
1656 3568 1927 3636 furantur

263 3648 694 3702 divinationem.
725 3650 812 3703 Ad
859 3649 982 3705 haec
1029 3666 1186 3721 vero,
1220 3653 1500 3724 ambigua
1544 3657 1926 3724 pronuntiant

264 3735 525 3803 oracula,
560 3742 770 3792 sanant
797 3754 945 3808 quos
977 3743 1271 3805 lmseruut,
1306 3740 1453 3796 falsa
1482 3743 1657 3797 variis
1703 3744 1925 3814 prasti-

264 3826 384 3898 giis
417 3824 642 3880 faciunt
663 3827 1381 3899 miracula,phantasmata
1402 3830 1602 3897 edunt,
1620 3832 1927 3887 defuncto-

265 3932 400 3970 rum
429 3914 719 3970 iufamant
738 3917 986 3983 animas,
1010 3935 1219 3988 pueros
1248 3917 1545 3973 eliduntin
1569 3920 1785 3975 oraculi
1809 3920 1927 3976 elo-

264 4007 499 4075 quium,
532 4007 762 4061 somnia
791 4007 1138 4071 immittunt,
1188 4013 1364 4079 atque
1395 4025 1595 4063 eorum
1627 4026 1804 4081 opera
1834 4028 1927 4066 ca-

263 4112 386 4165 pre
418 4111 487 4149 ac
534 4111 751 4150 mensis
804 4096 1063 4151 divinare
1113 4101 1554 4153 consueverant.
1587 4098 1763 4168 Atqui
1796 4099 1928 4154 eth-

263 4184 410 4249 nici,
464 4184 561 4253 qui
611 4183 731 4238 haec
774 4184 972 4239 omnia
1020 4185 1135 4240 diis
1194 4186 1320 4241 suis
1374 4186 1767 4254 ascribebant,
1822 4187 1929 4243 hos

263 4272 448 4326 dubio
484 4270 680 4343 procul
712 4272 1005 4329 daemones
1037 4289 1165 4329 esse
1196 4273 1552 4329 fatebantur.

337 4378 540 4449 Neque
588 4381 938 4451 respondere
984 4384 1249 4451 poterant
1297 4381 1433 4437 deos
1487 4397 1625 4436 suos
1694 4397 1806 4437 non
1864 4398 1932 4437 ex

264 4466 361 4521 his
394 4480 525 4535 quae
553 4464 612 4519 in
660 4466 916 4537 profanis
947 4466 1110 4534 locis,
1146 4470 1241 4523 sed
1278 4485 1404 4540 quae
1449 4470 1509 4524 in
1543 4485 1742 4525 eorum
1780 4471 1929 4525 dun-

2031 3298 2242 3353 licebat
2291 3314 2721 3370 quemcumque
2768 3297 2937 3353 vellet
2985 3297 3172 3352 colere
3220 3300 3429 3368 praeter
3484 3310 3687 3349 verum

2036 3392 2233 3441 Deum.
2267 3387 2375 3441 Sed
2426 3402 2618 3441 nonne
2656 3386 2763 3440 hoc
2813 3386 3008 3457 potius
3040 3391 3161 3440 erat
3204 3384 3552 3449 maximum,
3586 3399 3689 3437 cu-

2032 3477 2127 3546 ius
2158 3475 2302 3531 falso
2334 3475 2693 3530 Christianos
2724 3473 3166 3544 insimulabant,
3191 3472 3339 3528 lassa;
3368 3471 3692 3541 majestatis

2033 3565 2240 3619 divina:
2272 3563 2536 3618 crimen?
2570 3565 2637 3618 Et
2682 3567 2835 3618 certe
2888 3562 3029 3617 illud
3090 3566 3253 3617 tanto
3302 3563 3494 3632 majus
3543 3564 3691 3615 erat»

2034 3658 2253 3725 quanto
2283 3651 2579 3708 crudelius
2613 3652 2977 3707 Christianos
3017 3651 3086 3706 ad
3145 3650 3289 3706 falsa
3322 3650 3567 3704 numina
3595 3665 3690 3703 co-

2036 3742 2224 3809 lenda,
2279 3757 2345 3795 ac
2402 3756 2600 3794 verum
2658 3746 2716 3794 et
2772 3756 2964 3795 rerum
3044 3740 3309 3794 omnium
3368 3742 3688 3793 creatorem

2035 3830 2216 3885 Deum
2244 3829 2477 3901 penitus
2499 3829 2829 3898 negandum
2846 3844 3047 3899 cogere
3070 3828 3405 3883 nitebantur
3424 3825 3691 3909 (cap.24).

2107 3934 2492 4005 Objectabant
2534 3939 2730 3989 tamen
2790 3934 3035 3989 Romani
3085 3950 3147 3988 se
3190 3950 3292 4003 pro
3332 3931 3590 4003 pietatis,
3626 3945 3693 3983 ac

2038 4023 2336 4094 religionis
2386 4038 2525 4093 erga
2570 4023 2707 4077 deos
2754 4038 2892 4077 suos
2945 4022 3149 4076 merito
3188 4020 3487 4091 accepisse
3514 4018 3694 4072 totius

2037 4117 2323 4167 terrarum
2356 4111 2514 4165 orbis
2545 4110 2881 4181 imperium.
2929 4109 3076 4177 Quid
3124 4107 3308 4180 ergo?
3350 4108 3431 4163 ait
3461 4105 3694 4161 Tertul-

2039 4201 2251 4255 lianus.
2284 4199 2584 4270 Numquid
2635 4198 2774 4252 illud
2819 4199 3273 4269 impetraverant
3317 4213 3349 4251 a
3392 4194 3506 4249 diis
3565 4193 3691 4249 suis

2036 4288 2367 4344 vernaculis
2417 4305 2481 4343 ac
2509 4287 2869 4353 domesticis,
2904 4286 3106 4357 quales
3155 4290 3318 4341 erant
3364 4282 3690 4350 Sterculus,

2040 4379 2322 4433 Mutunus
2366 4382 2423 4432 et
2479 4379 2784 4432 Larentina
2845 4375 3119 4431 meretrix
3157 4374 3184 4428 ?
3253 4374 3394 4438 Quis
3450 4371 3693 4429 credat?

2038 4467 2336 4539 Numquid
2372 4483 2404 4521 a
2434 4466 2757 4538 peregrinis
2787 4470 2842 4521 et
2873 4463 3226 4531 adventitiis,
3259 4462 3474 4534 quibus
3506 4461 3695 4531 major

261 4557 429 4609 taxat
462 4554 694 4624 templis
739 4556 977 4621 ﬁebant,
1011 4557 1218 4612 debere
1249 4558 1552 4613 aestimari.
1585 4559 1707 4613 Non
1735 4542 2001 4630 disparD
2036 4557 2250 4624 Romae,
2302 4571 2477 4627 quam
2526 4556 2724 4626 patria:
2775 4572 2891 4609 suae
2958 4553 3323 4625 protegendae
3373 4567 3515 4607 cura
3564 4565 3694 4604 esse

260 4643 485 4697 etenim
518 4648 607 4698 est
644 4643 805 4699 illius
837 4647 997 4700 furor
1040 4645 1137 4716 qui
1197 4662 1267 4701 ex
1321 4651 1483 4701 turre
1526 4646 1619 4701 his
1669 4646 1781 4702 diis
1831 4664 1931 4702 sa-

260 4737 448 4797 crata,
484 4737 539 4787 et
569 4734 808 4788 alterius
854 4733 955 4805 qui
998 4750 1057 4789 se
1107 4751 1175 4789 ex
1224 4751 1456 4789 summo
1485 4734 1688 4789 vicinae
1721 4735 1930 4790 domus

261 4825 418 4875 tecto
452 4822 551 4875 dat
594 4823 972 4893 praecipitem.
1030 4823 1143 4878 Nec
1188 4823 1380 4894 impar
1429 4822 1599 4878 etiam
1650 4821 1812 4879 illius
1843 4827 1933 4879 est

258 4910 552 4976 amantia,
587 4910 688 4981 qui
719 4910 777 4964 in
811 4911 927 4966 deae
958 4911 1237 4966 honorem
1268 4911 1517 4966 lacertos
1549 4915 1605 4966 et
1635 4911 1930 4983 genitalia,

257 5004 446 5069 atque
479 4998 725 5054 alterius
754 5000 852 5070 qui
885 5000 992 5054 sibi
1027 4999 1223 5071 gulam
1256 5004 1540 5070 prosecat.
1565 5000 1669 5054 Sed
1704 5000 1752 5055 si
1786 5000 1932 5066 haec,

256 5088 347 5143 ait
396 5088 544 5143 715
594 5087 1014 5153 Tertullianus,
1065 5087 1207 5142 levis
1265 5088 1570 5143 videantur
1626 5088 1931 5153 momenti,

254 5176 400 5231 aliis
425 5178 791 5248 argumentis
819 5176 1205 5232 invictissime
1237 5178 1675 5232 demonstratur
1697 5178 1932 5233 eosdem

252 5285 391 5324 esse
421 5269 560 5323 deos
595 5269 901 5341 gentilium
928 5286 993 5324 ac
1024 5270 1344 5324 daemones.
1388 5271 1752 5323 Producatur
1774 5267 1929 5323 enim

251 5356 501 5427 aliquis,
533 5357 630 5428 qui
664 5358 734 5413 de
765 5360 870 5414 deo
902 5358 1141 5430 patitur,
1175 5357 1275 5429 qui
1325 5356 1440 5412 aris
1474 5356 1770 5423 inhalans,
1823 5374 1932 5411 nu-

252 5462 400 5502 men
434 5445 724 5517 concipit;
778 5447 1019 5518 prodeat
1070 5446 1177 5501 dea
1218 5448 1380 5518 virgo
1407 5445 1740 5518 pluviarum
1770 5444 1934 5517 polli-

254 5534 522 5603 citatrix,
562 5535 891 5605 proferatur
928 5535 989 5591 in
1038 5535 1298 5592 medium
1344 5535 1489 5591 deus
1538 5533 1931 5605 1Esculapius,

254 5624 618 5681 morientem
668 5623 929 5695 aliquem
988 5630 1325 5695 sanaturus,
1356 5630 1602 5695 tumque
1636 5622 1692 5679 hi
1726 5640 1932 5680 omnes

2039 4645 2332 4701 debebat?
2379 4647 2443 4699 At
2490 4643 2699 4715 Cybele
2748 4644 2990 4697 Romam
3025 4643 3229 4709 ascita,
3264 4642 3334 4697 de
3363 4638 3695 4695 nuntianda

2040 4749 2251 4805 magno
2276 4749 2381 4787 suo
2403 4732 2689 4787 sacerdoti
2722 4730 3039 4802 archigallo
3067 4730 3283 4785 Aurelii
3316 4728 3695 4800 imperatoris

2040 4828 2227 4877 morte
2254 4826 2373 4877 tam
2405 4838 2611 4893 parum
2638 4820 2884 4876 sollicita
2912 4820 3041 4890 fuit,
3062 4824 3125 4875 ut
3150 4817 3468 4890 tranquillo
3498 4816 3694 4872 animo

2040 4926 2215 4983 passa
2247 4911 2324 4965 sit
2354 4908 2601 4966 lacertos
2632 4910 3053 4982 impurumque
3101 4908 3451 4981 sanguinem
3487 4905 3559 4961 ab
3590 4905 3691 4961 illo

2041 4999 2195 5055 litari
2229 5017 2331 5071 pro
2366 4999 2609 5070 hujusce
2637 4998 3008 5070 imperatoris
3040 4997 3246 5063 solute,
3282 4996 3377 5068 qui
3404 4997 3527 5066 jam
3561 4997 3698 5049 ante

2041 5093 2168 5144 octo
2200 5089 2323 5144 dies
2361 5104 2427 5143 ex
2459 5087 2567 5141 hac
2598 5088 2713 5141 vita
2741 5086 3112 5157 migraverat.
3149 5086 3274 5149 Qua
3301 5100 3437 5140 vero
3470 5083 3698 5139 ratione

2039 5178 2271 5250 Jupiter
2301 5181 2417 5232 tam
2452 5176 2737 5248 patienter
2787 5174 2924 5230 tulit
2972 5174 3199 5231 Cretam
3241 5190 3432 5242 suam,
3467 5174 3565 5228 ubi
3595 5188 3699 5228 na-

2042 5271 2161 5334 tus,
2194 5270 2483 5332 mortuus,
2516 5268 2573 5319 et
2620 5264 2889 5336 sepultus
2938 5268 3050 5331 est,
3100 5265 3379 5319 Romanis
3439 5261 3697 5318 fascibus

2047 5356 2195 5409 716
2227 5352 2504 5409 concuti?
2550 5352 2845 5424 Numquid
2880 5352 3032 5408 Juno
3080 5369 3241 5424 aequo
3291 5351 3488 5407 animo
3546 5351 3696 5406 ferre

2042 5445 2232 5516 potuit
2279 5441 2703 5513 Carthaginem,
2755 5442 2870 5497 sibi
2915 5441 3055 5497 olim
3104 5442 3247 5498 adeo
3296 5440 3592 5507 dilectam,
3642 5442 3700 5493 et

2042 5534 2217 5589 Samo
2257 5532 2648 5605 praepositam,
2704 5548 2737 5587 a
2786 5530 3066 5587 Romanis
3118 5530 3315 5601 deleri,
3349 5534 3415 5585 ut
3465 5525 3699 5598 imperii

2045 5623 2137 5680 sui
2169 5623 2315 5679 ﬁnes
2364 5620 2539 5678 latius
2570 5623 2961 5694 propagarent
2990 5618 3013 5674 ἲ
3064 5622 3141 5676 At
3169 5619 3220 5676 si
3259 5634 3351 5675 res
3380 5620 3578 5675 tamen
3618 5614 3700 5672 ita
