4106 6178
401 300 518 360 795

919 303 1446 368 TERTULLIANI
1493 310 1815 371 OPERUM
1866 312 2069 372 PARS
2116 312 2261 373 l.—
2302 312 2573 376 SERIES
2616 316 2664 387 Ι,
2711 317 3281 379 APOLOGETICA.

3686 324 3803 382 796

401 433 497 502 sit,
531 448 635 488 cur
674 433 919 489 Romani
953 435 1233 493 minorem
1264 437 1349 492 illi
1382 437 1868 513 honorem,quam
1898 442 2047 514 lupas
2080 448 2132 512 Α
2161 444 2299 501 leris
2331 448 2671 517 arguebant.
2706 450 2940 517 Quidni,
2973 465 3106 504 cum
3154 450 3441 507 viventem
3488 451 3803 522 imperato-

397 522 865 593 pfouitutissimz
895 522 1173 579 Larentia
1203 526 1586 583 tribuerunt?

470 626 683 683 Deinde
711 645 843 683 vero
884 629 1081 701 plures
1124 630 1359 688 illorum
1403 635 1503 703 dii,
1550 636 1723 691 sicuti
1754 639 2041 693 Saturnus

397 719 454 772 et
481 716 728 789 Jupiter,
762 724 1161 789 regnaverant.
1198 729 1239 775 Α
1292 739 1404 794 quo
1453 740 1588 796 ergo
1647 726 2040 783 Romanorum

399 806 504 861 deo
536 822 710 860 suum
745 824 1016 878 accepere
1065 826 1307 881 regnum
1335 813 1354 866 ἒ
1386 813 1680 885 Numquid
1730 833 1760 869 a
1791 819 2041 887 quodam

395 894 657 950 Sterculo
678 895 705 950 ?
735 896 875 961 Quis
907 897 1017 952 nisi
1056 900 1249 956 fatuus
1281 901 1337 956 id
1371 903 1559 957 dicere
1593 905 1852 961 audeat?
1879 906 2042 962 Multi

395 999 625 1055 quoque
656 984 892 1041 fuerunt
947 1004 1130 1058 reges,
1164 991 1261 1062 qui
1312 1007 1418 1047 nec
1454 993 1848 1052 Romanorum
1882 999 2039 1066 deos,

395 1088 501 1130 nec
530 1072 672 1129 alios
702 1091 1003 1147 nunquam
1054 1078 1367 1133 coluerunt.
1419 1083 1674 1154 Denique
1717 1085 2039 1141 Romanum

397 1178 637 1231 regnum
671 1164 1167 1236 ante,religionem
1202 1170 1468 1225 accrevit.
1505 1173 1852 1245 Priusquam
1885 1176 2039 1231 enim

394 1250 584 1306 Numa
616 1252 938 1322 Pompilius
972 1271 1148 1309 vanas
1172 1260 1612 1328 snperstitiones
1647 1263 1840 1317 Romae
1872 1263 2041 1319 insti-

397 1338 629 1407 tuisset,
664 1346 717 1395 et
748 1346 880 1395 ante
912 1358 1088 1413 quam
1123 1344 1240 1399 ulla
1270 1349 1420 1417 apud
1469 1350 1598 1406 illos
1632 1353 1873 1408 fuissent
1903 1356 2039 1410 deo-

2152 549 2271 588 rem
2310 535 2479 606 longe
2511 537 2720 608 magis,
2756 554 2932 609 quam
2987 540 3126 594 deos
3159 556 3297 594 suos
3324 544 3587 595 mortuos
3630 540 3800 595 time-

2154 630 2303 693 rent,
2328 630 2503 695 atque
2528 625 2741 681 idcirco
2774 626 2946 681 citius
2969 643 3073 697 per
3092 626 3199 683 bos
3231 644 3435 683 omnes
3458 630 3801 700 pejerarent,

2153 711 2329 785 quam
2382 730 2485 785 per
2533 715 2905 787 imperatoris
2952 717 3240 787 genium?
3287 717 3432 782 Quid
3471 735 3604 773 vero
3637 723 3801 773 rectas

2152 803 2359 858 rationi
2405 804 2592 874 magis
2642 810 2949 877 repugnat,
2984 821 3161 876 quam
3195 807 3309 861 diis
3340 806 3669 862 sacrificare
3700 823 3802 878 pro

2152 891 2409 947 hominis
2455 893 2662 961 salute,
2698 910 2870 965 quam
2908 911 3013 949 nec
3056 896 3191 950 dare
3232 900 3496 964 possunt,
3528 912 3636 951 nec
3663 911 3805 951 con-

2152 981 2430 1042 servare?
2462 982 2583 1045 Quo
2611 982 2766 1036 enim
2798 984 2994 1051 modo,
3034 988 3202 1055 urget
3233 984 3806 1051 Tertullianus,a|ios

2150 1071 2490 1140 servabunt,
2523 1070 2622 1141 qui
2654 1087 2793 1125 suas
2845 1073 2996 1126 aedes
3026 1089 3092 1127 ac
3124 1076 3346 1127 statuas
3377 1073 3500 1129 sine
3530 1089 3807 1128 caesareo-

2152 1176 2282 1215 rum
2317 1160 2571 1214 militum
2606 1160 2867 1215 excubiis
2897 1163 3046 1215 tueri
3071 1176 3184 1216 non
3223 1161 3619 1225 valent70uid
3653 1178 3806 1228 vero,

2152 1248 2306 1319 quod
2342 1249 2560 1320 templa
2591 1254 2645 1303 et
2676 1249 2760 1304 dii
2808 1249 2976 1303 multi
3008 1252 3262 1320 pendent
3292 1250 3361 1306 de
3390 1250 3630 1306 Cesaris
3660 1256 3806 1304 nutu

2154 1353 2221 1393 ac
2252 1336 2597 1392 voluntate?
2629 1339 2828 1408 Itaque
2866 1338 3183 1393 Christiani
3218 1338 3404 1395 multo
3436 1339 3647 1411 potiori
3673 1340 3807 1409 jure

2150 1443 2253 1497 pro
2286 1426 2656 1497 imperatoris
2688 1427 2877 1483 salute
2919 1445 3031 1482 non
3083 1428 3263 1483 falsos
3320 1428 3453 1483 illos
3506 1429 3668 1492 deos,
3700 1428 3802 1483 sed

2106 1516 2334 1571 oDeum
2395 1532 2617 1583 verum,
2674 1515 2886 1583 vivum,
2947 1522 3004 1570 et
3062 1520 3347 1571 aeternum
3394 1517 3804 1588 precabantur.

395 1620 556 1675 quam
594 1608 795 1679 magni
821 1629 842 1675 ,-
889 1609 1110 1681 ideoqaa
1160 1630 1266 1669 ηοη
1316 1616 1378 1670 ob
1410 1618 1510 1673 hoc
1548 1623 1760 1689 magni,
1794 1625 1927 1694 quia
1956 1641 2042 1680 γε,
2150 1606 2292 1660 Nam
2328 1608 2385 1659 et
2415 1604 2652 1674 ipsimet
2681 1605 3083 1676 imperatores,
3133 1605 3181 1660 si
3238 1622 3396 1661 sana:
3424 1606 3637 1662 mentis
3669 1606 3810 1694 sint:

395 1674 600 1762 ligiosi.
690 1674 709 1679 ⁷
822 1674 827 1675 ί
1024 1674 1037 1681 ’
1804 1674 1924 1694 Im“
1958 1674 2007 1680 ’⁷
2152 1694 2311 1749 hune
2358 1694 2471 1748 sibi
2519 1697 2715 1763 optant
2766 1674 2893 1749 esse
2942 1693 3284 1765 propitium,
3334 1711 3368 1749 a
3426 1711 3539 1765 quo
3595 1674 3816 1749 habent

466 1783 574 1876 Sed
634 1783 828 1839 acrius
877 1787 1068 1843 adhuc
1111 1796 1313 1861 urget:
1348 1794 1664 1868 Quomodo,
1699 1798 1912 1871 inquit,
1950 1802 2051 1863 isti
2084 1811 2131 1876 Β
2163 1782 2320 1876 Ἧξοά
2353 1781 2618 1876 Ῑξοῖηίηθε
2642 1781 2785 1876 imit,
2823 1783 2978 1852 (ἰυοά
3022 1783 3235 1876 VWB“:
3271 1783 3424 1876 (ἰυοᾷ
3458 1782 3587 1838 aliis
3617 1780 3814 1836 homi‘

394 1870 454 1925 in
486 1870 736 1927 aliorum
768 1890 944 1945 regna
978 1877 1359 1936 invaserunt?
1387 1888 1511 1939 Non
1539 1886 1748 1956 pietate
1772 1891 2040 1963 profecto,

2163 1871 2338 1927 nibus
2367 1870 2676 1941 imperent.
2714 1870 2814 1925 Pro
2855 1887 3055 1926 eorum
3106 1870 3280 1941 igitur
3333 1871 3541 1937 salute,
3574 1886 3815 1942 prospe-

396 1974 501 2013 nec
553 1959 850 2032 religione,
904 1965 1004 2018 sed
1058 1966 1247 2037 bellis,
1281 1974 1337 2024 et
1384 1971 1660 2039 victoriis,
1694 1959 2050 2049 aciproinde
2158 1961 2351 2025 ritate»
2398 1960 2515 2015 νίῖθ
2562 1961 2828 2031 longiori:
2887 1961 3278 2049 ᾁίυῖυνηοίίυθ
3344 1960 3589 2032 imperio
3649 1959 3815 2049 αὕθ’

397 2050 697 2103 communi
751 2052 1027 2107 moenium
1077 2059 1131 2108 et
1187 2058 1561 2131 templornm,
1595 2046 1962 2121 sacerdotum
1995 2072 2040 2123 e1

2158 2049 2331 2105 stiani
2369 2049 2642 2103 manibus
2674 2048 2965 2119 expansis,
2999 2050 3157 2103 nudo
3187 2050 3396 2121 capite,
3430 2048 3559 2104 sine
3598 2046 3814 2120 previo

399 2134 632 2203 civium,
677 2153 869 2194 rerum
918 2157 1218 2199 sacrarum
1268 2151 1323 2201 et
1355 2150 1728 2216 profanarum
1763 2158 1953 2226 strage
1985 2172 2051 2211 ac
2159 2139 2444 2194 monitore
2476 2153 2674 2208 Preces
2705 2138 3032 2193 fumabant
3061 2138 3130 2193 de
3168 2154 3341 2193 came
3371 2138 3603 2209 Pndica,
3637 2137 3817 2191 ίηοο·

400 2223 594 2279 ruina.
628 2226 884 2283 llaeccine
934 2244 1070 2301 ergo
1119 2237 1207 2287 est
1248 2234 1455 2305 pietas,
1492 2244 1727 2310 propter
1764 2223 1935 2313 quat},
1971 2244 2050 2299 dii
2159 2231 2322 2283 cente
2354 2226 2569 2292 anima,
2604 2242 2669 2281 ac
2699 2230 2899 2282 sancto
2939 2226 3155 2298 Spiritu
3207 2226 3517 2299 profectas.
3549 2226 3661 2280 Sed
3693 2240 3814 2279 non

399 2315 456 2367 et
494 2311 846 2371 laedentibus
896 2334 957 2372 se
989 2319 1266 2377 Romanis
1298 2324 1456 2380 orbis
1504 2311 1816 2399 imperium
1876 2333 2047 2388 dede-
2159 2317 2497 2382 offerebant,
2543 2316 2697 2371 sicut
2740 2316 2979 2382 ethnici,
3030 2331 3214 2387 grana
3251 2315 3428 2371 unius
3478 2315 3651 2380 assis,
3704 2329 3813 2368 nec

402 2403 560 2466 runt,
602 2407 658 2457 et
713 2402 844 2460 aliis
893 2407 1259 2477 ademerunt,
1312 2412 1412 2483 qui
1470 2430 1610 2471 suos
1668 2434 1897 2491 quoque
1945 2437 2049 2476 nec
2159 2404 2383 2461 arboris
2438 2404 2693 2458 Arabicae
2748 2403 3058 2477 lacrymas,
3117 2420 3223 2459 nec
3256 2404 3603 2475 sanguinem
3650 2402 3815 2457 bovis

401 2488 614 2545 minori
648 2491 863 2561 pietate
895 2495 1160 2553 colebant
1209 2500 1367 2557 deos.
1417 2488 1699 2577 Denique
1722 2488 1854 2563 ante
1891 2509 2051 2579 jacta
2160 2495 2291 2550 tabe
2324 2497 2422 2549 ant
2452 2498 2619 2548 εθῖειῖθ
2650 2492 3041 2563 οοηῗθοῖίωθο
3064 2509 3337 2565 spurcam
3369 2490 3815 2557 conscientiam.

406 2580 597 2632 Romae
628 2579 1025 2650 fundamenta,
1060 2589 1385 2659 regnabant
1416 2608 1530 2647 non
1564 2594 1752 2650 solum
1804 2596 2050 2670 Babylo-
2160 2588 2261 2638 aut
2291 2582 2516 2637 hostias
2543 2598 2576 2637 a
2604 2581 3001 2637 vitiosissimis
3033 2582 3431 2637 sacerdotibus
3454 2581 3815 2635 immolatae.

404 2666 507 2734 nii,
533 2666 703 2734 Medi,
728 2669 1000 2742 Egyptii,
1031 2677 1252 2747 Assyrii
1286 2682 1342 2734 et
1371 2683 1710 2750 Amazones,
1736 2685 1835 2739 sed
1869 2666 2051 2741 ιάάίεί
2158 2672 2536 2727 Ethnicorum
2578 2670 2773 2740 itaque
2799 2670 3075 2742 praesides
3105 2674 3379 2742 provocat
3394 2669 3819 2739 Tertullianus,

404 2754 582 2809 etiam
605 2756 703 2826 qui
726 2761 1336 2822 omnesRomanorum
1363 2768 2047 2845 aliorumquegentilium
2160 2766 2227 2817 Ut
2256 2761 2639 2826 Christian“,
2685 2760 2734 2814 εί
2785 2762 2870 2814 fas
2920 2776 3179 2831 “mtuam
3213 2759 3307 2829 Sit.
3338 2774 3404 2815 θο
3431 2759 3602 2813 ωοάο
3633 2758 3819 2813 Deum

403 2844 542 2898 deos
574 2847 946 2916 respuebant,
980 2855 1035 2904 et
1075 2856 1555 2923 aspernabantur.
1596 2844 1718 2916 Neu
1750 2844 1906 2934 ergo
1940 2865 2040 2920 Ro-

2161 2865 2265 2922 pro
2297 2847 2663 2920 imperatoris
2694 2848 2883 2903 salute
2913 2852 3217 2919 precantes
3247 2851 3575 2920 torqueant,
3597 2847 3824 2901 discru-

406 2948 716 3025 manorum
765 2940 865 3025 aut
914 2937 1159 2996 aliarum
1205 2946 1462 3014 gentium
1497 2949 1574 3003 dii
1610 2966 1789 3023 regna
1818 2953 2040 3025 dispen-

2162 2940 2339 3009 cient,
2371 2942 2427 2992 et
2459 2936 2722 2992 occidant
2756 2937 2905 3007 (cap.
2937 2937 3027 3002 28,
3059 2936 3149 3002 29,
3180 2937 3293 3005 30).

410 3024 564 3113 sant,
588 3021 687 3076 sed
719 3022 879 3079 solus
903 3025 1001 3082 ille
1030 3031 1400 3103 omnipotens
1438 3038 1607 3107 Deus,
1657 3021 1829 3111 cujus,
1864 3021 2057 3113 inquit
2234 3046 2417 3108 Quam
2451 3043 2677 3099 sincero
2709 3046 2904 3098 autem
2929 3042 3145 3109 animo,
3171 3058 3273 3098 nec
3297 3042 3433 3098 ﬁcta
3454 3040 3812 3107 adulatione,

406 3111 623 3205 auctor
661 3116 893 3205 noster,
950 3126 1029 3172 est
1086 3121 1253 3187 orbis,
1312 3126 1413 3195 qui
1456 3136 1740 3197 regnatur,
1796 3133 1848 3184 et
1898 3111 2055 3186 homo
2089 3177 2129 3205 η
2168 3151 2295 3205 quae
2326 3132 2576 3188 ethnicis
2619 3148 2747 3187 eam
2796 3132 3212 3203 objicientibus
3253 3133 3529 3204 prodesse
3559 3133 3819 3203 poterat,

880 3177 886 3179 .
1240 3177 1251 3187 ,
1315 3177 1334 3195 ,
1392 3177 1402 3180 -
1457 3177 1685 3197 νηη---
1726 3177 1740 3196 ,
1797 3177 1844 3184 --
1898 3177 2050 3186 ..-πη
2169 3177 2295 3205 νην
2327 3177 2575 3188 ww“---
2620 3177 2747 3187 νυ...
2798 3177 3212 3203 νη.--.,..-..,..-
3253 3177 3527 3204 rw“---
3559 3177 3819 3203 την-η

408 3197 549 3293 {Pfei
573 3202 669 3270 qui
714 3207 924 3293 regnat
971 3206 1097 3262 Non
1138 3209 1455 3268 Christiani
1509 3216 1707 3287 igitur,
1741 3218 1841 3290 qui
1893 3218 2054 3274 illum
2089 3177 2132 3245 Ο
2171 3224 2254 3279 sic
2316 3223 2498 3277 Deum
2553 3220 3011 3292 omnipotentem
3070 3225 3463 3293 precarentur,
3526 3219 3663 3274 inde
3720 3217 3823 3273 ille

410 3286 702 3381 solebant,
730 3291 828 3344 sed
863 3295 1109 3350 Romani
1142 3296 1356 3369 aliique
1392 3286 1640 3372 gentiles
1670 3286 1816 3361 laesae
1849 3308 2062 3378 majes‘
2171 3313 2554 3375 demonstrat,
2584 3286 2738 3381 quod
2789 3309 2971 3366 sacris
3019 3286 3218 3366 eorum
3258 3309 3491 3375 litteris,
3524 3324 3670 3380 quas
3703 3322 3822 3361 non

410 3373 545 3471 talis
574 3375 795 3471 divina:
844 3382 1090 3438 crimine
1124 3387 1640 3460 convincebantur,
1675 3394 1774 3463 qui
1816 3411 1932 3449 non
1969 3412 2061 3450 so-
2174 3399 2564 3468 occultabant,
2596 3400 2869 3455 omnibus
2892 3399 3242 3471 praecipitur,
3268 3402 3333 3453 ut
3363 3415 3476 3453 non
3509 3396 3698 3453 solum
3720 3410 3825 3467 pro

413 3460 536 3561 lum
569 3464 747 3522 falsos
776 3469 916 3561 deos
968 3470 1254 3542 colebant,
1297 3477 1394 3532 sed
1439 3481 1670 3535 eosdem
1704 3482 2064 3539 Christianos
2173 3488 2428 3544 inimicis
2463 3488 2609 3556 suis,
2628 3488 2725 3544 sed
2751 3505 2854 3560 pro
2884 3460 3033 3561 ipsis
3060 3488 3235 3544 etiam
3269 3485 3616 3543 nominatim
3640 3485 3830 3556 impe-

413 3551 484 3606 δά
516 3566 713 3648 99mm
748 3556 970 3648 cultum
1004 3561 1365 3632 QUlbUSIibet
1396 3566 1680 3639 supplicis
1722 3570 2067 3643 compellere
2176 3577 2470 3632 ratoribus
2497 3551 2675 3632 Deum
2699 3551 2887 3633 orent.
2909 3551 3096 3631 .Addit
3117 3575 3291 3631 aliam
3316 3575 3461 3648 ipsis
3493 3576 3675 3629 fuisse
3696 3551 3832 3627 cau-

412 3641 776 3698 conabantur
803 3644 951 3718 (θερ-
982 3649 1072 3719 25,
1103 3651 1213 3717 26)-
2177 3682 2326 3733 sam,
2357 3667 2475 3722 sive
2521 3665 2718 3737 potius
2762 3666 3191 3735 necessitatem,
3226 3681 3328 3736 pro
3374 3661 3836 3735 imperatoribus

486 3746 738 3809 Quorum
788 3766 924 3806 vero
974 3755 1162 3825 major
1202 3765 1321 3813 erat
1372 3758 1701 3829 clementia,
1734 3763 1793 3818 hi
1824 3782 2069 3837 persua-
2177 3760 2236 3810 et
2266 3754 2495 3826 imperii
2523 3754 2766 3809 Romani
2790 3758 2945 3810 statu
2969 3753 3265 3823 orandi,ut
3295 3751 3499 3807 mundi
3524 3750 3833 3818 nimirum,

415 3833 551 3889 dere
580 3835 697 3891 illis
728 3840 1052 3909 tentabant,
1106 3848 1167 3899 ut
1225 3845 1435 3904 saltem
1470 3857 1733 3908 manente
1758 3833 1909 3925 apud
1937 3857 2039 3911 ani

2181 3843 2282 3913 qui
2340 3860 2471 3898 cum
2532 3858 2598 3898 eo
2658 3842 2846 3914 perire
2899 3842 3167 3911 debebat,
3217 3840 3352 3896 ﬁnis
3409 3840 3834 3895 retardaretur.

415 3938 569 3978 mum
616 3926 732 3980 veri
779 3926 879 3983 Dei
918 3930 1143 3986 colendi
1177 3938 1480 4006 proposito,
1513 3942 1632 3995 tam
1677 3942 2040 4012 pertinaciter

2182 3932 2463 3996 Quocirca
2501 3948 2603 4001 per
2632 3931 2877 3987 salutem
2928 3931 3349 4002 imperatorum
3398 3927 3646 3983 libenter
3666 3926 3837 3995 jura-

416 4014 658 4083 tamque
688 4019 842 4071 certo
874 4018 1081 4089 capitis
1121 4021 1379 4090 periculo
1430 4026 1543 4082 diis
1599 4028 1925 4085 sacrificare
1956 4048 2073 4087 non
2183 4020 2343 4088 bant,
2377 4017 2620 4074 minime
2649 4034 2780 4074 νθτο
2813 4036 2914 4091 Per
2957 4018 3195 4073 morum
3228 4016 3452 4089 εεοίοε,
3485 4032 3632 4086 quos
3664 4014 3839 4083 adju'

416 4106 775 4160 recusarent.
808 4107 915 4161 Sed
972 4106 1086 4163 hoc
1131 4110 1288 4167 falsae
1321 4112 1730 4172 miserirordiae
1762 4118 2073 4175 consilium
2183 4108 2506 4165 rationibus
2539 4109 2742 4180 fugare
2772 4112 3189 4168 consueverant
3218 4107 3366 4179 (σερ-
3397 4106 3486 4171 31ι
3518 4106 3630 4177 32)-

532 4188 929 4287 inspirabatur
979 4196 1183 4255 fraude
1232 4204 1289 4257 et
1339 4205 1554 4259 astutia
1584 4206 1938 4277 daemonum,
1974 4200 2076 4281 qui
2254 4216 2536 4271 Praeterea
2565 4219 2729 4271 tanto
2760 4216 2965 4287 major,
2998 4213 3189 4285 inquit
3219 4217 3437 4269 Auctor
3464 4215 3681 4278 noster,
3716 4212 3851 4265 erat

420 4276 886 4375 Christianorum
934 4291 1282 4357 potestatem
1333 4292 1631 4359 timentes,
1667 4298 1946 4353 adversus
1978 4315 2077 4354 eos
2184 4303 2652 4359 Christianorum
2685 4276 2871 4375 pietas
2902 4308 2959 4359 et
2989 4302 3185 4374 religio
3232 4318 3369 4375 erga
3399 4300 3853 4372 imperatorem,

421 4363 776 4464 imPlaf’abi“
810 4373 1460 4464 Odiogpmllanturﬁeo
1493 4381 1807 4440 minimum
1841 4386 2078 4457 quidem
2187 4396 2407 4464 quanto
2458 4363 2978 4449 certius-sciebant
3024 4363 3189 4446 illum
3222 4408 3254 4447 a
3284 4363 3398 4446 Deo
3428 4363 3561 4445 vero
3591 4363 3858 4443 electum

422 4460 631 4553 putant
658 4462 1330 4553 essepraedamnationis
1379 4484 1498 4523 suis
1530 4470 1825 4543 solatium,
1859 4475 1907 4529 si
1937 4492 2076 4531 con-
2109 4542 2147 4553 _
2188 4460 2253 4538 ac
2283 4481 2691 4537 constitutum.
2714 4482 2798 4537 Ab
2822 4481 2931 4537 hoc
2952 4480 3131 4553 igitur
3152 4480 3269 4536 Deo
3292 4476 3661 4551 imperatoris
3682 4475 3859 4531 salu-

424 4545 699 4643 stantiam
748 4547 975 4643 illorem
1027 4550 1393 4643 labefactare,
1436 4574 1652 4631 eosque
1708 4542 1915 4619 laedere
1973 4564 2077 4620 ali-
2107 4542 2154 4608 D
2190 4575 2312 4627 tem
2361 4586 2427 4626 eo
2483 4569 2712 4627 facilius
2767 4542 3036 4643 poterant
3079 4542 3411 4641 impetrare,
3470 4567 3627 4638 quod
3684 4565 3866 4620 hisce

423 4636 655 4732 (lutum?
712 4638 961 4708 Ροεείηῑο
1017 4640 1407 4705 QuamObrem
1468 4647 1779 4707 Christiani
1828 4652 1945 4709 illis
1996 4669 2085 4710 re-
2193 4659 2464 4732 precibus
2494 4659 2663 4715 illum
2695 4636 2811 4716 De'o
2843 4659 3128 4715 minorem
3151 4636 3279 4715 esse
3311 4636 3866 4713 fatebanturNefas

414 4723 663 4821 sistunt,
723 4742 1193 4821 persuasumque
1249 4733 1488 4806 habent,
1532 4754 1593 4793 se
1653 4756 1955 4813 nunquam
2016 4743 2087 4798 de
2193 4723 2388 4806 autem
2419 4748 2563 4821 ipsis
2593 4752 2716 4805 erat
2758 4747 3167 4820 imperatorem
3211 4747 3387 4801 deum
3433 4741 3757 4816 appellare,
3798 4747 3870 4797 ut

422 4811 688 4883 ipsorum
722 4814 1298 4910 malitia,gloriosius
1329 4824 1717 4898 triumphare,
1745 4811 1920 4900 quam
1952 4847 2085 4888 cum
2192 4842 2325 4910 pote
2357 4811 2461 4908 qui
2487 4836 2661 4893 homo
2683 4840 2791 4901 est,
2826 4811 2891 4892 ac
2931 4837 3070 4891 dum
3102 4832 3447 4905 triumphat,
3470 4811 3609 4886 suae
3640 4831 3867 4884 admo-

423 4916 529 4970 pro
584 4905 879 4962 constanti
942 4906 1079 4965 ﬁdei
1143 4927 1262 4968 sua:
1320 4914 1682 4984 professione
1728 4919 2086 4978 damnantur
2192 4905 2391 4980 hetun
2424 4924 2695 4980 humanae
2750 4924 3122 4981 conditionis.
3170 4922 3317 4987 Quin
3364 4936 3497 4975 vero
3548 4920 3871 4988 Augustus

422 4989 575 5085 (οξρι
609 4992 720 5061 27l-
2193 5014 2513 5085 imperator
2542 5013 2777 5070 nolebat
2833 5030 2895 5069 se
2938 5012 3242 5069 dominum
3293 5008 3510 5064 vocari.
3572 5007 3642 5062 Et
3704 5009 3874 5062 recte

496 5077 668 5173 ξςητο
701 5085 898 5173 {intem
950 5085 1169 5144 ethnici
1203 5090 1404 5164 impiis
1460 5094 1794 5152 daemonum
1836 5097 1987 5155 dolis
2028 5116 2085 5173 et
2195 5077 2470 5173 quidem;
2504 5119 2637 5158 nam
2674 5118 2826 5157 unus
2857 5106 2947 5157 est
2966 5101 3229 5157 omnium
3255 5100 3429 5168 atque
3458 5096 3635 5152 etiam
3668 5095 3873 5167 impe-

425 5164 648 5264 artibus
697 5168 1057 5264 Christianos
1093 5193 1205 5233 non
1239 5181 1410 5238 modo
1442 5183 1513 5238 ad
1560 5185 1801 5241 deorum
1835 5164 2085 5264 cultum;
2194 5164 2403 5246 ratoris
2435 5190 2730 5259 dominus,
2748 5189 2970 5247 scilicet
2996 5190 3148 5245 Deus
3178 5186 3570 5257 omnipotens.
3597 5184 3879 5255 Denique

574 5257 808 5352 omnino
840 5260 986 5320 liber
1032 5270 1088 5322 et
1134 5268 1520 5340 voluntarius,
1556 5278 1657 5330 aut
1703 5274 1906 5332 nullus
1955 5253 2082 5335 esse
2195 5253 2822 5352 quomodoimperator
2842 5279 3033 5335 adhuc
3062 5276 3245 5346 vivus,
3273 5253 3501 5345 poterat
3524 5273 3627 5329 Dei
3654 5253 3877 5344 app—el-

425 5343 616 5414 debet,
651 5347 859 5441 invitos
918 5353 1213 5427 impellere
1268 5361 1558 5431 volebant,
1592 5366 1693 5421 sed
1753 5366 1825 5421 ad
1874 5366 2081 5425 iisdem
2191 5343 2299 5423 lari
2330 5343 2767 5441 nomium-quod
2799 5367 3017 5424 ethnici
3039 5382 3152 5422 non
3177 5343 3309 5420 ante
3340 5343 3718 5436 apotheosim
3745 5343 3878 5418 Ca-

427 5448 659 5528 quoque
688 5438 803 5495 diis
834 5459 937 5513 pro
982 5445 1171 5504 salute
1202 5449 1574 5523 imperatoris
1605 5454 2079 5514 sacriﬁcandum.
2192 5455 2426 5513 saribus
2466 5438 2803 5514 tribuebant
2820 5461 2970 5528 (cap.
3003 5456 3093 5526 33,
3124 5451 3261 5525 34)?

428 5523 789 5616 Ουεξρτφρῐθν
864 5529 984 5587 haec
1061 5538 1349 5594 sacrificia
1431 5541 1615 5597 facere
1696 5542 2079 5616 defugientes,
2264 5546 2391 5610 Qua
2418 5550 2613 5603 autem
2670 5523 2943 5603 facilitate
2998 5523 3391 5600 et—evidentia
3447 5536 3877 5598 Tertullianus

428 5613 689 5684 um.loris,
727 5618 872 5675 717
908 5638 1087 5694 quam
1144 5626 1297 5684 laesae
1352 5628 1678 5700 maiestatis
1718 5613 1923 5690 divinae
1954 5613 2083 5692 sce-
2189 5632 2473 5691 hactenus
2528 5634 2872 5706 probaverat
2925 5631 3288 5691 Christianos
3340 5644 3457 5686 non
3531 5642 3665 5685 esse
3729 5639 3876 5687 reos

396 1443 525 1481 rum
557 1426 888 1497 simulacra,
914 1430 1107 1501 plures
1140 1436 1323 1490 Latini
1354 1436 1683 1495 habuerunt
1716 1458 1895 1515 reges.
1936 1449 2041 1499 Ro-

396 1516 556 1570 mani
585 1532 741 1588 ergo,
772 1519 964 1589 inquit
1006 1521 1423 1591 Tertullianus,
1456 1544 1564 1583 non
1594 1536 1723 1587 ante
1772 1534 2040 1605 religiosi,
