4106 6178
245 350 352 409 ’19Ἱ

969 352 1049 412 ΙΝ
1094 351 1699 414 APOLOGETICUM
1745 355 1817 412 D.
1865 354 1961 412 LE
2006 353 2331 414 NOURRY
2375 353 2919 414 DISSEHTATIO.

3519 348 3639 411 798

243 480 389 537 lzesae
422 481 749 551 majestatis
784 482 932 537 718
966 482 1260 549 humanae,
1304 486 1505 540 eadem
1559 483 1881 556 perspicui-
1912 486 1967 551 Α
1994 484 2094 551 ris,
2136 486 2236 540 sed
2295 485 2532 550 erroris,
2589 486 2670 540 uti
2712 486 2989 539 hactenus
3050 482 3445 554 probavimus,
3506 495 3635 536 esse

241 577 354 625 tate
390 571 671 635 ostendit,
715 587 813 626 eos
846 576 1150 643 propterea
1201 574 1273 627 ab
1304 573 1552 628 ethnicis
1610 574 1719 627 dici
1766 590 1881 627 non

243 660 503 732 potuisse
532 659 797 729 publicos
828 661 1046 724 hostes,
1081 662 1234 732 quod
1261 663 1522 732 ipsorum
1548 678 1708 717 more
1770 679 1883 717 non

241 748 600 803 celebrarent
654 749 948 803 Caesarum
1007 750 1314 804 solemnia.
1370 751 1509 815 Quis
1558 752 1715 805 enim
1772 750 1882 805 nisi

241 836 460 907 impius
484 835 657 890 homo
681 837 917 905 negabit
949 852 1015 892 ea
1045 839 1271 907 agenda
1304 854 1429 893 esse
1477 854 1610 893 cum
1673 855 1884 907 magna

242 924 549 991 modestia,
620 925 993 989 verecundia,
1051 925 1386 994 sobrietate,
1449 932 1503 982 et
1552 928 1883 999 pudicitia?

237 1013 414 1084 Atqui
444 1012 687 1081 gentiles
718 1029 784 1067 ea
813 1013 1182 1069 celebrabant
1209 1033 1443 1070 summa
1461 1033 1591 1070 cum
1626 1016 1884 1083 lascivia,

236 1102 537 1167 ebrietate,
582 1101 965 1171 impudentia,
1029 1104 1328 1159 seditiosis
1376 1104 1880 1170 cursitationibus,

235 1190 493 1259 injuriis,
512 1195 569 1245 et
585 1190 860 1261 appeneis
876 1190 1064 1246 instar
1082 1190 1456 1263 lupanarium
1476 1195 1544 1248 ad
1572 1195 1879 1249 domorum

236 1284 433 1349 postes
449 1278 661 1334 laureis
680 1295 744 1333 ac
763 1278 1039 1335 lucernis.
1057 1280 1177 1335 Huc
1191 1282 1414 1336 accedit
1430 1283 1581 1351 quod
1602 1282 1721 1337 haec
1737 1283 1884 1338 festa

235 1366 527 1422 solemnia
570 1373 831 1439 agentes,
868 1386 982 1423 non
1017 1368 1162 1440 ipsis
1201 1370 1519 1441 parcebant
1570 1371 1883 1441 imperato-

238 1456 424 1525 ribus,
441 1456 657 1527 quibus
677 1473 809 1511 cum
833 1456 1029 1528 plures
1053 1460 1179 1512 vitae
1199 1475 1385 1513 annos
1409 1458 1554 1514 falso
1579 1461 1881 1530 optabant,

237 1548 364 1598 tum
406 1545 478 1598 de
519 1544 632 1598 alio
667 1560 811 1599 novo
842 1544 1180 1617 cogitabant
1214 1549 1465 1602 creando
1510 1549 1881 1619 imperatore.

306 1652 507 1724 Neque
529 1653 673 1708 sinit
702 1656 917 1709 Auctor
940 1659 1135 1710 noster
1190 1656 1302 1710 sibi
1362 1657 1700 1728 responderi
1764 1658 1884 1712 haec

236 1741 371 1797 caeci
408 1746 635 1797 tantum
670 1747 725 1797 et
753 1742 968 1815 ingrati
1014 1742 1173 1815 vulgi
1224 1761 1353 1800 esse
1381 1751 1532 1811 vota,
1588 1762 1701 1801 non
1752 1762 1884 1801 vero

1995 573 2265 628 inimicos
2299 576 2449 645 (cap.
2486 574 2575 640 36,
2606 574 2722 643 37).

2064 662 2450 717 Transitinde
2480 666 2691 717 Auctor
2742 666 2940 716 noster
2980 660 3049 714 ad
3091 659 3329 714 alteram
3366 674 3471 713 nec
3520 656 3634 711 mi-

1994 768 2107 805 nus
2142 753 2290 806 719
2319 752 2720 821 impudentem
2754 749 3135 814 calumniam,
3159 764 3268 818 qua
3317 746 3632 802 Christiani

1994 841 2065 895 de
2098 840 2241 895 falso
2279 839 2493 894 illicitae
2544 838 2816 894 factionis
2865 837 3108 892 crimine
3158 835 3627 908 postulabantur.

1993 929 2126 992 Quae
2157 930 2335 996 enim,
2368 928 2450 983 ait
2482 927 2596 994 ille,
2626 927 2897 983 estfactio
2919 926 3141 991 illicita,
3163 924 3273 980 nisi
3298 923 3628 989 hominum,

1993 1019 2092 1089 qui
2135 1018 2491 1089 dignitatum
2523 1023 2623 1071 aut
2652 1016 2842 1087 gloria:
2876 1015 3194 1069 ambitione
3243 1014 3509 1068 civitates
3566 1026 3631 1067 ac

1994 1122 2174 1178 regna
2196 1106 2555 1161 turbabant?
2585 1106 2755 1176 Atqui
2779 1102 3295 1166 Cbristiani,'nulla
3317 1099 3635 1156 ambitione

1994 1196 2173 1263 ducti,
2208 1196 2478 1250 nuntium
2511 1210 2743 1265 semper
2760 1194 3105 1248 remiserant
3125 1192 3489 1247 ethnicorum
3521 1206 3634 1246 cce-

1994 1286 2173 1349 tibus,
2226 1290 2281 1339 et
2338 1285 2512 1339 rebus
2572 1283 2844 1354 publicis,
2894 1280 3395 1352 quemadmodum
3473 1278 3634 1347 circi,

1990 1374 2225 1442 theatri,
2260 1373 2850 1442 arente,aliorumque
2880 1367 3349 1441 spectaculorum
3373 1366 3635 1437 volupta-

1992 1464 2171 1517 tibus.
2204 1465 2274 1516 At
2295 1467 2448 1518 certe
2513 1461 2585 1514 iis
2635 1460 2863 1528 rejectis
2920 1458 3145 1513 nullum
3198 1458 3335 1511 inde
3384 1454 3635 1510 ethnicis

1993 1552 2300 1617 damnum,
2337 1550 2612 1621 nullaque
2646 1549 2881 1618 injuria,
2907 1548 3078 1602 sicuti
3102 1562 3290 1617 neque
3321 1546 3369 1599 si
3402 1544 3635 1616 quando

1993 1640 2307 1695 Christiani
2359 1639 2503 1694 alias
2561 1642 3036 1693 consectarentur
3091 1635 3443 1707 voluptates,
3491 1649 3637 1703 quas

1994 1728 2209 1784 ethnici
2241 1727 2500 1783 vicissim
2535 1727 2889 1798 respuebant
2917 1728 3066 1797 (cap.
3100 1725 3208 1791 38).

237 1830 514 1886 aliorum.
549 1836 667 1886 Non
691 1833 848 1887 enim
881 1832 1090 1904 plebeii
1126 1832 1395 1889 homines
1427 1834 1884 1889 erantinfensis-
1915 1849 1961 1913 Β
2061 1834 2451 1891 Tertullianus
2511 1850 2682 1905 porro
2746 1837 2811 1887 ut
2866 1831 3115 1888 cunctiis
3176 1830 3408 1902 planius
3441 1827 3633 1883 adhuc

238 1920 374 1973 simi
411 1919 838 1991 imperatorum
872 1920 1072 1977 hostes
1097 1922 1300 1989 Cassii,
1325 1922 1511 1994 Nigri,
1539 1922 1751 1990 Albini,
1783 1940 1883 1978 ne-

238 2024 352 2080 que
376 2007 475 2062 alii
508 2009 748 2081 Sigeriis
778 2015 835 2064 et
868 2009 1199 2066 Partheniis
1220 2011 1582 2075 audaciores,
1604 2015 1703 2081 qui
1733 2012 1888 2067 inter

239 2098 389 2151 duas
419 2095 618 2152 lauros
639 2097 921 2153 Caesarem
940 2099 1318 2165 obsederunt;
1347 2116 1534 2171 neque
1560 2099 1597 2153 ii
1623 2101 1883 2169 tandem,

239 2186 336 2256 qui
369 2185 580 2241 barum
618 2186 998 2242 scelestarum
1024 2188 1277 2258 partium
1302 2188 1444 2243 socii
1474 2192 1599 2243 tum
1625 2189 1885 2260 quotidie

239 2275 731 2345 agnoscebantur.
793 2279 866 2329 At
922 2275 1020 2329 isti
1054 2280 1246 2331 tamen
1302 2293 1403 2347 pro
1462 2277 1883 2348 imperatorum

238 2362 435 2418 salute
493 2379 662 2417 sacra
742 2362 1053 2431 faciebant,
1142 2381 1243 2436 per
1298 2380 1499 2419 eorum
1546 2365 1887 2435 dejerabant

236 2451 498 2521 genium,
532 2468 597 2506 ac
628 2450 912 2507 solemnia
939 2451 1111 2506 sicuti
1143 2451 1239 2507 alii
1262 2469 1464 2508 omnes
1494 2452 1883 2509 celebrabant.

238 2540 457 2595 Eadem
492 2555 725 2611 quoque
756 2541 1171 2612 dependebunt
1193 2541 1385 2595 officia
1407 2541 1713 2613 astrologi,
1749 2560 1885 2598 aru-

240 2629 458 2697 spices,
496 2646 770 2701 augures,
799 2629 976 2702 magi,
1023 2629 1123 2700 qui
1157 2629 1489 2684 daemonum
1540 2631 1767 2687 artibus
1817 2633 1887 2688 de

238 2718 539 2773 Caesarum
572 2718 771 2773 futura
804 2722 989 2774 morte
1034 2718 1470 2789 consultabant,
1504 2721 1887 2791 exoptabant-

239 2822 356 2877 que
389 2822 517 2861 esse
550 2806 873 2878 proximam
901 2808 1049 2879 (cap.
1082 2806 1195 2877 35).

308 2912 520 2967 Debita
545 2928 682 2984 ergo
710 2912 1163 2985 imperatoribus
1190 2913 1355 2981 fides,
1380 2914 1566 2985 pietas
1597 2918 1655 2969 et
1685 2914 1889 2987 religio

243 3018 360 3055 non
392 3001 449 3055 in
482 3000 575 3055 his
606 3001 816 3057 ofﬁciis
840 3002 1129 3073 consistit,
1157 3018 1287 3073 quae
1308 3002 1378 3057 ab
1402 3019 1603 3058 eorum
1618 3002 1891 3059 hostibus

238 3089 462 3160 saepius
493 3089 776 3147 exihiberi
806 3091 931 3146 visa
985 3097 1147 3159 sunt,
1202 3093 1302 3146 sed
1364 3092 1421 3146 in
1478 3092 1763 3159 moribus,
1824 3108 1891 3148 ac

242 3180 423 3274 bonas
446 3180 655 3274 mentis
678 3179 975 3251 operibus,
1016 3196 1146 3252 quas
1186 3180 1641 3252 imperatoribus
1673 3186 1729 3236 et
1759 3180 1891 3236 aliis
1916 3209 1958 3274 ρ

239 3266 1072 3339 omnibusindiscriminatim,
1094 3269 1371 3341 nullaque
1392 3270 1501 3325 nisi
1522 3287 1555 3325 a
1572 3272 1680 3325 Deo
1695 3286 1891 3341 exspe-

240 3361 403 3411 ctata
434 3358 700 3412 mercede
727 3357 1050 3428 persolvas.
1085 3363 1159 3412 At
1194 3358 1314 3414 haec
1338 3361 1698 3430 praestabant
1727 3359 1895 3416 Chri-

250 3444 457 3511 stiani,
492 3446 591 3517 qui
612 3445 901 3516 jubentur
933 3446 1151 3502 nemini
1186 3446 1337 3502 male
1366 3447 1531 3510 velle,
1565 3453 1666 3503 aut
1688 3448 1894 3516 facere,

245 3536 316 3588 de
352 3532 516 3589 nullo
552 3534 711 3589 male
742 3535 1012 3606 cogitare,
1047 3535 1341 3591 neminem
1398 3536 1615 3605 odisse,
1656 3535 1899 3607 diligere

248 3622 551 3687 inimicos,
595 3639 659 3678 ac
686 3640 819 3679 cum
856 3624 1166 3695 laeduntur,
1191 3642 1296 3696 par
1324 3626 1448 3697 pari
1496 3642 1609 3680 non
1661 3631 1897 3683 referre.

248 3712 417 3777 Quod
442 3712 679 3782 quidem
711 3713 783 3768 ab
815 3712 934 3769 illis
959 3718 1078 3769 tam
1110 3713 1315 3769 sedulo
1364 3715 1741 3770 observatum
1775 3718 1897 3783 est;

244 3804 308 3854 ut
344 3800 417 3853 ab
448 3799 623 3872 vulgo
656 3799 955 3872 lapidibus
987 3801 1254 3873 appetiti,
1300 3801 1387 3857 vel
1419 3800 1667 3857 aliorum
1706 3802 1900 3857 furore

242 3888 488 3959 ignibus
524 3890 737 3957 exusti,
763 3890 851 3945 vel
884 3890 1332 3946 bacchanalium
1370 3890 1539 3946 furiis
1590 3908 1657 3945 ex
1704 3890 1900 3962 sepul-

241 3994 338 4031 cro
368 3978 594 4043 effossi,
628 3982 718 4033 tot
774 3984 1090 4051 tantasque
1149 3979 1259 4035 sibi
1304 3984 1405 4034 aut
1465 3979 1592 4035 suis
1623 3979 1903 4035 fratribus

246 4065 448 4122 illatas
474 4066 724 4139 injurias
757 4086 1055 4140 nunquam
1106 4068 1309 4124 ulcisci
1362 4068 1674 4125 voluerint.
1737 4069 1905 4124 Pote-

242 4160 378 4210 rant
438 4159 639 4212 tamen
690 4157 759 4213 de
813 4156 887 4212 iis
928 4175 1130 4229 poenas
1189 4174 1418 4214 sumere
1476 4160 1579 4213 aut
1636 4156 1906 4228 pauculis

243 4242 461 4299 faculis
494 4245 781 4315 occultas,
815 4248 916 4299 aut
946 4246 1290 4317 majoribus,
1317 4264 1494 4319 quam
1526 4244 1764 4317 ethnici,
1793 4245 1905 4301 mi-

247 4333 421 4388 litum
459 4333 645 4405 copiis
676 4338 924 4405 apertas.
962 4335 1065 4391 Per
1090 4340 1272 4391 totum
1298 4336 1591 4408 siquidem
1617 4336 1904 4390 mundum

246 4422 527 4493 dispersi,
564 4423 761 4490 urbes,
790 4424 1128 4497 municipia,
1162 4430 1375 4497 castra,
1408 4425 1782 4498 exceptisque
1813 4440 1906 4479 so-

1995 1926 2325 1980 ostenderet
2355 1922 2496 1977 nihil
2530 1940 2562 1977 a
2618 1921 2965 1977 Christianis
3019 1918 3353 1975 turbulento
3409 1917 3629 1972 illicitae

1994 2013 2283 2082 factionis,
2318 2013 2417 2067 sed
2446 2011 2645 2066 omnia
2676 2012 2798 2065 solo
2831 2026 2977 2064 veras
2999 2008 3294 2080 religionis
3343 2012 3400 2061 et
3458 2005 3636 2077 pieta-

1994 2105 2071 2161 tis
2102 2103 2298 2158 animo
2332 2100 2453 2156 fieri
2482 2118 2495 2168 ;
2533 2100 2781 2154 breviter
2811 2115 2877 2153 ac
2937 2098 3161 2153 sincere
3214 2113 3280 2151 ea
3329 2096 3628 2161 describit,

1995 2210 2122 2264 qua;
2154 2192 2211 2245 in
2254 2206 2455 2246 eorum
2490 2189 2736 2243 coetibus
2769 2188 3109 2259 agebantur.
3144 2186 3205 2240 In
3239 2184 3376 2253 illis,
3422 2185 3630 2253 inquit,

1994 2283 2109 2336 vim
2142 2281 2257 2335 Deo
2292 2278 2595 2343 faciebant,
2630 2276 2774 2332 fusis
2802 2274 3237 2347 precationibus
3298 2290 3400 2343 pro
3440 2273 3628 2343 impe-

1995 2374 2183 2425 ratore
2209 2382 2264 2424 et
2296 2366 2701 2439 potestatibus,
2727 2382 2829 2436 pro
2862 2368 3014 2418 statu
3049 2360 3267 2431 saeculi,
3321 2377 3386 2414 ac
3433 2375 3625 2414 rerum

1995 2458 2209 2530 quiete,
2246 2474 2347 2528 pro
2396 2472 2557 2510 mora
2613 2454 2715 2508 fini
2774 2452 2984 2507 ultimo
3046 2448 3253 2505 mundi
3310 2447 3625 2504 afferenda.

1994 2548 2146 2602 Tum
2176 2545 2389 2601 dehinc
2419 2542 2764 2614 legebantur
2795 2540 3000 2595 divina:
3030 2540 3367 2610 Scriptura},
3414 2536 3630 2607 quibus

1996 2634 2354 2690 adstantium
2381 2634 2682 2702 pascercnt
2728 2629 2927 2693 fidem,
2988 2644 3152 2698 spem
3198 2624 3504 2697 erigerent,
3564 2640 3629 2679 ac

1998 2723 2241 2794 figerent
2274 2721 2565 2775 fiduciam.
2599 2719 3005 2789 Sequebantur
3033 2720 3237 2787 postea
3285 2713 3635 2770 exhortatio-

1999 2829 2122 2877 nes,
2155 2809 2589 2881 castigationes,
2624 2811 2679 2862 et
2711 2806 2906 2861 divina
2944 2806 3016 2860 ob
3049 2821 3223 2876 grave
3243 2803 3477 2875 aliquod
3511 2818 3645 2873 pec-

1999 2904 2196 2955 catum
2228 2914 2495 2953 censura.
2548 2896 2946 2951 Prasidebant
3005 2899 3201 2949 autem
3240 2893 3333 2947 his
3390 2892 3635 2946 coetibus

2000 2987 2221 3060 probati
2286 2985 2563 3054 seniores,
2600 3001 2711 3040 non
2746 2983 2945 3055 pretio,
2980 2982 3079 3038 sed
3104 2982 3309 3037 merito
3339 2980 3497 3034 hunc
3530 2978 3639 3033 bo-

2000 3092 2200 3132 norem
2259 3074 2474 3147 adepti.
2554 3073 2974 3144 Unusquisque
3023 3086 3157 3126 vero
3198 3073 3497 3124 menstrua
3548 3066 3642 3122 die

2003 3166 2291 3220 modicam
2325 3163 2537 3235 stipem
2572 3179 2679 3217 sua
2710 3166 2936 3233 sponte,
2972 3164 3029 3215 et
3062 3176 3162 3232 pro
3186 3156 3423 3213 modulo
3447 3156 3642 3212 confe-

2005 3254 2167 3309 rebat
2206 3254 2273 3308 ad
2307 3252 2544 3307 alendos
2576 3249 2871 3323 quoslibet
2900 3265 3132 3321 egenos,
3167 3263 3356 3312 senes,
3408 3260 3641 3317 pueros,

2007 3341 2257 3408 exsules,
2291 3341 2625 3396 carceribus
2653 3338 3038 3410 mancipatos,
3071 3337 3332 3407 aliosque
3383 3333 3453 3389 ad
3518 3350 3645 3387 me-

2006 3428 2147 3484 talla
2177 3429 2504 3483 damnatos.
2538 3426 2764 3482 Ethnici
2824 3441 2960 3497 ergo
3021 3424 3238 3479 frustra
3281 3422 3647 3478 conabantur

2008 3518 2155 3574 hanc
2185 3518 2471 3572 infamare
2499 3521 2761 3571 mutuam
2784 3514 3251 3571 Christianorum
3275 3510 3643 3577 charitatem,

2008 3624 2125 3678 qua
2154 3607 2328 3661 etiam
2380 3622 2510 3661 sese
2540 3604 2785 3659 invicem
2821 3620 2956 3658 vera
2993 3602 3271 3673 religione
3331 3600 3643 3666 adunatos,

2009 3697 2215 3751 fratres
2244 3695 2531 3749 vocabant
2558 3712 2571 3760 ;
2605 3709 2831 3765 suaque
2862 3692 2993 3747 aliis
3027 3691 3430 3762 partiebantur
3461 3688 3639 3753 bona,

2012 3784 2225 3857 quibus
2260 3798 2563 3854 nunquam
2597 3799 2713 3837 non
2744 3781 3132 3836 dirimebatur
3153 3784 3397 3834 mutuus
3447 3776 3648 3833 ethni-

2011 3889 2212 3929 corum
2243 3888 2425 3927 amor.
2460 3871 2779 3926 Indiscreta
2809 3870 3027 3941 quippe
3058 3868 3143 3924 illi
3174 3868 3472 3924 habebant
3528 3880 3655 3922 om-

2012 3963 2129 4029 nia,
2165 3968 2369 4032 praater
2399 3976 2629 4024 uxores,
2651 3974 2796 4031 quas
2824 3959 2905 4025 hi,
2930 3962 3135 4012 caetera
3165 3956 3363 4013 omnia
3390 3953 3655 4009 retinen-

2012 4055 2120 4113 tes,
2154 4065 2283 4105 cum
2310 4049 2515 4103 amicis
2546 4048 2671 4102 suis
2719 4047 3218 4118 quemadmodum
3271 4045 3537 4100 Socrates
3594 4053 3651 4101 et

2011 4142 2168 4205 Cato,
2203 4136 2737 4193 communicabant.

2089 4244 2279 4316 Pergit
2302 4242 2714 4310 Tertullianus,
2748 4259 2813 4298 ac
2848 4260 3029 4312 coena,
3063 4241 3255 4314 inquit
3294 4237 3655 4295 Christiano-

2017 4351 2168 4401 rum,
2203 4350 2314 4388 non
2350 4332 2503 4388 sicut
2544 4333 2993 4405 Megariensum,
3017 4331 3103 4387 vel
3135 4331 3383 4386 aliorum
3432 4327 3512 4382 ibi
3575 4327 3648 4381 ab

2015 4422 2113 4478 illo
2147 4426 2502 4490 notatorum,
2554 4420 2795 4495 prodiga
2825 4424 2950 4476 erat
3008 4424 3063 4476 et
3120 4422 3490 4491 sumptuosa,
3552 4416 3653 4471 sed

248 4510 323 4567 lis
355 4513 601 4567 deorum
638 4513 895 4585 templis,
930 4515 1127 4570 omnia
1158 4515 1565 4588 impleverant.
1627 4514 1906 4579 Quamvis
1938 4573 1979 4588 ἢ
2008 4512 2143 4583 jure
2175 4512 2381 4567 merito
2414 4529 2447 4567 a
2472 4510 2684 4568 Graecis
2714 4508 2898 4584 ἀγάπη
2932 4513 2987 4566 et
3044 4525 3077 4565 a
3134 4507 3350 4565 Latinis
3412 4506 3650 4563 dilectio

250 4606 449 4656 autem
508 4600 768 4657 minores
819 4603 1017 4675 copias
1063 4604 1354 4660 instruere
1410 4604 1765 4676 potuissent,
1811 4573 1983 4658 cuiD
2018 4607 2410 4675 nuncupatur.
2468 4603 2514 4657 A
2598 4602 2872 4674 precibus
2937 4600 3265 4667 inchoatur,
3325 4615 3391 4654 ac
3450 4601 3653 4669 postea

250 4696 451 4746 tamen
483 4690 637 4746 bello
672 4692 925 4764 prompti
958 4698 1012 4747 et
1044 4692 1237 4749 idonei
1270 4710 1385 4749 non
1438 4697 1630 4763 erunt,
1677 4692 1774 4764 qui
1834 4691 1903 4746 li-

248 4780 461 4835 benter
485 4797 590 4852 pro
624 4797 745 4836 suae
775 4781 1077 4854 religionis
1108 4784 1476 4840 confessione
1509 4799 1570 4839 se
1620 4780 1906 4837 trucidari

250 4870 633 4941 patiebantur
652 4869 680 4925 ’ἶ
700 4872 808 4926 Fac
825 4872 1023 4942 etiam,
1048 4872 1095 4929 si
1122 4873 1284 4938 velis,
1312 4890 1409 4929 eos
1428 4872 1609 4928 fuisse
1631 4871 1902 4927 inermes.

247 4962 325 5013 At
358 4976 468 5014 sua
498 4959 625 5015 sola
658 4977 690 5015 a
738 4960 1011 5031 gentibus
1051 4962 1391 5030 defectione,
1448 4966 1548 5017 aut
1588 4959 1906 5031 separatio-

248 5064 347 5117 ne,
380 5064 543 5103 sesse
562 5048 857 5104 vindicare
882 5049 1154 5105 facillime
1182 5056 1467 5122 poterant.
1484 5051 1672 5105 Tanta
1690 5049 1907 5120 quippe

246 5141 375 5192 erat
407 5136 641 5194 illorum
675 5137 1014 5209 multitudo,
1046 5144 1111 5194 ut
1139 5140 1353 5195 ethnici
1386 5140 1498 5196 sibi
1532 5138 1675 5196 solis
1697 5137 1904 5205 relicti,

245 5241 421 5280 suam
455 5226 903 5298 obstupuiseent
934 5228 1003 5282 ad
1039 5227 1449 5299 solitudinem,
1477 5226 1907 5301 acplureshos-

248 5317 341 5367 tes
374 5314 744 5383 habuissent,
780 5334 954 5387 quam
986 5316 1162 5373 cives.
1200 5318 1457 5389 Denique
1505 5317 1576 5372 ad
1625 5315 1907 5371 Christia-

248 5419 463 5457 norum
495 5403 815 5459 vindictam
850 5406 994 5460 satis
1028 5406 1225 5475 utique
1267 5406 1497 5477 fuisset,
1531 5406 1581 5460 si
1612 5406 1909 5459 daemones

246 5506 371 5547 non
406 5492 777 5566 depulissent
808 5493 881 5549 ab
931 5494 1191 5550 obsessis
1238 5494 1609 5551 ethnicorum
1643 5492 1909 5565 corpori-

250 5579 392 5636 bus.
453 5582 639 5637 Tanto
697 5582 877 5655 igitur
922 5583 1032 5638 hoc
1092 5601 1209 5639 uno
1240 5584 1535 5657 praesidio,
1586 5581 1909 5656 gentilibus

256 5668 491 5742 collato,
514 5672 907 5729 ostendebant
934 5688 997 5730 se
1017 5689 1134 5729 non
1164 5673 1414 5731 humani
1444 5674 1687 5746 quidem
1727 5686 1907 5744 gene-

2016 4708 2221 4747 omnes
2250 4696 2413 4746 tanta
2445 4689 2838 4747 moderatione
2883 4689 3199 4744 comedunt
3228 4691 3285 4742 et
3320 4686 3559 4754 bibunt,
3595 4687 3659 4738 ut

2017 4780 2392 4836 meminerint
2431 4780 2613 4835 Deum
2650 4796 2751 4852 per
2782 4784 3010 4836 noctem
3069 4776 3456 4833 adorandum.
3518 4777 3659 4829 Post

2016 4885 2230 4940 aquam
2289 4884 2423 4925 vero
2483 4868 2817 4924 manualem
2850 4871 2905 4922 et
2953 4866 3201 4927 lumina.
3261 4863 3530 4936 quisque,
3594 4864 3661 4916 ut

2017 4963 2230 5031 potest,
2260 4958 2330 5013 ad
2363 4958 2583 5029 aliquid
2615 4974 2683 5012 ex
2706 4955 3023 5027 Scripturis
3048 4954 3232 5011 sacris
3285 4958 3395 5010 Deo
3453 4967 3662 5008 canen-

2018 5048 2158 5102 dum
2192 5052 2565 5120 provocatur.
2615 5047 2727 5102 Alii
2784 5063 2917 5102 vero
2973 5061 3171 5101 secum
3233 5042 3656 5113 colloquentes,

2017 5137 2329 5192 Dominum
2372 5137 2573 5192 audire
2605 5137 2816 5191 sciunt.
2850 5134 3108 5202 Denique
3130 5132 3312 5189 oratio
3362 5131 3515 5186 sicut
3572 5130 3659 5184 in-

2018 5225 2191 5297 cepit,
2232 5226 2311 5281 ita
2341 5226 2564 5281 dirimit
2616 5224 2966 5291 convivium,
3023 5229 3202 5295 atque
3254 5222 3391 5277 inde
3456 5235 3660 5275 omnes

2018 5332 2132 5369 non
2165 5314 2530 5370 tumultuoso
2556 5318 2610 5369 et
2643 5313 2858 5369 lascivo
2890 5312 3254 5369 ethnicorum
3315 5325 3493 5375 more,
3553 5307 3655 5363 sed

2018 5420 2256 5459 summa
2279 5420 2413 5459 cum
2440 5404 2725 5459 modestia
2756 5404 3085 5459 discedunt.
3122 5406 3307 5472 Atque
3354 5417 3420 5456 ex
3452 5399 3525 5453 iis
3578 5397 3661 5451 ita

2017 5494 2297 5565 expositis
2326 5492 2719 5550 Tertullianus
2751 5492 3051 5549 concludit
3078 5508 3192 5547 non
3240 5490 3301 5545 in
3350 5490 3444 5545 his
3499 5486 3660 5542 Chri-

2018 5582 2371 5648 stianorum,
2403 5582 2505 5639 sed
2537 5582 2681 5654 ipsis
2708 5582 3016 5652 gentilium
3047 5579 3292 5639 ccntibus
3322 5592 3452 5634 esse
3476 5572 3653 5631 illici-

2021 5676 2110 5729 tas
2142 5672 2629 5744 damnandasque
2660 5671 2968 5730 factiones.
