4106 6178
424 302 539 360 799

943 296 1468 360 TERTULLIANI
1515 295 1840 356 OPERUM
1886 296 2086 354 PARS
2133 296 2584 359 I.-—SEltIES
2632 301 2679 373 Ι,
2725 302 3292 362 APOLOGETICA.

3668 303 3774 361 800

498 434 613 488 Nec
642 432 849 503 potiori
872 432 1108 502 quidem
1136 432 1270 501 jure
1301 429 1359 484 hi
1392 429 1777 484 clamitabant
1831 429 2064 484 eosdem
2097 433 2154 497 Α
2180 432 2460 500 quiebant
2490 434 2756 504 gentiles,
2810 436 3111 507 vectigalia
3144 436 3502 490 minuuntur.
3532 437 3632 489 Sed
3662 437 3779 506 qui-

431 522 794 577 Christianos
828 519 1194 591 publicarum
1227 519 1489 571 omnium
1517 517 1915 572 calamitatum
1943 534 2069 572 esse

434 608 877 665 auctores.Nam
905 614 1038 662 ante
1071 608 1337 661 auditum
1372 606 1603 661 illorum
1633 624 1843 661 nomen
1877 606 2074 677 plures

434 697 662 762 insulsa,
688 698 759 751 ab
784 703 1064 751 Auctor-es
1096 701 1293 750 nostro
1327 696 1735 761 denominata,
1770 702 1871 750 aut
1894 697 2073 749 maris

433 787 731 847 ﬂuctibus.
758 791 858 840 aut
889 786 1145 839 motibus
1170 790 1333 838 terra:
1361 785 1644 853 absorpta:
1708 791 1866 840 sunt.
1927 786 2074 840 Con-

434 882 553 931 stat
581 876 757 931 etiam
790 880 979 929 antea.
1015 890 1079 928 ac
1108 875 1446 944 priusquam
1483 873 1584 926 ulli
1617 880 1815 927 essent
1860 879 2075 928 Roma-

439 981 649 1019 norum
682 966 832 1020 120
865 964 966 1030 dii,
1002 968 1190 1017 totum
1226 963 1426 1016 orbem
1454 968 1745 1017 terrarum
1796 962 2077 1033 generali,

441 1070 545 1107 nec
581 1060 810 1107 tantum
843 1050 1179 1121 campestri,
1218 1058 1281 1105 ut
1313 1050 1475 1105 Plato
1527 1054 1774 1122 putavit,
1836 1052 2080 1122 periisse

442 1142 683 1195 diluvio.
718 1143 797 1194 Ad
834 1141 952 1194 haec
985 1156 1116 1194 vero
1174 1142 1521 1210 priusquam
1574 1140 1758 1197 Judaai
1792 1142 1849 1194 in
1912 1146 2079 1212 Egy-

443 1237 611 1301 ptum
647 1231 1021 1299 migrassent,
1054 1235 1227 1297 atque
1275 1230 1418 1284 adeo
1449 1229 1621 1300 longe
1677 1235 1848 1283 antea
1903 1248 2080 1301 quam

443 1320 709 1372 Christus
737 1318 1073 1387 religionem
1108 1335 1277 1372 suam
1336 1318 1660 1382 fundasset,
1722 1318 1873 1372 ultor
1931 1320 2083 1389 ignis

442 1408 753 1463 Sodomam
786 1414 844 1461 et
872 1406 1277 1472 Gomorrham,
1312 1406 1612 1461 Vulsinios
1670 1412 1726 1461 et
1778 1406 2084 1477 Pompeios

444 1499 913 1565 consumpserat.
947 1495 1177 1549 Nemini
1220 1511 1452 1566 quoque
1501 1497 1924 1565 incompertum
1985 1498 2085 1552 Bo-

443 1601 649 1639 manos
663 1583 952 1639 Cannensi
978 1583 1174 1654 praelio
1197 1584 1379 1638 fuisse
1404 1584 2083 1657 proﬂigatos,etoaptum

444 1690 477 1728 a
506 1673 835 1727 Senonibus
867 1672 1232 1744 capitolium,
1267 1689 1399 1727 cum
1433 1672 1681 1727 Romani
1732 1674 1870 1728 deos
1921 1691 2082 1745 suos,

444 1769 503 1818 et
534 1760 677 1815 nulli
710 1760 1023 1815 Christiani
1054 1777 1254 1815 verum
1275 1762 1451 1815 Deum
1476 1762 1803 1818 adorarent.
1837 1763 2081 1818 Domum

446 1850 649 1905 eadem
684 1856 859 1903 antea
890 1850 998 1902 fuit
1023 1850 1254 1904 urbium
1289 1855 1463 1919 atque
1508 1850 1859 1921 templorum
1893 1851 2087 1907 clades
2118 1824 2164 1889 Β

449 1944 506 1993 et
533 1939 722 1993 ruina.
753 1942 823 1993 At
849 1938 969 1992 htsc
992 1956 1105 1993 non
1133 1944 1451 2009 potuerunt
1492 1940 1585 2005 iis,
1617 1956 1872 2014 Quorum
1921 1948 2089 1996 erant

444 2028 683 2098 templa,
718 2026 958 2081 faetitiis
989 2026 1101 2081 diis
1134 2026 1373 2092 ascribi,
1406 2028 1509 2083 sed
1564 2028 1849 2098 impietati
1908 2029 2093 2084 homi-

449 2132 617 2182 num,
651 2115 748 2185 qui
780 2132 879 2169 eos
912 2114 1243 2181 coluerunt,
1291 2131 1355 2170 ac
1389 2133 1585 2170 verum
1625 2118 1800 2172 Deum
1825 2118 2091 2173 omnium

454 2206 745 2260 bonorum
782 2204 1023 2272 fontem,
1079 2208 1177 2259 aut
1231 2204 1569 2275 ignorantes
1619 2211 1717 2259 aut
1776 2207 2095 2277 aspernati,

462 2293 622 2349 omni
652 2294 927 2347 vitiorum
962 2294 1368 2364 scelerumque
1398 2310 1606 2365 genere
1634 2311 1761 2349 sese
1810 2297 2095 2351 contami-

470 2387 768 2437 naverant.
800 2386 924 2435 Huc
952 2381 1198 2444 accedit,
1230 2383 1384 2450 quod
1418 2384 1488 2436 ab
1519 2398 1585 2437 eo
1636 2387 1917 2453 tempore,
1980 2402 2095 2455 quo

469 2475 666 2526 exorta
693 2475 782 2525 est
811 2469 1045 2523 Christii
1081 2469 1305 2540 religio,
1361 2470 1602 2526 leviores
1663 2473 1861 2543 procul
1921 2474 2099 2529 dubio

466 2560 706 2613 fuerunt
763 2558 1012 2628 publicas
1068 2557 1410 2626 bujusmodi
1460 2558 1846 2617 calamitates.
1938 2561 2100 2618 lllius

470 2648 684 2717 quippe
714 2650 1069 2701 sectatorum
1102 2646 1437 2701 innocentia
1487 2646 1854 2718 lniquitatem
1906 2652 2105 2706 saeculi

471 2735 833 2805 temperavit.
875 2735 943 2788 Et
972 2750 1103 2788 vero
1129 2735 1226 2789 ubi
1260 2735 1590 2791 calamitate
1618 2738 1815 2808 aliqua
1848 2743 2107 2797 mundus

474 2825 868 2898 premebatur,
900 2827 1026 2877 tum
1050 2822 1266 2877 ethnici
1302 2823 1478 2879 falsos
1526 2826 1664 2880 deos
1723 2844 1862 2883 suos
1896 2830 2109 2887 ritibus

474 2915 661 2972 solitis
694 2929 995 2985 perperam
1031 2911 1386 2982 fatigabant:
1431 2912 1742 2971 Christiani
1791 2934 1922 2973 vero
1972 2936 2110 2974 con-

473 3005 741 3068 tinentia,
803 3003 1071 3074 jejuniis,
1130 3002 1378 3073 aliisque
1458 3005 1807 3073 paenitentia)
1883 3010 2111 3064 actibus

474 3094 791 3150 exorabant
820 3092 939 3147 veri
970 3091 1067 3147 Dei
1116 3092 1602 3148 misericordiam.
1636 3094 1759 3150 Non
1794 3096 1852 3150 hi
1912 3097 2111 3167 itaque

475 3184 594 3238 veri
625 3182 721 3237 Dei
752 3181 1030 3249 cultores,
1084 3182 1184 3235 sed
1234 3180 1475 3246 ethnici,
1530 3182 1697 3237 illum
1740 3192 2109 3255 spernentes,
2142 3175 2185 3243 C

475 3270 841 3343 publicarum
875 3268 1272 3323 calamitatum
1305 3286 1482 3324 causa
1504 3276 1670 3326 erant
1693 3278 1840 3343 (cap.
1874 3275 1965 3337 39,
1999 3277 2106 3346 40).

551 3378 732 3430 Instat
784 3374 976 3429 adhuc
1048 3375 1445 3430 Tertullianus
1515 3376 1920 3449 iniquissimos
1985 3399 2114 3439 esse

476 3466 681 3519 horum
714 3464 873 3533 deos,
902 3463 950 3517 si
984 3468 1218 3534 propter
1244 3464 1705 3523 Christianorum
1739 3469 2115 3528 sceleraillos

473 3552 655 3608 tantis
689 3552 860 3606 malis
890 3552 1170 3607 afﬂictent
1200 3569 1264 3607 ac
1294 3556 1623 3611 conﬁciant.
1659 3558 1774 3613 Nec
1807 3560 1948 3614 sinit
2005 3561 2113 3617 hoc

473 3640 659 3696 telum
689 3640 747 3695 in
781 3640 1142 3696 Christianos
1173 3644 1512 3712 retorqueri,
1542 3660 1689 3714 quos
1719 3647 1873 3703 Deus
1904 3649 2113 3707 iisdem

478 3734 653 3800 atque
709 3729 957 3801 gentiles
988 3729 1419 3786 calamitatibus
1451 3735 1700 3805 opprimi
1761 3738 2114 3809 patiebatur.

475 3818 673 3873 Justos
708 3817 925 3889 quippe
957 3818 1243 3889 homines,
1270 3821 1501 3891 utiipse
1555 3823 1754 3895 edixit,
1816 3844 1929 3881 non
1990 3829 2113 3884 dis-

476 3912 675 3963 cernet
703 3908 775 3962 ab
808 3908 1067 3977 injustis,
1103 3909 1215 3964 nisi
1238 3909 1292 3964 in
1330 3910 1536 3967 ultimo
1566 3917 1915 3984 postmundi
1942 3917 2116 3973 finem

470 3997 718 4068 judicio.
750 3997 1115 4071 Quapropter
1145 3999 1329 4055 voluit
1359 4002 1557 4056 omnia
1588 4003 1644 4056 in
1679 4002 1788 4059 hoc
1844 4005 2117 4061 humanas

478 4086 609 4141 vita:
641 4103 816 4141 cursu
850 4090 1123 4143 omnibus
1155 4105 1283 4145 esse
1341 4092 1698 4159 communia,
1759 4098 1815 4148 et
1876 4096 2122 4151 adversa

482 4176 717 4247 quidem
742 4176 912 4232 bonis
945 4178 1003 4231 in
1035 4179 1517 4248 admonitionem,
1551 4181 1721 4237 malis
1751 4200 1885 4239 vero
1917 4183 1976 4238 in
2026 4202 2120 4241 ca-

481 4265 877 4338 stigationem.
915 4267 1103 4324 Nullis
1135 4273 1414 4339 prmtcrea
1444 4270 1704 4325 adversis
1758 4271 2124 4329 laadebantur

480 4353 817 4423 Christiani,
853 4357 1066 4428 quibus
1098 4357 1244 4413 nihil
1278 4362 1400 4413 erat
1431 4359 1769 4430 optabilius,
1815 4377 1991 4432 quam
2053 4365 2125 4418 de

480 4441 589 4497 hoc
647 4446 866 4500 mundo
924 4446 1095 4501 exire.
1153 4449 1507 4518 Quacumque
1553 4452 1746 4503 autem
1822 4452 2125 4507 vexatione

482 4536 954 4601 concuterentur,
989 4549 1151 4605 spem
1182 4536 1575 4607 fiduciamque
1614 4554 1782 4592 suam
1842 4539 2124 4609 praedica-
2155 4543 2203 4607 D

481 4621 638 4678 tione
718 4622 1048 4677 divinarum
1117 4623 1553 4694 Scripturarum
1626 4627 1987 4683 recreabant.
2053 4631 2125 4684 At

484 4710 700 4767 ethnici
728 4729 758 4767 e
789 4712 1081 4768 contrario
1112 4712 1257 4766 nihil
1292 4714 1350 4768 in
1377 4715 1637 4771 adversis
1670 4714 1861 4771 solatii
1922 4734 1955 4772 a
2012 4718 2126 4773 diis

486 4800 631 4867 suis,
660 4817 849 4871 neque
879 4801 936 4856 in
969 4801 1097 4869 hac,
1128 4818 1312 4873 neque
1337 4803 1395 4858 in
1430 4804 1626 4861 futura
1667 4805 1782 4862 vita
1811 4806 2124 4873 habentes,

483 4887 737 4957 injustos
761 4888 966 4961 utique
995 4889 1262 4947 colebant
1291 4896 1349 4948 et
1378 4893 1642 4965 ingratos
1675 4897 1822 4967 (cap.
1847 4896 1959 4967 41).

555 4994 701 5059 Quid
735 4999 1014 5067 praeterea
1037 4999 1225 5071 magis
1257 5000 1577 5058 absurdum
1615 5001 1732 5059 alia
1753 5004 2124 5063 ethnicorum

485 5082 555 5137 de
578 5082 923 5141 Christianis
954 5088 1440 5162 expostulatione,
1470 5108 1585 5163 qua
1615 5095 2127 5165 conquerebantur

486 5188 584 5229 eos
614 5191 742 5231 esse
773 5174 1168 5233 infructuosos
1201 5194 1265 5235 ac
1296 5179 1648 5253 Reipublicaa
1681 5184 1923 5241 inutiles
1944 5184 1971 5240 ?
2000 5185 2124 5242 Non

488 5262 639 5318 enim
663 5264 1059 5323 Brachmanes
1082 5276 1273 5340 erant,
1306 5275 1408 5328 aut
1438 5272 1736 5346 silvicolae,
1768 5276 1869 5331 sed
1921 5276 2126 5347 quaeli-

482 5352 578 5407 bet
607 5368 739 5409 cum
778 5352 985 5411 iisdem
1017 5356 1267 5413 ethnicis
1299 5362 1650 5418 commercia
1684 5362 1899 5436 ubique
1948 5364 2128 5420 babe~

484 5439 649 5512 bant,
682 5460 748 5497 ac
780 5442 920 5500 solis
943 5446 1199 5518 exceptis
1222 5451 1652 5522 superstitiosis
1684 5452 1920 5510 illorum
1953 5470 2125 5510 caere-

486 5532 723 5598 moniis,
756 5533 841 5590 sic
871 5540 1024 5591 artes
1057 5537 1385 5595 miscebant
1415 5549 1469 5598 et
1495 5559 1721 5614 operas,
1746 5548 1809 5598 ut
1859 5560 1994 5599 cum
2029 5543 2127 5611 iis,

483 5625 540 5676 et
562 5622 632 5679 de
662 5622 777 5679 illis
807 5625 1086 5683 viverent.
1118 5628 1192 5686 At
1222 5630 1580 5702 templorum
1626 5640 1987 5701 nostrorum,
2040 5633 2128 5688 in-

2181 519 2312 585 bus,
2360 522 2437 575 ait
2486 523 2927 578 Tertullianus?
2972 526 3263 596 Numquid
3297 524 3620 579 hominibus
3649 525 3780 579 diis-

2184 624 2295 679 que
2317 612 2523 664 vestris
2571 614 2999 669 mendicatibus
3020 615 3047 668 ‘I
3077 615 3280 669 Nonne
3297 613 3600 668 Christiani
3631 629 3781 679 opem

2183 696 2299 750 illis
2352 701 2683 769 petentibus
2717 719 2949 773 semper
2971 704 3182 769 ferunt,
3218 718 3530 772 eorumque
3576 702 3784 755 miseri-

2184 788 2382 840 cordia
2409 787 2574 858 plura
2606 792 2825 845 vicatim
2871 792 3096 859 tribuit,
3157 808 3333 862 quam
3383 790 3619 860 gentiles
3666 794 3788 845 lem-

2182 875 2425 944 platz'm?
2462 878 2679 933 Caetera
2724 896 2856 934 vero
2904 880 3212 951 vectigalia
3265 880 3437 933 iidem
3496 878 3791 933 Christiani

2186 968 2350 1019 tanta
2376 968 2489 1021 tide
2509 969 2864 1038 expendunt,
2886 974 3105 1040 quanta
3134 969 3508 1040 improbitate
3536 967 3604 1022 ab
3633 966 3799 1022 ethni-

2188 1052 2274 1106 cis
2301 1054 2648 1110 fraudantur
2671 1058 2821 1128 (cap.
2860 1058 2971 1127 42).

2262 1161 2504 1226 Quinam
2540 1168 2759 1229 autem,
2791 1167 2979 1235 pergit
2998 1168 3215 1219 Auctor
3236 1168 3436 1219 noster
3458 1164 3526 1216 de
3552 1160 3803 1217 Christia-

2192 1269 2400 1307 norum
2446 1251 2845 1322 querebantur
2896 1252 3261 1308 inutilitate?
3310 1254 3511 1308 Nonne
3567 1250 3805 1313 lenones,

2196 1344 2338 1398 721
2396 1345 2790 1414 perductores,
2856 1342 3166 1413 aquarioli,
3222 1341 3439 1410 sicarii,
3504 1338 3803 1407 venenarii,

2192 1432 2371 1503 magi,
2414 1437 2468 1486 et
2498 1432 2593 1487 alii
2635 1432 2900 1502 ejusdem
2943 1433 3138 1487 farinaa
3178 1429 3487 1486 homines?
3514 1430 3585 1483 At
3611 1427 3691 1482 eis
3723 1426 3800 1481 in-

2193 1522 2525 1577 fructuosos
2564 1538 2691 1576 esse
2732 1521 2954 1576 fructus
2993 1525 3100 1577 est.
3130 1520 3410 1576 Caeterum
3435 1520 3485 1573 si
3523 1515 3811 1572 Christiani

2194 1610 2415 1681 aliquid
2488 1609 2824 1682 reipublicae
2864 1610 3108 1665 afferant
3153 1607 3510 1671 detrimenti,
3550 1606 3686 1660 illud
3710 1606 3808 1658 dte-

2197 1700 2394 1753 monia
2458 1716 2525 1753 ex
2583 1700 2969 1770 ipsorummet
3044 1698 3415 1754 ethnicorum
3494 1694 3812 1767 corporibus

2196 1787 2501 1859 ejiciendo,
2551 1789 2695 1843 satis
2752 1804 3046 1859 superque
3086 1786 3574 1859 compensabant.
3618 1788 3813 1837 Verum

2197 1876 2446 1948 gentiles
2487 1882 2651 1932 tanta
2690 1877 2945 1949 profecto
2978 1876 3347 1943 crudelitate,
3384 1879 3603 1947 quanto
3640 1871 3811 1942 reipu-

2197 1966 2363 2022 blicae
2386 1966 2600 2021 damno
2624 1966 2969 2021 occidebant
2989 1964 3375 2031 Christianos,
3412 1979 3654 2035 quorum
3678 1977 3816 2016 cum-

2202 2060 2366 2127 perta
2390 2056 2665 2110 omnibus
2716 2072 2845 2111 esse
2884 2055 3092 2109 debeat
3122 2054 3461 2109 innocentia
3480 2051 3566 2108 vel
3606 2068 3669 2107 eo
3691 2048 3819 2112 solo.

2204 2144 2360 2214 quod
2399 2143 2699 2199 sceleratis
2741 2161 2873 2199 cum
2916 2143 3071 2215 pleni
3113 2147 3315 2199 essent
3335 2157 3619 2206 carceres,
3642 2138 3821 2194 nullus

2206 2232 2307 2300 ibi,
2364 2233 2475 2287 nisi
2518 2250 2691 2288 suum
2716 2232 2906 2287 solum
2930 2232 3002 2287 ob
3026 2248 3262 2299 nomen,
3286 2230 3653 2287 Christianus
3674 2243 3822 2299 repe-

2208 2323 2467 2377 riebatur
2488 2322 2639 2394 (cap.
2673 2322 2761 2389 43,
2794 2323 2910 2393 44).

2282 2429 2634 2499 Nequeinde
2672 2432 2897 2485 tantum
2959 2429 3243 2500 probatur
3277 2426 3514 2482 illorum
3553 2427 3674 2481 vitae
3712 2439 3825 2478 mo-

2211 2533 2460 2587 rumque
2493 2516 2822 2589 integritas,
2855 2517 2952 2572 sed
2987 2534 3055 2571 ex
3105 2516 3318 2571 divinis
3374 2515 3551 2571 etiam
3614 2512 3825 2568 illorum

2212 2605 2462 2677 legibus,
2498 2622 2623 2677 quae
2657 2606 2965 2660 sanctitate
2984 2609 3041 2660 et
3069 2604 3421 2660 auctoritate
3453 2622 3560 2658 sua
3579 2602 3828 2657 omnibus

2214 2696 2492 2751 humanis
2524 2694 2694 2766 longe
2736 2699 3031 2765 praestant.
3092 2694 3237 2749 Nam
3298 2693 3388 2748 has
3448 2689 3828 2757 homicidium,

2217 2784 2328 2839 illae
2363 2785 2507 2838 iram
2537 2801 2550 2850 ;
2586 2784 2669 2837 he:
2704 2782 3084 2849 adulterium,
3118 2782 3227 2837 illas
3269 2779 3827 2853 concupiscentiam:

2220 2873 2304 2928 ha:
2337 2872 2710 2941 maleficium,
2752 2872 2861 2926 illa:
2897 2871 3356 2941 maleloquium;
3424 2871 3519 2925 ille
3576 2867 3831 2939 injuriam

2221 2962 2501 3017 vindicari
2535 2962 2899 3033 praecipiunt,
2953 2961 3041 3015 ha:
3098 2960 3325 3031 injuriaa
3372 2960 3559 3015 vicem
3617 2956 3835 3013 reddere

2221 3050 2549 3122 prohibent.
2587 3054 2707 3105 Huc
2741 3049 2963 3105 accedit
2992 3050 3147 3121 quod
3179 3049 3403 3116 omnia,
3450 3066 3572 3119 quas
3630 3048 3685 3100 in
3736 3044 3835 3099 bu-

2225 3140 2415 3195 manis
2445 3138 2753 3211 gentilium
2798 3138 3026 3210 legibus
3086 3138 3433 3210 probantur,
3493 3137 3612 3192 hinc
3662 3151 3725 3189 ex
3768 3131 3840 3185 di-

2223 3228 2375 3283 vinis
2407 3228 2869 3284 Christianorum
2901 3227 3139 3283 statutis
3178 3226 3439 3282 delibata
3497 3228 3651 3281 sunt.
3708 3222 3836 3277 Pra-

2220 3322 2380 3373 terea
2412 3319 2695 3389 majorem
2727 3334 2856 3373 esse
2885 3317 3118 3387 barum,
3153 3334 3327 3387 quam
3362 3315 3603 3371 illarum
3661 3316 3839 3367 aucto-

2222 3406 2454 3462 ritatem
2514 3406 2649 3462 hinc
2690 3406 2861 3478 plane
2913 3406 3237 3473 conﬁcitur,
3271 3405 3414 3475 quia
3470 3403 3721 3458 humana
3762 3397 3840 3451 lex

2222 3495 2496 3567 perfringi
2529 3495 2699 3551 facile
2726 3500 2935 3566 potest,
2961 3495 3048 3550 vel
3081 3499 3316 3567 propter
3333 3510 3569 3549 reorum
3590 3490 3844 3555 latebras,

2223 3591 2279 3643 et
2309 3585 2586 3655 peccandi
2618 3584 3047 3649 necessitatem,
3083 3582 3165 3638 vel
3191 3587 3431 3654 propter
3452 3577 3717 3652 supplicii
3739 3577 3849 3630 bre-

2223 3673 2483 3743 vitatem,
2510 3690 2623 3728 non
2648 3674 2799 3727 ultra
2820 3672 3041 3728 obitum
3076 3670 3399 3743 inﬂigendi.
3436 3674 3510 3725 At
3532 3667 3672 3724 nihil
3704 3680 3847 3737 pror—

2226 3779 2329 3819 sus
2360 3762 2539 3817 latere
2569 3766 2759 3834 potest
2790 3767 2994 3828 Deum,
3028 3761 3129 3833 qui
3163 3761 3533 3829 zeternas,de
3584 3750 3846 3829 quibusli-

2227 3853 2325 3907 bet
2349 3851 2665 3907 criminum
2689 3850 2939 3906 consciis
2972 3867 3172 3921 pmnas
3208 3849 3443 3921 repetit.
3477 3846 3623 3913 Quid
3658 3842 3851 3900 mirum

2227 3956 2364 4011 ergo
2398 3940 2445 3995 si
2478 3944 2643 3995 tanta
2676 3940 2871 4005 fuerit,
2907 3938 3077 3994 sicuti
3107 3939 3233 4008 jam
3259 3938 3729 3993 demonstratum
3756 3931 3850 3994 est,

2226 4028 2698 4084 Christianorum
2770 4028 2935 4082 illum
3013 4025 3349 4081 timentium
3409 4020 3766 4087 innocentia,
3805 4018 3853 4070 et

2231 4116 2535 4189 gentilium
2602 4116 3010 4189 proconsulem
3070 4114 3469 4171 metuentium
3528 4108 3856 4186 perversitas

2231 4206 2383 4278 (cap.
2408 4206 2497 4276 45,
2530 4206 2617 4276 46)
2642 4205 2669 4259 ?

2303 4299 2378 4348 At
2407 4292 2970 4367 philosopbinostri,
3017 4293 3255 4348 aiebant
3292 4292 3416 4357 isti,
3481 4290 3746 4347 eamdem
3800 4297 3857 4336 ac

2235 4383 2553 4439 Christiani
2595 4383 3016 4456 profitebantur
3078 4381 3507 4447 innocentiam,
3559 4374 3859 4450 justitiam,

2235 4473 2576 4543 patientiam
2640 4472 3039 4541 sobrietatem,
3102 4469 3475 4542 pudicitiam.
3524 4468 3583 4523 Si
3635 4467 3711 4521 ita
3765 4464 3862 4525 est,

2234 4561 2550 4633 respondet
2574 4560 2993 4627 'l‘crtullianus,
3027 4576 3131 4614 cur
3163 4558 3359 4631 plures
3389 4551 3745 4629 philosophi,
3777 4564 3862 4602 su-

2236 4649 2610 4721 perstitiones
2659 4648 2970 4722 gentilium
3006 4646 3328 4719 aspernati,
3385 4644 3728 4711 laudantur,
3779 4636 3865 4691 do-

2236 4743 2572 4811 nanturque
2603 4739 2815 4793 statuis
2864 4754 2927 4793 ac
2962 4737 3230 4803 salariis;
3265 4733 3587 4791 Christiani
3615 4746 3743 4786 vero
3789 4724 3862 4780 id-

2236 4828 2387 4885 circo
2420 4832 2766 4901 torquentur
2809 4831 2865 4883 et
2913 4824 3396 4881 interﬁciuntur?
3444 4818 3724 4893 Nunquid
3776 4818 3866 4868 So-

2237 4922 2446 4985 crates,
2478 4919 2574 4990 qui
2609 4918 2911 4984 daamonis,
2946 4915 3311 4987 sibijsemper
3332 4911 3866 4977 assistentis,opera

2238 5022 2385 5062 usus
2416 5012 2525 5071 est,
2582 5010 2639 5063 et
2692 5004 3024 5076 JEsculapio
3084 5002 3455 5072 sacrificavit,
3517 4999 3725 5056 melior
3772 4990 3868 5048 fuit

2240 5094 2610 5162 Christianis,
2660 5095 2758 5166 qui
2818 5093 3107 5149 daemonia
3165 5092 3372 5164 fugant
3429 5094 3485 5144 et
3532 5079 3867 5166 expullunt?

2238 5185 2509 5257 Nunquid
2542 5165 2824 5255 Thaletis,
2858 5182 2958 5255 qui
2992 5183 3063 5238 de
3110 5181 3227 5237 Deo
3284 5180 3685 5251 interrogatus
3738 5165 3866 5229 nihil

2239 5274 2563 5345 respondit,
2598 5278 2701 5329 aut
2733 5272 3015 5341 Platonis,
3048 5272 3148 5343 qui
3181 5270 3327 5325 dixit
3387 5274 3565 5323 Deum
3611 5281 3736 5321 esse
3788 5261 3869 5313 in-

2235 5368 2411 5419 ventu
2447 5373 2501 5419 et
2525 5368 2800 5419 enarrata
2832 5360 3159 5431 difficilem,
3193 5360 3402 5429 major,
3435 5361 3537 5413 aut
3558 5353 3773 5446 (melior
3792 5350 3870 5446 est

2240 5452 2510 5519 scientia,
2542 5470 2719 5525 quam
2752 5451 3070 5524 cujuslibet
3100 5448 3416 5505 Christiani
3472 5444 3721 5519 opiﬁcis,
3777 5444 3871 5525 qui

2240 5541 2425 5597 Deum
2458 5522 2699 5612 invenit,
2734 5546 2790 5599 et
2812 5522 2943 5612 quis
2976 5539 3073 5596 ille
3104 5537 3182 5595 sit
3230 5534 3552 5593 confestim-
3594 5522 3869 5604 explicat?

2238 5629 2518 5702 Nunquid
2567 5631 3057 5700 Christianorum,
3120 5626 3224 5700 qui
3280 5622 3703 5685 continentiam
3753 5631 3866 5674 ser-
