  <div class='ocr_page' id='page_1' title='image "/cluster/home/n/w/nwhite01/storage/ocr_20150623/1/hvd.32044096580337/408.png"; bbox 0 0 4106 6178; ppageno 0'>
   <div class='ocr_carea' id='block_1_1' title="bbox 295 308 406 369">
    <p class='ocr_par' dir='ltr' id='par_1_1' title="bbox 295 308 406 369">
     <span class='ocr_line' id='line_1_1' title="bbox 295 308 406 369; baseline 0.018 -2"><span class='ocrx_word' id='word_1_1' title='bbox 295 308 406 369; x_wconf 72' lang='grc'>801</span> 
     </span>
    </p>
   </div>
   <div class='ocr_carea' id='block_1_2' title="bbox 1023 306 2976 379">
    <p class='ocr_par' dir='ltr' id='par_1_2' title="bbox 1023 306 2976 379">
     <span class='ocr_line' id='line_1_2' title="bbox 1023 306 2976 379; baseline 0.004 -11"><span class='ocrx_word' id='word_1_2' title='bbox 1023 308 1106 368; x_wconf 88' lang='lat' dir='ltr'>IN</span> <span class='ocrx_word' id='word_1_3' title='bbox 1148 306 1756 370; x_wconf 85' lang='lat' dir='ltr'>APOLOGETICUM</span> <span class='ocrx_word' id='word_1_4' title='bbox 1801 308 1875 365; x_wconf 91' lang='lat' dir='ltr'>D.</span> <span class='ocrx_word' id='word_1_5' title='bbox 1919 307 2016 366; x_wconf 84' lang='lat' dir='ltr'><strong>LE</strong></span> <span class='ocrx_word' id='word_1_6' title='bbox 2061 307 2388 369; x_wconf 82' lang='lat' dir='ltr'>NOURRY</span> <span class='ocrx_word' id='word_1_7' title='bbox 2433 307 2976 379; x_wconf 82' lang='lat' dir='ltr'>DISSERTATIO.</span> 
     </span>
    </p>
   </div>
   <div class='ocr_carea' id='block_1_3' title="bbox 3577 336 3697 400">
    <p class='ocr_par' dir='ltr' id='par_1_3' title="bbox 3577 336 3697 400">
     <span class='ocr_line' id='line_1_3' title="bbox 3577 336 3697 400; baseline 0.05 -6"><span class='ocrx_word' id='word_1_8' title='bbox 3577 336 3697 400; x_wconf 75' lang='lat'>802</span> 
     </span>
    </p>
   </div>
   <div class='ocr_carea' id='block_1_4' title="bbox 291 439 3688 531">
    <p class='ocr_par' dir='ltr' id='par_1_4' title="bbox 291 439 3688 531">
     <span class='ocr_line' id='line_1_4' title="bbox 291 439 3688 531; baseline 0.007 -33"><span class='ocrx_word' id='word_1_9' title='bbox 291 447 450 509; x_wconf 87' lang='lat' dir='ltr'>vant,</span> <span class='ocrx_word' id='word_1_10' title='bbox 484 449 584 500; x_wconf 88' lang='lat' dir='ltr'>aut</span> <span class='ocrx_word' id='word_1_11' title='bbox 615 444 835 499; x_wconf 87' lang='lat' dir='ltr'>nullam</span> <span class='ocrx_word' id='word_1_12' title='bbox 878 448 1089 514; x_wconf 84' lang='lat' dir='ltr'>praeter</span> <span class='ocrx_word' id='word_1_13' title='bbox 1143 458 1401 510; x_wconf 91' lang='lat' dir='ltr'>uxorem,</span> <span class='ocrx_word' id='word_1_14' title='bbox 1460 439 1738 495; x_wconf 81' lang='lat' dir='ltr'>feminam</span> <span class='ocrx_word' id='word_1_15' title='bbox 1797 455 1942 495; x_wconf 89' lang='lat' dir='ltr'>con-</span> <span class='ocrx_word' id='word_1_16' title='bbox 1971 447 2023 512; x_wconf 75' lang='grc' dir='ltr'><strong>Α</strong></span> <span class='ocrx_word' id='word_1_17' title='bbox 2052 439 2380 497; x_wconf 89' lang='lat' dir='ltr'>humanum</span> <span class='ocrx_word' id='word_1_18' title='bbox 2411 442 2484 498; x_wconf 90' lang='lat' dir='ltr'>ab</span> <span class='ocrx_word' id='word_1_19' title='bbox 2508 461 2575 500; x_wconf 91' lang='lat' dir='ltr'>eo</span> <span class='ocrx_word' id='word_1_20' title='bbox 2605 447 2763 503; x_wconf 83' lang='lat' dir='ltr'>refici</span> <span class='ocrx_word' id='word_1_21' title='bbox 2795 466 2986 521; x_wconf 83' lang='lat' dir='ltr'>posse,</span> <span class='ocrx_word' id='word_1_22' title='bbox 3019 471 3051 510; x_wconf 88' lang='lat' dir='ltr'>a</span> <span class='ocrx_word' id='word_1_23' title='bbox 3096 474 3210 528; x_wconf 90' lang='lat' dir='ltr'>quo</span> <span class='ocrx_word' id='word_1_24' title='bbox 3238 465 3432 520; x_wconf 86' lang='lat' dir='ltr'>anima</span> <span class='ocrx_word' id='word_1_25' title='bbox 3472 470 3541 525; x_wconf 88' lang='lat' dir='ltr'>de</span> <span class='ocrx_word' id='word_1_26' title='bbox 3573 489 3688 531; x_wconf 88' lang='lat' dir='ltr'>uno</span> 
     </span>
    </p>
   </div>
   <div class='ocr_carea' id='block_1_5' title="bbox 293 528 1939 604">
    <p class='ocr_par' dir='ltr' id='par_1_5' title="bbox 293 528 1939 604">
     <span class='ocr_line' id='line_1_5' title="bbox 293 528 1939 604; baseline -0.002 -17"><span class='ocrx_word' id='word_1_27' title='bbox 293 534 624 604; x_wconf 86' lang='lat' dir='ltr'>cupiscunt,</span> <span class='ocrx_word' id='word_1_28' title='bbox 659 533 852 587; x_wconf 87' lang='lat' dir='ltr'>minor</span> <span class='ocrx_word' id='word_1_29' title='bbox 898 540 1000 587; x_wconf 86' lang='lat' dir='ltr'>aut</span> <span class='ocrx_word' id='word_1_30' title='bbox 1041 533 1201 603; x_wconf 81' lang='lat' dir='ltr'>pejor</span> <span class='ocrx_word' id='word_1_31' title='bbox 1256 535 1345 587; x_wconf 89' lang='lat' dir='ltr'>est</span> <span class='ocrx_word' id='word_1_32' title='bbox 1399 528 1702 602; x_wconf 80' lang='lat' dir='ltr'>pudicitia,</span> <span class='ocrx_word' id='word_1_33' title='bbox 1759 545 1939 601; x_wconf 89' lang='lat' dir='ltr'>quam</span> 
     </span>
    </p>
   </div>
   <div class='ocr_carea' id='block_1_6' title="bbox 298 618 1941 691">
    <p class='ocr_par' dir='ltr' id='par_1_6' title="bbox 298 618 1941 691">
     <span class='ocr_line' id='line_1_6' title="bbox 298 618 1941 691; baseline -0.002 -15"><span class='ocrx_word' id='word_1_34' title='bbox 298 622 549 677; x_wconf 80' lang='lat' dir='ltr'>Platonis</span> <span class='ocrx_word' id='word_1_35' title='bbox 581 622 1035 677; x_wconf 84' lang='lat' dir='ltr'>adolescentium</span> <span class='ocrx_word' id='word_1_36' title='bbox 1092 621 1469 691; x_wconf 80' lang='lat' dir='ltr'>corruptoris,</span> <span class='ocrx_word' id='word_1_37' title='bbox 1528 619 1618 673; x_wconf 92' lang='lat' dir='ltr'>vel</span> <span class='ocrx_word' id='word_1_38' title='bbox 1670 618 1941 690; x_wconf 84' lang='lat' dir='ltr'>Diogenis</span> 
     </span>
    </p>
   </div>
   <div class='ocr_carea' id='block_1_7' title="bbox 296 706 1938 783">
    <p class='ocr_par' dir='ltr' id='par_1_7' title="bbox 296 706 1938 783">
     <span class='ocr_line' id='line_1_7' title="bbox 296 706 1938 783; baseline -0.002 -18"><span class='ocrx_word' id='word_1_39' title='bbox 296 710 582 783; x_wconf 87' lang='lat' dir='ltr'>Phrynem</span> <span class='ocrx_word' id='word_1_40' title='bbox 618 712 983 765; x_wconf 79' lang='lat' dir='ltr'>meretricem</span> <span class='ocrx_word' id='word_1_41' title='bbox 1018 710 1239 780; x_wconf 89' lang='lat' dir='ltr'>perdite</span> <span class='ocrx_word' id='word_1_42' title='bbox 1295 708 1566 774; x_wconf 75' lang='lat' dir='ltr'>amantis,</span> <span class='ocrx_word' id='word_1_43' title='bbox 1626 706 1714 761; x_wconf 87' lang='lat' dir='ltr'>vel</span> <span class='ocrx_word' id='word_1_44' title='bbox 1757 712 1938 778; x_wconf 86' lang='lat' dir='ltr'>Speu-</span> 
     </span>
    </p>
   </div>
   <div class='ocr_carea' id='block_1_8' title="bbox 296 795 1936 870">
    <p class='ocr_par' dir='ltr' id='par_1_8' title="bbox 296 795 1936 870">
     <span class='ocr_line' id='line_1_8' title="bbox 296 795 1936 870; baseline -0.002 -16"><span class='ocrx_word' id='word_1_45' title='bbox 296 800 448 870; x_wconf 89' lang='lat' dir='ltr'>sippi</span> <span class='ocrx_word' id='word_1_46' title='bbox 483 800 539 853; x_wconf 89' lang='lat' dir='ltr'>in</span> <span class='ocrx_word' id='word_1_47' title='bbox 573 799 860 854; x_wconf 89' lang='lat' dir='ltr'>adulterio</span> <span class='ocrx_word' id='word_1_48' title='bbox 893 798 1220 863; x_wconf 89' lang='lat' dir='ltr'>morientis,</span> <span class='ocrx_word' id='word_1_49' title='bbox 1270 796 1356 851; x_wconf 86' lang='lat' dir='ltr'>vel</span> <span class='ocrx_word' id='word_1_50' title='bbox 1418 795 1731 851; x_wconf 84' lang='lat' dir='ltr'>Democriti</span> <span class='ocrx_word' id='word_1_51' title='bbox 1784 812 1936 864; x_wconf 88' lang='lat' dir='ltr'>sese,</span> 
     </span>
    </p>
   </div>
   <div class='ocr_carea' id='block_1_9' title="bbox 296 884 1931 958">
    <p class='ocr_par' dir='ltr' id='par_1_9' title="bbox 296 884 1931 958">
     <span class='ocr_line' id='line_1_9' title="bbox 296 884 1931 958; baseline -0.001 -17"><span class='ocrx_word' id='word_1_52' title='bbox 296 905 365 942; x_wconf 88' lang='lat' dir='ltr'>ne</span> <span class='ocrx_word' id='word_1_53' title='bbox 397 888 675 943; x_wconf 84' lang='lat' dir='ltr'>mulieres</span> <span class='ocrx_word' id='word_1_54' title='bbox 705 889 996 958; x_wconf 83' lang='lat' dir='ltr'>corruptis</span> <span class='ocrx_word' id='word_1_55' title='bbox 1053 886 1237 941; x_wconf 89' lang='lat' dir='ltr'>oculis</span> <span class='ocrx_word' id='word_1_56' title='bbox 1266 885 1507 948; x_wconf 88' lang='lat' dir='ltr'>videret,</span> <span class='ocrx_word' id='word_1_57' title='bbox 1537 884 1885 939; x_wconf 71' lang='lat' dir='ltr'>obczecantis</span> <span class='ocrx_word' id='word_1_58' title='bbox 1918 884 1931 939; x_wconf 89' lang='lat' dir='ltr'>l</span> 
     </span>
    </p>
   </div>
   <div class='ocr_carea' id='block_1_10' title="bbox 290 972 1936 1047">
    <p class='ocr_par' dir='ltr' id='par_1_10' title="bbox 290 972 1936 1047">
     <span class='ocr_line' id='line_1_10' title="bbox 290 972 1936 1047; baseline -0.004 -16"><span class='ocrx_word' id='word_1_59' title='bbox 290 979 424 1041; x_wconf 75' lang='lat' dir='ltr'>Quae</span> <span class='ocrx_word' id='word_1_60' title='bbox 456 994 587 1031; x_wconf 89' lang='lat' dir='ltr'>vero</span> <span class='ocrx_word' id='word_1_61' title='bbox 619 976 729 1031; x_wconf 89' lang='lat' dir='ltr'>fuit</span> <span class='ocrx_word' id='word_1_62' title='bbox 770 984 872 1031; x_wconf 89' lang='lat' dir='ltr'>aut</span> <span class='ocrx_word' id='word_1_63' title='bbox 902 975 1175 1047; x_wconf 86' lang='lat' dir='ltr'>Diogenis</span> <span class='ocrx_word' id='word_1_64' title='bbox 1235 974 1541 1037; x_wconf 88' lang='lat' dir='ltr'>modestia,</span> <span class='ocrx_word' id='word_1_65' title='bbox 1601 972 1936 1043; x_wconf 86' lang='lat' dir='ltr'>superbiam</span> 
     </span>
    </p>
   </div>
   <div class='ocr_carea' id='block_1_11' title="bbox 290 1060 1936 1135">
    <p class='ocr_par' dir='ltr' id='par_1_11' title="bbox 290 1060 1936 1135">
     <span class='ocr_line' id='line_1_11' title="bbox 290 1060 1936 1135; baseline -0.004 -15"><span class='ocrx_word' id='word_1_66' title='bbox 290 1065 570 1127; x_wconf 81' lang='lat' dir='ltr'>Platonis,</span> <span class='ocrx_word' id='word_1_67' title='bbox 605 1064 719 1118; x_wconf 84' lang='lat' dir='ltr'>alia</span> <span class='ocrx_word' id='word_1_68' title='bbox 760 1065 1038 1135; x_wconf 85' lang='lat' dir='ltr'>superbia</span> <span class='ocrx_word' id='word_1_69' title='bbox 1083 1062 1383 1127; x_wconf 82' lang='lat' dir='ltr'>calcantis,</span> <span class='ocrx_word' id='word_1_70' title='bbox 1444 1066 1545 1115; x_wconf 90' lang='lat' dir='ltr'>aut</span> <span class='ocrx_word' id='word_1_71' title='bbox 1594 1060 1936 1132; x_wconf 74' lang='lat' dir='ltr'>Pythagorae</span> 
     </span>
    </p>
   </div>
   <div class='ocr_carea' id='block_1_12' title="bbox 288 1148 1936 1225">
    <p class='ocr_par' dir='ltr' id='par_1_12' title="bbox 288 1148 1936 1225">
     <span class='ocr_line' id='line_1_12' title="bbox 288 1148 1936 1225; baseline -0.004 -17"><span class='ocrx_word' id='word_1_72' title='bbox 288 1162 345 1208; x_wconf 86' lang='lat' dir='ltr'>et</span> <span class='ocrx_word' id='word_1_73' title='bbox 372 1153 621 1208; x_wconf 90' lang='lat' dir='ltr'>Zenonis</span> <span class='ocrx_word' id='word_1_74' title='bbox 651 1152 1019 1225; x_wconf 81' lang='lat' dir='ltr'>tyrannidem</span> <span class='ocrx_word' id='word_1_75' title='bbox 1046 1151 1442 1206; x_wconf 71' lang='lat' dir='ltr'>affectantium</span> <span class='ocrx_word' id='word_1_76' title='bbox 1467 1149 1494 1204; x_wconf 84' lang='lat'><strong>?</strong></span> <span class='ocrx_word' id='word_1_77' title='bbox 1523 1151 1656 1214; x_wconf 73' lang='lat' dir='ltr'>Quae</span> <span class='ocrx_word' id='word_1_78' title='bbox 1689 1148 1936 1221; x_wconf 77' lang='lat' dir='ltr'>Lycurgi</span> 
     </span>
    </p>
   </div>
   <div class='ocr_carea' id='block_1_13' title="bbox 291 1238 1934 1313">
    <p class='ocr_par' dir='ltr' id='par_1_13' title="bbox 291 1238 1934 1313">
     <span class='ocr_line' id='line_1_13' title="bbox 291 1238 1934 1313; baseline -0.003 -17"><span class='ocrx_word' id='word_1_79' title='bbox 291 1243 665 1313; x_wconf 72' lang='lat' dir='ltr'>mquitas,qui</span> <span class='ocrx_word' id='word_1_80' title='bbox 697 1242 770 1295; x_wconf 94' lang='lat' dir='ltr'>ob</span> <span class='ocrx_word' id='word_1_81' title='bbox 804 1242 1148 1296; x_wconf 88' lang='lat' dir='ltr'>emendatas</span> <span class='ocrx_word' id='word_1_82' title='bbox 1181 1240 1337 1311; x_wconf 80' lang='lat' dir='ltr'>leges</span> <span class='ocrx_word' id='word_1_83' title='bbox 1370 1256 1510 1293; x_wconf 88' lang='lat' dir='ltr'>suas</span> <span class='ocrx_word' id='word_1_84' title='bbox 1542 1245 1785 1292; x_wconf 87' lang='lat' dir='ltr'>mortem</span> <span class='ocrx_word' id='word_1_85' title='bbox 1822 1238 1934 1291; x_wconf 84' lang='lat' dir='ltr'>sibi</span> 
     </span>
    </p>
   </div>
   <div class='ocr_carea' id='block_1_14' title="bbox 290 1326 1935 1400">
    <p class='ocr_par' dir='ltr' id='par_1_14' title="bbox 290 1326 1935 1400">
     <span class='ocr_line' id='line_1_14' title="bbox 290 1326 1935 1400; baseline -0.004 -14"><span class='ocrx_word' id='word_1_86' title='bbox 290 1332 571 1387; x_wconf 86' lang='lat' dir='ltr'>conscivit</span> <span class='ocrx_word' id='word_1_87' title='bbox 590 1330 618 1385; x_wconf 73' lang='lat' dir='ltr'>‘I</span> <span class='ocrx_word' id='word_1_88' title='bbox 649 1330 796 1396; x_wconf 86' lang='lat' dir='ltr'>Quid</span> <span class='ocrx_word' id='word_1_89' title='bbox 832 1329 1264 1400; x_wconf 88' lang='lat' dir='ltr'>plura?Nonne</span> <span class='ocrx_word' id='word_1_90' title='bbox 1291 1326 1627 1382; x_wconf 83' lang='lat' dir='ltr'>Aristoteles</span> <span class='ocrx_word' id='word_1_91' title='bbox 1661 1331 1776 1381; x_wconf 87' lang='lat' dir='ltr'>tam</span> <span class='ocrx_word' id='word_1_92' title='bbox 1810 1332 1935 1380; x_wconf 90' lang='lat' dir='ltr'>tur-</span> 
     </span>
    </p>
   </div>
   <div class='ocr_carea' id='block_1_15' title="bbox 290 1414 1934 1492">
    <p class='ocr_par' dir='ltr' id='par_1_15' title="bbox 290 1414 1934 1492">
     <span class='ocr_line' id='line_1_15' title="bbox 290 1414 1934 1492; baseline -0.004 -17"><span class='ocrx_word' id='word_1_93' title='bbox 290 1422 441 1492; x_wconf 83' lang='lat' dir='ltr'>piter</span> <span class='ocrx_word' id='word_1_94' title='bbox 469 1420 766 1474; x_wconf 88' lang='lat' dir='ltr'>Hermiam</span> <span class='ocrx_word' id='word_1_95' title='bbox 796 1418 922 1473; x_wconf 90' lang='lat' dir='ltr'>loco</span> <span class='ocrx_word' id='word_1_96' title='bbox 953 1435 1059 1473; x_wconf 90' lang='lat' dir='ltr'>suo</span> <span class='ocrx_word' id='word_1_97' title='bbox 1089 1417 1330 1489; x_wconf 83' lang='lat' dir='ltr'>expulit,</span> <span class='ocrx_word' id='word_1_98' title='bbox 1378 1432 1555 1488; x_wconf 90' lang='lat' dir='ltr'>quam</span> <span class='ocrx_word' id='word_1_99' title='bbox 1610 1414 1934 1469; x_wconf 85' lang='lat' dir='ltr'>Alexandro</span> 
     </span>
    </p>
   </div>
   <div class='ocr_carea' id='block_1_16' title="bbox 291 1502 1933 1576">
    <p class='ocr_par' dir='ltr' id='par_1_16' title="bbox 291 1502 1933 1576">
     <span class='ocr_line' id='line_1_16' title="bbox 291 1502 1933 1576; baseline -0.005 -12"><span class='ocrx_word' id='word_1_100' title='bbox 291 1509 567 1564; x_wconf 82' lang='lat' dir='ltr'>adulatus</span> <span class='ocrx_word' id='word_1_101' title='bbox 599 1507 741 1563; x_wconf 86' lang='lat' dir='ltr'>est?</span> <span class='ocrx_word' id='word_1_102' title='bbox 770 1508 970 1562; x_wconf 90' lang='lat' dir='ltr'>Nonne</span> <span class='ocrx_word' id='word_1_103' title='bbox 1014 1506 1175 1561; x_wconf 89' lang='lat' dir='ltr'>Plato</span> <span class='ocrx_word' id='word_1_104' title='bbox 1218 1505 1436 1560; x_wconf 87' lang='lat' dir='ltr'>ventris</span> <span class='ocrx_word' id='word_1_105' title='bbox 1493 1503 1680 1576; x_wconf 84' lang='lat' dir='ltr'>gratia</span> <span class='ocrx_word' id='word_1_106' title='bbox 1733 1502 1933 1557; x_wconf 89' lang='lat' dir='ltr'>vendi-</span> 
     </span>
    </p>
   </div>
   <div class='ocr_carea' id='block_1_17' title="bbox 288 1590 1932 1667">
    <p class='ocr_par' dir='ltr' id='par_1_17' title="bbox 288 1590 1932 1667">
     <span class='ocr_line' id='line_1_17' title="bbox 288 1590 1932 1667; baseline -0.004 -14"><span class='ocrx_word' id='word_1_107' title='bbox 288 1603 467 1667; x_wconf 73' lang='lat' dir='ltr'>tatus,</span> <span class='ocrx_word' id='word_1_108' title='bbox 501 1596 834 1667; x_wconf 88' lang='lat' dir='ltr'>Aristippus</span> <span class='ocrx_word' id='word_1_109' title='bbox 882 1599 1213 1665; x_wconf 88' lang='lat' dir='ltr'>nepotatus,</span> <span class='ocrx_word' id='word_1_110' title='bbox 1249 1595 1397 1650; x_wconf 71' lang='lat'>722</span> <span class='ocrx_word' id='word_1_111' title='bbox 1430 1593 1669 1664; x_wconf 88' lang='lat' dir='ltr'>Hippias</span> <span class='ocrx_word' id='word_1_112' title='bbox 1725 1590 1784 1645; x_wconf 90' lang='lat' dir='ltr'>in</span> <span class='ocrx_word' id='word_1_113' title='bbox 1842 1591 1932 1646; x_wconf 93' lang='lat' dir='ltr'>in-</span> 
     </span>
    </p>
   </div>
   <div class='ocr_carea' id='block_1_18' title="bbox 287 1680 1931 1754">
    <p class='ocr_par' dir='ltr' id='par_1_18' title="bbox 287 1680 1931 1754">
     <span class='ocr_line' id='line_1_18' title="bbox 287 1680 1931 1754; baseline -0.005 -12"><span class='ocrx_word' id='word_1_114' title='bbox 287 1687 477 1754; x_wconf 89' lang='lat' dir='ltr'>sidiis,</span> <span class='ocrx_word' id='word_1_115' title='bbox 512 1703 545 1741; x_wconf 89' lang='lat' dir='ltr'>a</span> <span class='ocrx_word' id='word_1_116' title='bbox 574 1702 635 1741; x_wconf 90' lang='lat' dir='ltr'>se</span> <span class='ocrx_word' id='word_1_117' title='bbox 679 1685 847 1740; x_wconf 85' lang='lat' dir='ltr'>alteri</span> <span class='ocrx_word' id='word_1_118' title='bbox 893 1684 1132 1754; x_wconf 88' lang='lat' dir='ltr'>paratis,</span> <span class='ocrx_word' id='word_1_119' title='bbox 1186 1685 1415 1738; x_wconf 90' lang='lat' dir='ltr'>occisus</span> <span class='ocrx_word' id='word_1_120' title='bbox 1476 1680 1931 1737; x_wconf 87' lang='lat' dir='ltr'>memorantur?</span> 
     </span>
    </p>
   </div>
   <div class='ocr_carea' id='block_1_19' title="bbox 285 1768 1928 1839">
    <p class='ocr_par' dir='ltr' id='par_1_19' title="bbox 285 1768 1928 1839">
     <span class='ocr_line' id='line_1_19' title="bbox 285 1768 1928 1839; baseline -0.005 -9"><span class='ocrx_word' id='word_1_121' title='bbox 285 1779 357 1830; x_wconf 85' lang='lat' dir='ltr'>At</span> <span class='ocrx_word' id='word_1_122' title='bbox 386 1773 752 1830; x_wconf 85' lang='lat' dir='ltr'>Christianus</span> <span class='ocrx_word' id='word_1_123' title='bbox 812 1773 883 1828; x_wconf 89' lang='lat' dir='ltr'>ab</span> <span class='ocrx_word' id='word_1_124' title='bbox 929 1772 1002 1827; x_wconf 91' lang='lat' dir='ltr'>iis</span> <span class='ocrx_word' id='word_1_125' title='bbox 1060 1771 1332 1826; x_wconf 90' lang='lat' dir='ltr'>omnibus</span> <span class='ocrx_word' id='word_1_126' title='bbox 1385 1769 1807 1839; x_wconf 85' lang='lat' dir='ltr'>alienissimus,</span> <span class='ocrx_word' id='word_1_127' title='bbox 1841 1768 1928 1822; x_wconf 88' lang='lat' dir='ltr'>ni-</span> 
     </span>
    </p>
   </div>
   <div class='ocr_carea' id='block_1_20' title="bbox 286 1856 1932 1932">
    <p class='ocr_par' dir='ltr' id='par_1_20' title="bbox 286 1856 1932 1932">
     <span class='ocr_line' id='line_1_20' title="bbox 286 1856 1932 1932; baseline -0.004 -15"><span class='ocrx_word' id='word_1_128' title='bbox 286 1862 369 1917; x_wconf 91' lang='lat' dir='ltr'>hil</span> <span class='ocrx_word' id='word_1_129' title='bbox 402 1878 664 1932; x_wconf 89' lang='lat' dir='ltr'>unquam</span> <span class='ocrx_word' id='word_1_130' title='bbox 697 1861 791 1916; x_wconf 88' lang='lat' dir='ltr'>his</span> <span class='ocrx_word' id='word_1_131' title='bbox 824 1859 1019 1916; x_wconf 89' lang='lat' dir='ltr'>simile</span> <span class='ocrx_word' id='word_1_132' title='bbox 1068 1858 1334 1915; x_wconf 88' lang='lat' dir='ltr'>tentavit.</span> <span class='ocrx_word' id='word_1_133' title='bbox 1393 1858 1454 1914; x_wconf 87' lang='lat' dir='ltr'>Si</span> <span class='ocrx_word' id='word_1_134' title='bbox 1486 1857 1620 1929; x_wconf 87' lang='lat' dir='ltr'>quis</span> <span class='ocrx_word' id='word_1_135' title='bbox 1651 1856 1806 1912; x_wconf 89' lang='lat' dir='ltr'>enim</span> <span class='ocrx_word' id='word_1_136' title='bbox 1842 1873 1932 1911; x_wconf 85' lang='lat' dir='ltr'>ex-</span> 
     </span>
    </p>
   </div>
   <div class='ocr_carea' id='block_1_21' title="bbox 286 1944 1932 2021">
    <p class='ocr_par' dir='ltr' id='par_1_21' title="bbox 286 1944 1932 2021">
     <span class='ocr_line' id='line_1_21' title="bbox 286 1944 1932 2021; baseline -0.005 -14"><span class='ocrx_word' id='word_1_137' title='bbox 286 1952 466 2007; x_wconf 88' lang='lat' dir='ltr'>cessit</span> <span class='ocrx_word' id='word_1_138' title='bbox 495 1967 525 2006; x_wconf 92' lang='lat' dir='ltr'>e</span> <span class='ocrx_word' id='word_1_139' title='bbox 555 1949 759 2021; x_wconf 83' lang='lat' dir='ltr'>regula</span> <span class='ocrx_word' id='word_1_140' title='bbox 788 1947 1130 2020; x_wconf 58' lang='lat' dir='ltr'>disciplinae,</span> <span class='ocrx_word' id='word_1_141' title='bbox 1164 1954 1292 2003; x_wconf 90' lang='lat' dir='ltr'>tum</span> <span class='ocrx_word' id='word_1_142' title='bbox 1325 1948 1500 2003; x_wconf 86' lang='lat' dir='ltr'>desiit</span> <span class='ocrx_word' id='word_1_143' title='bbox 1527 1963 1656 2002; x_wconf 89' lang='lat' dir='ltr'>esse</span> <span class='ocrx_word' id='word_1_144' title='bbox 1685 1944 1932 2002; x_wconf 87' lang='lat' dir='ltr'>Christi-</span> 
     </span>
    </p>
   </div>
   <div class='ocr_carea' id='block_1_22' title="bbox 287 2059 456 2097">
    <p class='ocr_par' dir='ltr' id='par_1_22' title="bbox 287 2059 456 2097">
     <span class='ocr_line' id='line_1_22' title="bbox 287 2059 456 2097; baseline 0 0"><span class='ocrx_word' id='word_1_145' title='bbox 287 2059 456 2097; x_wconf 90' lang='lat' dir='ltr'>anus.</span> 
     </span>
    </p>
   </div>
   <div class='ocr_carea' id='block_1_23' title="bbox 354 2123 1928 2200">
    <p class='ocr_par' dir='ltr' id='par_1_23' title="bbox 354 2123 1928 2200">
     <span class='ocr_line' id='line_1_23' title="bbox 354 2123 1928 2200; baseline -0.004 -15"><span class='ocrx_word' id='word_1_146' title='bbox 354 2130 584 2186; x_wconf 84' lang='lat' dir='ltr'>Ethnici</span> <span class='ocrx_word' id='word_1_147' title='bbox 644 2144 781 2200; x_wconf 87' lang='lat' dir='ltr'>ergo</span> <span class='ocrx_word' id='word_1_148' title='bbox 851 2128 1069 2183; x_wconf 80' lang='lat' dir='ltr'>frustra</span> <span class='ocrx_word' id='word_1_149' title='bbox 1124 2126 1503 2182; x_wconf 83' lang='lat' dir='ltr'>venditabant</span> <span class='ocrx_word' id='word_1_150' title='bbox 1551 2123 1928 2195; x_wconf 85' lang='lat' dir='ltr'>philosophos</span> 
     </span>
    </p>
   </div>
   <div class='ocr_carea' id='block_1_24' title="bbox 287 2211 1928 2286">
    <p class='ocr_par' dir='ltr' id='par_1_24' title="bbox 287 2211 1928 2286">
     <span class='ocr_line' id='line_1_24' title="bbox 287 2211 1928 2286; baseline -0.006 -10"><span class='ocrx_word' id='word_1_151' title='bbox 287 2237 427 2276; x_wconf 87' lang='lat' dir='ltr'>suos</span> <span class='ocrx_word' id='word_1_152' title='bbox 457 2218 805 2273; x_wconf 88' lang='lat' dir='ltr'>Christianis</span> <span class='ocrx_word' id='word_1_153' title='bbox 860 2217 1104 2272; x_wconf 90' lang='lat' dir='ltr'>scientia</span> <span class='ocrx_word' id='word_1_154' title='bbox 1134 2215 1499 2286; x_wconf 71' lang='lat' dir='ltr'>tequiparari.</span> <span class='ocrx_word' id='word_1_155' title='bbox 1534 2215 1679 2269; x_wconf 89' lang='lat' dir='ltr'>Nam</span> <span class='ocrx_word' id='word_1_156' title='bbox 1724 2213 1784 2268; x_wconf 92' lang='lat' dir='ltr'>hi</span> <span class='ocrx_word' id='word_1_157' title='bbox 1816 2211 1928 2283; x_wconf 86' lang='lat' dir='ltr'>ipsi</span> 
     </span>
    </p>
   </div>
   <div class='ocr_carea' id='block_1_25' title="bbox 285 2301 1923 2381">
    <p class='ocr_par' dir='ltr' id='par_1_25' title="bbox 285 2301 1923 2381">
     <span class='ocr_line' id='line_1_25' title="bbox 285 2301 1923 2381; baseline -0.006 -17"><span class='ocrx_word' id='word_1_158' title='bbox 285 2306 637 2381; x_wconf 88' lang='lat' dir='ltr'>philosophi,</span> <span class='ocrx_word' id='word_1_159' title='bbox 698 2305 1194 2376; x_wconf 87' lang='lat' dir='ltr'>quemadmodum</span> <span class='ocrx_word' id='word_1_160' title='bbox 1252 2307 1430 2375; x_wconf 73' lang='lat' dir='ltr'>poetae</span> <span class='ocrx_word' id='word_1_161' title='bbox 1490 2318 1555 2357; x_wconf 89' lang='lat' dir='ltr'>ac</span> <span class='ocrx_word' id='word_1_162' title='bbox 1629 2301 1923 2372; x_wconf 75' lang='lat' dir='ltr'>sophistae,</span> 
     </span>
    </p>
   </div>
   <div class='ocr_carea' id='block_1_26' title="bbox 282 2392 1923 2471">
    <p class='ocr_par' dir='ltr' id='par_1_26' title="bbox 282 2392 1923 2471">
     <span class='ocr_line' id='line_1_26' title="bbox 282 2392 1923 2471; baseline -0.005 -16"><span class='ocrx_word' id='word_1_163' title='bbox 282 2399 453 2471; x_wconf 90' lang='lat' dir='ltr'>plura</span> <span class='ocrx_word' id='word_1_164' title='bbox 510 2398 748 2470; x_wconf 88' lang='lat' dir='ltr'>quidem</span> <span class='ocrx_word' id='word_1_165' title='bbox 810 2396 1023 2468; x_wconf 87' lang='lat' dir='ltr'>placita</span> <span class='ocrx_word' id='word_1_166' title='bbox 1080 2412 1148 2449; x_wconf 82' lang='lat' dir='ltr'>ex</span> <span class='ocrx_word' id='word_1_167' title='bbox 1206 2395 1388 2450; x_wconf 90' lang='lat' dir='ltr'>sacris</span> <span class='ocrx_word' id='word_1_168' title='bbox 1447 2392 1655 2448; x_wconf 71' lang='lat' dir='ltr'>divinae</span> <span class='ocrx_word' id='word_1_169' title='bbox 1711 2396 1923 2447; x_wconf 71' lang='lat' dir='ltr'>nostrae</span> 
     </span>
    </p>
   </div>
   <div class='ocr_carea' id='block_1_27' title="bbox 279 2481 1920 2557">
    <p class='ocr_par' dir='ltr' id='par_1_27' title="bbox 279 2481 1920 2557">
     <span class='ocr_line' id='line_1_27' title="bbox 279 2481 1920 2557; baseline -0.005 -14"><span class='ocrx_word' id='word_1_170' title='bbox 279 2488 594 2557; x_wconf 61' lang='lat' dir='ltr'>Scriptura</span> <span class='ocrx_word' id='word_1_171' title='bbox 625 2485 881 2541; x_wconf 88' lang='lat' dir='ltr'>fontibus</span> <span class='ocrx_word' id='word_1_172' title='bbox 911 2484 1268 2539; x_wconf 84' lang='lat' dir='ltr'>hauserant:</span> <span class='ocrx_word' id='word_1_173' title='bbox 1301 2483 1401 2537; x_wconf 89' lang='lat' dir='ltr'>sed</span> <span class='ocrx_word' id='word_1_174' title='bbox 1460 2484 1588 2553; x_wconf 88' lang='lat' dir='ltr'>ejus</span> <span class='ocrx_word' id='word_1_175' title='bbox 1638 2481 1920 2552; x_wconf 84' lang='lat' dir='ltr'>simplici-</span> 
     </span>
    </p>
   </div>
   <div class='ocr_carea' id='block_1_28' title="bbox 274 2571 1919 2645">
    <p class='ocr_par' dir='ltr' id='par_1_28' title="bbox 274 2571 1919 2645">
     <span class='ocr_line' id='line_1_28' title="bbox 274 2571 1919 2645; baseline -0.003 -14"><span class='ocrx_word' id='word_1_176' title='bbox 274 2582 480 2645; x_wconf 87' lang='lat' dir='ltr'>tatem,</span> <span class='ocrx_word' id='word_1_177' title='bbox 513 2592 579 2630; x_wconf 90' lang='lat' dir='ltr'>ac</span> <span class='ocrx_word' id='word_1_178' title='bbox 616 2589 946 2629; x_wconf 87' lang='lat' dir='ltr'>sermonem</span> <span class='ocrx_word' id='word_1_179' title='bbox 978 2577 1117 2627; x_wconf 91' lang='lat' dir='ltr'>tunc</span> <span class='ocrx_word' id='word_1_180' title='bbox 1158 2572 1472 2627; x_wconf 91' lang='lat' dir='ltr'>obscurum</span> <span class='ocrx_word' id='word_1_181' title='bbox 1506 2571 1919 2640; x_wconf 85' lang='lat' dir='ltr'>despicientes,</span> 
     </span>
    </p>
   </div>
   <div class='ocr_carea' id='block_1_29' title="bbox 272 2659 1916 2736">
    <p class='ocr_par' dir='ltr' id='par_1_29' title="bbox 272 2659 1916 2736">
     <span class='ocr_line' id='line_1_29' title="bbox 272 2659 1916 2736; baseline -0.003 -17"><span class='ocrx_word' id='word_1_182' title='bbox 272 2682 342 2720; x_wconf 89' lang='lat' dir='ltr'>ea</span> <span class='ocrx_word' id='word_1_183' title='bbox 371 2665 565 2736; x_wconf 88' lang='lat' dir='ltr'>pravis</span> <span class='ocrx_word' id='word_1_184' title='bbox 589 2665 976 2733; x_wconf 90' lang='lat' dir='ltr'>corruperunt</span> <span class='ocrx_word' id='word_1_185' title='bbox 1034 2659 1160 2715; x_wconf 90' lang='lat' dir='ltr'>suis</span> <span class='ocrx_word' id='word_1_186' title='bbox 1216 2659 1613 2730; x_wconf 90' lang='lat' dir='ltr'>opinionibus.</span> <span class='ocrx_word' id='word_1_187' title='bbox 1673 2663 1752 2713; x_wconf 86' lang='lat' dir='ltr'>Ex</span> <span class='ocrx_word' id='word_1_188' title='bbox 1809 2660 1916 2714; x_wconf 89' lang='lat' dir='ltr'>hac</span> 
     </span>
    </p>
   </div>
   <div class='ocr_carea' id='block_1_30' title="bbox 271 2749 1916 2824">
    <p class='ocr_par' dir='ltr' id='par_1_30' title="bbox 271 2749 1916 2824">
     <span class='ocr_line' id='line_1_30' title="bbox 271 2749 1916 2824; baseline -0.003 -17"><span class='ocrx_word' id='word_1_189' title='bbox 271 2754 492 2824; x_wconf 89' lang='lat' dir='ltr'>quippe</span> <span class='ocrx_word' id='word_1_190' title='bbox 550 2767 715 2806; x_wconf 89' lang='lat' dir='ltr'>sacra</span> <span class='ocrx_word' id='word_1_191' title='bbox 766 2750 1061 2820; x_wconf 83' lang='lat' dir='ltr'>Scriptura</span> <span class='ocrx_word' id='word_1_192' title='bbox 1121 2753 1481 2820; x_wconf 85' lang='lat' dir='ltr'>agnoverunt</span> <span class='ocrx_word' id='word_1_193' title='bbox 1536 2764 1721 2802; x_wconf 90' lang='lat' dir='ltr'>unum</span> <span class='ocrx_word' id='word_1_194' title='bbox 1769 2749 1916 2803; x_wconf 84' lang='lat' dir='ltr'>dun-</span> 
     </span>
    </p>
   </div>
   <div class='ocr_carea' id='block_1_31' title="bbox 269 2835 1913 2908">
    <p class='ocr_par' dir='ltr' id='par_1_31' title="bbox 269 2835 1913 2908">
     <span class='ocr_line' id='line_1_31' title="bbox 269 2835 1913 2908; baseline -0.004 -11"><span class='ocrx_word' id='word_1_195' title='bbox 269 2847 432 2896; x_wconf 84' lang='lat' dir='ltr'>taxat</span> <span class='ocrx_word' id='word_1_196' title='bbox 460 2857 589 2896; x_wconf 87' lang='lat' dir='ltr'>esse</span> <span class='ocrx_word' id='word_1_197' title='bbox 622 2844 800 2894; x_wconf 91' lang='lat' dir='ltr'>Deum</span> <span class='ocrx_word' id='word_1_198' title='bbox 827 2856 839 2894; x_wconf 87' lang='lat'><strong>:</strong></span> <span class='ocrx_word' id='word_1_199' title='bbox 874 2839 973 2894; x_wconf 87' lang='lat' dir='ltr'>sed</span> <span class='ocrx_word' id='word_1_200' title='bbox 988 2839 1143 2892; x_wconf 92' lang='lat' dir='ltr'>hunc</span> <span class='ocrx_word' id='word_1_201' title='bbox 1170 2837 1451 2892; x_wconf 83' lang='lat' dir='ltr'>Platonici</span> <span class='ocrx_word' id='word_1_202' title='bbox 1482 2835 1913 2908; x_wconf 88' lang='lat' dir='ltr'>incorporeum,</span> 
     </span>
    </p>
   </div>
   <div class='ocr_carea' id='block_1_32' title="bbox 270 2926 1915 3001">
    <p class='ocr_par' dir='ltr' id='par_1_32' title="bbox 270 2926 1915 3001">
     <span class='ocr_line' id='line_1_32' title="bbox 270 2926 1915 3001; baseline -0.004 -16"><span class='ocrx_word' id='word_1_203' title='bbox 270 2930 452 2985; x_wconf 89' lang='lat' dir='ltr'>Stoici</span> <span class='ocrx_word' id='word_1_204' title='bbox 486 2944 854 3001; x_wconf 87' lang='lat' dir='ltr'>corporeum,</span> <span class='ocrx_word' id='word_1_205' title='bbox 888 2927 1170 2998; x_wconf 88' lang='lat' dir='ltr'>Epicurus</span> <span class='ocrx_word' id='word_1_206' title='bbox 1198 2942 1265 2980; x_wconf 88' lang='lat' dir='ltr'>ex</span> <span class='ocrx_word' id='word_1_207' title='bbox 1295 2926 1527 2993; x_wconf 90' lang='lat' dir='ltr'>atomis,</span> <span class='ocrx_word' id='word_1_208' title='bbox 1553 2942 1620 2980; x_wconf 85' lang='lat' dir='ltr'>ex</span> <span class='ocrx_word' id='word_1_209' title='bbox 1652 2927 1915 2981; x_wconf 77' lang='lat' dir='ltr'>numeris</span> 
     </span>
    </p>
   </div>
   <div class='ocr_carea' id='block_1_33' title="bbox 272 3014 1914 3091">
    <p class='ocr_par' dir='ltr' id='par_1_33' title="bbox 272 3014 1914 3091">
     <span class='ocr_line' id='line_1_33' title="bbox 272 3014 1914 3091; baseline -0.002 -18"><span class='ocrx_word' id='word_1_210' title='bbox 272 3018 657 3091; x_wconf 84' lang='lat' dir='ltr'>Pythagoras,</span> <span class='ocrx_word' id='word_1_211' title='bbox 692 3015 1015 3071; x_wconf 86' lang='lat' dir='ltr'>Heraclitus</span> <span class='ocrx_word' id='word_1_212' title='bbox 1048 3031 1116 3071; x_wconf 85' lang='lat' dir='ltr'>ex</span> <span class='ocrx_word' id='word_1_213' title='bbox 1142 3014 1277 3085; x_wconf 85' lang='lat' dir='ltr'>igne</span> <span class='ocrx_word' id='word_1_214' title='bbox 1308 3019 1498 3069; x_wconf 89' lang='lat' dir='ltr'>ortum</span> <span class='ocrx_word' id='word_1_215' title='bbox 1546 3030 1675 3069; x_wconf 90' lang='lat' dir='ltr'>esse</span> <span class='ocrx_word' id='word_1_216' title='bbox 1706 3017 1914 3070; x_wconf 85' lang='lat' dir='ltr'>docue-</span> 
     </span>
    </p>
   </div>
   <div class='ocr_carea' id='block_1_34' title="bbox 269 3102 1913 3176">
    <p class='ocr_par' dir='ltr' id='par_1_34' title="bbox 269 3102 1913 3176">
     <span class='ocr_line' id='line_1_34' title="bbox 269 3102 1913 3176; baseline -0.001 -16"><span class='ocrx_word' id='word_1_217' title='bbox 269 3113 426 3162; x_wconf 87' lang='lat' dir='ltr'>runt.</span> <span class='ocrx_word' id='word_1_218' title='bbox 454 3105 642 3160; x_wconf 84' lang='lat' dir='ltr'>Simili</span> <span class='ocrx_word' id='word_1_219' title='bbox 698 3120 932 3176; x_wconf 89' lang='lat' dir='ltr'>quoque</span> <span class='ocrx_word' id='word_1_220' title='bbox 989 3105 1162 3158; x_wconf 90' lang='lat' dir='ltr'>modo</span> <span class='ocrx_word' id='word_1_221' title='bbox 1219 3102 1384 3158; x_wconf 88' lang='lat' dir='ltr'>Plato</span> <span class='ocrx_word' id='word_1_222' title='bbox 1442 3103 1695 3158; x_wconf 91' lang='lat' dir='ltr'>divinam</span> <span class='ocrx_word' id='word_1_223' title='bbox 1751 3103 1913 3160; x_wconf 90' lang='lat' dir='ltr'>illius</span> 
     </span>
    </p>
   </div>
   <div class='ocr_carea' id='block_1_35' title="bbox 2050 528 3694 632">
    <p class='ocr_par' dir='ltr' id='par_1_35' title="bbox 2050 528 3694 632">
     <span class='ocr_line' id='line_1_35' title="bbox 2050 528 3694 632; baseline 0.022 -51"><span class='ocrx_word' id='word_1_224' title='bbox 2050 528 2108 583; x_wconf 93' lang='lat' dir='ltr'>in</span> <span class='ocrx_word' id='word_1_225' title='bbox 2140 528 2313 632; x_wconf 42' lang='lat' dir='ltr'>aliud“</span> <span class='ocrx_word' id='word_1_226' title='bbox 2332 547 2545 632; x_wconf 85' lang='lat' dir='ltr'>corpus</span> <span class='ocrx_word' id='word_1_227' title='bbox 2573 535 2883 632; x_wconf 47' lang='lat' dir='ltr'>lnigrandi</span> <span class='ocrx_word' id='word_1_228' title='bbox 2941 550 3285 613; x_wconf 89' lang='lat' dir='ltr'>potestatem</span> <span class='ocrx_word' id='word_1_229' title='bbox 3320 554 3532 614; x_wconf 89' lang='lat' dir='ltr'>habere</span> <span class='ocrx_word' id='word_1_230' title='bbox 3562 528 3694 632; x_wconf 43' lang='lat' dir='ltr'>per:</span> 
     </span>
    </p>
   </div>
   <div class='ocr_carea' id='block_1_36' title="bbox 2050 619 3695 716">
    <p class='ocr_par' dir='ltr' id='par_1_36' title="bbox 2050 619 3695 716">
     <span class='ocr_line' id='line_1_36' title="bbox 2050 619 3695 716; baseline 0.024 -47"><span class='ocrx_word' id='word_1_231' title='bbox 2050 634 2246 716; x_wconf 74' lang='lat' dir='ltr'>peram</span> <span class='ocrx_word' id='word_1_232' title='bbox 2278 619 2540 716; x_wconf 66' lang='lat' dir='ltr'>tingitur.</span> <span class='ocrx_word' id='word_1_233' title='bbox 2573 622 2785 680; x_wconf 91' lang='lat' dir='ltr'>Verum</span> <span class='ocrx_word' id='word_1_234' title='bbox 2817 630 3110 689; x_wconf 86' lang='lat' dir='ltr'>enimvero</span> <span class='ocrx_word' id='word_1_235' title='bbox 3170 637 3371 696; x_wconf 84' lang='lat' dir='ltr'>ﬁctitia</span> <span class='ocrx_word' id='word_1_236' title='bbox 3404 619 3578 715; x_wconf 75' lang='lat' dir='ltr'>plane</span> <span class='ocrx_word' id='word_1_237' title='bbox 3604 657 3695 707; x_wconf 88' lang='lat' dir='ltr'>est</span> 
     </span>
    </p>
   </div>
   <div class='ocr_carea' id='block_1_37' title="bbox 2049 705 3691 797">
    <p class='ocr_par' dir='ltr' id='par_1_37' title="bbox 2049 705 3691 797">
     <span class='ocr_line' id='line_1_37' title="bbox 2049 705 3691 797; baseline 0.023 -39"><span class='ocrx_word' id='word_1_238' title='bbox 2049 705 2149 761; x_wconf 89' lang='lat' dir='ltr'>illa</span> <span class='ocrx_word' id='word_1_239' title='bbox 2204 708 2535 765; x_wconf 87' lang='lat' dir='ltr'>animarum</span> <span class='ocrx_word' id='word_1_240' title='bbox 2590 714 2895 784; x_wconf 83' lang='lat' dir='ltr'>migratio;</span> <span class='ocrx_word' id='word_1_241' title='bbox 2958 705 3433 797; x_wconf 79' lang='lat' dir='ltr'>quandoquidem</span> <span class='ocrx_word' id='word_1_242' title='bbox 3484 705 3691 796; x_wconf 67' lang='lat' dir='ltr'>nullus</span> 
     </span>
    </p>
   </div>
   <div class='ocr_carea' id='block_1_38' title="bbox 2048 798 3688 889">
    <p class='ocr_par' dir='ltr' id='par_1_38' title="bbox 2048 798 3688 889">
     <span class='ocr_line' id='line_1_38' title="bbox 2048 798 3688 889; baseline 0.022 -42"><span class='ocrx_word' id='word_1_243' title='bbox 2048 812 2310 889; x_wconf 80' lang='lat' dir='ltr'>unquam</span> <span class='ocrx_word' id='word_1_244' title='bbox 2342 813 2405 851; x_wconf 90' lang='lat' dir='ltr'>se</span> <span class='ocrx_word' id='word_1_245' title='bbox 2436 798 2492 889; x_wconf 87' lang='lat' dir='ltr'>in</span> <span class='ocrx_word' id='word_1_246' title='bbox 2526 800 2772 860; x_wconf 88' lang='lat' dir='ltr'>bestiam</span> <span class='ocrx_word' id='word_1_247' title='bbox 2826 810 3203 868; x_wconf 86' lang='lat' dir='ltr'>retormatum</span> <span class='ocrx_word' id='word_1_248' title='bbox 3237 822 3491 889; x_wconf 83' lang='lat' dir='ltr'>agnovit.</span> <span class='ocrx_word' id='word_1_249' title='bbox 3534 827 3688 883; x_wconf 71' lang='lat' dir='ltr'>Prte-</span> 
     </span>
    </p>
   </div>
   <div class='ocr_carea' id='block_1_39' title="bbox 2046 886 3658 977">
    <p class='ocr_par' dir='ltr' id='par_1_39' title="bbox 2046 886 3658 977">
     <span class='ocr_line' id='line_1_39' title="bbox 2046 886 3658 977; baseline 0.02 -41"><span class='ocrx_word' id='word_1_250' title='bbox 2046 888 2207 977; x_wconf 81' lang='lat' dir='ltr'>terea</span> <span class='ocrx_word' id='word_1_251' title='bbox 2235 886 2339 941; x_wconf 88' lang='lat' dir='ltr'>hoc</span> <span class='ocrx_word' id='word_1_252' title='bbox 2371 888 2578 943; x_wconf 73' lang='lat' dir='ltr'>animae</span> <span class='ocrx_word' id='word_1_253' title='bbox 2611 891 2681 945; x_wconf 91' lang='lat' dir='ltr'>de</span> <span class='ocrx_word' id='word_1_254' title='bbox 2704 909 2819 947; x_wconf 91' lang='lat' dir='ltr'>uno</span> <span class='ocrx_word' id='word_1_255' title='bbox 2860 896 2917 950; x_wconf 92' lang='lat' dir='ltr'>in</span> <span class='ocrx_word' id='word_1_256' title='bbox 2950 898 3107 955; x_wconf 85' lang='lat' dir='ltr'>aliud</span> <span class='ocrx_word' id='word_1_257' title='bbox 3162 886 3372 977; x_wconf 81' lang='lat' dir='ltr'>corpus</span> <span class='ocrx_word' id='word_1_258' title='bbox 3410 917 3658 971; x_wconf 85' lang='lat' dir='ltr'>transitu</span> 
     </span>
    </p>
   </div>
   <div class='ocr_carea' id='block_1_40' title="bbox 2048 961 3687 1065">
    <p class='ocr_par' dir='ltr' id='par_1_40' title="bbox 2048 961 3687 1065">
     <span class='ocr_line' id='line_1_40' title="bbox 2048 961 3687 1065; baseline 0.023 -41"><span class='ocrx_word' id='word_1_259' title='bbox 2048 988 2165 1026; x_wconf 90' lang='lat' dir='ltr'>una</span> <span class='ocrx_word' id='word_1_260' title='bbox 2197 973 2452 1029; x_wconf 89' lang='lat' dir='ltr'>hominis</span> <span class='ocrx_word' id='word_1_261' title='bbox 2483 994 2617 1047; x_wconf 87' lang='lat' dir='ltr'>pars</span> <span class='ocrx_word' id='word_1_262' title='bbox 2649 982 2795 1046; x_wconf 90' lang='lat' dir='ltr'>viva,</span> <span class='ocrx_word' id='word_1_263' title='bbox 2829 984 3010 1042; x_wconf 88' lang='lat' dir='ltr'>altera</span> <span class='ocrx_word' id='word_1_264' title='bbox 3068 961 3300 1065; x_wconf 57' lang='lat' dir='ltr'>semper</span> <span class='ocrx_word' id='word_1_265' title='bbox 3344 1006 3571 1058; x_wconf 89' lang='lat' dir='ltr'>mortua</span> <span class='ocrx_word' id='word_1_266' title='bbox 3604 961 3687 1060; x_wconf 64' lang='lat' dir='ltr'>re:</span> 
     </span>
    </p>
   </div>
   <div class='ocr_carea' id='block_1_41' title="bbox 2047 1065 3683 1159">
    <p class='ocr_par' dir='ltr' id='par_1_41' title="bbox 2047 1065 3683 1159">
     <span class='ocr_line' id='line_1_41' title="bbox 2047 1065 3683 1159; baseline 0.023 -47"><span class='ocrx_word' id='word_1_267' title='bbox 2047 1065 2264 1159; x_wconf 80' lang='lat' dir='ltr'>manet.</span> <span class='ocrx_word' id='word_1_268' title='bbox 2294 1069 2365 1117; x_wconf 85' lang='lat' dir='ltr'>At</span> <span class='ocrx_word' id='word_1_269' title='bbox 2396 1081 2631 1121; x_wconf 90' lang='lat' dir='ltr'>necesse</span> <span class='ocrx_word' id='word_1_270' title='bbox 2671 1071 2908 1126; x_wconf 89' lang='lat' dir='ltr'>omnino</span> <span class='ocrx_word' id='word_1_271' title='bbox 2942 1082 3031 1130; x_wconf 91' lang='lat' dir='ltr'>est</span> <span class='ocrx_word' id='word_1_272' title='bbox 3058 1085 3242 1137; x_wconf 90' lang='lat' dir='ltr'>totum</span> <span class='ocrx_word' id='word_1_273' title='bbox 3280 1085 3573 1147; x_wconf 90' lang='lat' dir='ltr'>hominem</span> <span class='ocrx_word' id='word_1_274' title='bbox 3610 1097 3683 1149; x_wconf 85' lang='lat' dir='ltr'>ad</span> 
     </span>
    </p>
   </div>
   <div class='ocr_carea' id='block_1_42' title="bbox 2046 1156 3688 1239">
    <p class='ocr_par' dir='ltr' id='par_1_42' title="bbox 2046 1156 3688 1239">
     <span class='ocr_line' id='line_1_42' title="bbox 2046 1156 3688 1239; baseline 0.024 -39"><span class='ocrx_word' id='word_1_275' title='bbox 2046 1156 2354 1239; x_wconf 83' lang='lat' dir='ltr'>pristinam</span> <span class='ocrx_word' id='word_1_276' title='bbox 2411 1170 2578 1209; x_wconf 89' lang='lat' dir='ltr'>suam</span> <span class='ocrx_word' id='word_1_277' title='bbox 2637 1158 2814 1213; x_wconf 90' lang='lat' dir='ltr'>vitam</span> <span class='ocrx_word' id='word_1_278' title='bbox 2876 1166 3083 1235; x_wconf 90' lang='lat' dir='ltr'>redire,</span> <span class='ocrx_word' id='word_1_279' title='bbox 3136 1176 3196 1224; x_wconf 92' lang='lat' dir='ltr'>ut</span> <span class='ocrx_word' id='word_1_280' title='bbox 3256 1174 3326 1228; x_wconf 90' lang='lat' dir='ltr'>de</span> <span class='ocrx_word' id='word_1_281' title='bbox 3379 1177 3545 1235; x_wconf 86' lang='lat' dir='ltr'>bonis</span> <span class='ocrx_word' id='word_1_282' title='bbox 3588 1188 3688 1239; x_wconf 89' lang='lat' dir='ltr'>aut</span> 
     </span>
    </p>
   </div>
   <div class='ocr_carea' id='block_1_43' title="bbox 2048 1236 3685 1339">
    <p class='ocr_par' dir='ltr' id='par_1_43' title="bbox 2048 1236 3685 1339">
     <span class='ocr_line' id='line_1_43' title="bbox 2048 1236 3685 1339; baseline 0.024 -51"><span class='ocrx_word' id='word_1_283' title='bbox 2048 1236 2240 1339; x_wconf 78' lang='lat' dir='ltr'>malis,</span> <span class='ocrx_word' id='word_1_284' title='bbox 2273 1256 2306 1293; x_wconf 88' lang='lat' dir='ltr'>a</span> <span class='ocrx_word' id='word_1_285' title='bbox 2336 1240 2476 1295; x_wconf 90' lang='lat' dir='ltr'>sein</span> <span class='ocrx_word' id='word_1_286' title='bbox 2509 1242 2617 1297; x_wconf 90' lang='lat' dir='ltr'>hac</span> <span class='ocrx_word' id='word_1_287' title='bbox 2648 1246 2767 1300; x_wconf 88' lang='lat' dir='ltr'>vita</span> <span class='ocrx_word' id='word_1_288' title='bbox 2814 1251 2981 1321; x_wconf 89' lang='lat' dir='ltr'>actis,</span> <span class='ocrx_word' id='word_1_289' title='bbox 3017 1256 3289 1316; x_wconf 91' lang='lat' dir='ltr'>ultimum</span> <span class='ocrx_word' id='word_1_290' title='bbox 3350 1281 3383 1318; x_wconf 89' lang='lat' dir='ltr'>a</span> <span class='ocrx_word' id='word_1_291' title='bbox 3420 1266 3536 1323; x_wconf 89' lang='lat' dir='ltr'>Deo</span> <span class='ocrx_word' id='word_1_292' title='bbox 3592 1236 3685 1339; x_wconf 43' lang='lat' dir='ltr'>ju;</span> 
     </span>
    </p>
   </div>
   <div class='ocr_carea' id='block_1_44' title="bbox 2045 1325 3686 1416">
    <p class='ocr_par' dir='ltr' id='par_1_44' title="bbox 2045 1325 3686 1416">
     <span class='ocr_line' id='line_1_44' title="bbox 2045 1325 3686 1416; baseline 0.024 -39"><span class='ocrx_word' id='word_1_293' title='bbox 2045 1325 2261 1381; x_wconf 82' lang='lat' dir='ltr'>dicium</span> <span class='ocrx_word' id='word_1_294' title='bbox 2294 1330 2517 1387; x_wconf 79' lang='lat' dir='ltr'>referat.</span> <span class='ocrx_word' id='word_1_295' title='bbox 2554 1332 2697 1395; x_wconf 90' lang='lat' dir='ltr'>Quid</span> <span class='ocrx_word' id='word_1_296' title='bbox 2732 1352 2883 1404; x_wconf 90' lang='lat' dir='ltr'>vero,</span> <span class='ocrx_word' id='word_1_297' title='bbox 2918 1343 3071 1408; x_wconf 91' lang='lat' dir='ltr'>quod</span> <span class='ocrx_word' id='word_1_298' title='bbox 3132 1347 3328 1405; x_wconf 89' lang='lat' dir='ltr'>anima</span> <span class='ocrx_word' id='word_1_299' title='bbox 3381 1355 3524 1410; x_wconf 89' lang='lat' dir='ltr'>nihil</span> <span class='ocrx_word' id='word_1_300' title='bbox 3558 1325 3686 1416; x_wconf 81' lang='lat' dir='ltr'>sine</span> 
     </span>
    </p>
   </div>
   <div class='ocr_carea' id='block_1_45' title="bbox 2040 1684 3679 1786">
    <p class='ocr_par' dir='ltr' id='par_1_45' title="bbox 2040 1684 3679 1786">
     <span class='ocr_line' id='line_1_45' title="bbox 2040 1684 3679 1786; baseline 0.026 -56"><span class='ocrx_word' id='word_1_301' title='bbox 2040 1694 2274 1786; x_wconf 74' lang='lat' dir='ltr'>pmnem</span> <span class='ocrx_word' id='word_1_302' title='bbox 2298 1684 2605 1752; x_wconf 89' lang='lat' dir='ltr'>mundum,</span> <span class='ocrx_word' id='word_1_303' title='bbox 2638 1689 2709 1743; x_wconf 92' lang='lat' dir='ltr'>de</span> <span class='ocrx_word' id='word_1_304' title='bbox 2765 1692 2947 1749; x_wconf 89' lang='lat' dir='ltr'>nihilo</span> <span class='ocrx_word' id='word_1_305' title='bbox 2992 1702 3225 1767; x_wconf 87' lang='lat' dir='ltr'>creavit,</span> <span class='ocrx_word' id='word_1_306' title='bbox 3258 1714 3451 1776; x_wconf 89' lang='lat' dir='ltr'>potest</span> <span class='ocrx_word' id='word_1_307' title='bbox 3483 1715 3679 1786; x_wconf 87' lang='lat' dir='ltr'>utique</span> 
     </span>
    </p>
   </div>
   <div class='ocr_carea' id='block_1_46' title="bbox 2037 1769 3677 1860">
    <p class='ocr_par' dir='ltr' id='par_1_46' title="bbox 2037 1769 3677 1860">
     <span class='ocr_line' id='line_1_46' title="bbox 2037 1769 3677 1860; baseline 0.026 -42"><span class='ocrx_word' id='word_1_308' title='bbox 2037 1769 2436 1860; x_wconf 73' lang='lat' dir='ltr'>temetipsum,</span> <span class='ocrx_word' id='word_1_309' title='bbox 2472 1779 2782 1845; x_wconf 89' lang='lat' dir='ltr'>postquam</span> <span class='ocrx_word' id='word_1_310' title='bbox 2827 1796 2955 1837; x_wconf 89' lang='lat' dir='ltr'>esse</span> <span class='ocrx_word' id='word_1_311' title='bbox 2985 1769 3470 1857; x_wconf 39' lang='lat' dir='ltr'>desieris,-totum</span> <span class='ocrx_word' id='word_1_312' title='bbox 3503 1769 3677 1860; x_wconf 48' lang='lat' dir='ltr'>sic‘uti</span> 
     </span>
    </p>
   </div>
   <div class='ocr_carea' id='block_1_47' title="bbox 2038 1857 3674 1954">
    <p class='ocr_par' dir='ltr' id='par_1_47' title="bbox 2038 1857 3674 1954">
     <span class='ocr_line' id='line_1_47' title="bbox 2038 1857 3674 1954; baseline 0.026 -49"><span class='ocrx_word' id='word_1_313' title='bbox 2038 1857 2476 1954; x_wconf 30' lang='lat' dir='ltr'>eras,‘reﬁcere.</span> <span class='ocrx_word' id='word_1_314' title='bbox 2510 1861 2807 1921; x_wconf 88' lang='lat' dir='ltr'>Postremo</span> <span class='ocrx_word' id='word_1_315' title='bbox 2848 1867 2969 1936; x_wconf 86' lang='lat' dir='ltr'>lux,</span> <span class='ocrx_word' id='word_1_316' title='bbox 2999 1877 3267 1945; x_wconf 72' lang='lat' dir='ltr'>tenebras,</span> <span class='ocrx_word' id='word_1_317' title='bbox 3302 1884 3516 1954; x_wconf 87' lang='lat' dir='ltr'>sidera,</span> <span class='ocrx_word' id='word_1_318' title='bbox 3549 1857 3674 1947; x_wconf 15' lang='lat' dir='ltr'>frui-—</span> 
     </span>
    </p>
   </div>
   <div class='ocr_carea' id='block_1_48' title="bbox 2038 1946 3676 2047">
    <p class='ocr_par' dir='ltr' id='par_1_48' title="bbox 2038 1946 3676 2047">
     <span class='ocr_line' id='line_1_48' title="bbox 2038 1946 3676 2047; baseline 0.027 -53"><span class='ocrx_word' id='word_1_319' title='bbox 2038 1946 2168 2041; x_wconf 78' lang='lat' dir='ltr'>ctus</span> <span class='ocrx_word' id='word_1_320' title='bbox 2199 1948 2386 2042; x_wconf 67' lang='lat' dir='ltr'>terrae,</span> <span class='ocrx_word' id='word_1_321' title='bbox 2419 1952 2666 2022; x_wconf 87' lang='lat' dir='ltr'>semina,</span> <span class='ocrx_word' id='word_1_322' title='bbox 2694 1961 2750 2009; x_wconf 93' lang='lat' dir='ltr'>et</span> <span class='ocrx_word' id='word_1_323' title='bbox 2805 1964 3009 2017; x_wconf 67' lang='lat' dir='ltr'>cetera</span> <span class='ocrx_word' id='word_1_324' title='bbox 3065 1965 3177 2022; x_wconf 89' lang='lat' dir='ltr'>alia</span> <span class='ocrx_word' id='word_1_325' title='bbox 3236 1946 3676 2047; x_wconf 78' lang='lat' dir='ltr'>quamplurima</span> 
     </span>
    </p>
   </div>
   <div class='ocr_carea' id='block_1_49' title="bbox 2037 2040 3672 2126">
    <p class='ocr_par' dir='ltr' id='par_1_49' title="bbox 2037 2040 3672 2126">
     <span class='ocr_line' id='line_1_49' title="bbox 2037 2040 3672 2126; baseline 0.026 -42"><span class='ocrx_word' id='word_1_326' title='bbox 2037 2040 2410 2126; x_wconf 77' lang='lat' dir='ltr'>reviviscunt,</span> <span class='ocrx_word' id='word_1_327' title='bbox 2445 2047 2663 2109; x_wconf 91' lang='lat' dir='ltr'>quanto</span> <span class='ocrx_word' id='word_1_328' title='bbox 2696 2048 2882 2117; x_wconf 84' lang='lat' dir='ltr'>magis</span> <span class='ocrx_word' id='word_1_329' title='bbox 2913 2052 2984 2104; x_wconf 89' lang='lat' dir='ltr'>ad</span> <span class='ocrx_word' id='word_1_330' title='bbox 3020 2054 3197 2111; x_wconf 89' lang='lat' dir='ltr'>vitam</span> <span class='ocrx_word' id='word_1_331' title='bbox 3255 2040 3467 2120; x_wconf 81' lang='lat' dir='ltr'>redibit</span> <span class='ocrx_word' id='word_1_332' title='bbox 3524 2070 3672 2126; x_wconf 69' lang='lat'>728</span> 
     </span>
    </p>
   </div>
   <div class='ocr_carea' id='block_1_50' title="bbox 2042 2117 3651 2219">
    <p class='ocr_par' dir='ltr' id='par_1_50' title="bbox 2042 2117 3651 2219">
     <span class='ocr_line' id='line_1_50' title="bbox 2042 2117 3651 2219; baseline 0.027 -48"><span class='ocrx_word' id='word_1_333' title='bbox 2042 2117 2232 2219; x_wconf 80' lang='lat' dir='ltr'>homo,</span> <span class='ocrx_word' id='word_1_334' title='bbox 2267 2123 2368 2193; x_wconf 92' lang='lat' dir='ltr'>qui</span> <span class='ocrx_word' id='word_1_335' title='bbox 2399 2126 2636 2219; x_wconf 79' lang='lat' dir='ltr'>quidem</span> <span class='ocrx_word' id='word_1_336' title='bbox 2669 2130 2718 2185; x_wconf 92' lang='lat' dir='ltr'>si</span> <span class='ocrx_word' id='word_1_337' title='bbox 2759 2149 2820 2187; x_wconf 91' lang='lat' dir='ltr'>se</span> <span class='ocrx_word' id='word_1_338' title='bbox 2865 2135 3079 2207; x_wconf 73' lang='lat' dir='ltr'>Pythiae</span> <span class='ocrx_word' id='word_1_339' title='bbox 3138 2149 3373 2205; x_wconf 88' lang='lat' dir='ltr'>oraculo</span> <span class='ocrx_word' id='word_1_340' title='bbox 3405 2117 3651 2212; x_wconf 65' lang='lat' dir='ltr'>noverit</span> 
     </span>
    </p>
   </div>
   <div class='ocr_carea' id='block_1_51' title="bbox 2036 2202 3676 2306">
    <p class='ocr_par' dir='ltr' id='par_1_51' title="bbox 2036 2202 3676 2306">
     <span class='ocr_line' id='line_1_51' title="bbox 2036 2202 3676 2306; baseline 0.026 -47"><span class='ocrx_word' id='word_1_341' title='bbox 2036 2209 2300 2306; x_wconf 83' lang='lat' dir='ltr'>omnium</span> <span class='ocrx_word' id='word_1_342' title='bbox 2350 2214 2736 2306; x_wconf 62' lang='lat' dir='ltr'>morientium</span> <span class='ocrx_word' id='word_1_343' title='bbox 2811 2228 2867 2277; x_wconf 91' lang='lat' dir='ltr'>et</span> <span class='ocrx_word' id='word_1_344' title='bbox 2942 2202 3377 2302; x_wconf 84' lang='lat' dir='ltr'>resurgentium</span> <span class='ocrx_word' id='word_1_345' title='bbox 3431 2202 3676 2301; x_wconf 42' lang='lat' dir='ltr'>Et];</span> 
     </span>
    </p>
   </div>
   <div class='ocr_carea' id='block_1_52' title="bbox 2034 2300 3666 2399">
    <p class='ocr_par' dir='ltr' id='par_1_52' title="bbox 2034 2300 3666 2399">
     <span class='ocr_line' id='line_1_52' title="bbox 2034 2300 3666 2399; baseline 0.028 -51"><span class='ocrx_word' id='word_1_346' title='bbox 2034 2300 2233 2399; x_wconf 55' lang='lat' dir='ltr'>minus</span> <span class='ocrx_word' id='word_1_347' title='bbox 2350 2300 2688 2399; x_wconf 82' lang='lat' dir='ltr'>Ubicunque</span> <span class='ocrx_word' id='word_1_348' title='bbox 2735 2326 2892 2381; x_wconf 85' lang='lat' dir='ltr'>ergo,</span> <span class='ocrx_word' id='word_1_349' title='bbox 2943 2323 3044 2371; x_wconf 89' lang='lat' dir='ltr'>aut</span> <span class='ocrx_word' id='word_1_350' title='bbox 3095 2300 3443 2399; x_wconf 77' lang='lat' dir='ltr'>quocunque</span> <span class='ocrx_word' id='word_1_351' title='bbox 3493 2300 3666 2393; x_wconf 86' lang='lat' dir='ltr'>modo</span> 
     </span>
    </p>
   </div>
   <div class='ocr_carea' id='block_1_53' title="bbox 2031 2384 3663 2487">
    <p class='ocr_par' dir='ltr' id='par_1_53' title="bbox 2031 2384 3663 2487">
     <span class='ocr_line' id='line_1_53' title="bbox 2031 2384 3663 2487; baseline 0.029 -54"><span class='ocrx_word' id='word_1_352' title='bbox 2156 2386 2405 2443; x_wconf 90' lang='lat' dir='ltr'>nihilum</span> <span class='ocrx_word' id='word_1_353' title='bbox 2450 2392 2733 2487; x_wconf 71' lang='lat' dir='ltr'>redactus</span> <span class='ocrx_word' id='word_1_354' title='bbox 2792 2400 2984 2468; x_wconf 86' lang='lat' dir='ltr'>fuerit,</span> <span class='ocrx_word' id='word_1_355' title='bbox 3042 2384 3126 2463; x_wconf 36' lang='lat' dir='ltr'>ad&#39;</span> <span class='ocrx_word' id='word_1_356' title='bbox 3173 2384 3663 2487; x_wconf 47' lang='lat' dir='ltr'>vitam‘pottislate</span> 
     </span>
    </p>
   </div>
   <div class='ocr_carea' id='block_1_54' title="bbox 2027 2469 3672 2616">
    <p class='ocr_par' dir='ltr' id='par_1_54' title="bbox 2027 2469 3672 2616">
     <span class='ocr_line' id='line_1_54' title="bbox 2027 2469 3672 2616; baseline 0.028 -93"><span class='ocrx_word' id='word_1_357' title='bbox 2027 2469 2190 2616; x_wconf 55' lang='lat' dir='ltr'>:ltius</span> <span class='ocrx_word' id='word_1_358' title='bbox 2242 2480 2622 2549; x_wconf 86' lang='lat' dir='ltr'>revocabitur,</span> <span class='ocrx_word' id='word_1_359' title='bbox 2677 2487 2833 2557; x_wconf 78' lang='lat' dir='ltr'>cujus</span> <span class='ocrx_word' id='word_1_360' title='bbox 2889 2497 2979 2546; x_wconf 91' lang='lat' dir='ltr'>est</span> <span class='ocrx_word' id='word_1_361' title='bbox 3063 2497 3324 2570; x_wconf 74' lang='lat' dir='ltr'>nihilum,</span> <span class='ocrx_word' id='word_1_362' title='bbox 3383 2469 3672 2569; x_wconf 34' lang='lat' dir='ltr'>Itasime”:</span> 
     </span>
     <span class='ocr_line' id='line_1_55' title="bbox 2106 2579 2220 2616; baseline 0.009 -1"><span class='ocrx_word' id='word_1_363' title='bbox 2106 2579 2220 2616; x_wconf 84' lang='lat' dir='ltr'>um.</span> 
     </span>
    </p>
   </div>
   <div class='ocr_carea' id='block_1_55' title="bbox 2106 2579 2220 2617">
    <p class='ocr_par' dir='ltr' id='par_1_55' title="bbox 2106 2579 2220 2617">
     <span class='ocr_line' id='line_1_56' title="bbox 2106 2579 2220 2617; baseline 0.018 -2"><span class='ocrx_word' id='word_1_364' title='bbox 2106 2579 2220 2617; x_wconf 83' lang='lat' dir='ltr'>um.</span> 
     </span>
    </p>
   </div>
   <div class='ocr_carea' id='block_1_56' title="bbox 2096 2649 3668 2745">
    <p class='ocr_par' dir='ltr' id='par_1_56' title="bbox 2096 2649 3668 2745">
     <span class='ocr_line' id='line_1_57' title="bbox 2096 2649 3668 2745; baseline 0.027 -42"><span class='ocrx_word' id='word_1_365' title='bbox 2096 2649 2391 2724; x_wconf 85' lang='lat' dir='ltr'>Numquid</span> <span class='ocrx_word' id='word_1_366' title='bbox 2416 2656 2827 2734; x_wconf 89' lang='lat' dir='ltr'>igitur,arguet</span> <span class='ocrx_word' id='word_1_367' title='bbox 2855 2669 3089 2742; x_wconf 88' lang='lat' dir='ltr'>aliquis,</span> <span class='ocrx_word' id='word_1_368' title='bbox 3124 2682 3491 2740; x_wconf 89' lang='lat' dir='ltr'>moriendum</span> <span class='ocrx_word' id='word_1_369' title='bbox 3514 2704 3668 2745; x_wconf 89' lang='lat' dir='ltr'>sem-</span> 
     </span>
    </p>
   </div>
   <div class='ocr_carea' id='block_1_57' title="bbox 2026 2745 3665 2842">
    <p class='ocr_par' dir='ltr' id='par_1_57' title="bbox 2026 2745 3665 2842">
     <span class='ocr_line' id='line_1_58' title="bbox 2026 2745 3665 2842; baseline 0.026 -52"><span class='ocrx_word' id='word_1_370' title='bbox 2026 2754 2131 2842; x_wconf 72' lang='lat' dir='ltr'>per</span> <span class='ocrx_word' id='word_1_371' title='bbox 2158 2745 2227 2842; x_wconf 46' lang='lat' dir='ltr'>et‘</span> <span class='ocrx_word' id='word_1_372' title='bbox 2244 2749 2718 2842; x_wconf 81' lang='lat' dir='ltr'>resurgendum?</span> <span class='ocrx_word' id='word_1_373' title='bbox 2748 2753 2835 2809; x_wconf 87' lang='lat' dir='ltr'>Ita</span> <span class='ocrx_word' id='word_1_374' title='bbox 2861 2774 3022 2828; x_wconf 90' lang='lat' dir='ltr'>sane,</span> <span class='ocrx_word' id='word_1_375' title='bbox 3058 2764 3141 2817; x_wconf 87' lang='lat' dir='ltr'>ait</span> <span class='ocrx_word' id='word_1_376' title='bbox 3160 2766 3579 2842; x_wconf 87' lang='lat' dir='ltr'>Tertullianus,</span> <span class='ocrx_word' id='word_1_377' title='bbox 3615 2778 3665 2832; x_wconf 92' lang='lat' dir='ltr'>si</span> 
     </span>
    </p>
   </div>
   <div class='ocr_carea' id='block_1_58' title="bbox 2024 2827 3663 2927">
    <p class='ocr_par' dir='ltr' id='par_1_58' title="bbox 2024 2827 3663 2927">
     <span class='ocr_line' id='line_1_59' title="bbox 2024 2827 3663 2927; baseline 0.026 -47"><span class='ocrx_word' id='word_1_378' title='bbox 2024 2827 2141 2927; x_wconf 78' lang='lat' dir='ltr'>Deo</span> <span class='ocrx_word' id='word_1_379' title='bbox 2174 2830 2510 2927; x_wconf 78' lang='lat' dir='ltr'>placuisset.</span> <span class='ocrx_word' id='word_1_380' title='bbox 2546 2844 2620 2927; x_wconf 77' lang='lat' dir='ltr'>At</span> <span class='ocrx_word' id='word_1_381' title='bbox 2657 2841 2774 2909; x_wconf 90' lang='lat' dir='ltr'>ille,</span> <span class='ocrx_word' id='word_1_382' title='bbox 2807 2848 2908 2915; x_wconf 91' lang='lat' dir='ltr'>qui</span> <span class='ocrx_word' id='word_1_383' title='bbox 2949 2827 3017 2903; x_wconf 65' lang='lat' dir='ltr'>ea</span> <span class='ocrx_word' id='word_1_384' title='bbox 3048 2852 3293 2913; x_wconf 86' lang='lat' dir='ltr'>diversis</span> <span class='ocrx_word' id='word_1_385' title='bbox 3326 2878 3390 2916; x_wconf 91' lang='lat' dir='ltr'>ac</span> <span class='ocrx_word' id='word_1_386' title='bbox 3435 2827 3663 2922; x_wconf 46' lang='lat' dir='ltr'>contra;</span> 
     </span>
    </p>
   </div>
   <div class='ocr_carea' id='block_1_59' title="bbox 2025 2919 3664 3015">
    <p class='ocr_par' dir='ltr' id='par_1_59' title="bbox 2025 2919 3664 3015">
     <span class='ocr_line' id='line_1_60' title="bbox 2025 2919 3664 3015; baseline 0.026 -47"><span class='ocrx_word' id='word_1_387' title='bbox 2025 2919 2128 2971; x_wconf 88' lang='lat' dir='ltr'>riis</span> <span class='ocrx_word' id='word_1_388' title='bbox 2157 2919 2337 3015; x_wconf 82' lang='lat' dir='ltr'>rebus</span> <span class='ocrx_word' id='word_1_389' title='bbox 2369 2926 2601 3015; x_wconf 27' lang='lat' dir='ltr'>Acreavit</span> <span class='ocrx_word' id='word_1_390' title='bbox 2651 2932 2866 2999; x_wconf 88' lang='lat' dir='ltr'>omnia,</span> <span class='ocrx_word' id='word_1_391' title='bbox 2923 2936 3104 2995; x_wconf 89' lang='lat' dir='ltr'>voluit</span> <span class='ocrx_word' id='word_1_392' title='bbox 3150 2945 3351 3015; x_wconf 86' lang='lat' dir='ltr'>utique</span> <span class='ocrx_word' id='word_1_393' title='bbox 3394 2919 3664 3008; x_wconf 75' lang='lat' dir='ltr'>homines</span> 
     </span>
    </p>
   </div>
   <div class='ocr_carea' id='block_1_60' title="bbox 2022 3011 3663 3103">
    <p class='ocr_par' dir='ltr' id='par_1_60' title="bbox 2022 3011 3663 3103">
     <span class='ocr_line' id='line_1_61' title="bbox 2022 3011 3663 3103; baseline 0.024 -46"><span class='ocrx_word' id='word_1_394' title='bbox 2022 3012 2283 3103; x_wconf 78' lang='lat' dir='ltr'>mortuos</span> <span class='ocrx_word' id='word_1_395' title='bbox 2313 3011 2383 3063; x_wconf 88' lang='lat' dir='ltr'>ad</span> <span class='ocrx_word' id='word_1_396' title='bbox 2418 3012 2727 3081; x_wconf 89' lang='lat' dir='ltr'>pristinam</span> <span class='ocrx_word' id='word_1_397' title='bbox 2758 3021 2940 3078; x_wconf 88' lang='lat' dir='ltr'>vitam</span> <span class='ocrx_word' id='word_1_398' title='bbox 2968 3029 3149 3083; x_wconf 90' lang='lat' dir='ltr'>semel</span> <span class='ocrx_word' id='word_1_399' title='bbox 3175 3011 3471 3093; x_wconf 41' lang='lat' dir='ltr'>eo-medio</span> <span class='ocrx_word' id='word_1_400' title='bbox 3514 3044 3663 3095; x_wconf 86' lang='lat' dir='ltr'>tem-</span> 
     </span>
    </p>
   </div>
   <div class='ocr_carea' id='block_1_61' title="bbox 2023 3103 3663 3184">
    <p class='ocr_par' dir='ltr' id='par_1_61' title="bbox 2023 3103 3663 3184">
     <span class='ocr_line' id='line_1_62' title="bbox 2023 3103 3663 3184; baseline 0.022 -38"><span class='ocrx_word' id='word_1_401' title='bbox 2023 3108 2179 3184; x_wconf 83' lang='lat' dir='ltr'>poris</span> <span class='ocrx_word' id='word_1_402' title='bbox 2211 3103 2428 3166; x_wconf 87' lang='lat' dir='ltr'>puncto</span> <span class='ocrx_word' id='word_1_403' title='bbox 2459 3103 2721 3170; x_wconf 88' lang='lat' dir='ltr'>excitari,</span> <span class='ocrx_word' id='word_1_404' title='bbox 2754 3112 2908 3178; x_wconf 92' lang='lat' dir='ltr'>quod</span> <span class='ocrx_word' id='word_1_405' title='bbox 2960 3113 3018 3167; x_wconf 91' lang='lat' dir='ltr'>in</span> <span class='ocrx_word' id='word_1_406' title='bbox 3072 3116 3186 3173; x_wconf 82' lang='lat' dir='ltr'>fine</span> <span class='ocrx_word' id='word_1_407' title='bbox 3247 3126 3451 3180; x_wconf 90' lang='lat' dir='ltr'>mundi</span> <span class='ocrx_word' id='word_1_408' title='bbox 3512 3128 3663 3184; x_wconf 91' lang='lat' dir='ltr'>inter</span> 
     </span>
    </p>
   </div>
   <div class='ocr_carea' id='block_1_62' title="bbox 270 3174 3662 3271">
    <p class='ocr_par' dir='ltr' id='par_1_62' title="bbox 270 3174 3662 3271">
     <span class='ocr_line' id='line_1_63' title="bbox 270 3174 3662 3271; baseline 0.021 -71"><span class='ocrx_word' id='word_1_409' title='bbox 270 3195 699 3266; x_wconf 56' lang='lat' dir='ltr'>providentiam</span> <span class='ocrx_word' id='word_1_410' title='bbox 761 3193 1036 3260; x_wconf 54' lang='lat' dir='ltr'>asseruit,</span> <span class='ocrx_word' id='word_1_411' title='bbox 1096 3208 1269 3263; x_wconf 69' lang='lat' dir='ltr'>quam</span> <span class='ocrx_word' id='word_1_412' title='bbox 1329 3192 1559 3262; x_wconf 65' lang='lat' dir='ltr'>negavit</span> <span class='ocrx_word' id='word_1_413' title='bbox 1604 3192 1905 3261; x_wconf 48' lang='lat' dir='ltr'>Epicurus.</span> <span class='ocrx_word' id='word_1_414' title='bbox 1941 3174 1983 3240; x_wconf 89' lang='lat' dir='ltr'>C</span> <span class='ocrx_word' id='word_1_415' title='bbox 2025 3182 2171 3238; x_wconf 90' lang='lat' dir='ltr'>hanc</span> <span class='ocrx_word' id='word_1_416' title='bbox 2202 3189 2635 3257; x_wconf 89' lang='lat' dir='ltr'>temporaneam</span> <span class='ocrx_word' id='word_1_417' title='bbox 2664 3174 2894 3254; x_wconf 61' lang='lat' dir='ltr'>(etatem</span> <span class='ocrx_word' id='word_1_418' title='bbox 2942 3218 3006 3256; x_wconf 84' lang='lat' dir='ltr'>ac</span> <span class='ocrx_word' id='word_1_419' title='bbox 3036 3174 3662 3271; x_wconf 35' lang='lat' dir='ltr'>zeternitateﬁm-dein‘de</span> 
     </span>
    </p>
   </div>
   <div class='ocr_carea' id='block_1_63' title="bbox 267 3279 1912 3355">
    <p class='ocr_par' dir='ltr' id='par_1_63' title="bbox 267 3279 1912 3355">
     <span class='ocr_line' id='line_1_64' title="bbox 267 3279 1912 3355; baseline -0.001 -17"><span class='ocrx_word' id='word_1_420' title='bbox 267 3283 467 3355; x_wconf 86' lang='lat' dir='ltr'>Aliqui</span> <span class='ocrx_word' id='word_1_421' title='bbox 499 3283 665 3338; x_wconf 92' lang='lat' dir='ltr'>illum</span> <span class='ocrx_word' id='word_1_422' title='bbox 698 3286 861 3338; x_wconf 82' lang='lat' dir='ltr'>extra</span> <span class='ocrx_word' id='word_1_423' title='bbox 890 3282 1204 3345; x_wconf 89' lang='lat' dir='ltr'>mundum,</span> <span class='ocrx_word' id='word_1_424' title='bbox 1265 3279 1364 3334; x_wconf 90' lang='lat' dir='ltr'>alii</span> <span class='ocrx_word' id='word_1_425' title='bbox 1421 3280 1478 3333; x_wconf 92' lang='lat' dir='ltr'>in</span> <span class='ocrx_word' id='word_1_426' title='bbox 1537 3296 1602 3335; x_wconf 90' lang='lat' dir='ltr'>eo</span> <span class='ocrx_word' id='word_1_427' title='bbox 1654 3280 1912 3351; x_wconf 89' lang='lat' dir='ltr'>positum</span> 
     </span>
    </p>
   </div>
   <div class='ocr_carea' id='block_1_64' title="bbox 265 3368 1915 3429">
    <p class='ocr_par' dir='ltr' id='par_1_64' title="bbox 265 3368 1915 3429">
     <span class='ocr_line' id='line_1_65' title="bbox 265 3368 1915 3429; baseline -0.002 -1"><span class='ocrx_word' id='word_1_428' title='bbox 265 3373 609 3429; x_wconf 87' lang='lat' dir='ltr'>censebant.</span> <span class='ocrx_word' id='word_1_429' title='bbox 643 3371 920 3426; x_wconf 84' lang='lat' dir='ltr'>Eamdem</span> <span class='ocrx_word' id='word_1_430' title='bbox 952 3386 1092 3425; x_wconf 90' lang='lat' dir='ltr'>sane</span> <span class='ocrx_word' id='word_1_431' title='bbox 1121 3370 1193 3424; x_wconf 94' lang='lat' dir='ltr'>ob</span> <span class='ocrx_word' id='word_1_432' title='bbox 1226 3384 1463 3424; x_wconf 86' lang='lat' dir='ltr'>causam</span> <span class='ocrx_word' id='word_1_433' title='bbox 1486 3368 1657 3424; x_wconf 69' lang='lat' dir='ltr'>variae</span> <span class='ocrx_word' id='word_1_434' title='bbox 1680 3369 1915 3424; x_wconf 81' lang='lat' dir='ltr'>fuerunt</span> 
     </span>
    </p>
   </div>
   <div class='ocr_carea' id='block_1_65' title="bbox 264 3457 1912 3525">
    <p class='ocr_par' dir='ltr' id='par_1_65' title="bbox 264 3457 1912 3525">
     <span class='ocr_line' id='line_1_66' title="bbox 264 3457 1912 3525; baseline -0.002 -11"><span class='ocrx_word' id='word_1_435' title='bbox 264 3461 502 3515; x_wconf 89' lang='lat' dir='ltr'>illorum</span> <span class='ocrx_word' id='word_1_436' title='bbox 537 3461 608 3515; x_wconf 88' lang='lat' dir='ltr'>de</span> <span class='ocrx_word' id='word_1_437' title='bbox 640 3459 846 3514; x_wconf 91' lang='lat' dir='ltr'>mundi</span> <span class='ocrx_word' id='word_1_438' title='bbox 878 3464 1007 3513; x_wconf 90' lang='lat' dir='ltr'>ortu</span> <span class='ocrx_word' id='word_1_439' title='bbox 1043 3464 1100 3511; x_wconf 91' lang='lat' dir='ltr'>et</span> <span class='ocrx_word' id='word_1_440' title='bbox 1157 3457 1483 3525; x_wconf 90' lang='lat' dir='ltr'>duratione,</span> <span class='ocrx_word' id='word_1_441' title='bbox 1540 3474 1605 3511; x_wconf 89' lang='lat' dir='ltr'>ac</span> <span class='ocrx_word' id='word_1_442' title='bbox 1663 3459 1733 3512; x_wconf 90' lang='lat' dir='ltr'>de</span> <span class='ocrx_word' id='word_1_443' title='bbox 1781 3458 1912 3512; x_wconf 89' lang='lat' dir='ltr'>ani-</span> 
     </span>
    </p>
   </div>
   <div class='ocr_carea' id='block_1_66' title="bbox 266 3546 1907 3618">
    <p class='ocr_par' dir='ltr' id='par_1_66' title="bbox 266 3546 1907 3618">
     <span class='ocr_line' id='line_1_67' title="bbox 266 3546 1907 3618; baseline -0.002 -15"><span class='ocrx_word' id='word_1_444' title='bbox 266 3566 373 3603; x_wconf 72' lang='lat' dir='ltr'>mae</span> <span class='ocrx_word' id='word_1_445' title='bbox 402 3550 677 3604; x_wconf 66' lang='lat' dir='ltr'>humana:</span> <span class='ocrx_word' id='word_1_446' title='bbox 701 3554 912 3602; x_wconf 91' lang='lat' dir='ltr'>natura</span> <span class='ocrx_word' id='word_1_447' title='bbox 943 3546 1333 3618; x_wconf 86' lang='lat' dir='ltr'>opinationes.</span> <span class='ocrx_word' id='word_1_448' title='bbox 1394 3546 1589 3616; x_wconf 89' lang='lat' dir='ltr'>Neque</span> <span class='ocrx_word' id='word_1_449' title='bbox 1628 3546 1907 3615; x_wconf 88' lang='lat' dir='ltr'>objicien-</span> 
     </span>
    </p>
   </div>
   <div class='ocr_carea' id='block_1_67' title="bbox 261 3633 1910 3709">
    <p class='ocr_par' dir='ltr' id='par_1_67' title="bbox 261 3633 1910 3709">
     <span class='ocr_line' id='line_1_68' title="bbox 261 3633 1910 3709; baseline -0.001 -18"><span class='ocrx_word' id='word_1_450' title='bbox 261 3638 403 3692; x_wconf 90' lang='lat' dir='ltr'>dum</span> <span class='ocrx_word' id='word_1_451' title='bbox 436 3644 522 3693; x_wconf 88' lang='lat' dir='ltr'>est</span> <span class='ocrx_word' id='word_1_452' title='bbox 552 3654 584 3691; x_wconf 74' lang='grc' dir='ltr'><strong><em>ει</em></strong></span> <span class='ocrx_word' id='word_1_453' title='bbox 614 3637 973 3709; x_wconf 89' lang='lat' dir='ltr'>quibusdam</span> <span class='ocrx_word' id='word_1_454' title='bbox 1010 3652 1241 3706; x_wconf 91' lang='lat' dir='ltr'>quoque</span> <span class='ocrx_word' id='word_1_455' title='bbox 1298 3633 1641 3688; x_wconf 87' lang='lat' dir='ltr'>Christianis</span> <span class='ocrx_word' id='word_1_456' title='bbox 1684 3635 1910 3689; x_wconf 90' lang='lat' dir='ltr'>adulte-</span> 
     </span>
    </p>
   </div>
   <div class='ocr_carea' id='block_1_68' title="bbox 260 3721 1906 3787">
    <p class='ocr_par' dir='ltr' id='par_1_68' title="bbox 260 3721 1906 3787">
     <span class='ocr_line' id='line_1_69' title="bbox 260 3721 1906 3787; baseline -0.004 -6"><span class='ocrx_word' id='word_1_457' title='bbox 260 3730 453 3781; x_wconf 88' lang='lat' dir='ltr'>ratam</span> <span class='ocrx_word' id='word_1_458' title='bbox 487 3727 669 3781; x_wconf 81' lang='lat' dir='ltr'>fuisse</span> <span class='ocrx_word' id='word_1_459' title='bbox 698 3730 988 3780; x_wconf 88' lang='lat' dir='ltr'>recentem</span> <span class='ocrx_word' id='word_1_460' title='bbox 1023 3723 1231 3778; x_wconf 89' lang='lat' dir='ltr'>Christi</span> <span class='ocrx_word' id='word_1_461' title='bbox 1265 3721 1613 3777; x_wconf 87' lang='lat' dir='ltr'>doctrinam.</span> <span class='ocrx_word' id='word_1_462' title='bbox 1650 3726 1790 3774; x_wconf 91' lang='lat' dir='ltr'>Nam</span> <span class='ocrx_word' id='word_1_463' title='bbox 1826 3721 1906 3787; x_wconf 91' lang='lat' dir='ltr'>hi,</span> 
     </span>
    </p>
   </div>
   <div class='ocr_carea' id='block_1_69' title="bbox 260 3809 1909 3886">
    <p class='ocr_par' dir='ltr' id='par_1_69' title="bbox 260 3809 1909 3886">
     <span class='ocr_line' id='line_1_70' title="bbox 260 3809 1909 3886; baseline -0.002 -19"><span class='ocrx_word' id='word_1_464' title='bbox 260 3814 458 3886; x_wconf 90' lang='lat' dir='ltr'>inquit</span> <span class='ocrx_word' id='word_1_465' title='bbox 488 3813 911 3876; x_wconf 84' lang='lat' dir='ltr'>Tertullianus,</span> <span class='ocrx_word' id='word_1_466' title='bbox 942 3812 1192 3866; x_wconf 59' lang='lat' dir='ltr'>heretici</span> <span class='ocrx_word' id='word_1_467' title='bbox 1234 3813 1392 3877; x_wconf 91' lang='lat' dir='ltr'>sunt,</span> <span class='ocrx_word' id='word_1_468' title='bbox 1426 3816 1482 3862; x_wconf 91' lang='lat' dir='ltr'>et</span> <span class='ocrx_word' id='word_1_469' title='bbox 1513 3809 1791 3863; x_wconf 88' lang='lat' dir='ltr'>adversus</span> <span class='ocrx_word' id='word_1_470' title='bbox 1819 3826 1909 3864; x_wconf 91' lang='lat' dir='ltr'>er-</span> 
     </span>
    </p>
   </div>
   <div class='ocr_carea' id='block_1_70' title="bbox 258 3897 1910 3974">
    <p class='ocr_par' dir='ltr' id='par_1_70' title="bbox 258 3897 1910 3974">
     <span class='ocr_line' id='line_1_71' title="bbox 258 3897 1910 3974; baseline -0.002 -17"><span class='ocrx_word' id='word_1_471' title='bbox 258 3920 423 3958; x_wconf 86' lang='lat' dir='ltr'>rores</span> <span class='ocrx_word' id='word_1_472' title='bbox 454 3903 681 3957; x_wconf 90' lang='lat' dir='ltr'>illorum</span> <span class='ocrx_word' id='word_1_473' title='bbox 715 3901 1150 3974; x_wconf 64' lang='lat' dir='ltr'>praescribimus</span> <span class='ocrx_word' id='word_1_474' title='bbox 1182 3898 1510 3953; x_wconf 78' lang='lat' dir='ltr'>certissima</span> <span class='ocrx_word' id='word_1_475' title='bbox 1541 3897 1799 3951; x_wconf 85' lang='lat' dir='ltr'>veritatis</span> <span class='ocrx_word' id='word_1_476' title='bbox 1822 3915 1910 3953; x_wconf 89' lang='lat' dir='ltr'>re-</span> 
     </span>
    </p>
   </div>
   <div class='ocr_carea' id='block_1_71' title="bbox 261 3985 1908 4064">
    <p class='ocr_par' dir='ltr' id='par_1_71' title="bbox 261 3985 1908 4064">
     <span class='ocr_line' id='line_1_72' title="bbox 261 3985 1908 4064; baseline -0.002 -18"><span class='ocrx_word' id='word_1_477' title='bbox 261 3991 422 4064; x_wconf 87' lang='lat' dir='ltr'>gula,</span> <span class='ocrx_word' id='word_1_478' title='bbox 457 4008 585 4062; x_wconf 73' lang='lat' dir='ltr'>quae</span> <span class='ocrx_word' id='word_1_479' title='bbox 619 3992 690 4045; x_wconf 89' lang='lat' dir='ltr'>ab</span> <span class='ocrx_word' id='word_1_480' title='bbox 727 3990 990 4060; x_wconf 87' lang='lat' dir='ltr'>ejusdem</span> <span class='ocrx_word' id='word_1_481' title='bbox 1048 3988 1265 4044; x_wconf 89' lang='lat' dir='ltr'>Christi</span> <span class='ocrx_word' id='word_1_482' title='bbox 1316 3985 1621 4057; x_wconf 90' lang='lat' dir='ltr'>discipulis</span> <span class='ocrx_word' id='word_1_483' title='bbox 1678 3987 1748 4039; x_wconf 80' lang='lat' dir='ltr'>ad</span> <span class='ocrx_word' id='word_1_484' title='bbox 1802 4003 1908 4042; x_wconf 90' lang='lat' dir='ltr'>nos</span> 
     </span>
    </p>
   </div>
   <div class='ocr_carea' id='block_1_72' title="bbox 261 4081 754 4135">
    <p class='ocr_par' dir='ltr' id='par_1_72' title="bbox 261 4081 754 4135">
     <span class='ocr_line' id='line_1_73' title="bbox 261 4081 754 4135; baseline 0 -2"><span class='ocrx_word' id='word_1_485' title='bbox 261 4081 620 4135; x_wconf 85' lang='lat' dir='ltr'>transmissa</span> <span class='ocrx_word' id='word_1_486' title='bbox 650 4084 754 4135; x_wconf 90' lang='lat' dir='ltr'>est.</span> 
     </span>
    </p>
   </div>
   <div class='ocr_carea' id='block_1_73' title="bbox 332 4180 1908 4256">
    <p class='ocr_par' dir='ltr' id='par_1_73' title="bbox 332 4180 1908 4256">
     <span class='ocr_line' id='line_1_74' title="bbox 332 4180 1908 4256; baseline -0.003 -15"><span class='ocrx_word' id='word_1_487' title='bbox 332 4186 587 4255; x_wconf 77' lang='lat' dir='ltr'>Maligna</span> <span class='ocrx_word' id='word_1_488' title='bbox 617 4187 860 4256; x_wconf 82' lang='lat' dir='ltr'>insuper</span> <span class='ocrx_word' id='word_1_489' title='bbox 888 4186 1215 4239; x_wconf 87' lang='lat' dir='ltr'>daemonum</span> <span class='ocrx_word' id='word_1_490' title='bbox 1248 4180 1581 4243; x_wconf 80' lang='lat' dir='ltr'>calliditate,</span> <span class='ocrx_word' id='word_1_491' title='bbox 1617 4197 1908 4253; x_wconf 89' lang='lat' dir='ltr'>pravoque</span> 
     </span>
    </p>
   </div>
   <div class='ocr_carea' id='block_1_74' title="bbox 258 4269 1908 4345">
    <p class='ocr_par' dir='ltr' id='par_1_74' title="bbox 258 4269 1908 4345">
     <span class='ocr_line' id='line_1_75' title="bbox 258 4269 1908 4345; baseline -0.002 -17"><span class='ocrx_word' id='word_1_492' title='bbox 258 4276 500 4331; x_wconf 90' lang='lat' dir='ltr'>illorum</span> <span class='ocrx_word' id='word_1_493' title='bbox 531 4275 811 4330; x_wconf 84' lang='lat' dir='ltr'>instinctu</span> <span class='ocrx_word' id='word_1_494' title='bbox 847 4272 1093 4345; x_wconf 81' lang='lat' dir='ltr'>gentiles</span> <span class='ocrx_word' id='word_1_495' title='bbox 1111 4269 1441 4341; x_wconf 85' lang='lat' dir='ltr'>philosOphi</span> <span class='ocrx_word' id='word_1_496' title='bbox 1464 4279 1515 4324; x_wconf 84' lang='lat' dir='ltr'>et</span> <span class='ocrx_word' id='word_1_497' title='bbox 1538 4276 1717 4340; x_wconf 72' lang='lat' dir='ltr'>poeta:</span> <span class='ocrx_word' id='word_1_498' title='bbox 1737 4286 1908 4341; x_wconf 86' lang='lat' dir='ltr'>quas—</span> 
     </span>
    </p>
   </div>
   <div class='ocr_carea' id='block_1_75' title="bbox 257 4358 1904 4436">
    <p class='ocr_par' dir='ltr' id='par_1_75' title="bbox 257 4358 1904 4436">
     <span class='ocr_line' id='line_1_76' title="bbox 257 4358 1904 4436; baseline -0.003 -18"><span class='ocrx_word' id='word_1_499' title='bbox 257 4365 392 4420; x_wconf 89' lang='lat' dir='ltr'>dam</span> <span class='ocrx_word' id='word_1_500' title='bbox 420 4364 826 4436; x_wconf 80' lang='lat' dir='ltr'>excogitarunt</span> <span class='ocrx_word' id='word_1_501' title='bbox 868 4362 1118 4427; x_wconf 85' lang='lat' dir='ltr'>fabulas,</span> <span class='ocrx_word' id='word_1_502' title='bbox 1181 4364 1245 4413; x_wconf 88' lang='lat' dir='ltr'>ut</span> <span class='ocrx_word' id='word_1_503' title='bbox 1301 4358 1449 4413; x_wconf 82' lang='lat' dir='ltr'>falsa</span> <span class='ocrx_word' id='word_1_504' title='bbox 1505 4358 1782 4425; x_wconf 79' lang='lat' dir='ltr'>veritatis,</span> <span class='ocrx_word' id='word_1_505' title='bbox 1846 4359 1904 4413; x_wconf 93' lang='lat' dir='ltr'>in</span> 
     </span>
    </p>
   </div>
   <div class='ocr_carea' id='block_1_76' title="bbox 256 4446 1903 4525">
    <p class='ocr_par' dir='ltr' id='par_1_76' title="bbox 256 4446 1903 4525">
     <span class='ocr_line' id='line_1_77' title="bbox 256 4446 1903 4525; baseline -0.005 -16"><span class='ocrx_word' id='word_1_506' title='bbox 256 4454 579 4525; x_wconf 89' lang='lat' dir='ltr'>Scripturis</span> <span class='ocrx_word' id='word_1_507' title='bbox 611 4452 792 4507; x_wconf 89' lang='lat' dir='ltr'>sacris</span> <span class='ocrx_word' id='word_1_508' title='bbox 824 4452 1073 4515; x_wconf 69' lang='lat' dir='ltr'>traditas,</span> <span class='ocrx_word' id='word_1_509' title='bbox 1109 4447 1498 4502; x_wconf 89' lang='lat' dir='ltr'>similitudine</span> <span class='ocrx_word' id='word_1_510' title='bbox 1555 4448 1741 4501; x_wconf 60' lang='lat' dir='ltr'>ceteri</span> <span class='ocrx_word' id='word_1_511' title='bbox 1802 4446 1903 4501; x_wconf 88' lang='lat' dir='ltr'>ho-</span> 
     </span>
    </p>
   </div>
   <div class='ocr_carea' id='block_1_77' title="bbox 2022 3271 2631 3335">
    <p class='ocr_par' dir='ltr' id='par_1_77' title="bbox 2022 3271 2631 3335">
     <span class='ocr_line' id='line_1_78' title="bbox 2022 3271 2631 3335; baseline 0.016 -10"><span class='ocrx_word' id='word_1_512' title='bbox 2022 3271 2279 3329; x_wconf 82' lang='lat' dir='ltr'>futnram</span> <span class='ocrx_word' id='word_1_513' title='bbox 2303 3276 2631 3335; x_wconf 88' lang='lat' dir='ltr'>intercedit.</span> 
     </span>
    </p>
   </div>
   <div class='ocr_carea' id='block_1_78' title="bbox 2093 3380 3658 3472">
    <p class='ocr_par' dir='ltr' id='par_1_78' title="bbox 2093 3380 3658 3472">
     <span class='ocr_line' id='line_1_79' title="bbox 2093 3380 3658 3472; baseline 0.021 -40"><span class='ocrx_word' id='word_1_514' title='bbox 2093 3380 2480 3472; x_wconf 12' lang='lat' dir='ltr'>&#39;VI‘unciautem</span> <span class='ocrx_word' id='word_1_515' title='bbox 2513 3386 2611 3440; x_wconf 93' lang='lat' dir='ltr'>Dei</span> <span class='ocrx_word' id='word_1_516' title='bbox 2657 3389 2909 3448; x_wconf 88' lang='lat' dir='ltr'>cultores</span> <span class='ocrx_word' id='word_1_517' title='bbox 2966 3409 3402 3472; x_wconf 82' lang='lat' dir='ltr'>consequentur</span> <span class='ocrx_word' id='word_1_518' title='bbox 3432 3412 3658 3465; x_wconf 69' lang='lat' dir='ltr'>aeterna)</span> 
     </span>
    </p>
   </div>
   <div class='ocr_carea' id='block_1_79' title="bbox 2022 3469 3660 3570">
    <p class='ocr_par' dir='ltr' id='par_1_79' title="bbox 2022 3469 3660 3570">
     <span class='ocr_line' id='line_1_80' title="bbox 2022 3469 3660 3570; baseline 0.021 -49"><span class='ocrx_word' id='word_1_519' title='bbox 2022 3469 2312 3570; x_wconf 48' lang='lat' dir='ltr'>felicitatis</span> <span class='ocrx_word' id='word_1_520' title='bbox 2360 3474 2687 3570; x_wconf 66' lang='lat' dir='ltr'>prmmium,</span> <span class='ocrx_word' id='word_1_521' title='bbox 2749 3469 3250 3550; x_wconf 80' lang='lat' dir='ltr'>quemadmodum</span> <span class='ocrx_word' id='word_1_522' title='bbox 3319 3497 3548 3564; x_wconf 78' lang='lat' dir='ltr'>profani</span> <span class='ocrx_word' id='word_1_523' title='bbox 3604 3505 3660 3554; x_wconf 86' lang='lat' dir='ltr'>et</span> 
     </span>
    </p>
   </div>
   <div class='ocr_carea' id='block_1_80' title="bbox 2018 4004 3657 4087">
    <p class='ocr_par' dir='ltr' id='par_1_80' title="bbox 2018 4004 3657 4087">
     <span class='ocr_line' id='line_1_81' title="bbox 2018 4004 3657 4087; baseline 0.018 -35"><span class='ocrx_word' id='word_1_524' title='bbox 2018 4017 2147 4054; x_wconf 92' lang='lat' dir='ltr'>rum</span> <span class='ocrx_word' id='word_1_525' title='bbox 2180 4004 2526 4059; x_wconf 89' lang='lat' dir='ltr'>sententiam</span> <span class='ocrx_word' id='word_1_526' title='bbox 2587 4008 2945 4068; x_wconf 85' lang='lat' dir='ltr'>deridebanl.</span> <span class='ocrx_word' id='word_1_527' title='bbox 3009 4016 3120 4072; x_wconf 88' lang='lat' dir='ltr'>Fac</span> <span class='ocrx_word' id='word_1_528' title='bbox 3179 4023 3393 4087; x_wconf 89' lang='lat' dir='ltr'>tamen,</span> <span class='ocrx_word' id='word_1_529' title='bbox 3445 4026 3493 4077; x_wconf 88' lang='lat' dir='ltr'>si</span> <span class='ocrx_word' id='word_1_530' title='bbox 3541 4026 3657 4081; x_wconf 86' lang='lat' dir='ltr'>Deo</span> 
     </span>
    </p>
   </div>
   <div class='ocr_carea' id='block_1_81' title="bbox 2017 4087 3658 4182">
    <p class='ocr_par' dir='ltr' id='par_1_81' title="bbox 2017 4087 3658 4182">
     <span class='ocr_line' id='line_1_82' title="bbox 2017 4087 3658 4182; baseline 0.015 -41"><span class='ocrx_word' id='word_1_531' title='bbox 2017 4087 2225 4182; x_wconf 87' lang='lat' dir='ltr'>placet,</span> <span class='ocrx_word' id='word_1_532' title='bbox 2250 4089 2409 4144; x_wconf 89' lang='lat' dir='ltr'>illam</span> <span class='ocrx_word' id='word_1_533' title='bbox 2441 4108 2567 4146; x_wconf 88' lang='lat' dir='ltr'>esse</span> <span class='ocrx_word' id='word_1_534' title='bbox 2599 4094 2827 4151; x_wconf 83' lang='lat' dir='ltr'>falsam.</span> <span class='ocrx_word' id='word_1_535' title='bbox 2880 4106 2951 4156; x_wconf 84' lang='lat' dir='ltr'>At</span> <span class='ocrx_word' id='word_1_536' title='bbox 3003 4110 3155 4159; x_wconf 89' lang='lat' dir='ltr'>certe</span> <span class='ocrx_word' id='word_1_537' title='bbox 3213 4110 3486 4163; x_wconf 88' lang='lat' dir='ltr'>omnibus</span> <span class='ocrx_word' id='word_1_538' title='bbox 3529 4111 3658 4182; x_wconf 80' lang='lat' dir='ltr'>ipsa</span> 
     </span>
    </p>
   </div>
   <div class='ocr_carea' id='block_1_82' title="bbox 2016 4180 3658 4260">
    <p class='ocr_par' dir='ltr' id='par_1_82' title="bbox 2016 4180 3658 4260">
     <span class='ocr_line' id='line_1_83' title="bbox 2016 4180 3658 4260; baseline 0.015 -33"><span class='ocrx_word' id='word_1_539' title='bbox 2016 4180 2239 4229; x_wconf 61' lang='lat' dir='ltr'>aeterna:</span> <span class='ocrx_word' id='word_1_540' title='bbox 2271 4183 2372 4230; x_wconf 90' lang='lat' dir='ltr'>aut</span> <span class='ocrx_word' id='word_1_541' title='bbox 2404 4195 2587 4248; x_wconf 58' lang='lat' dir='ltr'>paenae</span> <span class='ocrx_word' id='word_1_542' title='bbox 2618 4189 2716 4235; x_wconf 91' lang='lat' dir='ltr'>aut</span> <span class='ocrx_word' id='word_1_543' title='bbox 2747 4188 3034 4243; x_wconf 89' lang='lat' dir='ltr'>mercedis</span> <span class='ocrx_word' id='word_1_544' title='bbox 3092 4208 3225 4260; x_wconf 89' lang='lat' dir='ltr'>spes</span> <span class='ocrx_word' id='word_1_545' title='bbox 3264 4194 3422 4249; x_wconf 88' lang='lat' dir='ltr'>ulilis</span> <span class='ocrx_word' id='word_1_546' title='bbox 3481 4180 3570 4251; x_wconf 82' lang='lat' dir='ltr'>est</span> <span class='ocrx_word' id='word_1_547' title='bbox 3601 4202 3658 4252; x_wconf 87' lang='lat' dir='ltr'>et</span> 
     </span>
    </p>
   </div>
   <div class='ocr_carea' id='block_1_83' title="bbox 2016 4265 3654 4345">
    <p class='ocr_par' dir='ltr' id='par_1_83' title="bbox 2016 4265 3654 4345">
     <span class='ocr_line' id='line_1_84' title="bbox 2016 4265 3654 4345; baseline 0.014 -29"><span class='ocrx_word' id='word_1_548' title='bbox 2016 4265 2365 4319; x_wconf 87' lang='lat' dir='ltr'>necessaria.</span> <span class='ocrx_word' id='word_1_549' title='bbox 2398 4268 2768 4340; x_wconf 57' lang='lat' dir='ltr'>Quacunque</span> <span class='ocrx_word' id='word_1_550' title='bbox 2830 4291 3000 4344; x_wconf 87' lang='lat' dir='ltr'>porro</span> <span class='ocrx_word' id='word_1_551' title='bbox 3033 4278 3131 4331; x_wconf 87' lang='lat' dir='ltr'>illa</span> <span class='ocrx_word' id='word_1_552' title='bbox 3162 4281 3256 4345; x_wconf 90' lang='lat' dir='ltr'>sit,</span> <span class='ocrx_word' id='word_1_553' title='bbox 3292 4299 3403 4337; x_wconf 89' lang='lat' dir='ltr'>non</span> <span class='ocrx_word' id='word_1_554' title='bbox 3440 4284 3654 4341; x_wconf 84' lang='lat' dir='ltr'>idcirco</span> 
     </span>
    </p>
   </div>
   <div class='ocr_carea' id='block_1_84' title="bbox 2013 4354 3659 4441">
    <p class='ocr_par' dir='ltr' id='par_1_84' title="bbox 2013 4354 3659 4441">
     <span class='ocr_line' id='line_1_85' title="bbox 2013 4354 3659 4441; baseline 0.015 -37"><span class='ocrx_word' id='word_1_555' title='bbox 2013 4356 2206 4406; x_wconf 85' lang='lat' dir='ltr'>tamen</span> <span class='ocrx_word' id='word_1_556' title='bbox 2240 4354 2295 4406; x_wconf 91' lang='lat' dir='ltr'>in</span> <span class='ocrx_word' id='word_1_557' title='bbox 2328 4354 2690 4411; x_wconf 87' lang='lat' dir='ltr'>Christianos</span> <span class='ocrx_word' id='word_1_558' title='bbox 2713 4360 2944 4428; x_wconf 88' lang='lat' dir='ltr'>gladiis,</span> <span class='ocrx_word' id='word_1_559' title='bbox 3006 4365 3229 4431; x_wconf 88' lang='lat' dir='ltr'>bestiis,</span> <span class='ocrx_word' id='word_1_560' title='bbox 3281 4372 3574 4441; x_wconf 84' lang='lat' dir='ltr'>crucibus,</span> <span class='ocrx_word' id='word_1_561' title='bbox 3602 4378 3659 4429; x_wconf 89' lang='lat' dir='ltr'>et</span> 
     </span>
    </p>
   </div>
   <div class='ocr_carea' id='block_1_85' title="bbox 2015 4442 3655 4517">
    <p class='ocr_par' dir='ltr' id='par_1_85' title="bbox 2015 4442 3655 4517">
     <span class='ocr_line' id='line_1_86' title="bbox 2015 4442 3655 4517; baseline 0.013 -23"><span class='ocrx_word' id='word_1_562' title='bbox 2015 4442 2604 4512; x_wconf 77' lang='lat' dir='ltr'>ignibus,exsultante</span> <span class='ocrx_word' id='word_1_563' title='bbox 2635 4448 3225 4517; x_wconf 71' lang='lat' dir='ltr'>populo,smviendum</span> <span class='ocrx_word' id='word_1_564' title='bbox 3260 4464 3402 4512; x_wconf 87' lang='lat' dir='ltr'>erat.</span> <span class='ocrx_word' id='word_1_565' title='bbox 3429 4461 3655 4516; x_wconf 89' lang='lat' dir='ltr'>Ethnici</span> 
     </span>
    </p>
   </div>
   <div class='ocr_carea' id='block_1_86' title="bbox 254 4531 3657 4616">
    <p class='ocr_par' dir='ltr' id='par_1_86' title="bbox 254 4531 3657 4616">
     <span class='ocr_line' id='line_1_87' title="bbox 254 4531 3657 4616; baseline 0.003 -22"><span class='ocrx_word' id='word_1_566' title='bbox 254 4544 448 4597; x_wconf 86' lang='lat' dir='ltr'>mines</span> <span class='ocrx_word' id='word_1_567' title='bbox 484 4541 629 4612; x_wconf 89' lang='lat' dir='ltr'>ipsis</span> <span class='ocrx_word' id='word_1_568' title='bbox 651 4540 867 4612; x_wconf 87' lang='lat' dir='ltr'>potius,</span> <span class='ocrx_word' id='word_1_569' title='bbox 900 4554 1079 4609; x_wconf 85' lang='lat' dir='ltr'>quam</span> <span class='ocrx_word' id='word_1_570' title='bbox 1111 4534 1483 4597; x_wconf 88' lang='lat' dir='ltr'>Christianis,</span> <span class='ocrx_word' id='word_1_571' title='bbox 1517 4534 1625 4589; x_wconf 89' lang='lat' dir='ltr'>sibi</span> <span class='ocrx_word' id='word_1_572' title='bbox 1663 4534 1904 4599; x_wconf 86' lang='lat' dir='ltr'>odiosis,</span> <span class='ocrx_word' id='word_1_573' title='bbox 1936 4536 1982 4593; x_wconf 91' lang='lat' dir='ltr'>D</span> <span class='ocrx_word' id='word_1_574' title='bbox 2017 4531 2197 4601; x_wconf 84' lang='lat' dir='ltr'>igitur</span> <span class='ocrx_word' id='word_1_575' title='bbox 2229 4531 2451 4587; x_wconf 83' lang='lat' dir='ltr'>insulse</span> <span class='ocrx_word' id='word_1_576' title='bbox 2489 4551 2728 4604; x_wconf 86' lang='lat' dir='ltr'>prorsus</span> <span class='ocrx_word' id='word_1_577' title='bbox 2757 4539 3106 4606; x_wconf 79' lang='lat' dir='ltr'>gestiebant,</span> <span class='ocrx_word' id='word_1_578' title='bbox 3160 4562 3225 4597; x_wconf 90' lang='lat' dir='ltr'>ac</span> <span class='ocrx_word' id='word_1_579' title='bbox 3256 4545 3657 4616; x_wconf 86' lang='lat' dir='ltr'>gloriabantur</span> 
     </span>
    </p>
   </div>
   <div class='ocr_carea' id='block_1_87' title="bbox 250 4623 1899 4701">
    <p class='ocr_par' dir='ltr' id='par_1_87' title="bbox 250 4623 1899 4701">
     <span class='ocr_line' id='line_1_88' title="bbox 250 4623 1899 4701; baseline -0.004 -16"><span class='ocrx_word' id='word_1_580' title='bbox 250 4631 426 4685; x_wconf 83' lang='lat' dir='ltr'>fidem</span> <span class='ocrx_word' id='word_1_581' title='bbox 459 4633 821 4701; x_wconf 66' lang='lat' dir='ltr'>prmstarent.</span> <span class='ocrx_word' id='word_1_582' title='bbox 868 4628 959 4683; x_wconf 92' lang='lat' dir='ltr'>Sic</span> <span class='ocrx_word' id='word_1_583' title='bbox 1009 4626 1163 4681; x_wconf 87' lang='lat' dir='ltr'>enim</span> <span class='ocrx_word' id='word_1_584' title='bbox 1217 4624 1433 4678; x_wconf 85' lang='lat' dir='ltr'>ﬁnxere</span> <span class='ocrx_word' id='word_1_585' title='bbox 1481 4623 1712 4692; x_wconf 86' lang='lat' dir='ltr'>aliquod</span> <span class='ocrx_word' id='word_1_586' title='bbox 1747 4625 1899 4694; x_wconf 89' lang='lat' dir='ltr'>apud</span> 
     </span>
    </p>
   </div>
   <div class='ocr_carea' id='block_1_88' title="bbox 252 4712 1904 4787">
    <p class='ocr_par' dir='ltr' id='par_1_88' title="bbox 252 4712 1904 4787">
     <span class='ocr_line' id='line_1_89' title="bbox 252 4712 1904 4787; baseline -0.004 -14"><span class='ocrx_word' id='word_1_587' title='bbox 252 4719 474 4774; x_wconf 84' lang='lat' dir='ltr'>inferos</span> <span class='ocrx_word' id='word_1_588' title='bbox 531 4716 814 4784; x_wconf 87' lang='lat' dir='ltr'>tribunal,</span> <span class='ocrx_word' id='word_1_589' title='bbox 868 4712 1474 4787; x_wconf 85' lang='lat' dir='ltr'>Pyriphlegethontem</span> <span class='ocrx_word' id='word_1_590' title='bbox 1530 4712 1797 4776; x_wconf 86' lang='lat' dir='ltr'>fluvium,</span> <span class='ocrx_word' id='word_1_591' title='bbox 1848 4714 1904 4766; x_wconf 87' lang='lat' dir='ltr'>et</span> 
     </span>
    </p>
   </div>
   <div class='ocr_carea' id='block_1_89' title="bbox 250 4800 1902 4880">
    <p class='ocr_par' dir='ltr' id='par_1_89' title="bbox 250 4800 1902 4880">
     <span class='ocr_line' id='line_1_90' title="bbox 250 4800 1902 4880; baseline -0.005 -19"><span class='ocrx_word' id='word_1_592' title='bbox 250 4807 481 4880; x_wconf 79' lang='lat' dir='ltr'>Elysios</span> <span class='ocrx_word' id='word_1_593' title='bbox 511 4822 792 4877; x_wconf 88' lang='lat' dir='ltr'>campos;</span> <span class='ocrx_word' id='word_1_594' title='bbox 855 4804 992 4875; x_wconf 90' lang='lat' dir='ltr'>quia</span> <span class='ocrx_word' id='word_1_595' title='bbox 1023 4820 1055 4857; x_wconf 91' lang='lat' dir='ltr'>a</span> <span class='ocrx_word' id='word_1_596' title='bbox 1107 4800 1326 4856; x_wconf 83' lang='lat' dir='ltr'>nostris</span> <span class='ocrx_word' id='word_1_597' title='bbox 1385 4805 1728 4870; x_wconf 81' lang='lat' dir='ltr'>acceperant</span> <span class='ocrx_word' id='word_1_598' title='bbox 1769 4801 1902 4853; x_wconf 87' lang='lat' dir='ltr'>ulti-</span> 
     </span>
    </p>
   </div>
   <div class='ocr_carea' id='block_1_90' title="bbox 249 4888 1899 4957">
    <p class='ocr_par' dir='ltr' id='par_1_90' title="bbox 249 4888 1899 4957">
     <span class='ocr_line' id='line_1_91' title="bbox 249 4888 1899 4957; baseline -0.006 -7"><span class='ocrx_word' id='word_1_599' title='bbox 249 4912 418 4950; x_wconf 88' lang='lat' dir='ltr'>mum</span> <span class='ocrx_word' id='word_1_600' title='bbox 452 4896 575 4950; x_wconf 84' lang='lat' dir='ltr'>fore</span> <span class='ocrx_word' id='word_1_601' title='bbox 604 4895 912 4949; x_wconf 90' lang='lat' dir='ltr'>hominum</span> <span class='ocrx_word' id='word_1_602' title='bbox 972 4891 1234 4946; x_wconf 90' lang='lat' dir='ltr'>omnium</span> <span class='ocrx_word' id='word_1_603' title='bbox 1289 4888 1603 4957; x_wconf 84' lang='lat' dir='ltr'>judicium,</span> <span class='ocrx_word' id='word_1_604' title='bbox 1652 4892 1899 4941; x_wconf 74' lang='lat' dir='ltr'>zeternas</span> 
     </span>
    </p>
   </div>
   <div class='ocr_carea' id='block_1_91' title="bbox 246 4976 1895 5056">
    <p class='ocr_par' dir='ltr' id='par_1_91' title="bbox 246 4976 1895 5056">
     <span class='ocr_line' id='line_1_92' title="bbox 246 4976 1895 5056; baseline -0.006 -16"><span class='ocrx_word' id='word_1_605' title='bbox 246 4984 657 5056; x_wconf 87' lang='lat' dir='ltr'>improborum</span> <span class='ocrx_word' id='word_1_606' title='bbox 694 4998 916 5053; x_wconf 83' lang='lat' dir='ltr'>pcenas,</span> <span class='ocrx_word' id='word_1_607' title='bbox 974 4997 1040 5034; x_wconf 86' lang='lat' dir='ltr'>ac</span> <span class='ocrx_word' id='word_1_608' title='bbox 1083 4980 1311 5050; x_wconf 89' lang='lat' dir='ltr'>piorum</span> <span class='ocrx_word' id='word_1_609' title='bbox 1372 4976 1790 5047; x_wconf 79' lang='lat' dir='ltr'>sempiternam</span> <span class='ocrx_word' id='word_1_610' title='bbox 1838 4976 1895 5030; x_wconf 91' lang='lat' dir='ltr'>in</span> 
     </span>
    </p>
   </div>
   <div class='ocr_carea' id='block_1_92' title="bbox 247 5064 1893 5144">
    <p class='ocr_par' dir='ltr' id='par_1_92' title="bbox 247 5064 1893 5144">
     <span class='ocr_line' id='line_1_93' title="bbox 247 5064 1893 5144; baseline -0.006 -15"><span class='ocrx_word' id='word_1_611' title='bbox 247 5074 528 5144; x_wconf 86' lang='lat' dir='ltr'>paradiso</span> <span class='ocrx_word' id='word_1_612' title='bbox 561 5071 915 5127; x_wconf 85' lang='lat' dir='ltr'>felicitatem.</span> <span class='ocrx_word' id='word_1_613' title='bbox 952 5070 1056 5124; x_wconf 92' lang='lat' dir='ltr'>Sed</span> <span class='ocrx_word' id='word_1_614' title='bbox 1092 5068 1225 5139; x_wconf 86' lang='lat' dir='ltr'>quis</span> <span class='ocrx_word' id='word_1_615' title='bbox 1260 5064 1481 5121; x_wconf 81' lang='lat' dir='ltr'>nesciat</span> <span class='ocrx_word' id='word_1_616' title='bbox 1522 5064 1757 5135; x_wconf 90' lang='lat' dir='ltr'>scriptis</span> <span class='ocrx_word' id='word_1_617' title='bbox 1799 5082 1893 5120; x_wconf 87' lang='lat' dir='ltr'>no-</span> 
     </span>
    </p>
   </div>
   <div class='ocr_carea' id='block_1_93' title="bbox 245 5152 1894 5232">
    <p class='ocr_par' dir='ltr' id='par_1_93' title="bbox 245 5152 1894 5232">
     <span class='ocr_line' id='line_1_94' title="bbox 245 5152 1894 5232; baseline -0.005 -14"><span class='ocrx_word' id='word_1_618' title='bbox 245 5164 414 5228; x_wconf 84' lang='lat' dir='ltr'>stris,</span> <span class='ocrx_word' id='word_1_619' title='bbox 451 5168 516 5216; x_wconf 93' lang='lat' dir='ltr'>ut</span> <span class='ocrx_word' id='word_1_620' title='bbox 575 5164 706 5232; x_wconf 90' lang='lat' dir='ltr'>pote</span> <span class='ocrx_word' id='word_1_621' title='bbox 762 5158 1213 5231; x_wconf 89' lang='lat' dir='ltr'>antiquioribus,</span> <span class='ocrx_word' id='word_1_622' title='bbox 1273 5154 1459 5227; x_wconf 90' lang='lat' dir='ltr'>potius</span> <span class='ocrx_word' id='word_1_623' title='bbox 1527 5169 1702 5224; x_wconf 89' lang='lat' dir='ltr'>quam</span> <span class='ocrx_word' id='word_1_624' title='bbox 1764 5152 1894 5209; x_wconf 90' lang='lat' dir='ltr'>aliis</span> 
     </span>
    </p>
   </div>
   <div class='ocr_carea' id='block_1_94' title="bbox 242 5242 1892 5319">
    <p class='ocr_par' dir='ltr' id='par_1_94' title="bbox 242 5242 1892 5319">
     <span class='ocr_line' id='line_1_95' title="bbox 242 5242 1892 5319; baseline -0.004 -14"><span class='ocrx_word' id='word_1_625' title='bbox 242 5249 700 5319; x_wconf 85' lang='lat' dir='ltr'>recentioribus,</span> <span class='ocrx_word' id='word_1_626' title='bbox 734 5249 905 5303; x_wconf 89' lang='lat' dir='ltr'>sicuti</span> <span class='ocrx_word' id='word_1_627' title='bbox 940 5246 1254 5317; x_wconf 81' lang='lat' dir='ltr'>archetypo</span> <span class='ocrx_word' id='word_1_628' title='bbox 1308 5244 1503 5315; x_wconf 86' lang='lat' dir='ltr'>potius</span> <span class='ocrx_word' id='word_1_629' title='bbox 1531 5258 1708 5313; x_wconf 88' lang='lat' dir='ltr'>quam</span> <span class='ocrx_word' id='word_1_630' title='bbox 1748 5242 1892 5298; x_wconf 84' lang='lat' dir='ltr'>ima-</span> 
     </span>
    </p>
   </div>
   <div class='ocr_carea' id='block_1_95' title="bbox 239 5333 1112 5407">
    <p class='ocr_par' dir='ltr' id='par_1_95' title="bbox 239 5333 1112 5407">
     <span class='ocr_line' id='line_1_96' title="bbox 239 5333 1112 5407; baseline -0.005 -16"><span class='ocrx_word' id='word_1_631' title='bbox 239 5339 364 5407; x_wconf 84' lang='lat' dir='ltr'>gini</span> <span class='ocrx_word' id='word_1_632' title='bbox 397 5339 753 5393; x_wconf 87' lang='lat' dir='ltr'>credendum</span> <span class='ocrx_word' id='word_1_633' title='bbox 780 5341 930 5407; x_wconf 90' lang='lat' dir='ltr'>(cap.</span> <span class='ocrx_word' id='word_1_634' title='bbox 979 5333 1112 5406; x_wconf 70' lang='lat'>47)?</span> 
     </span>
    </p>
   </div>
   <div class='ocr_carea' id='block_1_96' title="bbox 318 5436 1893 5515">
    <p class='ocr_par' dir='ltr' id='par_1_96' title="bbox 318 5436 1893 5515">
     <span class='ocr_line' id='line_1_97' title="bbox 318 5436 1893 5515; baseline -0.004 -17"><span class='ocrx_word' id='word_1_635' title='bbox 318 5450 383 5498; x_wconf 85' lang='lat' dir='ltr'>Et</span> <span class='ocrx_word' id='word_1_636' title='bbox 406 5452 561 5500; x_wconf 90' lang='lat' dir='ltr'>certe</span> <span class='ocrx_word' id='word_1_637' title='bbox 594 5444 975 5515; x_wconf 85' lang='lat' dir='ltr'>Pythagorica</span> <span class='ocrx_word' id='word_1_638' title='bbox 1014 5443 1341 5496; x_wconf 85' lang='lat' dir='ltr'>animarum</span> <span class='ocrx_word' id='word_1_639' title='bbox 1378 5436 1893 5508; x_wconf 85' lang='lat' dir='ltr'>transmigratione</span> 
     </span>
    </p>
   </div>
   <div class='ocr_carea' id='block_1_97' title="bbox 240 5531 1887 5605">
    <p class='ocr_par' dir='ltr' id='par_1_97' title="bbox 240 5531 1887 5605">
     <span class='ocr_line' id='line_1_98' title="bbox 240 5531 1887 5605; baseline -0.004 -18"><span class='ocrx_word' id='word_1_640' title='bbox 240 5536 420 5605; x_wconf 85' lang='lat' dir='ltr'>longe</span> <span class='ocrx_word' id='word_1_641' title='bbox 454 5536 644 5588; x_wconf 87' lang='lat' dir='ltr'>verior</span> <span class='ocrx_word' id='word_1_642' title='bbox 673 5538 761 5587; x_wconf 87' lang='lat' dir='ltr'>est</span> <span class='ocrx_word' id='word_1_643' title='bbox 810 5535 1039 5601; x_wconf 86' lang='lat' dir='ltr'>integra</span> <span class='ocrx_word' id='word_1_644' title='bbox 1092 5546 1401 5600; x_wconf 83' lang='lat' dir='ltr'>corporum</span> <span class='ocrx_word' id='word_1_645' title='bbox 1438 5531 1769 5581; x_wconf 76' lang='lat' dir='ltr'>nostrorum</span> <span class='ocrx_word' id='word_1_646' title='bbox 1801 5543 1887 5580; x_wconf 89' lang='lat' dir='ltr'>re-</span> 
     </span>
    </p>
   </div>
   <div class='ocr_carea' id='block_1_98' title="bbox 236 5614 1890 5691">
    <p class='ocr_par' dir='ltr' id='par_1_98' title="bbox 236 5614 1890 5691">
     <span class='ocr_line' id='line_1_99' title="bbox 236 5614 1890 5691; baseline -0.005 -12"><span class='ocrx_word' id='word_1_647' title='bbox 236 5624 494 5680; x_wconf 77' lang='lat' dir='ltr'>stitutio.</span> <span class='ocrx_word' id='word_1_648' title='bbox 531 5622 711 5676; x_wconf 87' lang='lat' dir='ltr'>Nemo</span> <span class='ocrx_word' id='word_1_649' title='bbox 742 5621 956 5691; x_wconf 82' lang='lat' dir='ltr'>quippe</span> <span class='ocrx_word' id='word_1_650' title='bbox 984 5619 1213 5673; x_wconf 82' lang='lat' dir='ltr'>inﬁcias</span> <span class='ocrx_word' id='word_1_651' title='bbox 1245 5630 1507 5686; x_wconf 84' lang='lat' dir='ltr'>unquam</span> <span class='ocrx_word' id='word_1_652' title='bbox 1540 5614 1649 5670; x_wconf 92' lang='lat' dir='ltr'>ibit</span> <span class='ocrx_word' id='word_1_653' title='bbox 1677 5630 1890 5686; x_wconf 88' lang='lat' dir='ltr'>corpus</span> 
     </span>
    </p>
   </div>
   <div class='ocr_carea' id='block_1_99' title="bbox 2015 4620 3657 4708">
    <p class='ocr_par' dir='ltr' id='par_1_99' title="bbox 2015 4620 3657 4708">
     <span class='ocr_line' id='line_1_100' title="bbox 2015 4620 3657 4708; baseline 0.013 -35"><span class='ocrx_word' id='word_1_654' title='bbox 2015 4621 2085 4673; x_wconf 90' lang='lat' dir='ltr'>de</span> <span class='ocrx_word' id='word_1_655' title='bbox 2116 4620 2349 4675; x_wconf 91' lang='lat' dir='ltr'>illorum</span> <span class='ocrx_word' id='word_1_656' title='bbox 2383 4623 2819 4694; x_wconf 88' lang='lat' dir='ltr'>suppliciis,qui</span> <span class='ocrx_word' id='word_1_657' title='bbox 2852 4629 3119 4685; x_wconf 89' lang='lat' dir='ltr'>damnari</span> <span class='ocrx_word' id='word_1_658' title='bbox 3154 4636 3368 4705; x_wconf 72' lang='lat' dir='ltr'>potius,</span> <span class='ocrx_word' id='word_1_659' title='bbox 3404 4654 3579 4708; x_wconf 85' lang='lat' dir='ltr'>quam</span> <span class='ocrx_word' id='word_1_660' title='bbox 3624 4657 3657 4695; x_wconf 88' lang='lat' dir='ltr'>a</span> 
     </span>
    </p>
   </div>
   <div class='ocr_carea' id='block_1_100' title="bbox 2013 4710 3653 4797">
    <p class='ocr_par' dir='ltr' id='par_1_100' title="bbox 2013 4710 3653 4797">
     <span class='ocr_line' id='line_1_101' title="bbox 2013 4710 3653 4797; baseline 0.015 -35"><span class='ocrx_word' id='word_1_661' title='bbox 2013 4710 2126 4763; x_wconf 89' lang='lat' dir='ltr'>Deo</span> <span class='ocrx_word' id='word_1_662' title='bbox 2145 4712 2407 4765; x_wconf 81' lang='lat' dir='ltr'>excidere</span> <span class='ocrx_word' id='word_1_663' title='bbox 2438 4721 2724 4783; x_wconf 85' lang='lat' dir='ltr'>optantes,</span> <span class='ocrx_word' id='word_1_664' title='bbox 2757 4718 3145 4777; x_wconf 82' lang='lat' dir='ltr'>immortalem</span> <span class='ocrx_word' id='word_1_665' title='bbox 3168 4727 3418 4797; x_wconf 84' lang='lat' dir='ltr'>agebant</span> <span class='ocrx_word' id='word_1_666' title='bbox 3446 4729 3653 4785; x_wconf 89' lang='lat' dir='ltr'>trium-</span> 
     </span>
    </p>
   </div>
   <div class='ocr_carea' id='block_1_101' title="bbox 2011 4798 2635 4873">
    <p class='ocr_par' dir='ltr' id='par_1_101' title="bbox 2011 4798 2635 4873">
     <span class='ocr_line' id='line_1_102' title="bbox 2011 4798 2635 4873; baseline 0.01 -23"><span class='ocrx_word' id='word_1_667' title='bbox 2011 4798 2191 4867; x_wconf 90' lang='lat' dir='ltr'>phum</span> <span class='ocrx_word' id='word_1_668' title='bbox 2219 4802 2365 4869; x_wconf 76' lang='lat' dir='ltr'>(cap.</span> <span class='ocrx_word' id='word_1_669' title='bbox 2401 4802 2488 4869; x_wconf 84' lang='grc'>48,</span> <span class='ocrx_word' id='word_1_670' title='bbox 2525 4803 2635 4873; x_wconf 85' lang='grc'>49).</span> 
     </span>
    </p>
   </div>
   <div class='ocr_carea' id='block_1_102' title="bbox 2077 4907 3654 4986">
    <p class='ocr_par' dir='ltr' id='par_1_102' title="bbox 2077 4907 3654 4986">
     <span class='ocr_line' id='line_1_103' title="bbox 2077 4907 3654 4986; baseline 0.016 -28"><span class='ocrx_word' id='word_1_671' title='bbox 2077 4907 2184 4959; x_wconf 90' lang='lat' dir='ltr'>Sed</span> <span class='ocrx_word' id='word_1_672' title='bbox 2246 4924 2451 4962; x_wconf 90' lang='lat' dir='ltr'>rursus</span> <span class='ocrx_word' id='word_1_673' title='bbox 2513 4909 2761 4980; x_wconf 68' lang='lat' dir='ltr'>gentiles</span> <span class='ocrx_word' id='word_1_674' title='bbox 2810 4913 3121 4986; x_wconf 89' lang='lat' dir='ltr'>acriusque</span> <span class='ocrx_word' id='word_1_675' title='bbox 3180 4921 3654 4983; x_wconf 79' lang='lat' dir='ltr'>vociferabantur</span> 
     </span>
    </p>
   </div>
   <div class='ocr_carea' id='block_1_103' title="bbox 2008 4994 3653 5081">
    <p class='ocr_par' dir='ltr' id='par_1_103' title="bbox 2008 4994 3653 5081">
     <span class='ocr_line' id='line_1_104' title="bbox 2008 4994 3653 5081; baseline 0.014 -32"><span class='ocrx_word' id='word_1_676' title='bbox 2008 4994 2231 5050; x_wconf 90' lang='lat' dir='ltr'>nullam</span> <span class='ocrx_word' id='word_1_677' title='bbox 2263 4996 2612 5053; x_wconf 89' lang='lat' dir='ltr'>Christianis</span> <span class='ocrx_word' id='word_1_678' title='bbox 2660 5016 2787 5055; x_wconf 89' lang='lat' dir='ltr'>esse</span> <span class='ocrx_word' id='word_1_679' title='bbox 2845 5006 3124 5073; x_wconf 88' lang='lat' dir='ltr'>querendi</span> <span class='ocrx_word' id='word_1_680' title='bbox 3170 5024 3428 5081; x_wconf 78' lang='lat' dir='ltr'>causam,</span> <span class='ocrx_word' id='word_1_681' title='bbox 3463 5015 3510 5070; x_wconf 92' lang='lat' dir='ltr'>si</span> <span class='ocrx_word' id='word_1_682' title='bbox 3545 5033 3653 5071; x_wconf 82' lang='lat' dir='ltr'>sua</span> 
     </span>
    </p>
   </div>
   <div class='ocr_carea' id='block_1_104' title="bbox 2008 5086 3654 5175">
    <p class='ocr_par' dir='ltr' id='par_1_104' title="bbox 2008 5086 3654 5175">
     <span class='ocr_line' id='line_1_105' title="bbox 2008 5086 3654 5175; baseline 0.016 -41"><span class='ocrx_word' id='word_1_683' title='bbox 2008 5090 2213 5175; x_wconf 75' lang='lat' dir='ltr'>sponte</span> <span class='ocrx_word' id='word_1_684' title='bbox 2236 5086 2654 5175; x_wconf 36' lang='lat' dir='ltr'>patianturrdt</span> <span class='ocrx_word' id='word_1_685' title='bbox 2710 5089 2802 5145; x_wconf 89' lang='lat' dir='ltr'>his</span> <span class='ocrx_word' id='word_1_686' title='bbox 2845 5094 3059 5148; x_wconf 69' lang='lat' dir='ltr'>Auctor</span> <span class='ocrx_word' id='word_1_687' title='bbox 3088 5102 3288 5153; x_wconf 84' lang='lat' dir='ltr'>noster</span> <span class='ocrx_word' id='word_1_688' title='bbox 3337 5105 3654 5173; x_wconf 82' lang='lat' dir='ltr'>respondet</span> 
     </span>
    </p>
   </div>
   <div class='ocr_carea' id='block_1_105' title="bbox 2006 5171 3651 5262">
    <p class='ocr_par' dir='ltr' id='par_1_105' title="bbox 2006 5171 3651 5262">
     <span class='ocr_line' id='line_1_106' title="bbox 2006 5171 3651 5262; baseline 0.019 -43"><span class='ocrx_word' id='word_1_689' title='bbox 2006 5171 2137 5227; x_wconf 86' lang='lat' dir='ltr'>illos</span> <span class='ocrx_word' id='word_1_690' title='bbox 2170 5174 2477 5262; x_wconf 12' lang='lat' dir='ltr'>moreipati</span> <span class='ocrx_word' id='word_1_691' title='bbox 2503 5174 2776 5244; x_wconf 91' lang='lat' dir='ltr'>militum,</span> <span class='ocrx_word' id='word_1_692' title='bbox 2812 5180 2933 5250; x_wconf 88' lang='lat' dir='ltr'>qui,</span> <span class='ocrx_word' id='word_1_693' title='bbox 2966 5180 3099 5238; x_wconf 85' lang='lat' dir='ltr'>licet</span> <span class='ocrx_word' id='word_1_694' title='bbox 3154 5186 3290 5242; x_wconf 89' lang='lat' dir='ltr'>belli</span> <span class='ocrx_word' id='word_1_695' title='bbox 3340 5171 3651 5262; x_wconf 80' lang='lat' dir='ltr'>deprecen-</span> 
     </span>
    </p>
   </div>
   <div class='ocr_carea' id='block_1_106' title="bbox 2002 5261 3650 5350">
    <p class='ocr_par' dir='ltr' id='par_1_106' title="bbox 2002 5261 3650 5350">
     <span class='ocr_line' id='line_1_107' title="bbox 2002 5261 3650 5350; baseline 0.015 -36"><span class='ocrx_word' id='word_1_696' title='bbox 2002 5264 2100 5315; x_wconf 88' lang='lat' dir='ltr'>tur</span> <span class='ocrx_word' id='word_1_697' title='bbox 2129 5261 2407 5331; x_wconf 89' lang='lat' dir='ltr'>pericula,</span> <span class='ocrx_word' id='word_1_698' title='bbox 2437 5264 2573 5319; x_wconf 86' lang='lat' dir='ltr'>totis</span> <span class='ocrx_word' id='word_1_699' title='bbox 2604 5271 2796 5320; x_wconf 88' lang='lat' dir='ltr'>tamen</span> <span class='ocrx_word' id='word_1_700' title='bbox 2832 5270 3133 5329; x_wconf 87' lang='lat' dir='ltr'>decertant</span> <span class='ocrx_word' id='word_1_701' title='bbox 3177 5261 3429 5350; x_wconf 76' lang='lat' dir='ltr'>viribus,</span> <span class='ocrx_word' id='word_1_702' title='bbox 3452 5299 3518 5337; x_wconf 84' lang='lat' dir='ltr'>ac</span> <span class='ocrx_word' id='word_1_703' title='bbox 3549 5284 3650 5338; x_wconf 86' lang='lat' dir='ltr'>de-</span> 
     </span>
    </p>
   </div>
   <div class='ocr_carea' id='block_1_107' title="bbox 2006 5352 3647 5441">
    <p class='ocr_par' dir='ltr' id='par_1_107' title="bbox 2006 5352 3647 5441">
     <span class='ocr_line' id='line_1_108' title="bbox 2006 5352 3647 5441; baseline 0.015 -40"><span class='ocrx_word' id='word_1_704' title='bbox 2219 5352 2558 5421; x_wconf 79' lang='lat' dir='ltr'>gaudeutes,</span> <span class='ocrx_word' id='word_1_705' title='bbox 2618 5357 2897 5424; x_wconf 63' lang='lat' dir='ltr'>prmdam,</span> <span class='ocrx_word' id='word_1_706' title='bbox 2954 5362 3254 5421; x_wconf 90' lang='lat' dir='ltr'>victoriam</span> <span class='ocrx_word' id='word_1_707' title='bbox 3313 5374 3371 5423; x_wconf 82' lang='lat' dir='ltr'>et</span> <span class='ocrx_word' id='word_1_708' title='bbox 3399 5370 3647 5441; x_wconf 84' lang='lat' dir='ltr'>gloriam</span> 
     </span>
    </p>
   </div>
   <div class='ocr_carea' id='block_1_108' title="bbox 2006 5438 3649 5528">
    <p class='ocr_par' dir='ltr' id='par_1_108' title="bbox 2006 5438 3649 5528">
     <span class='ocr_line' id='line_1_109' title="bbox 2006 5438 3649 5528; baseline 0.013 -38"><span class='ocrx_word' id='word_1_709' title='bbox 2006 5438 2431 5528; x_wconf 84' lang='lat' dir='ltr'>adipiscuntur.</span> <span class='ocrx_word' id='word_1_710' title='bbox 2492 5440 2954 5501; x_wconf 82' lang='lat' dir='ltr'>Christianorum</span> <span class='ocrx_word' id='word_1_711' title='bbox 3018 5452 3231 5524; x_wconf 90' lang='lat' dir='ltr'>quippe</span> <span class='ocrx_word' id='word_1_712' title='bbox 3262 5438 3499 5511; x_wconf 62' lang='lat' dir='ltr'>victoria</span> <span class='ocrx_word' id='word_1_713' title='bbox 3530 5457 3649 5528; x_wconf 84' lang='lat' dir='ltr'>glo-</span> 
     </span>
    </p>
   </div>
   <div class='ocr_carea' id='block_1_109' title="bbox 2005 5526 3643 5613">
    <p class='ocr_par' dir='ltr' id='par_1_109' title="bbox 2005 5526 3643 5613">
     <span class='ocr_line' id='line_1_110' title="bbox 2005 5526 3643 5613; baseline 0.012 -33"><span class='ocrx_word' id='word_1_714' title='bbox 2005 5528 2149 5582; x_wconf 85' lang='lat' dir='ltr'>riam</span> <span class='ocrx_word' id='word_1_715' title='bbox 2176 5526 2348 5582; x_wconf 84' lang='lat' dir='ltr'>habet</span> <span class='ocrx_word' id='word_1_716' title='bbox 2374 5528 2637 5599; x_wconf 84' lang='lat' dir='ltr'>placendi</span> <span class='ocrx_word' id='word_1_717' title='bbox 2672 5539 2804 5603; x_wconf 85' lang='lat' dir='ltr'>Deo,</span> <span class='ocrx_word' id='word_1_718' title='bbox 2838 5543 2894 5590; x_wconf 89' lang='lat' dir='ltr'>et</span> <span class='ocrx_word' id='word_1_719' title='bbox 2924 5538 3048 5593; x_wconf 59' lang='lat' dir='ltr'>vitae</span> <span class='ocrx_word' id='word_1_720' title='bbox 3098 5547 3320 5597; x_wconf 65' lang='lat' dir='ltr'>aeterna:</span> <span class='ocrx_word' id='word_1_721' title='bbox 3372 5526 3643 5613; x_wconf 63' lang='lat' dir='ltr'>praedam.</span> 
     </span>
    </p>
   </div>
   <div class='ocr_carea' id='block_1_110' title="bbox 2002 5614 3643 5700">
    <p class='ocr_par' dir='ltr' id='par_1_110' title="bbox 2002 5614 3643 5700">
     <span class='ocr_line' id='line_1_111' title="bbox 2002 5614 3643 5700; baseline 0.01 -31"><span class='ocrx_word' id='word_1_722' title='bbox 2002 5615 2065 5669; x_wconf 88' lang='lat' dir='ltr'>In</span> <span class='ocrx_word' id='word_1_723' title='bbox 2115 5614 2362 5684; x_wconf 80' lang='lat' dir='ltr'>glorioso</span> <span class='ocrx_word' id='word_1_724' title='bbox 2422 5623 2617 5675; x_wconf 84' lang='lat' dir='ltr'>autem</span> <span class='ocrx_word' id='word_1_725' title='bbox 2669 5618 2777 5677; x_wconf 90' lang='lat' dir='ltr'>hoc</span> <span class='ocrx_word' id='word_1_726' title='bbox 2838 5625 3155 5681; x_wconf 86' lang='lat' dir='ltr'>certamine</span> <span class='ocrx_word' id='word_1_727' title='bbox 3209 5629 3361 5699; x_wconf 86' lang='lat' dir='ltr'>ipsa,</span> <span class='ocrx_word' id='word_1_728' title='bbox 3425 5632 3643 5700; x_wconf 88' lang='lat' dir='ltr'>quibus</span> 
     </span>
    </p>
   </div>
  </div>
