4106 6178
466 301 587 362 803

982 297 1512 363 TERTULLIANI
1555 297 1881 361 OPERUM
1929 297 2128 358 PARS
2170 298 2218 359 1.
2251 329 2331 343 --
2364 297 2636 362 SERIES
2680 301 2728 378 Ι,
2774 301 3341 364 APOLOGETIGA.

3743 303 3865 365 804

463 432 1217 500 cruciantur,instrumeuta
1244 429 1367 486 illis
1398 435 1537 487 sunt
1558 429 1796 486 habitus
1829 428 2105 499 victoriae,
2134 435 2188 502 Α
2217 430 2369 485 inter
2394 433 2607 488 nostros
2633 435 2930 503 scriptores
2954 434 3251 489 admodum
3277 435 3481 500 clarus,
3503 437 3562 490 in
3594 435 3861 503 Apologe-

464 523 641 578 vestis
676 521 1014 593 palmala,et
1044 538 1251 577 currus
1282 519 1727 591 triumphantis.
1749 520 1865 574 Nec
1895 519 2106 589 despe-

462 612 569 666 rati
603 628 762 683 ergo,
796 628 901 666 nec
932 610 1133 681 perciti
1193 610 1306 664 dici
1374 614 1642 681 poterant
1702 609 1774 664 ab
1831 607 2102 678 ethnicis,

461 702 773 773 quiMutii,
807 699 1193 771 Empedoclis.
1258 699 1514 763 Didonis,
1575 697 1800 769 Reguli,
1855 700 2108 751 Anaxar-

459 791 571 855 chi,
605 791 803 844 Attice
839 788 1183 852 meretricis,
1216 788 1459 843 Zenonis
1496 786 1725 854 Eleatis,
1786 786 2101 853 Laconum,

459 879 822 949 aliorumque
852 878 911 931 in
947 876 1253 931 tormentis
1283 885 1341 930 et
1382 875 1793 929 crudelissima
1826 890 1965 929 nece
1998 873 2106 928 for-

457 967 769 1022 titudinem
802 972 859 1021 et
900 965 1309 1030 constantiam,
1370 980 1485 1018 non
1537 963 1828 1025 maximis,
1869 967 2100 1017 tantum

455 1057 786 1113 extulerunt
815 1056 1114 1120 laudibus,
1148 1056 1248 1110 sed
1298 1071 1398 1109 eos
1426 1054 1601 1109 etiam
1635 1053 1865 1135 statuis,
1900 1050 2105 1122 imagi—

458 1146 653 1215 nibus,
686 1144 873 1201 titulis
906 1145 973 1199 ad
1021 1145 1337 1215 quamdam
1370 1160 1439 1198 ex
1480 1148 1665 1198 morte
1698 1143 1768 1197 ad
1800 1142 1976 1196 vitam
2011 1157 2091 1194 re-

453 1235 843 1299 vocationcm,
891 1238 943 1288 et
1022 1232 1217 1303 gloria:
1268 1232 1651 1287 aeternitatem
1728 1231 2097 1284 decorarunt.

453 1322 636 1378 Tanto
668 1323 850 1393 igitur
878 1322 1043 1377 abest
1076 1325 1141 1375 ut
1170 1320 1554 1387 Christianus,
1589 1318 1688 1390 qui
1746 1335 1779 1373 a
1826 1318 1965 1383 Deo,
1996 1332 2099 1386 pro

456 1429 570 1485 quo
602 1412 841 1483 patitur,
874 1426 1069 1465 veram
1100 1408 1480 1464 aeternitatem
1507 1411 1822 1479 exspectat,
1851 1405 2098 1459 insanus

453 1501 551 1567 sit,
583 1498 722 1570 quin
756 1498 950 1570 potius
982 1498 1115 1551 inde
1144 1496 1536 1551 innocentiam
1571 1511 1761 1561 suam,
1824 1499 1879 1548 et
1906 1491 2096 1547 ethni-

450 1604 650 1644 corum
674 1587 939 1658 iniquam
973 1586 1175 1657 probet
1204 1585 1629 1639 crudelitatem.
1666 1588 1868 1638 Nonne
1916 1581 2093 1635 etiam

451 1678 508 1732 hi
540 1677 652 1749 ipsi
684 1675 1071 1729 Christianam
1121 1673 1429 1729 mulierem
1482 1673 1552 1728 ad
1598 1672 1863 1727 lenonem
1900 1670 2095 1739 potius

449 1783 621 1837 quam
654 1766 877 1820 leonem
910 1764 1267 1827 damnando,
1312 1762 1503 1832 palam
1558 1761 1985 1816 conﬁtebantur
2016 1757 2093 1811 la-

450 1856 581 1911 bem
646 1853 935 1926 pudicitiae
1003 1852 1162 1907 omni
1251 1856 1674 1906 tormentorum
1759 1863 1986 1921 genere,
2037 1854 2090 1900 el

450 1949 634 2000 morte
660 1944 789 2015 ipsa
820 1941 1158 1996 atrociorem
1191 1942 1262 1995 ab
1302 1940 1401 1994 illa
1450 1946 1509 1995 et
1555 1940 1685 1993 aliis
1740 1936 2089 1992 Christianis

446 2032 705 2104 reputari
736 2031 975 2101 PNeque
1004 2030 1160 2093 inde,
1195 2046 1265 2083 ne
1284 2028 1470 2083 hilum
1507 2025 2087 2099 quidem,gentilibus

446 2137 555 2176 sua
590 2119 926 2192 proﬁciebat
984 2118 1251 2183 saevitia;
1309 2116 1787 2188 quandoquidem
1844 2113 2087 2184 sanguis

448 2215 771 2280 martyrum
803 2223 1001 2261 semen
1034 2211 1159 2261 erat
1185 2206 1677 2273 Christianorum,
1701 2220 1818 2275 quo
1867 2204 2083 2257 mirum

443 2299 503 2352 in
550 2297 791 2352 modum
849 2297 1145 2351 crescebat
1202 2311 1433 2365 semper
1489 2294 1721 2349 illorum
1781 2307 2081 2346 numerus.

440 2390 557 2441 Sua
577 2385 869 2457 siquidem
893 2388 1076 2439 morte
1098 2384 1266 2454 longe
1278 2384 1473 2455 plures
1492 2382 1807 2437 effecerunt
1827 2380 2081 2449 discipu-

440 2475 742 2546 los,quam
772 2473 1239 2540 Cicero,Seneca,
1274 2472 1577 2542 Diogenes,
1614 2471 1764 2526 724
1796 2469 2079 2539 Pyrrhon,

440 2568 495 2619 et
524 2562 856 2625 Callinicus,
889 2561 989 2632 qui
1049 2578 1186 2615 suos
1245 2562 1314 2614 ad
1362 2560 1584 2614 doloris
1615 2558 1991 2613 tolerantiam
2023 2560 2082 2611 et

442 2654 689 2705 mortem
718 2648 1001 2704 cohortati
1033 2654 1190 2703 sunt.
1222 2647 1480 2703 Gentiles
1511 2662 1765 2717 namque
1825 2646 2079 2715 primum

439 2740 676 2810 quidem
708 2737 980 2793 invictam
999 2736 1269 2792 admirati
1291 2742 1430 2791 sunt
1448 2736 1912 2790 Christianorum
1941 2750 2079 2788 con-

436 2828 735 2883 stantiam.
765 2827 913 2881 Tum
948 2825 1159 2880 dehinc
1189 2829 1548 2897 agnoverunt
1573 2829 1745 2878 tanta;
1799 2828 2075 2878 constan—

434 2918 529 2972 tiae
561 2932 798 2971 causam
853 2918 910 2969 et
959 2913 1304 2969 Christiana
1372 2913 1673 2984 religionis
1747 2914 2073 2968 veritatem.

432 3007 572 3061 Eam
606 3020 774 3076 porro
807 3004 1067 3073 agnitum
1100 3002 1219 3057 ulla
1273 3002 1493 3071 absque
1529 3017 1691 3056 mora
1739 3001 2073 3070 amplexati,

432 3095 581 3149 miro
611 3091 833 3148 incensi
860 3094 999 3146 sunt
1030 3095 1233 3145 ardore
1263 3090 1547 3161 martyrii,
1583 3106 1699 3160 qua
1730 3104 1846 3143 non
1878 3088 2071 3144 solum

2217 522 2321 574 tico
2344 536 2463 588 suo,
2495 537 2657 592 quem
2685 525 2953 579 adversus
2980 530 3171 592 gentes
3202 540 3301 595 pro
3330 530 3515 580 nostra
3546 526 3653 595 fide
3668 526 3859 581 scribit

2213 609 2370 677 (Ruf.
2393 610 2495 665 lib.
2528 627 2591 677 ιι,
2625 628 2753 683 cap.
2785 614 2860 684 2).
2894 617 3008 668 Nec
3040 613 3190 669 male
3251 615 3529 684 proiecto,
3578 616 3626 668 si
3661 614 3864 686 aliqua

2214 713 2330 751 non
2363 699 2661 755 omisisset
2687 700 2866 755 latine
2894 702 2979 758 sic
3032 703 3307 757 vertenda
3342 719 3354 758 :
3388 704 3581 758 Postea
3610 707 3864 759 Graecum

2212 789 2274 842 in
2299 805 2605 845 sermonem
2635 792 2919 846 translato.
2944 792 3299 847 Persuasum
3324 792 3523 863 itaque
3544 794 3859 861 Eusebius,

2213 878 2417 948 etipse
2438 877 2611 933 etiam
2646 879 2900 935 Ruﬁnus
2957 880 3292 936 habuerunt
3339 880 3497 936 hunc
3555 881 3773 936 librum
3826 900 3863 937 a

2211 964 2566 1020 Tertulliano
2598 968 2995 1039 conscriptum
3029 969 3232 1023 fuisse.
3281 968 3452 1025 Plura
3481 969 3673 1024 adhuc
3699 969 3859 1025 idem

2212 1054 2519 1124 Eusebius,
2554 1062 2875 1111 memorato
2932 1056 3275 1112 Tertulliani
3332 1058 3588 1127 nomine,
3649 1075 3716 1113 ex
3747 1058 3859 1115 hoc

2210 1141 2414 1194 eodem
2446 1140 2594 1195 libro
2624 1144 2997 1214 transcripsit
3033 1145 3277 1212 (Euseb.
3326 1144 3431 1200 lib.
3484 1163 3571 1213 ιιι,
3603 1163 3727 1217 cap.
3760 1149 3856 1214 23,

2210 1245 2267 1300 p.
2298 1230 2411 1296 91),
2444 1235 2500 1284 et
2537 1230 2751 1285 alicubi
2793 1232 3024 1286 addidit
3057 1251 3069 1287 :
3105 1229 3333 1301 Είληται
3379 1230 3424 1286 δ’
3466 1234 3601 1305 ἡμῖν
3653 1235 3688 1301 ἡ
3713 1232 3863 1288 ἴστο-

2209 1335 2299 1389 ρια
2346 1314 2396 1388 ἐξ
2447 1319 2512 1384 ἧς
2560 1316 2812 1389 ὼωτὲρω
2867 1316 3256 1393 δεδηλώκαμεν
3297 1325 3392 1375 τοῦ
3449 1320 3856 1396 Τερτυλλιανοῦ

2206 1405 2519 1475 Ῥωμαικῆς
2572 1406 2924 1481 Ἀπολογίας,
2974 1410 3038 1476 ἧς
3086 1410 3120 1477 ἡ
3173 1408 3434 1482 ἑρμηνεία
3488 1414 3678 1465 τοῦτον
3733 1408 3857 1485 ἔχει

2204 1492 2427 1567 τρόπον.
2492 1498 2657 1551 Porro
2730 1514 2800 1552 ea;
2854 1497 3190 1553 Tertulliani
3234 1502 3593 1571 Apologetico,
3651 1502 3854 1558 Latine

2203 1585 2528 1655 conscripto,
2560 1586 2718 1652 cuius
2745 1602 2915 1657 supra
2962 1590 3295 1642 mentionem
3349 1590 3602 1659 fecimus,
3660 1590 3783 1646 haec
3813 1608 3854 1646 a

2201 1672 2357 1727 nobis
2385 1673 2672 1743 desumpta
2703 1683 2781 1729 est
2826 1677 3089 1730 narratio
3120 1676 3292 1745 (ibid.
3340 1693 3467 1748 cap.
3500 1677 3662 1749 35,p.
3700 1680 3847 1751 105).

2202 1758 2296 1813 Sic
2323 1761 2477 1814 enim
2506 1760 2774 1817 Valesius
2820 1766 3017 1817 Graeca
3072 1764 3416 1819 Tertulliani
3446 1766 3620 1820 verba
3642 1766 3850 1822 Latina

2198 1846 2353 1902 fecit.
2390 1849 2513 1904 Alio
2538 1850 2789 1920 denique
2821 1852 3013 1905 adhuc
3044 1851 3102 1906 in
3135 1851 3302 1922 libro,
3350 1854 3543 1909 citatis
3574 1854 3853 1911 similiter

2197 1936 2535 1992 Tertulliani
2571 1938 2755 1993 nostri
2788 1938 3123 2006 verbis,heec
3156 1941 3437 2012 prazmisit
3465 1942 3849 2013 (ldem,lib.v,

2196 2040 2320 2091 cap.
2351 2025 2407 2093 5,
2440 2042 2572 2097 pag.
2610 2026 2730 2097 169)
2764 2044 2776 2082 :
2813 2027 3030 2099 Μάρτυς
3062 2023 3118 2081 δὲ
3145 2027 3352 2081 τούτων
3381 2029 3577 2103 γένοιτ’
3607 2026 3666 2083 ἂν
3695 2030 3846 2100 ἀξιό-

2196 2130 2372 2185 χρεως
2403 2113 2430 2166 ὁ
2462 2110 2856 2187 Τερτυλλιανὸς
2903 2116 2973 2186 τῇ
3001 2115 3282 2189 Ῥωμαϊκῇ
3334 2117 3627 2191 συγκλήτῳ
3672 2138 3843 2193 προσ-

2193 2202 2407 2270 ωνήσας
2490 2201 2621 2275 ὑπὲρ
2692 2208 2793 2270 τῆς
2878 2201 3112 2264 πίστεως
3197 2203 3537 2279 ἀπολογίας,
3609 2209 3675 2274 ἧς
3748 2207 3843 2261 καὶ

2190 2288 2417 2363 πρόσθεν
2467 2289 2969 2363 ἐμνημονεύσαμεν,
3013 2294 3111 2362 τήν
3172 2314 3230 2347 τε
3283 2294 3524 2369 ἱστορίαν
3603 2290 3843 2370 βεϐαιῶν

2190 2378 2283 2431 οὺν
2358 2375 2626 2448 ἀποδείξει
2711 2380 2938 2451 μείζονι,
2997 2380 3086 2434 καὶ
3174 2381 3543 2458 ὲναργεστέρᾳ.
3634 2385 3734 2441 Sed
3787 2392 3843 2443 et

2192 2469 2580 2532 Tertullianus,
2639 2470 2722 2525 ita
2776 2470 3091 2542 interprete
3139 2471 3394 2537 Valesio,
3449 2473 3698 2545 ejusdem
3751 2478 3843 2531 rei

2189 2556 2421 2612 idoneus
2476 2560 2630 2613 testis
2684 2563 2763 2614 est
2814 2562 2873 2613 in
2922 2558 3297 2630 Apologetico,
3346 2578 3507 2632 quem
3554 2579 3656 2632 pro
3703 2565 3841 2633 ﬁdei

2187 2654 2391 2702 nostra?
2417 2646 2736 2717 defensione
2765 2649 2843 2703 ad
2891 2653 3143 2704 senatum
3202 2651 3355 2705 urbis
3409 2651 3591 2705 Rome
3638 2653 3837 2707 Latino

2184 2749 2433 2789 sermone
2469 2737 2814 2807 conscripsit,
2873 2739 3028 2806 cuius
3078 2737 3249 2793 etiam
3298 2754 3467 2809 supra
3496 2742 3836 2797 mulionem

2182 2823 2433 2891 fecimus,
2465 2824 2562 2879 ubi
2591 2825 2735 2880 hanc
2761 2826 3048 2881 historiam
3102 2826 3368 2883 validiore
3394 2832 3555 2899 atque
3604 2829 3831 2885 eviden-

2185 2913 2323 2967 tiore
2347 2918 2669 2980 argumento
2689 2916 3000 2984 conﬁrmat.

2258 3016 2405 3071 725
2432 3017 2515 3071 Ad
2547 3016 2667 3072 haec
2686 3018 3232 3090 vero,Hieronymus
3247 3019 3306 3074 in
3326 3036 3433 3076 sua
3455 3021 3527 3076 ad
3547 3024 3829 3093 Magnum

2182 3103 2429 3173 epistola
2462 3105 2814 3176 (Hieronym.
2848 3109 3020 3178 epist.
3076 3108 3165 3177 83,
3199 3108 3269 3163 ad
3297 3108 3434 3177 ﬂag.
3487 3125 3617 3180 pag.
3648 3111 3781 3179 656)
3812 3130 3827 3167 :

430 3182 809 3237 remittuntur
867 3178 1066 3235 omnia
1124 3184 1379 3249 peccata,
1427 3178 1526 3232 sed
1585 3184 1707 3233 tota
1761 3176 1934 3232 etiam
1966 3177 2066 3232 Dei

2186 3168 2380 3257 {Quid
2411 3168 3008 3266 Tertulliano,inquit,
3031 3168 3339 3263 eruditius,
3362 3168 3504 3268 quid
3531 3168 3775 3255 acutius.
3799 3201 3831 3256 τ

429 3270 617 3341 gratia
648 3269 976 3323 redimitur.
1012 3265 1241 3320 Gratias
1274 3266 1450 3336 igitur
1505 3266 1753 3333 agebant
1806 3263 2070 3319 ethnico-

427 3374 558 3412 rum
592 3356 921 3420 sententiis,
955 3354 1171 3424 quibus
1202 3355 1488 3422 damnati,
1550 3371 1584 3408 a
1657 3354 1773 3408 Deo
1806 3352 2066 3409 absolve-

429 3449 812 3515 bantur(cap.
844 3445 933 3513 50)
949 3483 961 3499 .

1046 3590 1361 3630 ARTICULUS
1392 3591 1452 3628 Π.

425 3683 736 3740 Ostenditur
766 3682 1165 3738 Tertullianum
1184 3697 1298 3737 esse
1353 3680 1519 3753 hujus
1569 3680 1702 3736 libri
1757 3688 2059 3751 auctorem,

490 3772 552 3811 ac
582 3757 703 3827 quis
731 3755 829 3809 ille
856 3756 1046 3827 fuerit,
1107 3767 1231 3827 quae
1262 3755 1391 3827 ejus
1442 3755 1656 3823 patria,
1708 3755 1804 3822 qui
1850 3770 2059 3827 parcn-

488 3824 603 3969 iﬂesi'
622 3824 861 3898 quorum
887 3826 1053 3899 falsis
1109 3824 1471 3892 religionibus
1526 3827 1766 3896 primum
1817 3826 2060 3881 imbutus

518 3916 577 3953 ui
611 3938 623 3951 .

518 3916 601 3953 τιτι
611 3938 623 3951 .

484 4014 725 4069 Constat
772 4028 931 4081 sane,
988 4026 1054 4065 ac
1103 4010 1434 4065 communis
1487 4010 1770 4074 omnium,
1823 4011 2056 4067 nemine

414 4102 699 4157 hactenus
731 4101 1079 4171 refragante,
1114 4098 1403 4153 sententia
1463 4099 1571 4152 fuit
1626 4099 2053 4156 Tertullianum

412 4191 593 4263 hujus
631 4187 1142 4262 Apologeticilibri
1173 4204 1376 4242 verum
1434 4188 1872 4259 genuinumque
1925 4206 2053 4245 esse

406 4284 725 4335 auctorem.
760 4277 974 4350 Siquis
1004 4281 1198 4331 tamen
1260 4278 1416 4329 certa
1466 4274 1711 4345 hujusce
1760 4277 2053 4349 Opinionis

408 4372 755 4439 argumenta
785 4366 896 4422 sibi
930 4365 1171 4436 proferri
1226 4364 1539 4431 desiderat,
1592 4365 1823 4421 abunde
1853 4367 1901 4419 ei
1953 4384 2049 4421 sa-

404 4457 674 4511 tisfacere
704 4457 859 4511 haud
891 4454 1129 4509 difﬁcile
1161 4457 1268 4508 est.
1302 4453 1447 4507 Nam
1482 4458 1688 4524 praeter
1717 4455 2049 4527 complures

2178 3280 2588 3352 Apologeticus
2618 3286 2829 3354 ejus,et
2857 3285 3069 3341 Contra
3105 3290 3311 3357 gentes
3340 3286 3826 3351 libelli,cunctam

2178 3370 2371 3424 saeculi
2406 3372 2668 3427 obtinent
2696 3372 3087 3444 disciplinam.
3115 3396 3141 3423 »
3177 3374 3346 3430 Plura
3373 3380 3568 3431 autem
3600 3376 3661 3430 in
3692 3393 3825 3433 rem

2177 3458 2317 3513 adeo
2340 3465 2558 3515 certam
2612 3466 2669 3516 et
2717 3464 2860 3517 adeo
2918 3463 3245 3519 evidentem
3308 3480 3619 3536 congeram
3667 3466 3825 3522 nihil

2176 3562 2412 3604 necesse
2444 3558 2548 3619 est,
2582 3550 2696 3606 nisi
2735 3551 2876 3606 velis
2906 3552 3019 3622 ipsi
3077 3551 3187 3607 soli
3244 3552 3565 3609 meridiano
3620 3552 3821 3610 lucem

2174 3635 2390 3691 afferri.

2245 3727 2567 3796 Antequam
2599 3742 2733 3783 vero
2790 3728 2862 3783 ad
2920 3729 3076 3784 hunc
3134 3728 3351 3785 librum
3397 3746 3557 3787 more
3611 3736 3821 3787 nostro

2169 3814 2623 3870 examinandum
2653 3816 2979 3886 veniamus,
3038 3835 3223 3890 operai
3284 3819 3535 3889 pretium
3585 3824 3673 3875 est
3718 3820 3823 3874 in-

2168 3904 2454 3975 vestigare
2486 3906 2621 3976 quis
2653 3906 2746 3961 hic
2778 3908 2901 3977 ipse
2933 3907 3090 3962 illius
3138 3915 3343 3963 auctor
3391 3908 3580 3963 fuerit.
3615 3908 3822 3966 Primo

2167 3992 2364 4062 itaque
2394 4000 2669 4063 quatuor,
2712 3995 2870 4051 nullo
2902 3996 3093 4051 adhuc
3134 3996 3509 4063 reclamante,
3540 3998 3824 4054 feruntur

2166 4083 2285 4136 haec
2325 4087 2453 4153 ejus
2506 4086 2785 4141 nomina:
2849 4088 3103 4155 Quintus,
3183 4087 3505 4158 Septimius,
3564 4089 3818 4157 florens,

2166 4173 2560 4228 Tertullianus.
2624 4174 2924 4230 Neminem
2997 4191 3129 4231 vero
3191 4192 3420 4232 movere
3461 4177 3630 4232 debet
3686 4177 3819 4232 haec

2164 4265 2247 4314 tm
2278 4261 2585 4316 nominum
2620 4265 2810 4317 turba.
2846 4268 2988 4317 Nam
3022 4263 3221 4334 plures
3260 4265 3505 4319 totidem
3528 4263 3817 4336 appellati

2163 4352 2391 4413 sunt,ut
2421 4350 2493 4404 ab
2524 4349 2651 4404 aliis
2683 4367 2800 4405 suae
2823 4350 3037 4420 gentis,
3070 4368 3135 4405 ac
3164 4352 3397 4407 familiis
3442 4352 3817 4419 hominibus,

2162 4437 2666 4493 discernerentur.
2730 4438 2989 4494 Primum
3047 4446 3242 4495 autem
3293 4446 3417 4496 erat
3446 4457 3814 4513 praenomen,

406 4546 840 4618 manuscriptos
890 4542 1221 4598 remotioris
1278 4545 1333 4597 et
1384 4541 1673 4613 propioris
1720 4545 1907 4599 aetatis
1956 4562 2049 4600 co-
2085 4528 2128 4592 D
2158 4542 2276 4618 ξιυο
2430 4527 2520 4581 olli
2580 4527 3105 4598 imponebatur,“
3138 4530 3415 4585 omnibus
3446 4530 3571 4585 θυῖε
3611 4531 3818 4584 fratri‘

405 4634 583 4705 dices,
613 4636 671 4689 in
703 4635 917 4705 quibus
940 4632 1035 4686 hic
1066 4631 1193 4702 ipse
1238 4629 1387 4685 liber
1415 4629 1757 4685 Tertulliani
1807 4633 2045 4689 nomine

399 4723 760 4791 inscribitur,
787 4721 1099 4780 Eusebius.
1134 4720 1306 4789 cujus
1366 4718 1475 4773 hac
1535 4718 1591 4771 in
1644 4735 1703 4772 re
1735 4720 1876 4775 ﬁdes
1902 4722 2045 4776 nulli

400 4818 673 4884 suspecta
700 4827 828 4866 esse
861 4809 1048 4875 debet,
1085 4812 1213 4880 post
1248 4807 1601 4878 transcripta
1633 4808 1899 4879 quaedam
1934 4810 2043 4865 hu-

396 4902 559 4973 jusce
608 4899 739 4955 libri
798 4899 990 4965 verba,
1050 4894 1265 4952 ibide'm
1344 4897 1557 4965 adjecit
1609 4914 1622 4950 :
1671 4900 1848 4951 Ταῦτα
1906 4901 2040 4973 Τερ-

396 4985 686 5049 τυλλιανὸς
730 5034 743 5058 ,
806 4984 937 5047 τοὺς
1032 4983 1314 5055 Ῥωμαίων
1409 4982 1607 5055 νόμους
1715 4980 2044 5057 ἠκριϐωκὼς

396 5075 551 5149 ἀνὴρ,
611 5074 676 5129 τά
730 5096 788 5129 τι
841 5073 984 5130 ἄλλα
1060 5069 1291 5142 ἔνδοξος,
1348 5071 1437 5125 καὶ
1495 5077 1601 5126 τῶν
1661 5072 1897 5144 μάλιστα
1950 5073 2035 5129 ἐπὶ

389 5162 615 5235 Ῥώμης
672 5163 960 5236 λαμπρῶν,
1020 5160 1071 5215 ἐν
1140 5164 1207 5233 τῇ
1281 5160 1542 5237 γραφιίσῃ
1616 5163 1709 5233 μὲν
1766 5162 1910 5235 αὐτῳ
1967 5168 2035 5236 τῇ

392 5251 681 5323 Ῥωμαίωτ
712 5256 888 5327 φωνῇ,
918 5246 1315 5325 μεταϐληθείσῃ
1365 5247 1421 5304 ὃὶ
1467 5250 1553 5303 καὶ
1587 5250 1675 5305 ἐπὶ
1707 5254 1802 5321 τὴν
1838 5252 2035 5308 Ἐλλά-

392 5338 456 5395 δα
486 5340 737 5414 γλῶσσαν
774 5342 903 5417 ὑπὲρ
937 5344 1272 5415 Χριστιανῶν
1331 5336 1600 5412 ἀπολογίᾳ
1647 5344 1878 5411 (Euseb.
1930 5344 2031 5399 lib.

390 5448 452 5500 ιι,
487 5431 687 5486 Eccles.
722 5430 846 5485 hist.
881 5447 1007 5501 cap.
1040 5432 1090 5497 2,
1126 5446 1181 5499 p.
1216 5427 1325 5497 41).
1352 5428 1485 5491 Quae
1518 5428 1755 5497 quidem
1787 5430 2031 5484 Ruﬁnus

385 5520 471 5577 sic
504 5518 702 5577 Latins
730 5518 1150 5592 interpretatus
1182 5519 1272 5573 est
1305 5532 1317 5569 :
1352 5516 1483 5573 Haec
1517 5517 1895 5574 Tertullianus
1946 5520 2031 5574 vir

386 5617 440 5667 et
476 5610 658 5681 legum
681 5619 736 5666 et
764 5608 1172 5666 institutionum
1200 5606 1567 5662 Romanorum
1580 5609 2028 5677 peritissimus,et

2158 4614 2266 4669 bus
2290 4615 2574 4685 distingui
2629 4622 2845 4686 posset.
2904 4617 3129 4672 Etenim
3191 4618 3572 4687 praenomina,
3625 4618 3813 4674 sicuti

2158 4702 2330 4757 Varro
2364 4720 2468 4757 nos
2500 4705 2751 4767 monuit,
2782 4711 2920 4758 sunt
2951 4728 2976 4753 ι(
3008 4704 3280 4760 instituta
3312 4706 3382 4759 ad
3408 4722 3579 4759 usum
3598 4706 3811 4777 singu~

2156 4790 2322 4855 laria,
2355 4792 2571 4861 quibus
2625 4793 3103 4848 discernerentur
3126 4793 3364 4848 nomina
3388 4794 3694 4863 gentilitia,
3732 4803 3811 4851 ut

2153 4896 2186 4933 a
2217 4896 2462 4933 numero
2493 4880 2710 4947 Prima,
2744 4882 3028 4947 Secunda,
3061 4882 3276 4949 Tertia,
3300 4882 3598 4945 Quarta,in
3628 4881 3806 4951 viris,

2153 4972 2216 5021 ut
2245 4968 2517 5038 Quintus,
2550 4970 2778 5036 Sextus,
2825 4971 3131 5038 Decimus;
3164 4971 3248 5025 sic
3301 4972 3371 5025 ab
3403 4970 3538 5027 aliis
3593 4971 3804 5040 rebus,

2151 5071 2285 5109 cum
2311 5060 2509 5110 essent
2542 5058 2656 5111 duo
2689 5059 2945 5113 Terentii
3006 5064 3109 5113 aut
3166 5058 3385 5130 plures,
3416 5059 3803 5116 discernendi

2148 5161 2327 5200 causa
2359 5151 2423 5199 ut
2453 5146 2677 5217 aliquid
2712 5147 3013 5218 singulare
3047 5147 3349 5216 haberent,
3384 5149 3687 5212 notabant,
3725 5154 3802 5204 ut

2147 5235 2219 5287 ab
2250 5250 2316 5288 eo
2348 5233 2448 5304 qui
2473 5252 2641 5290 mane
2676 5242 2845 5290 natus
2869 5237 3178 5301 diceretur,
3215 5243 3277 5289 ut
3332 5240 3484 5291 esset
3532 5237 3796 5301 Manius,

2145 5324 2243 5392 qui
2277 5322 2402 5376 luce
2436 5323 2669 5393 Lucius,
2702 5324 2801 5395 qui
2836 5330 2966 5396 post
2997 5325 3178 5395 patris
3229 5332 3501 5389 mortem,
3534 5323 3799 5379 Posthu-

2144 5428 2275 5465 mus
2302 5432 2328 5458 ››
2360 5410 2545 5479 (Varr.
2581 5413 2683 5467 lib.
2714 5430 2778 5479 ιι,
2810 5414 2881 5468 de
2905 5413 3049 5485 ling.
3086 5413 3269 5467 Latin.
3305 5431 3433 5485 pag.
3470 5415 3619 5484 426).

2208 5515 2432 5570 Nomen
2458 5532 2589 5573 vero
2617 5524 2741 5575 erat
2768 5519 3150 5593 gentilitium,
3212 5518 3331 5575 sive
3382 5536 3415 5575 a
3460 5525 3632 5592 gente
3678 5521 3790 5577 de-

2140 5607 2468 5675 sumptum,
2499 5622 2570 5663 ex
2607 5625 2725 5680 qua
2752 5624 2918 5666 suam
2952 5606 3167 5680 aliquis
3197 5607 3445 5665 ducebat
3468 5608 3789 5682 originem.
