4106 6178
285 328 400 389 805

1007 322 1089 384 ιΝ
1130 320 1740 386 APOLOGETICUM
1782 322 1854 381 D.
1901 321 1996 382 LE
2039 322 2362 385 NOURRY
2411 322 2957 385 DISSERTATIO.

3559 325 3680 386 806

284 459 610 527 Cognomen
642 470 833 527 porro,
868 455 1021 525 quod
1071 454 1268 527 plures
1316 454 1388 509 ab
1438 452 1749 525 agnomina
1798 415 1918 507 non.
1950 454 2006 521 Α
2106 453 2455 526 Carthagine
2494 455 2675 527 igitur
2703 455 2861 511 haud
2905 454 3080 511 dubie
3109 459 3281 511 natus
3338 459 3447 521 est,
3495 465 3679 527 patre,

283 547 674 617 distinguunt,
710 546 916 599 datum
939 549 1050 610 est,
1081 550 1144 598 ut
1165 560 1298 598 cum
1322 543 1381 597 in
1406 559 1521 597 una
1542 540 1764 597 familla
1795 541 1924 613 plu-

287 652 377 690 res
409 634 673 705 ejusdem
723 636 889 687 erant
942 631 1220 699 nominis,
1266 629 1675 703 unusquisque
1720 646 1790 684 ex
1819 645 1933 699 qua

294 729 468 780 natus
518 722 744 788 fuisset,
802 721 1257 793 dignosceretur.
1317 723 1386 774 At
1441 720 1678 789 quidam
1736 723 1929 773 tamen

284 814 599 885 opinantur
629 828 920 883 agnomen
948 811 1077 865 ideo
1124 811 1370 876 dictum,
1403 810 1554 879 quod
1589 809 1779 864 tribus
1804 809 1930 879 jam

286 902 621 958 memoratis
667 900 979 955 accesserit
1022 899 1109 955 vel
1161 900 1232 955 ob
1288 898 1632 970 praclarum
1695 896 1930 969 aliquod

283 991 463 1046 animi
520 988 725 1044 vitium
773 988 860 1044 vel
912 988 1171 1059 corporis
1231 1004 1479 1054 naevum,
1517 986 1601 1041 vel
1644 986 1820 1041 aliam
1854 987 1932 1041 si-

285 1079 485 1135 milem
544 1079 616 1134 ob
674 1094 934 1133 causam.
968 1078 1079 1133 Sed
1130 1078 1200 1131 de
1258 1076 1352 1131 his
1406 1077 1575 1147 plura
1632 1075 1931 1147 Sigonius,

280 1168 621 1241 Onuphrius
682 1167 999 1236 Panvinus,
1061 1170 1117 1221 et
1167 1166 1267 1220 alii
1321 1165 1536 1236 (Sigon.
1596 1164 1660 1220 de
1716 1167 1929 1219 nomin.

282 1259 515 1314 Roman.
558 1256 783 1328 cap.5:
847 1254 1107 1326 Onuphr.
1160 1254 1233 1310 de
1288 1256 1506 1309 nomin.
1567 1254 1722 1309 Rom.
1780 1254 1807 1319 §
1868 1253 1933 1307 13

282 1349 339 1402 et
368 1347 477 1416 16).

353 1450 702 1507 Tertulliani
733 1450 933 1522 itaque
962 1465 1294 1521 prsenonem
1330 1448 1438 1503 fuit
1486 1449 1745 1517 Quintus,
1775 1447 1934 1502 haud

283 1542 461 1597 dubie
492 1540 632 1612 quia
660 1540 868 1610 quinto
912 1540 1064 1593 inter
1112 1539 1321 1594 fratres
1352 1554 1490 1593 suos
1522 1538 1727 1593 ordine
1759 1541 1932 1591 natus

285 1634 432 1686 erat.
453 1630 674 1685 Nomen
696 1629 1014 1699 Septimius,
1036 1628 1119 1682 uti
1145 1627 1271 1698 ipse
1294 1628 1387 1682 his
1403 1628 1698 1697 signiﬁcat
1717 1627 1931 1697 verbis,

287 1719 507 1790 quibus
536 1717 753 1772 librum
783 1718 847 1773 de
882 1716 1200 1785 Virginibus
1228 1715 1492 1781 velandis,
1526 1715 1612 1770 sic
1643 1714 1928 1770 absolvit:

286 1830 313 1856 ‹‹
347 1807 479 1862 Hinc
510 1822 644 1861 cum
670 1806 825 1861 bona
872 1821 1012 1876 pace
1055 1804 1409 1876 legentibus,
1452 1804 1757 1859 veritatem
1789 1819 1935 1859 con-
1966 1811 2012 1876 Β

286 1894 589 1952 suetudini
621 1892 1114 1966 praeponentibus,
1165 1910 1274 1964 pax
1313 1899 1369 1947 et
1408 1892 1595 1963 gratia
1627 1909 1660 1946 a
1690 1892 1935 1948 Domino

286 1990 489 2039 nostro
512 1988 650 2039 Jesu
697 1983 985 2038 redundet
1035 1998 1170 2037 cum
1217 1981 1498 2052 Septimio
1549 1981 1933 2051 Tertulliano,

284 2074 458 2144 cujus
499 2074 605 2128 hoc
634 2070 985 2142 opusculum
1036 2074 1143 2125 est.
1181 2092 1207 2118 ››
1257 2069 1521 2141 (Tertull.
1554 2070 1653 2124 lib.
1686 2070 1752 2124 de
1788 2072 1931 2137 Virg.

284 2161 501 2217 veland.
536 2178 662 2233 cap.
700 2160 807 2231 17).
843 2164 1061 2214 Nomen
1103 2164 1298 2213 autem
1351 2158 1494 2212 illud
1545 2160 1804 2225 Septimii
1837 2158 1936 2213 ha-

285 2251 434 2320 buit,
468 2250 608 2321 quia
638 2254 801 2303 ortus
832 2252 919 2302 est
950 2264 1017 2301 ex
1045 2246 1326 2316 Septimis
1368 2251 1558 2316 gente.
1608 2245 1753 2309 Quia
1804 2261 1937 2301 vero

286 2338 488 2409 plures
522 2342 691 2392 erant
715 2335 892 2407 hujus
925 2335 1156 2390 familia:
1190 2334 1316 2403 viri,
1351 2335 1618 2389 additum
1649 2334 1699 2389 ei
1729 2350 1937 2405 cogno-

287 2444 425 2482 men
477 2428 701 2481 Florens
748 2425 1136 2492 Tertullianus,
1184 2423 1295 2478 nisi
1347 2423 1626 2494 probetur
1657 2440 1690 2477 a
1720 2438 1936 2493 cogno-

287 2514 448 2571 mine
480 2514 765 2585 distingui
796 2512 941 2567 illud
992 2528 1302 2583 agnomen,
1342 2512 1493 2581 quod
1526 2510 1636 2581 ipsi
1678 2510 1937 2581 aliquam

288 2603 670 2676 peculiarem,
705 2604 786 2657 uti
819 2600 1253 2666 annotavimus,
1288 2602 1360 2655 ob
1387 2616 1624 2656 causam
1659 2600 1735 2655 sit
1773 2600 1937 2668 adje-

287 2698 474 2748 ctum.

359 2801 668 2863 Caeterum,
713 2796 946 2851 tametsi
979 2799 1227 2865 quatuor
1268 2795 1381 2867 ipsi
1428 2795 1646 2849 fuerint
1678 2796 1938 2864 nomina,

288 2889 415 2943 solo
467 2885 852 2941 nihilominus
899 2884 1243 2939 Tertulliani
1293 2884 1530 2939 nomine
1562 2884 1633 2938 ab
1667 2884 1937 2951 Eusebio,

291 2976 374 3031 uti
421 2977 546 3044 jam
596 2974 874 3041 vidimus,
926 2977 1099 3044 atque
1151 2974 1225 3027 ab
1284 2973 1655 3045 Hieronymo,
1689 2976 1747 3026 et
1785 2971 1937 3041 aliis,

291 3063 794 3136 quemadmodum
826 3061 978 3116 infra
1020 3076 1125 3116 nec
1174 3061 1352 3117 semel
1387 3060 1937 3128 animadvertemus,

289 3151 639 3225 appellatur.
672 3153 860 3222 Atque
891 3166 958 3205 eo
1005 3150 1181 3205 etiam
1238 3150 1361 3207 solo
1408 3150 1791 3239 Apologeticus
1810 3149 1937 3219 ejus
1969 3171 2011 3239 ρ

290 3241 442 3296 liber
473 3241 532 3295 in
564 3239 985 3311 manuscriptis
1017 3239 1234 3295 nostris
1263 3239 1567 3294 codicibus
1617 3237 1939 3309 inscriptus

290 3337 401 3386 est.

359 3424 490 3486 Qua
521 3420 716 3472 autem
751 3416 808 3471 in
855 3416 1153 3488 provincia
1197 3422 1253 3471 et
1303 3417 1447 3472 urbe
1494 3419 1667 3471 natus
1701 3415 1798 3485 sit,
1833 3432 1940 3471 nos

289 3509 463 3563 docet
498 3507 649 3562 726
680 3505 1066 3577 Hieronymus
1124 3506 1285 3561 hisce
1339 3505 1530 3560 verbis
1566 3522 1578 3559 :
1641 3503 1940 3559 Tertullia-

288 3613 467 3653 nus...
544 3595 845 3665 provinciae
901 3595 1128 3664 Africae,
1176 3594 1421 3649 civitatis
1498 3593 1940 3663 Carthaginensis

280 3686 647 3756 (Hieronym.
711 3682 885 3737 Catal.
946 3681 1212 3754 Scriptor.
1271 3683 1462 3737 ecclcs.
1523 3699 1649 3753 cap.
1682 3682 1772 3747 53,
1803 3698 1936 3753 pag.

281 3772 433 3843 115),
477 3772 867 3837 Quamobrem
900 3770 961 3825 in
1003 3771 1277 3826 chronico
1336 3772 1662 3827 Eusebiano
1722 3771 1941 3825 dicitur

280 3860 663 3916 Tertullianus
695 3858 828 3930 Afer
856 3858 1079 3930 (Chron.
1134 3860 1344 3914 Euseb.
1396 3861 1466 3913 ob
1515 3876 1687 3915 anna.
1721 3858 1935 3913 Christ.

275 3952 407 4020 208)
436 3966 448 4002 :
485 3950 556 4004 ab
590 3948 797 4019 Optato
839 3953 1033 4002 autem
1085 3950 1456 4003 Tertullianus
1491 3948 1938 4017 Carthaginensis

282 4040 505 4111 (Optat.
542 4036 643 4091 lib.
676 4054 719 4103 ι,
753 4036 817 4091 de
840 4036 1059 4091 schism.
1096 4040 1364 4092 Donatist.
1392 4053 1520 4107 pag.
1552 4038 1628 4103 8).
1662 4037 1767 4091 Sed
1797 4036 1936 4107 quid

276 4128 542 4184 testibus
573 4142 721 4197 opus
756 4130 845 4179 est
877 4125 1166 4195 pluribus,
1199 4141 1330 4179 cum
1365 4125 1612 4195 ipsemet
1637 4123 1939 4179 Tertullia-

274 4235 390 4272 nus
426 4215 680 4288 patriam
714 4230 883 4269 suam
917 4213 1027 4281 bis,
1062 4230 1187 4284 quas
1224 4213 1281 4267 in
1315 4213 1437 4281 illo,
1471 4214 1542 4267 de
1574 4229 1689 4284 quo
1722 4212 1935 4283 agitur,

272 4307 619 4373 Apologetico
649 4302 923 4373 legimus,
954 4302 1145 4356 verbis
1176 4301 1393 4356 indicet
1416 4302 1443 4355 ?
1489 4303 1744 4357 Infantes
1779 4322 1807 4349 «
1839 4316 1937 4371 pe-

274 4412 381 4451 nes
415 4394 673 4448 Africam
724 4393 972 4445 Saturno
1022 4390 1484 4445 immolabantur
1521 4390 1713 4462 palam
1750 4404 1940 4460 usque

275 4484 346 4538 ad
402 4478 891 4554 proconsulatum
948 4479 1183 4533 Tiberii.
1230 4520 1243 4533 .
1289 4520 1303 4533 .
1350 4522 1362 4533 .
1409 4522 1421 4534 .
1469 4521 1479 4533 .
1526 4484 1671 4534 teste
1726 4477 1940 4533 militia

275 4527 346 4538 ι-ςι
404 4527 891 4554 ,ιον-η---τ-η-
956 4527 1183 4533 --η--η
1230 4527 1242 4533 -
1289 4527 1302 4533 -
1350 4527 1362 4533 -
1409 4527 1421 4534 -
1469 4527 1479 4533 -
1530 4527 1669 4534 --πη
1728 4527 1940 4533 --μ---π
2073 4532 2081 4540 .
2296 4530 2305 4540 .
2510 4528 2519 4538 .
2895 4529 2905 4539 .

274 4572 485 4643 patriae
548 4574 757 4623 nostra
808 4584 934 4639 quas
985 4568 1239 4638 idipsum
1302 4584 1520 4623 munus
1566 4568 1650 4622 illi
1686 4584 1933 4639 procon-
1968 4548 2015 4613 Ῑ)
2049 4527 2931 4643 89391131,ffﬂlf?j°lfgfﬁﬁ’

274 4661 389 4715 suli
421 4660 625 4713 functa
656 4662 740 4711 est
776 4682 796 4708 ι
853 4656 1200 4711 Tertullian.
1250 4657 1531 4728 Apologet.
1581 4673 1708 4727 cap.
1754 4658 1833 4721 9).
1868 4658 1939 4709 At

272 4750 526 4819 insuper
574 4762 637 4801 se
693 4745 1041 4816 Carthagine
1102 4753 1301 4800 natum
1354 4746 1536 4799 fuisse
1586 4746 1940 4801 testificatur

274 4838 392 4891 alio
456 4837 512 4889 in
570 4834 743 4901 libro,
820 4849 994 4905 quem
1070 4833 1631 4905 Carthagineusibus
1700 4834 1933 4889 obtulit.

276 4924 613 4981 Oblivionis
632 4923 789 4977 enim
816 4922 1023 4977 vitium
1050 4921 1131 4975 ibi
1154 4922 1238 4976 eis
1263 4922 1392 4977 ideo
1424 4923 1754 4993 exprobrat,
1781 4924 1936 4993 quod

274 5015 387 5069 etsi
423 5014 607 5067 ariete
640 5012 781 5066 olim
814 5011 872 5065 in
906 5011 1075 5064 bellis
1130 5028 1234 5065 usu
1286 5012 1574 5067 fuissent:
1606 5034 1633 5061 «
1670 5012 1813 5067 Cum
1852 5017 1939 5067 ta-

275 5120 441 5170 men,
496 5100 711 5173 inquit,
764 5098 1096 5153 nltimarent
1142 5103 1404 5171 tempore
1445 5101 1665 5173 patriae.
1702 5104 1758 5154 et
1788 5101 1939 5156 aries

267 5191 399 5262 jam
458 5190 758 5246 Romanus
800 5187 856 5241 in
906 5204 1108 5243 muros
1159 5189 1454 5259 quondam
1506 5206 1643 5246 suos
1676 5189 1937 5255 auderet,

276 5281 643 5349 Obstupuere
676 5276 829 5331 illico
862 5275 1369 5347 Carthaginenses,
1403 5284 1466 5332 ut
1501 5294 1713 5333 novum
1745 5282 1939 5333 extra-

280 5384 467 5421 neum
520 5365 820 5436 ingenium
867 5385 893 5412 ι)
957 5364 1136 5433 (Idem
1170 5363 1250 5419 lib
1318 5366 1384 5420 dc
1440 5368 1643 5433 Pallio,
1703 5382 1829 5437 cap.
1864 5366 1937 5433 1).

280 5456 495 5513 Nonne
529 5459 722 5510 autem
757 5453 891 5508 inde
948 5451 1142 5523 colligi
1201 5457 1394 5524 potest
1452 5456 1544 5511 his
1601 5456 1790 5511 verbis
1824 5471 1940 5511 non

278 5547 484 5602 minus
514 5544 665 5599 clare
698 5559 889 5610 suam,
925 5558 1104 5614 quam
1144 5541 1380 5600 illorum
1416 5562 1562 5617 quos
1594 5544 1938 5617 alloquitur,

280 5632 547 5707 patriam
578 5633 648 5689 ab
680 5631 781 5688 illo
813 5629 1159 5703 designari?

2047 547 2109 598 ut
2136 544 2220 598 ait
2275 544 2684 615 Hieronymus,
2741 547 3062 601 centurione
3110 545 3541 614 proconsulari:
3592 545 3679 601 vel

2042 632 2194 687 sicut
2248 634 2308 688 in
2364 634 2600 690 Eusebii
2656 634 2935 690 Chronico
3010 633 3266 705 legimus
3312 650 3323 687 :
3402 634 3499 690 ille
3555 652 3679 691 cen-

2040 724 2285 778 turionis
2338 725 2743 795 proconsularis
2799 724 2951 793 ﬁlius
3007 724 3133 777 fuit.
3193 724 3265 777 At
3322 740 3437 778 non
3470 741 3679 795 magno

2042 811 2281 883 quidem
2314 812 2373 866 in
2405 812 2622 867 honore
2644 817 2809 867 erant
2837 809 3202 882 proconsulis
3227 813 3598 868 centuriones
3624 818 3682 869 et

2043 900 2299 967 milites;
2336 904 2536 972 utpote
2568 900 2667 972 qui
2717 900 2876 956 illius
2925 901 3309 972 apparitores,
3343 899 3479 954 vilia
3510 903 3680 956 mini-

2042 989 2220 1044 steria
2250 989 2409 1045 obire
2440 994 2861 1045 consueverant
2888 989 3246 1060 (Hieronym.
3283 988 3461 1044 Catal.
3492 992 3678 1060 script.

2040 1079 2186 1133 Eccl.
2239 1094 2365 1148 cap.
2425 1078 2515 1142 53,
2575 1095 2630 1149 p.
2690 1079 2831 1145 415;
2892 1079 3089 1134 Chron.
3151 1078 3388 1147 Euseb.,
3438 1078 3510 1133 ad
3541 1095 3679 1133 ann.

2042 1165 2257 1221 Christ.
2284 1168 2433 1235 208).

2115 1255 2194 1309 Ab
2227 1254 2334 1309 hoc
2381 1258 2575 1309 autem
2635 1258 2797 1327 patre
2852 1270 2960 1311 suo
3014 1254 3431 1322 Tertullianus,
3464 1260 3521 1311 et
3550 1256 3682 1312 aliis

2044 1360 2201 1398 nunc
2254 1342 2571 1415 incognitis
2626 1344 2967 1415 parentibus
3023 1344 3149 1399 suis
3204 1344 3455 1399 ethnicis
3498 1348 3683 1413 ortus,

2046 1433 2329 1487 nefandas
2358 1433 2592 1489 illorum
2624 1432 3073 1504 superstitiones
3113 1448 3246 1488 cum
3306 1433 3459 1487 lacte
3504 1433 3681 1497 suxit,

2045 1521 2359 1592 palamque
2390 1525 2590 1591 postea
2637 1522 2940 1591 professus
2981 1526 3090 1575 est.
3124 1522 3266 1576 Nam
3302 1521 3399 1576 ubi
3432 1523 3501 1577 de
3529 1521 3681 1578 veris

2044 1609 2510 1665 Christianorum
2534 1610 2908 1681 dogmatibus
2934 1609 3214 1678 disputat,
3236 1612 3469 1665 eosdem
3492 1610 3683 1665 ethni-

2044 1713 2143 1752 cos
2173 1696 2257 1752 sic
2283 1697 2529 1753 affatur:
2575 1697 2705 1752 Haec
2754 1718 2781 1746 ‹‹
2814 1706 2870 1751 et
2914 1713 3019 1751 nos
3057 1696 3295 1751 risimus
3325 1696 3680 1767 aliquando;

2045 1786 2114 1840 de
2135 1786 2343 1841 vestris
2366 1785 2615 1841 fuimus:
2644 1787 2811 1853 ﬁunt,
2839 1801 2951 1840 non
2977 1790 3300 1840 nascuntur
3326 1784 3683 1841 Christiani»

2045 1874 2415 1945 (Tertullian.
2469 1875 2740 1945 Apologet.
2799 1890 2927 1943 cap.
2990 1873 3096 1943 18).
3158 1874 3337 1929 Suam
3389 1889 3541 1943 vero,
3573 1889 3689 1942 qua

2044 1966 2185 2015 tunc
2205 1961 2528 2030 laborabat,
2553 1962 2894 2026 caacitatem,
2917 1976 2983 2016 ac
3005 1962 3124 2015 veri
3148 1961 3250 2015 Dei
3276 1961 3687 2032 ignorantiam,

2046 2049 2138 2104 his
2166 2049 2359 2105 verbis
2386 2050 2499 2105 alio
2541 2050 2599 2104 in
2650 2050 2798 2105 libro
2846 2049 3144 2121 deplorat:
3200 2072 3219 2098 ι
3257 2049 3689 2117 Paenitentiam,

2049 2138 2155 2193 hoc
2183 2154 2371 2209 genus
2402 2138 2733 2204 hominum,
2792 2139 2948 2208 quod
2980 2144 3036 2192 et
3073 2138 3185 2209 ipsi
3243 2144 3396 2194 retro
3444 2138 3688 2206 fuimus,

2047 2226 2201 2295 caeci,
2235 2227 2359 2282 sine
2409 2227 2643 2282 Domini
2700 2226 2944 2297 lumine,
3008 2234 3217 2282 natura
3255 2232 3427 2282 tenus
3458 2234 3690 2294 norant,

2048 2315 2382 2385 passionem
2432 2315 2613 2370 animi
2661 2315 2977 2385 quamdam
3021 2332 3321 2386 esse,quaa
3370 2316 3567 2371 veniat
3615 2316 3687 2370 de

2046 2404 2268 2459 offensa
2305 2405 2610 2459 sententias
2667 2403 2879 2474 prioris
2938 2404 3090 2474 (Init.
3126 2403 3229 2458 lib.
3280 2403 3346 2459 de
3391 2405 3683 2459 Pwnitcnt.

2048 2509 2175 2563 cap.
2214 2493 2287 2560 1).

2117 2585 2263 2635 Tum
2286 2598 2444 2654 ergo,
2476 2582 2974 2652 quemadmodum
3006 2580 3221 2636 eruditi
3272 2580 3377 2636 viri
3424 2580 3697 2638 observa-

2048 2675 2277 2740 verunt,
2308 2670 2425 2724 veri
2483 2670 2580 2725 Dei
2640 2676 2696 2725 et
2750 2669 3090 2725 Christianas
3133 2668 3433 2742 religionis
3466 2669 3690 2725 lumine

2048 2758 2331 2830 privatus,
2369 2758 2629 2829 profanis
2661 2758 3013 2829 spectaculis
3043 2758 3464 2815 delectabatur.
3487 2759 3566 2814 De
3598 2759 3690 2814 bis

2048 2848 2205 2903 enim
2266 2848 2479 2902 alicubi
2539 2847 2718 2901 dixit:
2784 2871 2803 2896 ι
2843 2847 2992 2902 Malo
3046 2864 3160 2902 non
3214 2847 3483 2919 implere,
3514 2865 3693 2918 quam

2050 2935 2393 2992 meminisse
2427 2958 2455 2985 »
2486 2936 2588 3006 (De
2616 2935 2855 3005 Spectac.
2889 2952 3017 3005 cap.
3050 2936 3161 3006 19).
3195 2936 3344 2999 Quin
3368 2936 3544 2991 etiam
3577 2953 3691 2991 non

2050 3025 2178 3080 sine
2208 3023 2387 3079 animi
2428 3023 2624 3078 dolore
2682 3024 2991 3079 confitetur
3049 3041 3112 3079 se
3161 3024 3221 3078 in
3278 3024 3474 3095 turpia
3502 3025 3697 3082 carnis

2049 3113 2192 3172 vitia
2222 3129 2350 3168 esse
2383 3112 2718 3183 prolapsum
2746 3130 2757 3167 :
2792 3136 2819 3162 «
2853 3118 2969 3184 Ego
3009 3112 3188 3180 enim,
3218 3112 3544 3183 inquiebat,
3576 3115 3695 3171 scio

2051 3220 2145 3258 me
2200 3216 2385 3273 neque
2438 3201 2554 3256 alia
2610 3218 2784 3257 carne
2840 3201 3128 3257 adulteria
3176 3203 3561 3271 commisisse,
3597 3219 3699 3259 ne-

2050 3308 2163 3363 que
2210 3295 2353 3345 tunc
2408 3289 2766 3359 (legendum,
2826 3292 3000 3360 nunc)
3059 3289 3172 3345 alia
3211 3307 3383 3345 carne
3413 3291 3483 3345 ad
3512 3292 3696 3347 conti-

2050 3380 2312 3434 nentiam
2343 3378 2505 3433 eniti.
2536 3399 2565 3427 »
2600 3382 2701 3444 (De
2734 3379 3039 3432 Resurrect.
3074 3394 3228 3432 carn.
3278 3394 3405 3449 cap.
3434 3379 3549 3449 59).
3585 3385 3697 3435 Nec

2051 3468 2248 3523 minus
2306 3472 2505 3538 aperte
2557 3466 2817 3521 declarat
2888 3481 2950 3520 se
3012 3466 3262 3521 aliorum
3324 3473 3697 3538 peccatorum

2050 3571 2292 3611 suorum
2350 3553 2728 3625 paenituisse:
2790 3576 2816 3603 «
2851 3555 2937 3608 Tu
2997 3558 3266 3625 peccator
3308 3556 3424 3611 mei
3460 3556 3695 3627 similis,

2047 3643 2166 3699 imo
2199 3660 2291 3699 me
2320 3644 2531 3698 minor.
2562 3644 2679 3714 Ego
2728 3642 2884 3697 enim
2942 3642 3344 3713 praastantiam
3378 3644 3436 3699 in
3467 3644 3698 3702 delictis

2049 3749 2239 3787 meam
2270 3748 2519 3803 agnosco
2553 3756 2575 3783 ι
2614 3732 2716 3801 (De
2760 3733 3054 3786 Pwnitent.
3089 3749 3218 3803 cap.
3263 3733 3336 3804 4).
3381 3735 3461 3788 Ac
3491 3751 3697 3791 rursus

2048 3826 2283 3893 postea:
2317 3844 2344 3870 «
2379 3825 2651 3875 Peccatcr
2680 3820 2946 3874 omnium
2982 3826 3254 3876 notarum
3283 3838 3416 3876 cum
3450 3823 3697 3891 sim,ncc

2049 3908 2151 3965 ulli
2201 3909 2282 3963 rei
2344 3910 2485 3964 727
2544 3908 2659 3963 nisi
2716 3908 3071 3977 pmnitentiai
3128 3914 3323 3977 natus,
3382 3927 3497 3964 non
3531 3911 3696 3966 facile

2047 4015 2291 4070 possum
2344 4014 2519 4067 super
2578 4012 2645 4050 ea
2698 4012 2758 4051 re
2815 4001 3007 4051 tacere
3036 4016 3062 4047 ι)
3100 3998 3195 4066 (De
3243 3998 3534 4051 Pamitent.
3568 4014 3674 4069 cap

2050 4088 2159 4155 12).
2210 4088 2282 4140 At
2339 4084 2486 4139 nulli
2532 4084 2734 4155 procul
2787 4085 2966 4139 dubio
3025 4084 3242 4139 mirum
3306 4084 3611 4153 videbitur,
3646 4085 3697 4139 si

2045 4174 2313 4230 ethnicus
2368 4174 2566 4239 homo,
2606 4176 2703 4244 qui
2755 4174 2891 4229 deos
2950 4172 3267 4239 adulteros,
3309 4178 3365 4227 et
3416 4172 3696 4229 adulteris

2046 4265 2273 4335 pejores
2304 4263 2607 4327 adorabat,
2666 4280 2867 4318 eorum
2929 4261 3213 4332 exempla,
3248 4262 3401 4316 sicut
3429 4262 3695 4319 Chaereas

2047 4353 2200 4424 apud
2234 4353 2572 4407 Terentium
2605 4351 2881 4423 (Eunuch.
2936 4356 3048 4405 act.
3101 4350 3197 4421 ΙΙΙ,
3242 4366 3399 4405 scen.
3432 4350 3486 4417 5,
3520 4367 3570 4404 ν.
3606 4352 3696 4421 43)

2048 4441 2214 4513 sequi
2249 4439 2514 4495 voluerit.
2567 4440 2679 4495 Sed
2734 4444 2966 4511 quantae
3018 4440 3140 4494 haec
3185 4438 3435 4494 crimina
3471 4438 3697 4495 Tertul-

2970 4533 3128 4584 tantc
3161 4528 3271 4599 ipsi
3306 4528 3699 4584 Christianam

2051 4624 2251 4692 postea
2309 4616 2651 4689 religionem
2719 4618 3037 4688 profitenti,
3091 4617 3170 4672 uti
3234 4634 3301 4672 ex
3336 4617 3466 4687 ejus
3510 4617 3697 4684 libris,

2049 4714 2225 4779 atque
2281 4707 2390 4762 hoc
2452 4706 2773 4777 praesertim
2826 4705 3221 4779 Apologetico,
3254 4710 3435 4777 patet,
3469 4705 3697 4761 horrori

2052 4799 2309 4852 fuerunt.

2651 4980 2968 5019 ARTICULUS
3000 4980 3083 5020 ιιι.

2052 5064 2257 5133 Quibus
2299 5064 2608 5118 rationibus
2658 5062 3036 5117 Tertullianus
3082 5062 3153 5117 ad
3205 5062 3579 5118 Christianam
3606 5078 3696 5120 re-

2122 5138 2380 5206 ligionem
2408 5136 2704 5200 adductus,
2737 5140 2791 5189 et
2820 5135 3035 5206 quando
3066 5152 3186 5190 eam
3214 5134 3492 5208 professus
3523 5144 3622 5192 est.

2121 5278 2342 5341 Quibus
2368 5275 2768 5332 Tertullianus
2802 5276 3127 5332 rationibus
3160 5277 3231 5332 ad
3265 5277 3476 5333 Christi
3520 5278 3695 5333 ﬁdem

2050 5366 2497 5437 amplexandam
2531 5363 2824 5435 impulsus
2874 5366 2973 5430 sit,
3010 5366 3056 5421 si
3109 5365 3244 5435 quis
3276 5365 3551 5437 postulat,
3582 5365 3632 5421 is
3664 5381 3698 5421 ο.

2050 5454 2293 5524 Georgio
2354 5453 2727 5508 Ambianensi
2788 5454 3080 5524 Capucinc
3133 5455 3333 5510 audiet
3385 5460 3502 5509 tres
3562 5452 3695 5508 illas

2050 5544 2267 5600 fuisse:
2302 5542 2771 5599 Christianorum
2831 5542 3252 5609 innocentiam,
3295 5540 3697 5599 excellentiam

2056 5649 2230 5688 sacra:
2281 5631 2614 5704 Scriptores,
2665 5649 2731 5690 ac
2770 5632 2985 5693 miram
3037 5633 3373 5690 earumdem
3412 5628 3698 5687 Christia-
