4106 6178
438 294 555 354 807

436 442 648 481 norum
702 425 762 479 in
823 424 1117 481 daemones
1200 429 1549 497 potestatem

443 518 662 573 Tertull.
726 521 875 588 part.
936 533 999 580 ιι,
1053 522 1260 589 quaret.
1326 519 1351 572 1
1416 523 1474 572 et
1543 519 1622 590 2).
1686 518 1901 573 Verum
1967 518 2086 573 haae

438 608 586 678 ipsa,
616 606 991 677 quantumvis
1030 606 1247 673 valida,
1302 607 1595 661 rationum
1643 612 1941 661 momenta
1991 606 2089 662 ille

440 697 665 764 eadem,
698 711 813 765 qua
859 698 1204 765 astruxerat,
1242 711 1417 749 manu
1469 695 1736 750 destruit.
1769 696 1916 750 Nam
1950 713 2086 750 con-

436 787 690 839 tinenter
714 784 983 853 abjunxit
1015 783 1279 837 ethnicos
1324 784 1697 855 Judseosque,
1730 784 1935 855 quales
1973 784 2087 838 uti-

440 890 552 945 qua
611 877 777 927 erant
835 872 1140 943 Ulpianus,
1201 877 1256 927 et
1313 873 1648 939 Suetonius,
1708 873 1999 944 Josephus
2030 877 2087 927 et

442 962 627 1026 Philo,
661 960 921 1031 aliosque
953 961 1327 1015 doctissimos
1359 961 1532 1029 viros,
1568 962 1727 1016 hisce
1762 962 2088 1016 rationibus

443 1068 559 1106 non
624 1051 818 1103 minus
874 1054 1118 1117 attento,
1180 1067 1356 1120 quam
1424 1050 1838 1116 Tertullianus,
1892 1052 2086 1105 animo

443 1140 802 1212 ponderatis,
838 1155 951 1192 non
997 1139 1255 1208 potuisse
1305 1140 1373 1192 ad
1411 1140 1753 1193 Christianas
1786 1138 2088 1209 religionis

442 1227 861 1300 professionem
924 1228 1152 1281 adduci.
1201 1229 1587 1294 Quamobrem
1635 1232 1803 1299 putat
1859 1226 2087 1283 Tertul-

440 1317 664 1371 lianum
714 1320 1014 1371 nutantem
1075 1316 1285 1385 adhuc,
1321 1334 1385 1371 ac
1434 1317 1840 1385 ﬂuctuantem,
1893 1316 2090 1387 aliqua

442 1406 725 1479 singulari
761 1405 1071 1476 divinaque
1103 1405 1325 1460 visione
1364 1405 1711 1476 impulsum,
1745 1405 2087 1459 Christiana:

442 1494 705 1567 religioni
764 1511 935 1549 suum
997 1494 1228 1549 dedisse
1299 1511 1547 1550 nomen.
1601 1495 1709 1549 Sed
1770 1495 2088 1559 undenam,

440 1600 657 1657 qumso,
705 1582 988 1653 Georgius
1029 1582 1232 1636 didicit
1264 1599 1295 1636 a
1327 1584 1666 1637 memoratis
1713 1582 1785 1635 ab
1835 1598 1900 1637 eo
1953 1599 2086 1636 cum

446 1672 767 1745 gentilibus
798 1676 923 1725 tum
953 1670 1165 1725 Judaais
1221 1671 1353 1725 illas
1386 1670 1735 1725 Christianze
1788 1668 2088 1740 religionis

958 291 1484 355 TERTULLIANI
1530 294 1854 356 OPERUM
1904 296 2102 356 PARS
2148 297 2192 375 l,
2228 330 2307 342 —
2336 299 2611 362 SERIES
2655 303 2703 375 Ι,
2751 302 3323 365 APOLOGETIGA.

3697 315 3808 373 808

1636 425 1865 499 (Georg.
1922 427 2079 482 vind.
2111 440 2165 505 Α
2192 430 2346 490 enim
2379 430 2709 489 luminibus
2739 435 2859 489 haec
2891 437 3106 492 veritas
3136 436 3413 509 fulgebat,
3444 443 3506 493 ut
3537 440 3606 496 ab
3636 445 3814 498 omni-

2199 521 2309 574 bus
2333 520 2661 577 voluntaria
2694 524 3093 580 obstinatione
3122 542 3237 580 non
3269 526 3585 594 obcaecatis,
3626 533 3806 586 statim

2199 609 2620 680 susciperetur.
2672 613 2781 667 Sed
2837 613 3041 667 audias
3092 612 3261 668 velim
3306 614 3464 669 illum
3508 616 3624 671 haec
3657 634 3815 674 enar-

2199 703 2468 753 rantem:
2511 722 2537 747 ‹‹
2572 700 2995 754 Testimonium
3040 701 3376 771 ignorantiae
3427 708 3534 771 est,
3568 722 3688 776 quae
3720 708 3819 761 ini-

2198 785 2484 854 quitatem
2519 789 2659 843 dum
2714 794 2975 853 excusat,
3037 791 3422 859 condemnat;
3469 810 3593 846 cum
3627 812 3812 853 omnes

2197 874 2293 942 qui
2328 879 2477 930 retro
2510 878 2772 946 oderant,
2807 878 2948 948 quia
2980 878 3330 950 ignorabant
3366 881 3531 952 quale
3562 882 3633 936 sit
3675 886 3816 955 quod

2198 964 2462 1039 oderant,
2524 964 2701 1019 simul
2779 966 3058 1019 desinunt
3133 967 3420 1039 ignorare,
3495 978 3718 1025 cessant
3767 978 3823 1027 et

2199 1051 2414 1105 odisse.
2469 1053 2548 1106 Ex
2606 1052 2698 1107 his
2756 1054 2907 1108 ﬁunt
2965 1054 3303 1125 Christiani,
3354 1057 3551 1128 utique
3582 1059 3647 1112 de
3676 1076 3818 1114 com-

2201 1145 2387 1209 perto,
2420 1147 2475 1195 et
2506 1142 2794 1212 incipiunt
2843 1143 3038 1199 odisse
3094 1146 3246 1214 quod
3299 1146 3547 1208 fuerant,
3580 1152 3632 1201 et
3660 1150 3819 1219 profl-

2198 1228 2307 1282 teri
2340 1229 2493 1299 quod
2527 1231 2770 1284 oderant
2806 1254 2824 1279 υ
2878 1232 3035 1302 (Ibid.
3096 1250 3221 1304 cap.
3284 1235 3358 1305 1).
3402 1237 3471 1288 At
3501 1242 3647 1290 certe
3675 1236 3719 1292 si
3749 1242 3824 1293 tot

2201 1317 2472 1388 gentiles,
2508 1319 2725 1373 fatente
2756 1320 3007 1391 ipsemet
3028 1321 3516 1391 Tertulliano,his
3547 1324 3823 1391 omnibus,

2201 1414 2301 1459 aut
2354 1406 2609 1477 singulis
2668 1408 2993 1463 rationibus
3071 1410 3203 1465 facti
3276 1417 3416 1466 sunt
3491 1412 3820 1468 Christiani:

2202 1500 2420 1565 quanto
2456 1496 2642 1567 magis
2674 1495 2769 1551 ille
2819 1498 2912 1551 cui
2961 1499 3104 1553 adeo
3154 1504 3451 1570 comperta
3483 1501 3589 1555 fuit
3618 1502 3822 1557 falsitas

2200 1583 2500 1654 religionis
2548 1585 2913 1640 ethnicorum
2977 1592 3033 1641 et
3088 1587 3431 1643 Christianae
3478 1589 3702 1646 veritas.
3750 1592 3821 1646 Ad

2196 1671 2355 1726 illam
2407 1672 2584 1743 igitur
2636 1674 3033 1742 rejiciendam,
3088 1681 3145 1730 et
3202 1678 3352 1732 hanc
3394 1678 3817 1749 amplexandam

437 1760 810 1833 probationes
858 1762 1022 1857 tanta
1065 1763 1299 1858 quanta.
1326 1774 1357 1812 a
1387 1758 1748 1813 Tertulliano
1784 1758 1963 1813 animi
1986 1762 2084 1869 Jat-
2118 1805 2163 1869 Β
2199 1776 2345 1830 epus
2379 1778 2492 1815 non
2525 1761 2734 1816 habuit
2762 1779 2849 1830 ea,
2892 1780 3067 1834 quam
3099 1766 3379 1836 Georgius
3412 1767 3596 1839 ﬁnxit,
3645 1768 3821 1822 divina

434 1850 711 1914 tentione,
746 1848 1037 1919 (equitate,
1090 1847 1427 1902 sinceritate
1459 1863 1745 1918 expensas
1776 1851 1834 1901 et
1864 1847 2084 1916 ponde-

435 1937 639 1992 ratas?
671 1937 830 1992 Unde
872 1936 1047 1990 etiam
1096 1936 1317 2007 accepit
1363 1935 1787 1990 Tertullianum
1830 1934 1931 1989 illa
1963 1934 2085 1989 sin-

437 2024 626 2096 gulari
657 2025 878 2079 visione
911 2024 1091 2078 fuisse
1137 2025 1445 2094 donatum,
1492 2041 1608 2095 qua
1638 2025 1920 2095 privatus,
1954 2023 2086 2078 aliis

435 2112 863 2184 quantumlibet
892 2112 1275 2168 validissimis
1305 2113 1655 2179 rationibus,
1691 2114 1760 2167 ad
1806 2112 2085 2166 Christia-

437 2219 574 2256 nam
606 2200 946 2273 religionem
978 2200 1187 2255 adduci
1234 2217 1536 2271 nunquam
1590 2201 1919 2272 potuisset?
1969 2201 2086 2254 Sic-

436 2291 566 2347 cine
621 2306 756 2361 ergo
813 2290 1147 2345 Christiano
1205 2290 1595 2361 religiosoque
1668 2290 1891 2344 homini
1954 2289 2087 2343 licet

440 2396 599 2436 mera
650 2395 834 2451 eaque
882 2378 1175 2434 levissima
1223 2380 1560 2448 conjectura
1610 2396 1812 2433 eorum
1859 2378 1976 2432 vim
2029 2383 2088 2432 et

438 2470 617 2523 robur
647 2468 945 2522 infirmare
971 2472 1473 2538 argumentorum,
1499 2468 1716 2537 quibus
1743 2467 2084 2521 Christianas

435 2558 741 2630 religionis
770 2558 1009 2626 veritas,
1062 2564 1125 2611 ut
1176 2558 1328 2612 infra
1375 2560 1781 2621 ostendemus,
1822 2557 2084 2611 invictis-

434 2645 583 2698 sime
617 2644 1102 2699 demonstratur?
1142 2644 1252 2698 Sed
1306 2644 1511 2699 doctus
1556 2644 1653 2699 ille
1703 2643 1789 2697 vir
1819 2644 2083 2698 animum

435 2733 591 2788 haud
622 2732 795 2786 dubie
827 2748 936 2786 non
980 2731 1123 2786 satis
1182 2733 1509 2787 adverterat
1538 2733 1608 2787 ad
1640 2749 1707 2787 ea
1737 2731 2086 2787 Tertulliani

435 2823 494 2876 in
530 2821 873 2892 Apologetico
895 2821 965 2874 de
991 2820 1309 2892 Martyrum
1337 2821 1615 2893 patientia
1646 2822 1818 2875 verba
1844 2838 1856 2874 :
1893 2844 1919 2871 ‹‹
1944 2820 2085 2884 Quis

436 2926 551 2965 non
601 2908 1092 2980 contemplatione
1138 2910 1267 2980 ejus
1312 2910 1643 2964 concutitur
1685 2910 1755 2963 ad
1790 2910 2086 2980 requiren-

437 2999 576 3052 dum
607 2997 746 3069 quid
780 2997 941 3052 intus
974 2997 1030 3051 in
1066 3012 1125 3051 re
1157 2997 1276 3052 sit?
1298 2998 1439 3062 Quis
1465 3015 1597 3062 non,
1625 2998 1722 3052 ubi
1757 2998 2083 3067 requisivit,

438 3086 701 3141 accedit?
748 3086 855 3141 Ubi
889 3087 1160 3154 accessit,
1200 3088 1345 3142 mori
1397 3091 1628 3157 exoptat
1658 3108 1685 3136 η
1719 3086 2082 3157 (Tertullian.

430 3175 709 3246 Apotoget.
743 3191 870 3245 cap.
934 3174 1068 3245 50)?
1126 3175 1194 3229 Et
1249 3192 1450 3230 rursus
1492 3174 1588 3229 ille
1620 3174 1787 3231 alteri
1816 3175 1965 3229 libro
1996 3175 2079 3229 sic
2112 3167 2153 3233 C

433 3264 609 3317 ﬁnem
640 3263 928 3332 imponit:
967 3285 987 3310 ι
1024 3263 1273 3334 quisque
1301 3267 1525 3317 tantam
1561 3262 1930 3317 tolerantiam
1954 3279 2081 3334 spe-

433 3353 623 3418 ctans,
657 3355 719 3403 ut
748 3349 945 3420 aliquo
979 3350 1255 3420 scrupulo
1306 3367 1645 3421 percussus,
1694 3356 1751 3405 et
1782 3349 2077 3421 inquirere

431 3438 771 3493 accenditur
798 3438 938 3508 quid
995 3438 1072 3492 sit
1122 3438 1178 3491 in
1243 3454 1442 3503 causa,
1494 3443 1551 3493 et
1606 3439 1703 3492 ubi
1746 3438 2080 3509 cognoverit

429 3524 759 3589 veritatem,
789 3531 848 3579 et
879 3527 1004 3596 ipse
1062 3526 1264 3580 statim
1320 3526 1648 3597 sequitur»
1705 3527 1807 3598 (Ad
1852 3528 2074 3596 Scapul.

428 3631 556 3683 cap.
591 3613 831 3683 ultim.).
873 3615 945 3667 At
992 3614 1043 3668 si
1092 3614 1337 3683 quilibet
1392 3614 1653 3685 gentilis,
1705 3632 1810 3670 nec
1839 3616 2078 3669 omnino

428 3702 716 3773 pertinax,
753 3717 855 3755 nec
878 3702 1117 3771 iniquus
1149 3719 1343 3757 rerum
1378 3704 1719 3767 asstimator,
1751 3704 1837 3757 sic
1881 3704 2079 3773 agnita

426 3790 768 3846 Christianae
802 3789 1097 3860 religionis
1121 3791 1379 3852 veritate,
1412 3807 1540 3844 eam
1569 3791 1935 3860 amplexatus
1967 3798 2076 3858 est,

427 3883 644 3949 quanto
681 3877 868 3949 magis
898 3878 1313 3944 Tertullianus,
1339 3879 1439 3949 qui
1466 3879 1611 3934 alios
1642 3880 1825 3935 animi
1858 3881 2080 3951 sagaci-

426 3971 543 4022 tate
572 3972 629 4021 et
661 3967 934 4037 aequitate
965 3965 1135 4037 longe
1166 3968 1534 4037 superabat?

497 4074 643 4136 Quid
676 4090 831 4137 vero,
880 4075 1033 4144 quod
1083 4072 1183 4127 ille
1234 4074 1487 4127 maxime
1519 4074 1983 4130 Christianorum
2017 4075 2074 4129 in

429 4163 578 4219 728
610 4163 902 4217 daemones
935 4163 1244 4234 potestatis
1294 4162 1563 4216 oculatus
1609 4164 1776 4216 testis
1814 4163 1946 4228 fuit,
1978 4167 2078 4217 aut

425 4251 631 4307 saltem
659 4252 728 4305 de
759 4250 861 4304 illa
892 4250 972 4303 ita
1000 4266 1337 4320 persuasus.
1371 4256 1435 4304 ut
1465 4252 1733 4305 ethnicos
1755 4252 1822 4304 ad
1853 4253 2076 4321 pericu-

424 4341 547 4394 lum
580 4338 741 4393 illius
768 4355 963 4393 coram
997 4339 1273 4393 omnibus
1318 4340 1645 4393 faciendum
1686 4346 1976 4410 provocet,
2010 4357 2075 4393 ac

425 4429 539 4483 nisi
573 4428 866 4481 daemones
918 4429 988 4480 ab
1040 4426 1155 4481 illis
1198 4428 1473 4497 adjurati,
1527 4444 1588 4481 se
1628 4428 1767 4481 deos
1802 4444 1912 4481 non
1946 4445 2073 4482 esse

426 4517 735 4579 fateantur,
823 4516 1103 4569 horumce
1186 4515 1650 4570 Christianorum
1709 4516 1847 4569 velit
1911 4516 2151 4586 fundiD

425 4602 773 4670 sanguinem
796 4603 823 4655 ‘I
854 4606 945 4665 At,
989 4625 1018 4651 «
1051 4604 1190 4672 quid
1244 4604 1377 4671 isto,
1432 4604 1644 4673 inquit,
1680 4619 1853 4673 opere
1888 4602 2071 4655 mani-

423 4690 651 4753 festius,
680 4690 819 4760 quid
855 4693 959 4744 hac
1001 4692 1341 4761 probatione
1388 4692 1667 4745 fidelius?
1712 4690 2072 4761 Simplicitas

419 4778 684 4832 veritatis
719 4779 777 4832 in
811 4780 1002 4833 medio
1027 4785 1114 4832 est
1148 4802 1174 4827 ››
1207 4780 1412 4849 (Idem,
1453 4780 1728 4849 Apologet.
1780 4796 1905 4850 cap.
1957 4781 2068 4834 23L

420 4866 791 4936 Exploratam
826 4867 1006 4936 igitur
1034 4867 1241 4921 habuit
1300 4868 1478 4938 hujus
1520 4869 1765 4923 rationis
1806 4873 1862 4922 et
1901 4884 2070 4937 expe-

423 4954 644 5008 rientia
688 4954 823 5019 vim,
856 4954 949 5007 cui
998 4972 1032 5008 a
1074 4956 1304 5009 nemine
1352 4956 1465 5010 nisi
1513 4956 1677 5010 falsis
1717 4956 2070 5026 przejudiciis

420 5043 657 5113 penitus
679 5043 985 5107 obcaecato,
1022 5044 1211 5097 resisti
1244 5059 1414 5112 posse
1445 5045 1856 5098 arbitrabatur.

493 5148 608 5202 Nec
658 5148 856 5204 minus
904 5153 1206 5221 perspecta
1238 5150 1347 5220 ipsi
1402 5151 1511 5204 fuit
1556 5151 1865 5223 Scriptura
1895 5169 2068 5207 sacras

421 5237 760 5303 auctoritas,
804 5254 1005 5309 quam,
1045 5238 1256 5309 inquit,
1316 5262 1343 5287 α
1395 5240 1496 5309 qui
1555 5241 1782 5309 adierit,
1816 5241 2069 5297 inveniet

419 5325 636 5391 Deum;
672 5326 770 5397 qui
803 5326 979 5381 etiam
1031 5328 1323 5382 studuerit
1363 5328 1711 5400 intelligere,
1745 5336 1984 5401 cogetur
2013 5336 2070 5385 et

415 5414 650 5469 credere
684 5438 710 5463 »ι
761 5416 922 5485 (Ibid.
975 5433 1101 5487 cap.
1154 5416 1264 5487 l8).
1326 5417 1527 5472 Nonne
1586 5435 1723 5489 ergo
1756 5425 1809 5473 et
1850 5418 1946 5473 ille
1987 5420 2068 5473 ibi

410 5502 594 5558 Deum
656 5504 899 5571 invenit,
956 5510 1013 5561 et
1058 5505 1234 5561 falsos
1293 5506 1529 5579 agnovit
1560 5505 1870 5578 gentilium
1903 5508 2065 5572 deos,

410 5608 476 5648 ac
531 5608 727 5649 veram
786 5611 913 5650 esse
975 5594 1372 5651 Christianam
1433 5594 2065 5667 religionem?Tantis

2197 1850 2439 1905 visione.

2270 1957 2511 2020 Quando
2544 1961 2737 2011 autem
2769 1956 3113 2013 Christianae
3136 1960 3400 2025 religioni
3427 1977 3635 2016 nomen
3666 1962 3826 2017 dede—

2196 2044 2293 2112 rit,
2336 2061 2450 2099 non
2496 2045 2576 2099 ita
2625 2045 2792 2101 facile
2832 2047 3064 2102 dixeris.
3110 2047 3399 2119 Opinatus
3442 2054 3532 2105 est
3559 2050 3705 2105 enim
3736 2055 3826 2103 Pa-

2197 2132 2409 2187 mclius
2438 2133 2650 2187 librum
2684 2133 2748 2189 de
2789 2136 2966 2190 Pallio
3006 2136 3291 2206 publicam
3328 2138 3388 2191 in
3426 2138 3609 2192 lucem
3642 2138 3821 2193 abillo

2196 2222 2477 2276 emissum
2520 2239 2671 2277 anno
2712 2222 2924 2277 Christi
2962 2225 3081 2287 195,
3116 2229 3171 2279 et
3203 2228 3406 2280 statim
3444 2243 3507 2281 ac
3547 2226 3640 2281 ille
3678 2227 3825 2282 Chri-

2197 2312 2383 2365 stiana
2418 2310 2699 2381 religione
2737 2312 3005 2367 initiatus
3050 2314 3179 2368 fuit.
3221 2314 3331 2368 Sed
3375 2315 3526 2370 falsa
3548 2320 3634 2371 est
3663 2316 3822 2383 hujus

2196 2398 2497 2468 scriptoris
2529 2400 2725 2470 opinio
2770 2400 2825 2454 in
2874 2401 3231 2470 assignanda
3269 2403 3454 2474 hujus
3494 2404 3623 2458 libri
3653 2408 3820 2469 astate,

2196 2503 2371 2557 quem
2403 2487 2574 2559 longe
2608 2494 2827 2559 postea,
2869 2490 3150 2545 nimirum
3198 2496 3331 2562 post
3367 2492 3559 2564 ipsius
3581 2510 3611 2546 a
3641 2492 3821 2547 catho-

2193 2574 2315 2630 lica:
2375 2575 2627 2632 Ecclesia
2700 2578 3106 2643 defectionem,
3160 2584 3215 2633 et
3262 2579 3423 2635 circa
3471 2598 3681 2636 annum
3730 2582 3816 2633 211

2196 2664 2480 2735 scriptum
2514 2682 2668 2719 nunc
2702 2666 3005 2736 peritiores
3028 2668 3389 2723 existimant.

2270 2769 2392 2825 Alio
2446 2770 2624 2842 igitur
2669 2772 2840 2825 modo
2890 2772 3364 2844 investigandum
3414 2779 3505 2830 est
3562 2778 3819 2846 susceptae

2197 2858 2267 2913 ab
2294 2858 2391 2913 illo
2419 2859 2597 2929 hujus
2631 2861 3009 2930 professionis
3038 2861 3293 2917 initium.
3329 2863 3619 2919 Discimus
3648 2868 3821 2919 autem

2196 2962 2263 3000 ex
2293 2945 2640 3019 Hieronymo
2694 2947 2904 3004 editam
2957 2951 3027 3004 ab
3077 2966 3143 3005 eo
3190 2950 3256 3006 de
3304 2954 3552 3023 coniugii
3579 2952 3820 3007 molestiis

2196 3036 2793 3092 commentationem:
2858 3037 2991 3092 Cum
3068 3037 3244 3093 adhuc
3326 3046 3469 3096 esset
3532 3040 3820 3096 adolescens

2195 3124 2529 3196 Hieronym.
2578 3124 2680 3179 lib.
2727 3142 2765 3193 ι,
2806 3125 2927 3181 adv.
2976 3128 3154 3183 Jovin.
3188 3144 3318 3198 pag.
3375 3131 3521 3201 157).
3567 3129 3818 3194 Quamvis

2192 3216 2387 3267 autem
2427 3228 2561 3267 eum
2590 3213 2829 3282 juvenili
2862 3220 3029 3270 aetate
3080 3215 3294 3271 lusisse
3337 3217 3399 3271 in
3448 3219 3552 3274 hac
3600 3216 3819 3272 materia

2187 3302 2429 3367 dixerit;
2464 3302 2848 3357 Eustochium
2883 3308 3076 3359 tamen
3122 3305 3411 3377 virginem
3449 3308 3520 3361 ad
3555 3307 3719 3372 hunc,
3750 3305 3819 3359 si-

2187 3396 2285 3443 cut
2340 3394 2395 3444 et
2450 3390 2595 3445 alios
2642 3392 2936 3462 Cypriani,
3001 3393 3257 3460 Damasi,
3326 3400 3507 3466 atque
3551 3392 3812 3450 Ambrosii

2185 3477 2367 3532 libros
2398 3477 2675 3550 legendos
2707 3481 3089 3536 adhortatur:
3128 3503 3155 3531 ‹‹
3189 3483 3255 3536 Et
3291 3500 3471 3549 nunc,
3504 3483 3705 3554 inquit,
3736 3499 3814 3537 ea-

2188 3568 2318 3621 dem
2351 3568 2659 3635 admoneo,
2690 3574 2753 3622 ut
2778 3570 2824 3624 si
2855 3570 2959 3623 tibi
2985 3570 3172 3641 placet
3193 3570 3339 3626 scire
3373 3579 3519 3643 quot
3550 3570 3811 3627 molestiis

2186 3655 2348 3725 virgo
2381 3656 2582 3721 libera,
2618 3661 2759 3728 quot
2790 3674 2934 3713 uxor
2957 3658 3237 3713 adstricta
3271 3660 3367 3725 sit,
3413 3660 3573 3732 legas
3609 3659 3812 3715 Tertul-

2186 3742 2408 3797 lianum
2452 3745 2520 3797 ad
2571 3747 2824 3800 amicum
2861 3746 3299 3818 philosophum.
3341 3772 3361 3796 ι
3417 3751 3621 3818 (Idem,
3658 3748 3811 3818 epist.

2190 3832 2276 3896 l8,
2316 3832 2385 3885 ad
2434 3833 2680 3887 Eustm'h.
2735 3852 2790 3905 p.
2830 3836 2941 3905 37).
2976 3837 3085 3890 Sed
3126 3837 3182 3889 in
3231 3836 3481 3892 dubium
3532 3837 3681 3892 haud
3718 3836 3812 3889 im-

2189 3920 2396 3973 merito
2428 3921 2616 3974 vocari
2650 3928 2836 3990 potest
2887 3929 3082 3977 utrum
3131 3923 3224 3978 hic
3257 3924 3424 3992 liber,
3462 3927 3625 3996 cujus
3646 3926 3759 3995 jam
3787 3939 3814 3975 a

2185 4007 2358 4079 longe
2409 4013 2670 4079 tempore
2721 4010 3017 4081 jacturam
3076 4012 3342 4075 fecimus,
3396 4032 3430 4067 a
3478 4011 3811 4068 Tertulliano

2187 4097 2417 4151 ethnico
2452 4102 2552 4150 aut
2583 4098 2912 4153 Christiano
2964 4100 3139 4154 fuerit
3187 4103 3571 4173 compositus.
3616 4101 3808 4155 Verum

2187 4185 2301 4252 cui,
2334 4185 2560 4254 inquiet
2591 4185 2827 4257 aliquis,
2859 4189 3173 4243 verisimile
3221 4189 3519 4245 videbitur
3557 4190 3810 4258 Hierony-

2186 4289 2348 4327 mum
2398 4274 2738 4329 Christianze
2791 4277 3001 4347 virgini
3055 4284 3349 4331 auctorem
3415 4290 3812 4346 suasoremque

2184 4377 2312 4417 esse
2342 4364 2619 4431 voluisse,
2666 4369 2729 4419 ut
2781 4366 2933 4420 hunc
2991 4368 3141 4419 sicut
3187 4368 3479 4438 Cypriani,
3515 4364 3732 4421 Damasi
3762 4369 3811 4416 et

2188 4452 2335 4506 729
2375 4454 2654 4507 Ambrosii
2702 4453 2882 4507 libros
2934 4455 3349 4524 pervolutaret,
3386 4455 3437 4508 si
3486 4456 3621 4527 quid
3654 4451 3812 4506 vidis-

2182 4544 2270 4592 set
2300 4540 2357 4592 in
2393 4540 2489 4594 illo
2522 4546 2725 4595 contra
2749 4546 2932 4596 statas
2958 4542 3299 4597 Christiana:
3326 4543 3622 4614 religionis
3643 4538 3811 4612 leges?

2182 4630 2481 4690 Quomodo
2534 4634 2727 4683 autem
2790 4630 3186 4684 Tertullianus
3246 4630 3808 4701 hujusmodilibrum

2181 4717 2463 4771 conﬁcere
2501 4719 2705 4788 potuit,
2761 4717 2873 4771 nisi
2927 4718 3135 4772 iisdem
3184 4718 3411 4791 legibus
3440 4720 3667 4774 abunde
3698 4717 3807 4769 fue-

2181 4804 2255 4856 rit
2287 4805 2641 4859 institutus?
2668 4805 2838 4875 Atqui
2878 4805 3096 4876 nullus,
3133 4806 3229 4861 ille
3267 4808 3391 4879 ipso
3452 4813 3621 4873 teste,
3654 4801 3805 4860 Chri-

2181 4892 2433 4947 stianam
2486 4892 2821 4964 religionem
2874 4896 3120 4965 ejusque
3166 4894 3323 4966 leges
3379 4896 3630 4968 agnovit,
3681 4890 3807 4963 quin

2180 4979 2342 5036 illam
2389 4982 2693 5036 confestim
2746 4982 2993 5035 voluerit
3037 4982 3314 5052 profiteri.
3368 4987 3649 5038 Praeterea
3692 4978 3808 5034 Hie-

2182 5085 2460 5141 ronymus
2492 5070 2611 5124 haec
2662 5070 2851 5124 adhuc
2900 5071 2971 5124 de
3012 5069 3110 5125 illo
3161 5072 3452 5127 memoriae
3486 5067 3805 5125 mandavit:

2180 5179 2209 5207 «
2242 5158 2345 5212 Hic
2372 5176 2558 5229 usque
2603 5160 2669 5212 ad
2736 5158 2986 5213 mediam
3050 5165 3277 5215 aetatem
3312 5160 3608 5232 presbyter
3635 5155 3805 5211 Eccle.

2178 5247 2276 5301 sia?
2313 5269 2332 5293 ι
2370 5248 2573 5317 (Idem,
2605 5248 2853 5316 Catalog.
2909 5250 3102 5317 script.
3144 5251 3272 5303 sccl.
3306 5267 3409 5319 cap
3461 5250 3550 5317 53,
3584 5266 3638 5319 p.
3673 5244 3805 5309 115),

2176 5334 2449 5388 videlicet
2480 5336 2775 5390 catholicae
2816 5338 3142 5405 p:rmansit,
3175 5346 3231 5391 et
3262 5337 3473 5391 idcirco
3506 5339 3806 5405 antequam

2179 5422 2439 5476 Montani
2498 5425 2706 5478 hazresi
2768 5424 3023 5479 infectus
3082 5424 3309 5479 fuisset.
3367 5427 3511 5480 Tum
3560 5438 3689 5476 vero
3718 5417 3806 5472 ille

2176 5510 2395 5565 ibidem
2429 5512 2675 5581 adjecit:
2709 5513 2903 5567 Fertur
2959 5515 3155 5568 viviue
3196 5530 3363 5584 usque
3391 5514 3456 5567 ad
3485 5510 3802 5581 decrepitam

2177 5605 2415 5667 atatem,
2447 5599 2517 5654 ad
2575 5616 2795 5655 annum
2856 5600 3077 5657 scilicet
3137 5602 3579 5674 octogesimum,
3623 5601 3720 5653 aut
3758 5593 3802 5648 si
