4106 6178
294 304 411 367 809

1016 304 1096 366 ΙΝ
1140 302 1747 367 APOLOGETICUM
1791 294 1864 365 D'.
1911 305 2008 365 LE
2054 305 2383 366 NOURRY
2426 304 2975 369 DlSSERTATIO.

3580 305 3705 368 810

290 438 455 506 velis,
490 436 962 509 nonagesimum.
994 439 1360 496 Ortbodoxus
1391 439 1571 511 igitur
1627 439 1931 511 presbyter
1960 440 2015 508 Α
2043 438 2463 495 catholicorum
2494 439 2707 512 opinio.
2740 441 2825 497 Ab
2857 439 2955 496 illo
2988 440 3145 496 enim
3166 440 3352 498 editos
3372 439 3702 513 suspican-

291 528 618 600 permansit
646 530 718 581 ad
750 544 971 583 annum
1003 530 1186 584 artatis
1208 546 1327 585 suae
1361 530 1590 585 circiter
1611 529 1938 602 quadrage-

290 619 528 672 simum.
562 618 639 671 At
672 633 774 671 nec
806 624 945 671 tunc
979 619 1230 688 primum
1264 618 1522 690 quidem,
1584 636 1689 673 nec
1740 619 1937 673 statim

292 712 421 775 post
449 706 729 762 emissam
761 706 1104 761 Christianae
1138 707 1439 779 religionis
1492 708 1938 779 professionem,

292 797 361 848 ad
399 795 553 849 hunc
584 812 818 850 sacrum
860 796 1124 851 ordinem
1185 800 1421 852 evectus
1483 797 1735 851 videtur.
1795 800 1939 863 Ergo

282 884 531 955 juvenili
563 884 623 939 in
656 888 822 940 estate
853 901 921 939 ex
951 885 1183 941 ethnico
1215 886 1581 941 Christianus
1615 888 1800 940 factus
1857 885 1938 939 vi-

290 976 483 1029 detur.
516 973 730 1037 Quanti
763 978 958 1029 autem
994 974 1052 1029 in
1098 979 1221 1030 tota
1279 975 1386 1029 hac
1436 975 1941 1046 argumentatione

289 1064 369 1118 sit
398 1063 696 1135 ponderis,
728 1063 895 1134 periti
923 1064 1140 1135 quique
1184 1064 1583 1136 pronuntient.

894 1213 1216 1252 ARTICULUS
1250 1214 1328 1251 IV.

289 1291 363 1343 De
416 1286 743 1342 Tertultiani
815 1288 1086 1356 conjugzo,
1162 1295 1213 1340 et
1286 1302 1499 1341 summo
1583 1288 1942 1343 continenti}?

358 1376 550 1413 amore
570 1375 589 1419 ,'
644 1358 709 1412 de
746 1362 869 1427 ejus
907 1358 1251 1418 sacerdotio:
1300 1368 1490 1428 utrum
1527 1358 1810 1428 presbyter
1850 1361 1940 1428 fa-

358 1436 499 1492 ctus,
548 1433 881 1485 maritorum
946 1447 1097 1485 more
1153 1447 1277 1483 cum
1326 1446 1500 1484 uxore
1562 1433 1785 1494 vixerit,
1842 1446 1941 1485 nec

354 1504 529 1557 sacris
585 1503 874 1557 ordinibus
932 1504 1181 1556 initiatos
1239 1502 1561 1556 distinxerit
1617 1520 1649 1555 a
1729 1503 1937 1557 (uicis:

359 1575 635 1646 quodnam
662 1576 836 1642 fuerit
867 1573 1023 1646 illius
1056 1573 1277 1646 videndi
1305 1590 1502 1645 genus.
1532 1588 1696 1642 quam
1726 1574 1939 1642 asperis

358 1644 644 1700 inoribus:
698 1644 961 1715 quomodo
989 1654 1039 1699 et
1091 1644 1315 1715 quando
1362 1648 1418 1699 in
1468 1648 1939 1700 Montanistarum

359 1718 619 1774 haeresim
642 1717 954 1785 prolapsus,
986 1733 1048 1771 ac
1075 1733 1180 1786 quo
1226 1719 1415 1773 etatis
1462 1732 1581 1772 sua:
1626 1721 1677 1773 et
1730 1718 1942 1772 Christi

360 1806 507 1845 anno
532 1790 827 1859 longiorem
858 1793 1025 1843 vitam
1045 1788 1274 1857 finierit.

363 1903 611 1959 Uxorem
643 1912 791 1958 certe
820 1902 1215 1958 Tertullianus
1248 1902 1474 1971 habuit,
1510 1919 1757 1975 eamque
1779 1902 1941 1958 Chri-

291 1993 572 2060 stianam,
605 1992 691 2047 uti
723 2009 790 2047 ex
822 1992 1074 2056 duobus,
1128 2009 1275 2062 quos
1334 1992 1403 2046 ad
1466 1992 1620 2047 illam
1683 1992 1941 2065 scripsit,

288 2082 459 2137 libris
486 2080 924 2136 evidentissima
956 2080 1419 2135 demonstratur.
1453 2082 1525 2134 At
1557 2084 1767 2135 nostra;
1801 2085 1943 2135 sata-

289 2171 368 2225 tis
403 2170 717 2240 scriptores
750 2170 806 2223 in
838 2168 1291 2223 controversiam
1340 2175 1551 2223 vocant
1596 2173 1793 2223 utrum
1845 2169 1941 2225 ille

291 2259 487 2313 adhuc
516 2258 771 2330 gentilis,
808 2264 908 2312 aut
939 2257 1305 2312 Christianus
1340 2258 1498 2313 illam
1530 2258 1807 2329 gentilem
1844 2263 1943 2313 aut

289 2347 686 2402 Christianam
712 2347 961 2401 duxerit.
998 2346 1141 2401 Nam
1204 2364 1328 2402 mos
1386 2347 1644 2418 quidem,
1699 2355 1761 2401 ut
1818 2348 1942 2419 ipse

290 2436 693 2492 Tertullianus
743 2441 1012 2501 testatur,
1073 2436 1422 2491 Christianis
1481 2442 1619 2490 tunc
1675 2441 1817 2501 erat,
1881 2440 1945 2491 ut

290 2526 512 2581 inirent
542 2526 909 2580 ethnicorum
947 2524 1257 2580 mulierum
1318 2525 1633 2591 connubia,
1686 2525 1941 2579 nullum-

290 2633 407 2688 que
441 2616 497 2669 in
533 2615 693 2670 illius
725 2614 1046 2669 aliorumve
1074 2615 1309 2685 scriptis
1360 2620 1549 2669 exstat
1609 2614 1942 2685 vestigium,

290 2722 409 2776 quo
434 2704 787 2775 deprehendi
815 2704 1001 2774 possit
1025 2708 1216 2757 utrum
1251 2703 1370 2765 ille,
1395 2704 1572 2758 ducta
1595 2705 1715 2773 jam
1748 2720 1943 2770 uxore,

290 2794 361 2848 ad
394 2792 612 2847 Christi
657 2797 846 2847 castra
908 2791 1314 2846 convolaverit.
1376 2792 1590 2846 Verum
1643 2791 1692 2846 si
1751 2809 1818 2846 ex
1873 2792 1947 2846 iis

294 2900 425 2953 quae
458 2881 634 2952 paulo
694 2886 827 2935 ante
882 2880 1160 2951 diximus,
1223 2881 1421 2935 inferri
1481 2882 1665 2952 possit
1722 2881 1792 2936 ab
1846 2881 1946 2935 illo

290 2972 490 3027 adhuc
517 2972 728 3039 juvene
770 2970 827 3023 in
860 2969 1019 3041 leges
1050 2970 1263 3025 Christi
1304 2970 1599 3041 juratum,
1653 2986 1843 3025 nonne
1893 2976 1948 3025 et

289 3063 433 3117 hinc
465 3077 701 3133 quoque
732 3059 1001 3115 concludi
1032 3065 1223 3132 potest
1255 3060 1492 3115 ductam
1524 3061 1595 3115 ab
1629 3077 1694 3115 eo
1748 3064 1949 3132 postea

289 3167 536 3206 uxorem
562 3150 589 3204 ?
621 3149 727 3204 Ubi
760 3149 919 3203 enim
953 3148 1319 3203 Christianus
1352 3149 1541 3222 factus
1586 3154 1696 3213 est,
1740 3148 1943 3219 majori
1978 3183 2021 3249 Ε

287 3239 670 3295 observandas
701 3237 1040 3292 Christianae
1073 3237 1215 3309 legis
1238 3238 1433 3292 studio
1470 3253 1701 3307 semper
1730 3237 1941 3309 flagra-

285 3330 389 3394 vit,
427 3344 605 3399 quam
633 3332 697 3381 ut
731 3328 853 3399 ipse
884 3326 1253 3382 Christianus
1294 3326 1468 3381 aliam
1529 3326 1587 3380 in
1640 3326 1943 3381 matrimo-

286 3419 485 3479 nium,
520 3416 633 3470 nisi
680 3416 1065 3470 Christianam
1129 3415 1435 3486 acciperet.
1490 3416 1555 3470 Et
1594 3432 1727 3470 vero
1772 3416 1831 3470 in
1863 3415 1942 3470 ci-

285 3508 431 3563 tatis
461 3505 531 3561 ad
556 3521 784 3560 uxorem
818 3505 983 3559 libris
1016 3505 1065 3561 ei
1111 3506 1464 3577 persuadere
1503 3510 1767 3574 conatur,
1801 3509 1864 3559 ut
1895 3504 1943 3559 si

283 3597 415 3669 ipse
453 3594 611 3666 prior
640 3612 707 3648 ex
738 3594 845 3648 hac
877 3594 994 3648 vita
1043 3593 1401 3665 migraverit,
1454 3599 1555 3647 aut
1604 3597 1946 3664 permaneat

287 3686 347 3738 in
384 3682 693 3739 viduitatis
725 3688 903 3751 statu,
952 3688 1053 3736 aut
1100 3682 1428 3737 Christiano
1469 3683 1653 3737 nubat
1700 3683 1843 3747 viro,
1894 3682 1943 3736 si

285 3772 432 3827 velit
463 3771 741 3827 secundis
775 3772 997 3842 nuptiis
1029 3770 1260 3841 illigari.
1314 3772 1518 3825 Nonne
1569 3776 1761 3825 autem
1810 3787 1945 3826 vero

291 3878 543 3933 prorsus
573 3859 765 3915 simile
811 3865 918 3929 est,
964 3859 1132 3914 illum
1184 3860 1449 3930 paruisse
1493 3859 1742 3931 legibus,
1798 3877 1945 3930 quas

284 3950 460 4006 uxori
492 3967 612 4004 suis
645 3947 1004 4020 praescripsit
1024 3948 1052 4001 ‘l
1082 3948 1189 4003 Sed
1212 3950 1385 4003 hasce
1412 3949 1781 4019 conjecturas
1802 3949 1945 4003 alio-

285 4057 423 4095 rum
458 4038 681 4108 judicio
712 4037 1128 4110 permittimus.

357 4132 509 4181 Cum
543 4143 646 4180 sua
672 4143 840 4197 porro
873 4143 1048 4181 uxore
1080 4125 1502 4193 Tertullianus,
1537 4124 1709 4180 solito
1742 4126 1944 4195 conju-

281 4234 430 4290 gum
468 4231 648 4281 more,
684 4215 838 4269 haud
873 4214 1048 4269 dubie
1074 4214 1325 4279 vivebat,
1358 4215 1594 4285 quando
1625 4214 1709 4268 illi
1766 4213 1947 4268 libros

282 4308 558 4378 proxime
588 4304 858 4359 laudatos
890 4305 1122 4358 direxit.
1162 4309 1294 4357 Eam
1320 4304 1558 4375 quippe,
1579 4305 1627 4358 si
1650 4302 1774 4375 ipse
1796 4303 1951 4373 prior

284 4398 605 4458 moriatur,
640 4397 709 4449 ad
745 4396 1167 4450 continentiam
1202 4398 1261 4450 in
1295 4396 1575 4451 viduitate
1600 4396 1946 4451 servandam

282 4488 369 4542 sic
404 4485 790 4539 cohortatur:
833 4508 852 4533 ιι
892 4487 957 4539 Et
988 4486 1141 4555 quod
1174 4485 1232 4539 in
1276 4485 1671 4551 matrimonio,
1735 4486 1946 4556 inquit,

1970 1823 2017 1886 B

2049 533 2145 583 tur
2175 534 2294 583 tam
2330 530 2765 601 ingravescente
2825 531 3033 601 ipsius,
3094 547 3270 602 quam
3326 531 3566 586 ﬂorente
3627 549 3694 588 ac

2047 618 2239 673 vivida
2287 619 2482 673 uxoris
2538 624 2723 674 letate.
2785 621 3176 686 Quamobrem
3239 626 3449 692 putant
3505 621 3563 675 in
3623 621 3696 677 iis

2051 706 2336 773 conditas,
2364 707 2518 762 illius
2542 708 2711 779 quasi
2743 710 3081 763 testamenti
3125 708 3377 765 tabulas.
3409 710 3520 765 Sed
3574 728 3690 766 non

2052 794 2206 850 aliud
2237 796 2529 867 opinionis
2580 814 2697 851 suae
2746 803 3160 867 argumentum
3212 800 3535 869 proferunt,
3588 800 3701 855 nisi

2051 885 2173 940 haec
2195 885 2537 940 Tertulliani
2558 886 2751 952 verba,
2779 903 2903 957 quae
2929 887 3138 958 prioris
3169 886 3302 943 libri
3323 888 3492 943 initio
3514 887 3594 943 ita
3614 888 3702 944 le-

2052 980 2273 1046 guntur
2306 991 2318 1029 z
2352 994 2383 1026 α
2410 974 2556 1029 Nam
2587 974 2966 1030 saecularibus
2996 982 3334 1047 satagentes
3365 994 3599 1044 sumus,
3641 981 3699 1033 et

2053 1064 2284 1131 utrique
2317 1068 2580 1117 nostrum
2632 1064 2968 1119 consultum
3017 1064 3309 1121 volumus.
3357 1066 3413 1121 Si
3474 1065 3693 1122 talibus

2052 1152 2411 1219 ordinamus,
2449 1169 2554 1207 cur
2584 1170 2696 1207 non
2732 1154 2917 1225 magis
2942 1154 3013 1209 de
3043 1154 3255 1209 divinis
3287 1164 3462 1226 atque
3494 1154 3695 1211 calles-

2050 1242 2209 1298 tibus
2243 1241 2569 1312 posteritati
2609 1246 2823 1297 nostrae
2862 1244 3191 1315 prospicere
3239 1245 3583 1311 debeamus,
3639 1248 3699 1301 et

2049 1330 2307 1402 legatum
2343 1332 2777 1402 quodammodo
2809 1331 3121 1404 praelegare
3153 1333 3616 1389 admonitionem
3639 1341 3697 1390 et

2052 1421 2615 1476 demonstrationem
2648 1438 2874 1489 eorum,
2906 1438 3034 1493 quae
3064 1439 3131 1477 ex
3155 1422 3325 1477 bonis
3348 1422 3698 1477 immortali-

2053 1510 2183 1573 bus,
2207 1514 2262 1565 et
2294 1510 2362 1563 de
2394 1510 2731 1565 haereditate
2754 1510 3029 1565 cmlorum
3056 1511 3374 1582 deputatur
3396 1510 3423 1565 ?
3457 1532 3485 1560 »
3508 1510 3699 1583 (lbid.,

2051 1616 2176 1670 cap.
2216 1600 2289 1669 1.)
2321 1600 2426 1653 Sed
2464 1600 2601 1669 quia
2632 1600 2689 1653 in
2724 1599 2920 1654 codice
2954 1600 3267 1671 Agobardi,
3302 1599 3384 1655 uti
3417 1616 3525 1655 nos
3578 1618 3701 1657 mo-

2051 1694 2148 1743 net
2190 1688 2497 1760 Rigaltius,
2557 1688 2647 1742 bis
2709 1688 2924 1760 legitur
2980 1689 3199 1755 talibus,
3250 1689 3308 1744 id
3369 1693 3695 1745 correctum

2048 1777 2251 1847 voluit,
2308 1794 2373 1831 ac
2418 1776 2760 1848 legendum:
2825 1778 3037 1833 Talibus
3076 1778 3287 1833 tabulas
3339 1778 3698 1841 ordinamus;

2050 1874 2105 1921 et
2162 1868 2296 1921 inde
2352 1866 2575 1937 colligit
2626 1866 2731 1921 hos
2792 1865 2971 1921 libros
3033 1866 3369 1922 testamenti
3424 1867 3617 1923 instar
3663 1883 3699 1922 a

2050 1955 2430 2023 Tertulliano,
2465 1960 2633 2010 aetate
2655 1957 2780 2026 jam
2826 1955 3143 2027 plurimum
3196 1962 3484 2028 provecto,
3535 1972 3697 2012 com-

2052 2045 2293 2117 positos.
2326 2044 2554 2116 (Rigalt.
2591 2048 2710 2100 not.
2750 2046 2772 2099 1
2809 2044 2866 2098 in
2890 2044 3047 2100 hunc
3075 2045 3233 2117 libr.)

2122 2154 2233 2207 Sed
2268 2153 2499 2207 tametsi
2534 2168 2625 2206 res
2655 2152 2735 2206 ita
2774 2156 2949 2219 esset,
2999 2152 3288 2224 numquid
3341 2156 3699 2209 testamenta

2051 2257 2373 2312 nunquam,
2408 2240 2521 2295 nisi
2561 2241 2999 2311 ingravescente
3022 2241 3148 2311 jam
3173 2246 3365 2310 aetate,
3400 2242 3470 2297 ab
3504 2241 3701 2298 homi-

2052 2330 2225 2384 nibus
2268 2331 2417 2384 facta
2463 2329 2891 2400 obsignataque
2940 2329 3126 2385 sunt?
3175 2330 3473 2401 Numquid
3525 2346 3701 2386 nemo

2053 2418 2311 2490 prudens
2342 2419 2537 2487 homo,
2564 2434 2629 2473 ac
2664 2418 2985 2489 praesertim
3023 2418 3412 2486 Christianus,
3447 2419 3557 2473 etsi
3598 2420 3701 2475 ﬂo-

2054 2512 2215 2563 rente
2246 2507 2437 2562 adhuc
2490 2512 2680 2573 aetate,
2737 2508 2806 2561 de
2853 2511 3041 2563 morte
3093 2524 3326 2578 semper
3379 2508 3604 2565 incerta
3647 2513 3705 2564 et

2056 2602 2405 2652 testamento
2437 2613 2544 2651 suo
2597 2596 3019 2652 conscribendo
3063 2597 3391 2669 cogitavit?
3441 2599 3509 2653 At
3552 2602 3705 2655 certe

2056 2687 2451 2742 Tertullianus
2483 2702 2549 2741 eo
2582 2685 2791 2756 potiori
2816 2687 2947 2752 jure
2977 2686 3047 2741 de
3078 2686 3177 2741 illo
3209 2686 3527 2745 condendo.
3564 2704 3705 2759 qua-

2056 2776 2198 2830 libet
2230 2779 2396 2831 tetate
2425 2792 2533 2829 sua
2590 2775 2846 2845 cogitare
2903 2774 3123 2842 debuit,
3185 2776 3339 2846 quod
3399 2781 3540 2831 tunc
3592 2793 3700 2832 saa-

2055 2864 2349 2919 vientibus
2404 2864 2464 2918 in
2525 2864 2890 2919 Christianos
2946 2864 3219 2934 ethnicis,
3279 2864 3505 2921 nescire
3578 2882 3696 2921 non

2058 2958 2284 3026 poterat
2316 2953 2492 3007 vitam
2552 2969 2719 3008 suam
2777 2953 3038 3023 quotidie
3096 2952 3434 3025 periclitari.
3494 2954 3698 3011 Nonne

2058 3043 2231 3099 etiam
2260 3041 2376 3109 ille,
2412 3046 2574 3097 tanto
2622 3047 2863 3113 tamque
2911 3042 3221 3114 singulari,
3272 3041 3357 3097 uti
3416 3043 3697 3113 diximus,

2060 3131 2427 3186 continentiae
2468 3130 2873 3201 castitatisque
2903 3148 3101 3187 amore
3120 3148 3353 3203 semper
3397 3132 3703 3200 incensus,

2060 3221 2249 3292 potuit
2276 3219 2532 3289 quolibet
2564 3220 2695 3274 vitae
2725 3237 2847 3275 sua:
2875 3226 3139 3291 tempore
3170 3237 3409 3276 uxorem
3429 3238 3599 3277 suam
3629 3222 3701 3277 ad

2053 3325 2199 3378 eam,
2234 3309 2281 3363 si
2310 3324 2573 3379 unquam
2608 3308 2782 3364 vidua
2815 3308 2981 3377 foret,
3006 3310 3467 3365 conservandam
3492 3309 3705 3365 adhor-

2055 3398 2165 3453 tari
2193 3398 2212 3451 ?
2242 3397 2324 3451 Ad
2358 3397 2479 3451 haec
2510 3414 2644 3451 vero
2672 3396 2720 3452 si
2753 3396 2874 3466 illa,
2907 3412 3042 3451 cum
3074 3397 3471 3454 Tertullianus
3519 3399 3699 3454 eden-

2055 3487 2145 3542 dis
2178 3487 2270 3541 his
2299 3486 2466 3541 libris
2498 3502 2735 3557 operam
2769 3486 2969 3551 dabat,
3001 3486 3192 3542 adhuc
3224 3492 3370 3554 erat,
3402 3492 3468 3543 ut
3508 3487 3696 3554 aiunt,

2054 3575 2263 3640 vivida,
2297 3574 2586 3645 numquid
2618 3591 2685 3630 ex
2734 3575 2866 3630 ficta
2921 3576 3309 3646 quorumdam
3361 3575 3519 3632 illius
3568 3592 3697 3631 ver-

2054 3665 2260 3719 borum
2294 3663 2719 3735 signiticatione
2750 3664 3017 3719 concludi
3052 3670 3242 3736 potest
3271 3664 3439 3720 illum
3498 3681 3699 3721 senem

2056 3753 2236 3809 fuisse
2268 3758 2367 3807 aut
2396 3752 2756 3823 decrepitum
2778 3753 2805 3807 ‘I
2836 3753 3032 3824 Neque
3062 3754 3339 3809 audiendi
3387 3757 3548 3821 sunt,
3599 3755 3701 3826 qui

2056 3842 2341 3913 objiciunt
2372 3842 2542 3914 plura
2597 3842 2655 3895 in
2728 3842 2818 3896 bis
2876 3842 3043 3898 libris
3100 3860 3424 3909 occurrere,
3482 3844 3700 3915 quibus

2055 3930 2451 3987 Tertullianus
2483 3947 2660 3984 suum
2693 3930 2749 3984 in
2783 3929 3312 4003 Montanistasjam
3342 3948 3701 4004 propensum

2056 4021 2320 4076 animum
2353 4020 2645 4091 patefacit.
2704 4019 3001 4090 Numquid
3055 4020 3209 4074 enim
3272 4020 3414 4090 quia
3464 4037 3701 4075 uxorem

2057 4126 2222 4164 suam
2247 4110 2316 4163 ad
2352 4109 2769 4163 continentiam
2805 4108 3153 4163 adhortatur
3177 4111 3199 4162 Ρ
3226 4110 3297 4162 At
3328 4122 3521 4163 nonne
3578 4108 3704 4176 ipse

2057 4199 2232 4253 etiam
2264 4196 2481 4251 Paulus
2528 4194 2827 4267 apostolus
2882 4194 3250 4251 Christianos
3308 4195 3379 4248 ad
3437 4195 3704 4248 eamdem

2055 4288 2333 4340 virtutem
2368 4284 2704 4339 cohortatus
2735 4284 2863 4339 est?
2902 4284 3010 4337 Sed
3044 4283 3234 4345 Enobis
3285 4282 3504 4336 sufﬁcit
3550 4282 3706 4353 quod

2059 4376 2383 4430 concedant
2413 4372 2840 4428 'l‘ertullianum
2875 4389 3007 4426 cum
3042 4372 3149 4426 bos
3182 4372 3251 4425 ad
3286 4386 3524 4425 uxorem
3558 4370 3709 4425 scri-

2061 4465 2233 4519 bebat
2262 4463 2465 4531 libros,
2510 4462 2772 4517 nondum
2825 4462 2883 4515 in
2946 4460 3439 4515 Montanistarum
3482 4460 3712 4530 lapsum

284 4593 404 4630 non
482 4573 800 4638 valuimus,
860 4574 917 4627 in
976 4549 1258 4628 viduitate
1318 4579 1628 4630 sectemur.
1661 4549 1955 4645 'Amplec-
1988 4558 2030 4621 D
2066 4554 2556 4645 Γυξδεξῖθποτθωθ
2596 4551 2679 4605 Ad
2714 4551 2967 4645 Πξεῗάίθφ
3016 4549 3172 4645 βηίιη
3222 4565 3423 4645 "SS"?
3455 4554 3710 4615 atatem,

283 4664 473 4720 tenda
531 4662 760 4718 occasio
817 4667 927 4731 est,
987 4680 1112 4734 quae
1170 4663 1400 4733 adimit,
1438 4665 1592 4718 730
1647 4665 1803 4734 quod
1855 4682 1954 4719 ne-

286 4753 546 4809 cessitas
577 4750 908 4822 imperabat
943 4774 968 4799 »
1000 4751 1263 4817 (Tertull.
1296 4752 1398 4806 lib.
1435 4770 1452 4805 1
1484 4754 1562 4807 ad
1596 4752 1761 4809 Uxor.
1825 4769 1952 4825 cap.

284 4846 370 4910 7.)
405 4844 706 4907 Quorsum
740 4839 895 4895 enim
929 4840 1050 4894 haec
1082 4842 1149 4893 ad
1208 4841 1365 4895 illam
1418 4841 1553 4895 fecit
1598 4843 1792 4908 verba,
1842 4843 1889 4896 si
1924 4860 1957 4897 a

287 4935 583 4986 consueto
618 4928 978 4983 matrimonii
1018 4945 1126 4983 usu
1186 4929 1311 4999 ipse
1351 4946 1613 5000 uxorque
1663 4930 1792 5000 ejus
1845 4930 1957 4985 sibi

290 5035 537 5090 semper
594 5017 1129 5087 temperavissent?
1186 5018 1369 5073 Nemo
1428 5023 1624 5073 tamen
1686 5024 1797 5086 est,
1858 5019 1955 5090 qui

291 5110 436 5165 inde
499 5123 615 5162 non
672 5105 963 5177 intelligat
1020 5111 1239 5177 quanto
1299 5107 1704 5163 Tertullianus
1773 5109 1957 5163 conti-

291 5196 516 5252 nentize
576 5195 978 5265 castitatisque
1023 5195 1219 5250 studio
1274 5195 1674 5252 inflammatus
1731 5213 1961 5267 semper

292 5285 509 5341 fuerit.

370 5373 580 5428 Minus
608 5374 803 5426 autem
866 5370 1081 5426 mirum
1132 5372 1408 5429 omnibus
1457 5372 1639 5429 videri
1698 5374 1958 5438 deberet,

292 5461 463 5533 quod
517 5460 614 5515 ille
661 5477 899 5516 uxorem
948 5477 1116 5516 suam
1173 5462 1243 5517 ad
1296 5462 1713 5518 continentiam
1761 5463 1854 5519 his
1900 5465 1959 5519 in

294 5551 479 5606 libris
510 5549 876 5616 adhortetur,
937 5550 987 5605 si
1044 5567 1182 5606 vera
1241 5552 1317 5606 sit
1375 5553 1445 5607 de
1506 5557 1789 5624 tempore,
1848 5571 1960 5623 quo

297 5640 512 5711 scripti
540 5644 697 5699 sunt.
724 5641 1117 5710 quorumdam
1148 5658 1283 5696 cum
1309 5642 1961 5712 heterodoxorum,tum

601 5768 865 5828 Panos.
911 5766 963 5827 Ι.

2067 4642 2151 4697 uti
2193 4641 2577 4713 Hieronymus
2612 4657 2644 4695 a
2674 4640 2842 4695 nobis
2891 4639 3109 4694 citatus
3160 4638 3530 4707 testificatur,
3580 4656 3712 4711 pre-

2066 4732 2264 4802 sbyter
2304 4728 2601 4784 catholica:
2666 4728 2927 4784 Ecclesia:
2981 4728 3108 4783 fuit.
3163 4732 3310 4799 Ergo
3358 4727 3530 4801 longe
3577 4733 3713 4785 ante

2067 4824 2425 4875 senectutem
2456 4834 2625 4873 suam
2662 4818 2840 4873 libros
2872 4817 3004 4873 illos
3033 4822 3461 4889 composuerat.

2139 4932 2214 4981 At
2244 4926 2742 4997 quemadmodum
2777 4925 2847 4979 de
2878 4923 3223 4979 Tertulliani
3254 4925 3527 4997 conjugio
3577 4941 3716 4980 con-

2069 5021 2208 5083 stat,
2270 5016 2350 5070 ita
2399 5030 2539 5069 sane
2589 5019 2753 5069 extra
2800 5014 3044 5069 dubium
3092 5029 3223 5069 esse
3267 5013 3499 5069 videtur
3544 5014 3713 5070 illum

2068 5123 2235 5162 sacro
2276 5105 2717 5176 presbyteratus
2767 5103 2969 5159 ordine
3028 5103 3209 5159 fuisse
3268 5102 3715 5176 inauguratum.

2069 5197 2295 5251 Etenim
2329 5194 2742 5265 Hieronymus,
2779 5196 2921 5249 731
2960 5197 3017 5248 et
3046 5192 3180 5247 libri
3213 5194 3285 5247 de
3333 5194 3717 5250 Prsedestina-

2068 5289 2259 5340 torum
2295 5282 2501 5337 haeresi
2530 5287 2734 5336 auctor
2781 5282 2947 5336 illum
2987 5281 3255 5337 Ecclesia!
3309 5283 3718 5355 presbyterum

2070 5373 2227 5427 haud
2254 5371 2595 5426 dubitanter
2618 5370 2913 5443 appellent
2935 5370 3297 5442 (Hieronym.
3330 5373 3510 5428 Catal.
3528 5374 3717 5445 script.

2070 5462 2209 5517 Eccl.
2273 5477 2399 5533 cap.
2460 5461 2549 5527 53,
2608 5478 2740 5533 pag.
2800 5460 2942 5527 H5;
3019 5460 3350 5517 Prmdestin.
3422 5479 3551 5532 cap.
3625 5462 3717 5527 26,

2072 5567 2205 5622 pag.
2236 5550 2350 5621 28).
2385 5550 2771 5613 Quamobrem
2806 5550 3031 5605 Alixius
3062 5555 3398 5605 memorata;
3459 5546 3715 5619 Rigaltii,

2070 5642 2143 5696 de
2169 5641 2337 5695 libris
2371 5659 2401 5695 a
2435 5640 2793 5697 Tertulliano
2817 5642 2943 5711 jam
2972 5646 3135 5697 aetate
3164 5640 3424 5696 contecto
3456 5638 3528 5694 ad
3584 5652 3720 5693 uxo-

3365 5768 3443 5826 26
