4106 6178
314 280 317 281 ί
401 242 515 335 ευ

822 222 827 227 η
929 267 1455 330 TERTULLIANI
1499 264 1826 328 Ol’ERUM
1873 266 2070 326 PARS
2114 264 2160 325 Ι.
2188 300 2266 309 -
2296 267 2570 341 SERiES
2620 270 2667 342 1,
2714 270 3289 332 APOLOGETICA.

3653 278 3755 338 8U

404 422 530 462 rem
562 403 817 475 scriptis,
877 400 1135 472 opinioni
1187 416 1252 455 eo
1309 399 1607 455 lubentius
1662 397 2036 469 subscripsit.
2082 400 2136 466 Α
2168 398 2465 469 loquitur:
2521 423 2549 452 «
2578 402 2679 457 Est
2722 401 2895 458 hodie
2942 419 3109 458 soror
3156 404 3304 459 732
3347 406 3493 476 apud
3539 423 3636 463 nos
3678 426 3763 464 re-

408 496 564 568 quod
596 494 731 548 inde
759 491 964 546 conﬁci
996 506 1167 563 posse
1199 490 1442 559 putabat
1488 487 1761 544 eumdem
1816 486 2046 541 Tertul-

406 585 653 653 lianum,
684 584 997 652 postquam
1024 578 1324 650 presbyter
1358 578 1544 632 factus
1569 580 1677 645 est,
1707 592 1838 631 cum
1864 592 2041 631 uxore

410 690 517 729 sua
544 671 715 727 solito
744 669 958 724 vixisse
990 684 1149 723 more
1182 666 1447 722 maritali.
1489 667 1599 721 Sed
1633 665 1752 719 haec
1810 670 2048 720 senten~

408 762 493 819 tia
522 767 579 817 et
603 759 843 816 ruinoso
887 775 1147 829 prorsus,
1211 755 1293 811 uti
1352 756 1783 823 adnotavimus,
1840 754 2049 809 funda-

408 855 629 915 mento,
660 865 726 903 ac
759 847 922 903 falsis
965 846 1308 901 Calvinianae
1360 844 1645 899 haereseos
1697 842 2050 913 praejudiciis

310 934 311 937 “
407 940 610 996 innixa
637 942 745 993 est.
778 937 843 991 Et
873 940 1027 992 certo
1059 952 1174 1006 quo
1209 933 1414 1004 majori
1446 932 1812 989 continentiae
1852 933 2049 987 studio

406 1029 827 1094 Tertullianus,
861 1032 925 1082 ut
957 1025 1172 1096 saepius
1203 1024 1481 1090 diximus,
1527 1023 1788 1091 ardebat,
1828 1040 1893 1077 eo
1944 1024 2053 1077 mi-

312 1184 315 1187 _
408 1136 522 1175 nus
553 1115 855 1190 probabile
885 1120 975 1171 est
1004 1113 1195 1179 illum,
1247 1116 1557 1185 postquam
1617 1111 2052 1182 presbyteratus

410 1208 602 1264 ordini
633 1206 927 1276 ascriptus
958 1203 1085 1267 fuit,
1120 1219 1233 1257 non
1267 1202 1501 1257 stetisse
1546 1202 1603 1255 in
1654 1200 1901 1255 aliorum
1952 1200 2052 1255 La-

411 1298 544 1353 tinae
575 1294 845 1350 Ecclesia;
898 1293 1265 1348 sacerdotum
1316 1290 1599 1362 vestigiis,
1649 1290 1748 1360 qui
1797 1305 1925 1344 sese
1983 1289 2055 1344 ab

413 1386 582 1442 solita
612 1400 858 1440 uxorum
890 1381 1313 1437 consuetudine
1344 1380 1737 1435 continebant.
1766 1377 2056 1433 Paucissi-

415 1491 544 1531 mos
574 1473 865 1544 siquidem
906 1478 1080 1543 atque
1128 1472 1200 1526 ad
1251 1486 1554 1525 summum
1604 1468 1751 1522 duos
1800 1467 1884 1523 vel
1937 1472 2055 1523 tres

413 1563 700 1633 invenias,
736 1562 835 1633 qui
867 1578 1037 1617 secus
1067 1561 1311 1631 egerint.
1343 1560 1522 1614 Nemo
1554 1563 1746 1612 autem
1778 1556 1897 1611 ulla
1944 1575 2054 1611 un-

416 1669 592 1725 quam
634 1652 856 1706 ratione
904 1650 1173 1705 ostendet
1220 1647 1647 1703 Tertullianum
1700 1646 1909 1700 horum
1962 1663 2058 1717 po-

409 1743 553 1809 tius,
583 1757 757 1811 quam
789 1740 1025 1794 illorum
1056 1738 1168 1793 sibi
1201 1738 1271 1792 ad
1298 1736 1651 1791 imitandum
1678 1735 2054 1807 proposuisse

409 1830 693 1901 exempla.

478 1955 695 2009 Verum
727 1952 877 2007 alius
910 1951 1105 2006 nescio
1137 1950 1270 2021 quis
1303 1949 1574 2013 forsitan,
1605 1964 1907 2003 sacrorum
1961 1965 2052 2003 or-

411 2044 617 2098 dinum
656 2044 1045 2112 oppugnator.
1082 2055 1115 2093 a
1146 2038 1316 2092 nobis
1366 2036 1709 2108 postulabit,
1766 2053 1869 2091 cur
1915 2038 2048 2091 Ter-

409 2130 717 2197 tullianus,
778 2130 827 2184 ei
888 2127 1191 2200 presbyter
1252 2127 1379 2192 fuit,
1438 2141 1566 2181 sese
1624 2126 1939 2195 aliquando
1996 2128 2054 2180 in

412 2220 697 2276 laicorum
744 2217 1006 2273 retulerit
1063 2232 1396 2271 numerum.
1456 2215 1603 2269 Nam
1662 2214 1720 2268 in
1778 2215 1927 2270 libro
1988 2217 2057 2271 De

418 2310 709 2366 Oratione:
745 2329 772 2356 «
806 2306 943 2373 Nos,
976 2304 1191 2376 inquit,
1242 2303 1329 2359 vel
1370 2302 1623 2359 maxime
1670 2303 1893 2359 nullius
1943 2304 2052 2360 loci

415 2398 683 2453 homines
726 2418 754 2444 »
786 2395 1045 2465 (Tertull.
1098 2393 1199 2447 lib.
1258 2397 1337 2447 De
1384 2392 1534 2448 Orat.
1586 2409 1711 2463 cap.
1776 2394 1883 2458 14).
1944 2396 2052 2448 Sed

417 2485 682 2558 quamvis
711 2484 826 2551 hic,
858 2482 1033 2537 sicuti
1064 2482 1401 2553 opinantur,
1434 2486 1588 2535 esset
1619 2482 1828 2536 horum
1862 2485 2059 2537 verbo-

416 2591 549 2629 rum
581 2589 814 2642 sensus,
849 2570 993 2625 nihil
1026 2576 1220 2624 tamen
1253 2587 1315 2624 ex
1352 2571 1435 2625 eis
1466 2575 1670 2625 contra
1714 2570 2057 2626 Tertulliani

416 2660 808 2717 sacerdotium
864 2660 1134 2715 concludi
1190 2664 1399 2729 potest.
1460 2660 1697 2714 Certum
1763 2660 2057 2715 enimvero

413 2768 528 2806 non
561 2754 649 2806 est
679 2754 899 2814 utrum,
933 2749 1169 2819 quando
1196 2748 1315 2802 haec
1341 2747 1596 2818 scripsit,
1624 2752 1746 2802 tum
1783 2748 1975 2804 adhuc
1998 2750 2055 2803 in

412 2856 586 2913 grege
620 2856 733 2894 non
769 2837 941 2894 fuerit
971 2838 1275 2892 laicorum.

479 2979 552 3031 At
581 2974 820 3047 quidam
865 2973 1036 3028 nobis
1085 2972 1241 3026 haud
1293 2971 1468 3027 dubie
1506 2970 1784 3041 objicient
1832 2972 1904 3027 ab
1958 2972 2055 3029 illo

410 3064 711 3122 sublatum
747 3063 929 3117 fuisse
959 3078 1131 3117 omne
1160 3059 1340 3115 laicos
1373 3060 1524 3115 inter
1554 3065 1610 3115 et
1647 3060 1887 3116 clericos
1936 3062 2054 3117 dis-

411 3154 655 3219 crimen,
686 3151 785 3206 ubi
837 3151 907 3205 de
966 3150 1230 3220 utrisque
1290 3150 1446 3203 hunc
1489 3149 1751 3221 loquitur
1806 3150 1861 3205 in
1923 3168 2050 3207 mo-
2084 3144 2125 3206 C
2162 3162 2338 3227 atque
2383 3156 2808 3229 praedictiones.
2862 3158 3119 3229 Denique

411 3245 551 3298 dum
578 3258 589 3297 ε
628 3262 654 3290 «
685 3240 849 3295 Unde
882 3238 1137 3311 episcopi
1160 3243 1216 3293 et
1246 3236 1479 3293 clerus?
1510 3244 1712 3293 Nonne
1743 3240 1813 3294 de
1871 3240 2053 3295 omni-

411 3330 635 3385 bus‘I...
693 3328 803 3383 Sed
861 3344 994 3382 cum
1053 3325 1387 3381 extollimur
1444 3326 1723 3381 adversus
1807 3325 2052 3397 clerum,

410 3422 550 3473 tunc
583 3433 767 3472 unum
801 3432 1006 3471 omnes
1038 3432 1263 3484 sumus,
1299 3419 1439 3469 tunc
1472 3431 1676 3469 omnes
1721 3416 2052 3472 sacerdotes

409 3524 516 3562 nos
546 3506 659 3562 Deo
682 3510 737 3561 et
766 3505 923 3559 Patri
958 3503 1112 3572 fecit,
1145 3519 1277 3558 cum
1309 3520 1411 3574 per
1441 3503 1905 3574 adaequationem
1936 3505 2053 3561 dis-

409 3595 637 3667 ciplinae
677 3591 1054 3649 sacerdotalis
1105 3608 1506 3663 provocamur,
1559 3591 1909 3664 deponimus
1959 3593 2051 3650 in-

406 3683 581 3748 fulas,
615 3686 672 3737 et
699 3682 955 3752 impares
986 3696 1213 3735 sumus.
1246 3700 1271 3732 υ
1310 3682 1395 3735 Ita
1425 3680 1662 3751 quidem
1695 3680 1789 3736 ille
1812 3681 1869 3736 in
1903 3681 2053 3739 libro

407 3774 483 3828 De
534 3772 874 3842 Monogamz’a
924 3770 1132 3841 (Idem,
1194 3768 1295 3825 lib.
1359 3771 1434 3823 De
1480 3768 1687 3838 Monog.
1749 3787 1878 3842 cap.
1942 3773 2049 3843 12).

406 3861 597 3918 Simili
631 3876 865 3932 quoque
892 3859 1064 3913 modo
1096 3858 1153 3913 in
1189 3857 1300 3913 alia
1331 3859 1402 3913 de
1452 3858 1842 3915 Exhortatione
1886 3863 2051 3916 casti-

406 3953 576 4006 tatis:
636 3973 663 4000 ‹‹
698 3947 1123 4014 Differentiam,
1178 3947 1394 4019 inquit,
1447 3948 1599 4003 inter
1656 3949 1920 4004 ordinem
1997 3958 2051 4005 et

405 4039 636 4111 plebem
691 4036 997 4093 constituit
1044 4035 1310 4091 Ecclesia:
1358 4039 1714 4105 auctoritas;
1763 4042 1819 4092 et
1866 4038 2052 4094 honor

404 4145 507 4200 per
564 4126 787 4182 ordinis
842 4141 1188 4180 consessum
1247 4126 1688 4193 sanctiticatus;
1750 4127 1890 4181 adeo
1950 4128 2047 4181 ubi

401 4216 779 4274 ecclesiastici
814 4215 1037 4270 ordinis
1070 4231 1183 4269 non
1225 4219 1312 4270 est
1360 4230 1695 4283 consessus,
1747 4220 1802 4269 et
1853 4216 2047 4285 otl'ers,

400 4311 457 4365 et
486 4304 729 4378 tinguis,
764 4309 819 4360 et
850 4304 1122 4359 sacerdos
1156 4320 1216 4358 es
1248 4302 1351 4358 tibi
1399 4303 1585 4358 solus.
1622 4326 1649 4352 »
1696 4304 1900 4373 (Idem,
1943 4304 2044 4359 lib.

398 4397 464 4452 de
492 4396 720 4452 Exhort.
756 4395 936 4449 cauit.
979 4408 1107 4462 cap.
1138 4392 1218 4463 7.)

2156 488 2515 545 velationum
2567 492 2925 547 charismata
2983 491 3207 561 sortita,
3258 509 3399 563 quas
3447 493 3499 549 in
3547 499 3766 553 ecclesia

2159 576 2313 631 inter
2343 579 2637 635 dominica
2687 580 2973 635 solemnia
3021 598 3123 651 per
3172 582 3418 637 ecstasin
3476 584 3531 639 in
3582 588 3770 657 spiritu

2160 670 2446 736 patitur...
2483 673 2619 724 Post
2651 675 2944 725 transacta
2975 670 3286 737 solemnia,
3319 671 3549 728 dimissa
3596 675 3767 746 plebe,

2161 771 2274 824 quo
2335 774 2443 811 usu
2495 758 2643 813 solet
2705 759 2873 815 nobis
2933 759 3270 815 renuntiare
3320 776 3438 830 quis
3502 762 3762 818 viderit:

2161 844 2423 915 (Tertull.
2459 846 2561 903 lib.
2596 849 2669 903 De
2706 849 2887 904 Anim.
2941 865 3067 919 cap.
3116 848 3197 920 9.)
3259 850 3329 903 At
3371 854 3517 905 certe
3570 852 3644 906 ibi
3686 852 3771 909 ille

2162 950 2289 989 sese
2320 951 2353 989 a
2384 936 2573 1007 plebe,
2606 954 2705 993 seu
2740 937 2897 993 omni
2927 936 3208 992 laicorum
3242 953 3410 1010 grege
3439 940 3694 995 secernit.

2240 1066 2524 1123 Privatam
2582 1075 2774 1125 autem
2835 1070 3279 1139 solitariamque
3345 1071 3458 1141 egit
3500 1072 3664 1127 vitam
3718 1090 3776 1128 ac

2164 1156 2378 1222 rejecta
2407 1158 2707 1211 communi
2736 1159 3002 1213 omnium
3034 1164 3213 1226 veste,
3248 1165 3591 1231 sumptoque
3615 1160 3775 1232 philo-

2164 1244 2484 1315 sophorum
2519 1246 2715 1316 pallio,
2774 1262 2836 1301 se
2893 1262 2961 1301 ex
3019 1247 3388 1317 publicorum
3438 1250 3773 1320 negotiorum

2164 1332 2423 1387 tumultu
2473 1335 2823 1393 subduxisse
2866 1335 3237 1390 testificatur.
3288 1340 3419 1390 Haec
3467 1337 3613 1391 enim
3657 1342 3780 1392 sunt

2164 1423 2310 1489 ejus,
2345 1422 2476 1476 ticto
2509 1424 2771 1492 ejusdem
2807 1423 2969 1494 pallii
3003 1423 3092 1478 sui
3123 1425 3598 1489 nomine,verba:
3631 1426 3779 1496 «Ego

2166 1510 2311 1564 nihil
2343 1513 2486 1577 foro,
2520 1512 2668 1566 nihil
2700 1528 2927 1582 campo,
2983 1512 3129 1567 nihil
3174 1512 3352 1567 curias
3402 1514 3574 1568 debeo
3603 1531 3615 1579 ;
3653 1513 3781 1567 nulli

2165 1600 2356 1655 officio
2406 1600 2677 1671 advigilo,
2741 1600 2902 1655 nulla
2960 1606 3149 1656 rostra
3204 1617 3564 1673 praeoccupo,
3639 1601 3783 1656 nulla

2167 1690 2433 1761 praetoria
2463 1692 2738 1758 observo;
2799 1693 3031 1746 canales
3090 1708 3205 1745 non
3265 1692 3464 1757 odoro,
3518 1690 3781 1746 cancellos

2086 1772 2279 1836 Bnon
2338 1779 2538 1845 adoro,
2600 1778 2879 1834 subsellia
2940 1797 3051 1834 non
3114 1781 3433 1845 contundo,
3485 1780 3617 1850 jura
3678 1796 3780 1834 non

2162 1869 2465 1935 conturbo,
2524 1884 2735 1923 causas
2789 1885 2903 1923 non
2962 1868 3163 1937 elatro,
3226 1886 3343 1924 non
3394 1869 3609 1939 judico,
3676 1885 3778 1923 non

2164 1958 2373 2027 milito,
2414 1958 2631 2013 secessi
2657 1958 2728 2012 de
2755 1958 2987 2029 populo,
3016 1957 3075 2011 in
3110 1973 3201 2011 me
3232 1958 3473 2013 unicum
3506 1957 3778 2029 negotium

2165 2046 2309 2101 mihi
2339 2050 2447 2110 est,
2480 2044 2591 2099 nisi
2625 2045 2781 2100 aliud
2812 2063 2925 2100 non
2960 2062 3131 2111 cuno,
3166 2062 3341 2115 quam
3401 2062 3474 2101 ne
3521 2061 3725 2103 curem.
3754 2065 3778 2096 ι»

2163 2136 2372 2206 (Idem,
2404 2136 2478 2189 De
2508 2134 2655 2189 Pali.
2689 2150 2814 2205 cap.
2846 2138 2922 2203 5.)

2235 2267 2492 2322 Moribus
2522 2284 2655 2323 vero
2686 2271 2803 2322 tam
2829 2267 3004 2323 castis
3060 2268 3403 2341 sanctisque
3451 2269 3575 2337 fuit,
3630 2283 3784 2338 quam

2166 2357 2330 2412 duris
2363 2357 2617 2427 profecto
2642 2362 2697 2411 et
2722 2358 2967 2429 asperis.
3018 2358 3331 2412 Severioris
3376 2374 3605 2429 quoque
3632 2354 3789 2411 disci.

2167 2445 2337 2518 plinas
2397 2463 2509 2500 non
2570 2445 2760 2500 solum
2825 2450 3078 2501 sectator
3127 2451 3269 2512 erat,
3331 2448 3434 2502 sed
3495 2445 3788 2501 acerrimus

2167 2536 2346 2590 etiam
2378 2551 2442 2589 ac
2477 2532 2628 2589 ultra
2659 2539 2842 2589 statos
2873 2536 3165 2606 aequitatis
3205 2535 3425 2591 limites
3459 2536 3713 2591 defensor
3740 2536 3789 2587 et

2168 2630 2471 2696 patronus.
2516 2622 2629 2677 Nec
2680 2641 2887 2695 parum
2933 2624 3169 2695 quidem
3218 2624 3535 2681 verisimile
3582 2624 3789 2678 videtur

2168 2712 2335 2767 illum
2372 2711 2517 2767 falsa
2547 2712 2895 2779 severitatis,
2928 2730 3101 2783 quam
3154 2714 3529 2769 montanistee
3577 2729 3682 2783 prae
3734 2726 3787 2765 se

2168 2802 2447 2867 ferebant,
2483 2802 2675 2873 specie
2706 2802 3016 2873 deceptum
3050 2802 3107 2856 in
3144 2819 3347 2857 eorum
3384 2802 3643 2858 haeresim
3675 2814 3786 2855 sese

2167 2890 2397 2946 dedisse
2431 2889 2804 2962 praecipitem.
2837 2892 2943 2946 Sed
2980 2891 3091 2945 huc
3122 2891 3389 2962 ingenita
3434 2890 3610 2946 animi
3640 2887 3787 2943 duri-

2165 2979 2249 3033 tia
2276 2978 2649 3033 inclinantem
2682 2983 2985 3033 traxerunt
3024 2979 3179 3034 falsa:
3230 2980 3622 3051 quarumdam
3670 2992 3788 3031 mu-

2165 3067 2397 3135 lierum,
2434 3067 2591 3122 illius
2620 3068 2857 3123 haresis
2886 3085 3106 3123 veneno
3137 3067 3527 3136 imbutarum,
3556 3067 3789 3122 visiones

3178 3180 3197 3206 ε
3233 3157 3462 3213 invidia
3511 3162 3567 3212 et
3615 3158 3793 3211 contu-

2167 3244 2356 3300 maliis
2386 3245 2734 3301 clericorum
2793 3250 2985 3300 Romae
3046 3246 3336 3312 Ecclesiae,
3400 3248 3482 3302 ait
3537 3244 3797 3313 Hierony-

2166 3351 2319 3400 mus,
2354 3334 2425 3388 ad
2458 3335 2716 3388 Montani
2749 3336 2961 3407 dogma
2992 3334 3289 3406 delapsus,
3326 3335 3390 3390 in
3424 3335 3622 3391 multis
3653 3346 3796 3387 nova:

2162 3421 2479 3493 prophetiae
2537 3422 2825 3489 meminit,
2891 3423 3223 3494 specialiter
3280 3429 3481 3479 autem
3541 3423 3797 3477 adversus

2162 3510 2499 3565 Ecclesiam.
2527 3532 2553 3559 ››
2576 3510 2935 3583 (Hieronym.
2966 3512 3207 3583 Catatog.
3238 3514 3437 3584 script.
3472 3513 3600 3569 sccl.
3632 3528 3678 3565 ο.
3707 3507 3789 3576 53,

2167 3615 2219 3670 ρ.
2258 3600 2404 3666 115.)

2235 3724 2491 3777 Primam
2521 3724 2720 3794 itaque
2761 3723 2887 3778 vitae
2945 3739 3083 3791 suas,
3144 3740 3271 3795 qua:
3329 3722 3565 3793 longior
3613 3714 3795 3790 procul

2162 3811 2340 3867 dubio
2375 3813 2502 3876 fuit,
2537 3818 2759 3884 partem
2795 3813 2853 3867 in
2898 3812 3157 3867 Ecclesia
3204 3810 3523 3875 catholica,
3574 3807 3795 3863 alteram

2163 3900 2500 3956 miserando
2546 3917 2710 3965 sane,
2770 3917 2875 3955 nec
2934 3900 3079 3955 satis
3138 3917 3403 3970 unquam
3464 3892 3798 3969 deplorando

2161 4006 2300 4044 casu
2335 3990 2485 4045 inter
2516 3989 2907 4044 Montanistas
2949 3989 3251 4044 hasreticos
3310 3987 3617 4056 transegit.
3674 3983 3800 4037 Nam

2160 4080 2313 4134 sicut
2346 4078 2534 4151 pergit
2561 4079 2714 4132 idem
2741 4079 3161 4150 Hieronymus:
3187 4100 3213 4130 α
3235 4078 3438 4149 Usque
3463 4077 3534 4132 ad
3570 4070 3802 4129 mediam

2160 4174 2387 4223 aetatem
2451 4168 2756 4239 presbyter
2814 4167 3077 4222 Ecclesiae
3139 4168 3558 4238 permansit.»
3636 4157 3806 4231 (Ibid)

2159 4257 2333 4311 Addit
2362 4261 2557 4311 autem
2592 4256 2807 4311 ibidem
2862 4256 3307 4311 eruditissimus
3350 4255 3609 4327 scriptor
3655 4248 3807 4305 illum

2157 4344 2427 4400 ﬂoruisse
2457 4344 2830 4415 potissimum
2866 4346 2975 4399 sub
3006 4346 3211 4399 Severo
3254 4344 3525 4415 principe
3555 4346 3613 4396 et
3638 4341 3801 4393 Anto-

2158 4434 2296 4488 nino
2339 4433 2659 4503 Caracalla,
2706 4439 2898 4503 atque,
2947 4432 3030 4487 uti
3081 4434 3283 4501 fertur,
3339 4431 3678 4504 pervenisse
3732 4422 3803 4479 ad

466 4525 683 4581 Verum
717 4523 937 4579 nemini
972 4524 1400 4594 incompertum
1434 4526 1522 4577 est
1551 4522 1719 4577 illum
1750 4523 1890 4577 dum
1920 4523 2041 4578 haec
2078 4505 2125 4568 D
2159 4521 2516 4593 decrepitam
2560 4538 2745 4593 usque
2802 4528 3054 4576 aetatem.
3118 4522 3179 4577 Si
3240 4538 3379 4576 vero
3445 4516 3802 4593 peritioribus

397 4614 701 4681 scriberet,
754 4613 876 4682 jam
935 4613 1131 4667 animo
1188 4610 1497 4667 imbibisse
1554 4612 2044 4667 Montanistarum

397 4718 642 4768 errores,
677 4718 824 4772 quos
877 4701 1094 4756 ibidem
1128 4705 1364 4755 secutus
1423 4700 1636 4771 adjecit
1674 4717 1685 4754 :
1721 4724 1747 4750 «
1781 4701 1887 4755 Sed
1948 4701 2046 4756 ubi

397 4798 540 4858 tres,
572 4789 832 4845 Ecclesia
862 4792 973 4853 est,
1007 4789 1140 4843 licet
1172 4788 1325 4843 laici.
1362 4812 1388 4839 »
1422 4790 1610 4861 (Ibz'd.)
1653 4790 2043 4853 Quamobrem

398 4879 718 4937 errantium
751 4894 910 4933 more
941 4876 1027 4931 vel
1062 4877 1173 4932 sibi
1208 4895 1319 4932 non
1365 4880 1649 4943 constitit,
1694 4881 1783 4933 vel
1833 4896 2043 4935 nomen

397 4968 713 5026 sacerdotis
746 4984 858 5021 non
892 4966 1125 5037 proprio
1156 4971 1213 5021 et
1244 4967 1544 5033 strictiori,
1589 4968 1685 5022 sed
1723 4968 2043 5039 improprio

396 5064 452 5115 et
479 5058 673 5113 latiori
704 5055 925 5125 accepit
957 5054 1313 5125 signiﬁcatu,
1378 5056 1873 5126 quemadmodum
1927 5074 2043 5112 non

394 5146 575 5203 semel
608 5145 867 5201 sumitur
896 5143 968 5197 ab
1000 5147 1224 5197 Joanne
1257 5142 1370 5207 his,
1405 5145 1473 5198 ad
1508 5161 1635 5215 quas
1666 5144 1926 5200 alludere
1958 5145 2040 5199 vi-

393 5238 563 5291 detur
592 5234 817 5288 verbis:
850 5234 996 5287 Fecit
1028 5247 1128 5285 nos
1154 5247 1389 5301 regnum
1439 5236 1487 5287 et
1517 5234 1826 5288 sacerdotes
1857 5234 1963 5288 Deo
1992 5242 2043 5288 et

391 5324 551 5379 Patri
606 5338 707 5377 suo
767 5321 952 5391 (Apoc.
1015 5336 1054 5386 ι,
1113 5319 1187 5387 6).
1252 5322 1439 5389 Atque
1508 5320 1721 5374 iterum
1797 5324 2034 5390 postea:

394 5413 588 5470 Fecisti
616 5426 712 5467 nos
742 5411 851 5465 Deo
902 5414 1090 5465 nostra
1139 5424 1375 5476 regnum
1423 5410 1472 5463 et
1527 5408 1823 5464 sacerdote:
1879 5408 2036 5478 (Ibid.

396 5519 523 5574 cap.
580 5518 638 5567 v,
696 5500 804 5571 10).
867 5498 997 5569 Ipse
1054 5496 1347 5551 enimvero
1411 5497 1562 5551 idem
1621 5495 2037 5564 Tertullianus,

393 5590 629 5649 tametsi
660 5593 802 5646 tunc
848 5583 1109 5644 Montani
1160 5588 1431 5655 sectator,
1481 5583 1594 5641 alio
1650 5586 1709 5642 in
1758 5584 1904 5642 libro
1953 5584 2037 5642 sic

2156 4611 2340 4665 nostri
2400 4612 2680 4682 temporis
2762 4610 3149 4681 scriptoribus
3220 4611 3395 4664 fidem
3475 4609 3801 4669 habeamus,

2158 4705 2330 4754 natus
2358 4701 2542 4755 fuerat
2576 4700 2733 4755 circa
2763 4716 2982 4753 annum
3018 4699 3232 4753 Christi
3267 4699 3393 4763 160,
3429 4705 3487 4753 et
3517 4712 3667 4752 anno
3710 4692 3807 4746 cir-

2156 4789 2297 4844 citer
2334 4790 2438 4843 245
2472 4793 2743 4843 mortuus
2775 4793 2884 4842 est.
2919 4788 3153 4842 Inficias
3202 4804 3376 4858 porro
3429 4785 3634 4840 nullus
3683 4778 3800 4847 ibit,

2152 4877 2473 4947 longiorem
2511 4878 2705 4932 media
2737 4882 2898 4948 parte
2932 4876 3112 4931 fuisse
3158 4878 3285 4931 vitae
3334 4875 3502 4930 illius
3550 4884 3800 4933 cursum,

2152 4968 2322 5035 cujus
2355 4971 2710 5037 postremam
2746 4970 2969 5037 partem
3006 4966 3059 5018 in
3093 4964 3546 5037 propugnandis
3604 4960 3801 5015 absur-

2153 5056 2244 5111 dis
2296 5056 2699 5111 haareticorum
2762 5055 3060 5109 erroribus
3109 5054 3543 5121 consumendo,
3598 5058 3655 5105 et
3701 5043 3808 5101 sibi

2152 5145 2264 5215 ipsi
2323 5149 2378 5199 et
2438 5144 2571 5199 aliis
2630 5142 3084 5215 quampluribus
3144 5144 3361 5198 nocuit.
3419 5138 3801 5206 Quamobrem

2152 5239 2307 5288 recte
2352 5236 2473 5303 jam
2536 5233 2809 5287 laudatus
2869 5249 2901 5286 a
2960 5232 3127 5287 nobis
3189 5233 3628 5302 Hieronymus:
3690 5246 3716 5275 «
3747 5224 3803 5277 In

2149 5322 2531 5387 Tertulliano,
2566 5321 2781 5391 inquit,
2816 5319 3130 5374 laudamus
3189 5319 3517 5391 ingenium,
3563 5322 3799 5369 damna-

2151 5427 2282 5465 mus
2314 5410 2601 5465 haaresim.
2638 5432 2665 5459 »
2699 5410 2902 5477 (Idem,
2937 5408 3040 5464 lib.
3076 5423 3160 5477 ιιι,
3194 5408 3421 5479 Apolog.
3456 5406 3586 5462 adv.
3622 5401 3796 5472 Ruﬁn.

2146 5514 2279 5569 pag.
2314 5499 2461 5567 463.)
2494 5502 2567 5552 At
2596 5498 2666 5553 de
2688 5496 2850 5553 illius
2883 5496 3117 5569 ingenio
3150 5496 3326 5569 paulo
3352 5493 3602 5551 uberius
3628 5505 3793 5562 agen-

2146 5588 2288 5643 dum
2319 5592 2429 5643 est.
