4106 6178
307 303 422 362 813

922 454 1242 494 ARTICULUS
1280 456 1337 494 V.

303 562 375 615 De
448 560 773 616 Tertulliani
828 563 1047 632 ingenio
1115 565 1164 617 et
1227 564 1536 633 multiplici
1603 564 1962 619 eruditione:

372 635 577 707 utrum!
603 634 1023 707 iurisconsultus
1050 633 1243 705 fuerit,
1276 640 1327 689 et
1376 635 1528 689 idem
1580 653 1643 689 ac
1670 638 1959 707 Tertyltia-

371 721 515 830 mis
545 705 608 787 de
633 705 752 829 fjus
792 708 937 775 style
982 722 1046 760 ac
1072 707 1352 761 scribendi
1407 707 1586 777 modo,
1619 716 1669 762 et
1716 705 1961 764 nominis

367 792 426 831 ce
451 792 479 830 e
517 787 629 830 rita
658 793 705 831 θ.

368 919 575 974 Severo
624 936 853 975 morum
901 921 1250 993 vivendigue
1300 937 1513 992 genere
1560 922 1958 977 Tertullianus

292 1009 651 1079 sequebatur
708 1010 857 1065 733
920 1010 1154 1065 innatas
1206 1011 1461 1081 impetus
1522 1011 1765 1082 ingenii,
1817 1029 1956 1066 acu-

292 1097 505 1153 tissimi
535 1099 771 1169 quidem
820 1102 876 1152 et
927 1099 1219 1164 acerrimi,
1253 1100 1354 1154 sed
1407 1116 1521 1154 non
1559 1100 1756 1155 minus
1787 1116 1956 1171 aspe-

288 1186 335 1239 ri
372 1203 438 1241 ac
479 1186 862 1243 vehementis.
913 1188 1276 1259 Quapropter
1328 1188 1672 1260 Hieronymo
1714 1194 1958 1244 vocatur

286 1276 433 1329 acris
459 1278 507 1329 et
540 1275 868 1331 vehementis
921 1277 1137 1346 ingenii
1174 1279 1264 1332 vir
1314 1277 1669 1349 (Hieronym.
1708 1279 1953 1346 Cataloy.

283 1364 473 1435 script.
509 1365 642 1419 ecct.
678 1380 727 1421 c.
758 1366 852 1429 53,
887 1382 942 1435 p.
982 1367 1123 1429 115).
1166 1367 1529 1436 Atquamvis
1560 1368 1615 1421 id
1652 1368 1955 1436 tacuisset,

286 1453 503 1507 durum
535 1458 591 1508 et
619 1455 930 1526 impatiens
954 1456 1112 1511 illius
1146 1458 1448 1529 ingenium
1484 1458 1705 1528 passim
1738 1458 1954 1529 ubique

283 1542 339 1595 in
376 1543 507 1611 ejus
538 1543 1052 1601 lucubrationibus
1084 1546 1317 1601 emicat.
1353 1546 1499 1609 Quid
1542 1562 1683 1617 ergo
1716 1546 1950 1617 mirum,

284 1632 327 1685 si
366 1631 465 1686 ille
497 1632 648 1687 intra
680 1632 972 1702 legitimos
1006 1633 1321 1706 patientiae,
1374 1634 1852 1690 mansuetudinis
1886 1652 1950 1689 ac

285 1721 709 1777 moderationis
764 1722 981 1777 limites
1035 1740 1162 1779 sese
1215 1724 1513 1779 continere
1568 1724 1781 1793 saepius
1832 1741 1947 1779 non

1037 304 1117 363 IN
1160 306 1771 369 APOLOGETIGUM
1817 310 1887 367 D.
1939 309 2033 369 LE
2075 308 2404 369 NOURRY
2445 306 3002 372 DlSSERTA'l‘lO.

3609 312 3732 376 8H

1991 442 2046 508 Α
2074 444 2129 497 et
2158 441 2457 511 Ruﬁnum,
2483 442 2610 513 jam
2645 460 2677 499 a
2707 442 2877 499 nobis
2906 444 3134 513 citatos,
3159 443 3422 518 aliosque
3448 447 3728 521 compln.

2073 546 2185 595 res,
2248 531 2318 585 ab
2378 532 2722 602 Hieronymo
2780 531 3111 603 appellatur
3156 536 3243 588 vir
3314 536 3729 593 eruditissimus

2072 618 2426 691 (Hieronym.
2486 620 2608 675 adv.
2670 622 2849 690 Vigit.
2912 637 3043 693 pag.
3100 622 3206 677 385
3233 627 3290 678 et
3326 625 3495 695 epist.
3545 627 3615 681 85
3646 627 3727 683 ad

2070 709 2207 779 Meg.
2262 726 2389 781 pag.
2441 710 2589 779 656),
2642 726 2756 780 quo
2808 710 3042 779 quidem
3102 711 3247 767 nihil
3297 718 3386 768 est
3432 716 3722 772 eruditius

2069 800 2125 851 et
2155 798 2405 852 acutius.
2432 799 2493 852 In
2522 798 2647 869 ipso
2669 802 2889 864 autem,
2914 800 2984 855 de
3009 818 3121 871 quo
3145 818 3299 856 nunc
3322 803 3720 875 disputamus,

2069 885 2253 957 ipsius
2286 886 2682 958 Apologetico,
2716 893 2772 941 et
2798 888 2929 943 aliis
2962 891 3238 945 adversus
3265 896 3467 962 gentes
3499 892 3721 951 libellis

2068 974 2125 1029 id
2159 976 2407 1030 emicare
2438 976 2591 1030 haud
2625 976 2962 1031 dubitanter
2996 979 3272 1034 affirmat.
3307 980 3505 1052 Operae
3537 982 3721 1054 igitur

2067 1080 2309 1134 prorsus
2330 1063 2559 1120 inutilis
2584 1065 2727 1119 foret
2747 1065 2873 1132 hoc,
2898 1067 3049 1121 sicut
3074 1068 3239 1123 facile
3257 1073 3367 1134 est,
3394 1070 3716 1129 illustrium

2068 1153 2384 1223 cujuslibet
2426 1154 2611 1209 aetatis
2660 1155 3014 1226 scriptorum
3066 1157 3416 1214 testimoniis
3446 1176 3717 1233 compro-

2065 1242 2214 1307 bari,
2239 1243 2392 1313 quod
2423 1260 2455 1296 a
2478 1243 2703 1298 nemine
2741 1245 2890 1298 734
2913 1245 3237 1316 ignoratur,
3271 1250 3329 1302 et
3350 1249 3599 1320 ipsemet
3618 1268 3721 1306 au-

2065 1330 2242 1386 ctoris
2273 1331 2488 1403 scripta
2520 1332 3069 1389 manifestissimum
3103 1335 3377 1391 omnibus
3412 1337 3651 1394 faciunt.

2137 1442 2207 1491 At
2238 1439 2678 1508 praetermittere
2707 1445 2903 1495 tamen
2931 1458 3044 1495 non
3063 1458 3385 1513 possumus
3416 1443 3717 1514 singulare

2063 1528 2361 1597 quoddam
2415 1527 2763 1582 eruditionis
2810 1545 3015 1599 genus,
3068 1531 3223 1601 quod
3279 1531 3372 1587 his
3426 1533 3715 1590 Eusebius

2058 1616 2251 1670 verbis
2284 1616 2340 1669 in
2374 1615 2733 1671 Tertulliano
2782 1616 3078 1672 laudavit:
3123 1617 3556 1689 Τερτουλλιανὸς
3588 1621 3717 1686 τοὺς

2061 1702 2344 1774 Ρωμαίων
2394 1702 2591 1775 νόμους
2646 1698 2996 1777 ἡχριϐωκὼς,
3029 1705 3164 1778 ἀνὴρ
3221 1706 3287 1760 τά
3343 1728 3399 1761 τε
3443 1707 3587 1763 ἄλλα
3628 1705 3713 1764 ἔν-

282 1810 587 1880 potuerit‘?
616 1811 683 1865 Et
730 1811 853 1882 ipse
900 1817 1057 1867 certe
1106 1818 1218 1867 tam
1257 1814 1504 1881 sincero,
1551 1788 1726 1883 quam
1760 1813 1934 1883 pceni-

2059 1788 2209 1861 δοξος
2238 1793 2326 1845 καὶ
2357 1797 2467 1846 τῶν
2519 1790 2755 1863 μάλιστα
2785 1791 2871 1845 ἐπὶ
2919 1794 3135 1866 Ῥώμης
3170 1795 3437 1870 λαμπρῶν
3468 1798 3707 1870 (Euseb.

280 1899 425 1953 tenti
461 1900 656 1955 animo
689 1901 881 1970 palam
916 1902 1219 1957 confessus
1267 1908 1355 1957 est
1396 1920 1456 1956 se
1498 1900 1787 1972 patientiae
1820 1901 1934 1956 vir-

278 1992 403 2043 tute
438 2005 547 2043 non
584 1989 823 2044 omnino
858 1990 1037 2045 fuisse
1070 1991 1397 2062 praeditum.
1437 1992 1536 2046 llis
1568 1990 1725 2044 enim
1760 2008 1934 2046 suum

278 2078 343 2131 de
377 2078 581 2132 eadem
618 2079 895 2149 patientia
925 2079 1142 2134 librum
1185 2080 1411 2135 orditur
1460 2079 1651 2134 verbis
1680 2095 1691 2133 :
1724 2102 1750 2128 «
1785 2080 1932 2133 Con-

276 2166 446 2221 fiteor
478 2167 549 2221 ad
582 2166 896 2222 Dominum
930 2168 1109 2223 Deum
1161 2169 1302 2223 satis
1336 2173 1553 2223 temere
1586 2184 1698 2234 me,
1734 2168 1782 2222 si
1818 2185 1928 2223 non

275 2258 454 2309 etiam
490 2255 895 2326 imprudenter
916 2257 987 2310 de
1014 2256 1292 2327 patientia
1315 2272 1437 2310 com
1452 2272 1661 2323 ponere
1694 2271 1929 2324 ausum,

275 2344 363 2397 cui
408 2346 749 2414 praestanda:
784 2345 1027 2400 idoneus
1060 2345 1298 2399 omnino
1332 2362 1444 2399 non
1471 2362 1625 2413 sum,
1661 2349 1725 2398 ut
1755 2343 1929 2397 homo

274 2432 501 2487 nullius
552 2434 706 2499 boni,
760 2435 995 2505 quando
1053 2440 1314 2504 oporteat
1361 2432 1924 2488 demonstrationem

274 2524 329 2574 et
386 2522 956 2577 commendationem
1018 2521 1271 2593 alicujus
1328 2522 1410 2577 rei
1459 2522 1716 2587 adortos,
1768 2521 1927 2591 ipsos

271 2609 438 2680 prius
486 2610 545 2665 in
595 2611 1102 2666 administratione
1150 2614 1278 2683 ejus
1326 2612 1405 2667 rei
1456 2609 1837 2683 deprehendi,
1870 2613 1927 2663 et

271 2702 661 2755 constantiam
715 2701 1119 2755 commonendi
1172 2701 1415 2772 propriae
1464 2699 1924 2755 conversationis

271 2790 620 2844 auctoritate
670 2790 939 2859 dirigere,
992 2806 1064 2844 ne
1095 2790 1249 2844 dicta
1310 2791 1476 2845 factis
1518 2788 1924 2844 deficientibus

268 2878 642 2932 erubescant.
679 2901 699 2927 ι
739 2877 1000 2949 (Tertull.
1036 2877 1135 2933 lib.
1171 2880 1246 2933 De
1273 2880 1512 2933 Pationt.
1544 2895 1670 2949 cap.
1707 2877 1783 2949 1.)

336 2965 557 3022 Verum
591 2968 639 3021 si
674 2966 926 3022 acriores
959 2968 1140 3037 animi
1172 2968 1428 3039 impetus
1456 2969 1665 3022 virtute
1700 2967 1919 3038 patien-

265 3055 358 3109 tiae
394 3056 665 3127 mitigare
695 3071 807 3110 non
840 3073 1070 3127 semper
1119 3057 1319 3125 valuit,
1355 3056 1586 3128 ingenio
1617 3061 1769 3110 certe
1798 3054 1922 3127 pol-

264 3142 423 3199 lebat
457 3145 529 3199 ad
562 3144 886 3215 quamlibet
916 3145 1219 3201 scientiam
1254 3146 1419 3201 facile
1450 3146 1923 3217 consequendam

266 3234 604 3304 aptissimo.
648 3234 943 3297 Quantum
976 3252 1110 3289 vero
1143 3236 1302 3290 omni
1336 3235 1685 3290 eruditionis
1718 3250 1927 3305 genere

265 3323 678 3387 abundaverit,
732 3340 799 3377 ex
848 3322 938 3378 his
989 3324 1218 3393 conjice
1254 3323 1543 3379 Vincentii
1609 3322 1928 3379 Lirinensis

266 3412 510 3466 verbis:
566 3435 593 3461 ‹‹
655 3412 813 3466 Sicut
869 3413 1149 3481 Origenes
1208 3414 1361 3483 apud
1421 3412 1669 3480 Graecos,
1725 3412 1806 3466 ita
1835 3411 1930 3466 hic

267 3501 429 3571 apud
466 3500 700 3555 Latinos
750 3508 1083 3556 nostrorum
1136 3502 1398 3556 omnium
1447 3501 1612 3557 facile
1658 3501 1929 3573 princeps

258 3590 627 3658 judicandus
658 3594 765 3645 est.
802 3590 947 3655 Quid
982 3590 1138 3645 enim
1178 3590 1289 3644 hoc
1318 3591 1439 3646 viro
1472 3591 1697 3646 doctius
1722 3594 1750 3644 ‘t
1779 3589 1926 3654 Quid

267 3678 325 3733 in
357 3678 582 3734 divinis
614 3684 787 3749 atque
809 3678 1088 3734 humanis
1113 3679 1288 3734 rebus
1311 3680 1684 3735 exercitatius
1705 3679 1732 3733 ‘l
1763 3679 1927 3734 Nem-

266 3784 336 3839 pe
355 3785 596 3823 omnem
622 3767 1075 3839 philosophiam,
1096 3772 1153 3823 et
1176 3773 1418 3823 cunctas
1442 3768 1926 3840 philesophorum

264 3865 481 3923 sectas,
516 3863 783 3911 auctores
805 3862 1245 3929 assectoresque
1270 3863 1587 3926 sectarum,
1607 3873 1928 3929 omnesque

264 3962 477 4003 eorum
511 3945 877 4017 disciplinas,
910 3962 1143 4002 omnem
1178 3947 1557 4003 historiarum
1604 3963 1667 4001 ac
1699 3946 1925 4000 studio-

263 4053 397 4090 rum
434 4034 775 4089 varietatem
834 4035 983 4090 mira
1029 4037 1288 4107 quadam
1337 4035 1553 4090 mentis
1605 4034 1928 4105 capacitate

261 4127 611 4196 complexus
643 4128 751 4179 est.
803 4124 1041 4195 Ingenio
1090 4142 1223 4179 vero
1276 4141 1466 4179 nonne
1496 4129 1616 4179 tam
1671 4122 1827 4193 gravi
1862 4138 1926 4176 ac

261 4214 603 4269 vehementi
653 4212 944 4281 excelluit,
990 4220 1052 4267 ut
1101 4213 1244 4267 nihil
1277 4214 1388 4268 sibi
1437 4230 1581 4285 pene
1641 4213 1711 4267 ad
1745 4228 1924 4283 expu-

259 4304 574 4372 gnandum
603 4301 993 4372 proposuerit,
1026 4303 1176 4371 quod
1212 4320 1326 4358 non
1360 4302 1745 4357 autacumine
1775 4301 1923 4354 irru-

261 4394 443 4461 perit,
495 4398 598 4446 aut
648 4392 905 4462 pondere
947 4391 1215 4446 eliserit?
1261 4391 1391 4446 Jam
1446 4408 1615 4463 porro
1648 4389 1925 4446 orationis

259 4498 384 4536 suae
419 4480 630 4535 laudes
661 4480 796 4551 quis
827 4480 1064 4550 exsequi
1096 4481 1324 4536 valeat?
1374 4482 1506 4545 Qua:
1539 4487 1700 4535 tanta
1732 4480 1925 4535 nescio

260 4586 378 4640 qua
414 4570 715 4624 rationum
750 4568 1095 4624 necessitate
1140 4577 1411 4625 conserta
1440 4576 1547 4638 est,
1586 4574 1650 4624 ut
1682 4571 1752 4624 ad
1785 4586 1922 4623 con-
1952 4552 2001 4617 D

259 4674 511 4714 sensum
544 4658 658 4722 sui,
692 4673 839 4728 quos
878 4657 1124 4712 suadere
1162 4656 1285 4714 non
1321 4659 1592 4730 potuerit,
1644 4658 1924 4729 impellat.

259 4747 453 4817 Cujus
490 4752 632 4818 quot
675 4762 821 4817 pene
874 4747 1070 4816 verba,
1105 4752 1189 4801 tot
1245 4748 1547 4802 sententiae
1596 4752 1754 4817 sunt,
1788 4752 1930 4815 quot

260 4852 507 4902 sensus,
540 4840 624 4890 tot
669 4835 945 4890 victoriae.
985 4836 1189 4890 Sciunt
1220 4836 1327 4891 hoc
1377 4836 1721 4902 Marciones,
1755 4837 1926 4906 Apel-

258 4924 366 4993 les,
406 4925 659 4990 Praxeaa,
690 4923 1109 4993 Hermogenes,
1143 4924 1350 4995 Judaei,
1386 4922 1640 4978 Gentiles
1673 4921 1928 4978 Gnostici

260 5015 609 5085 ceterique,
643 5028 894 5083 quorum
926 5011 1023 5068 ille
1054 5012 1450 5083 blasphsmias
1484 5012 1684 5067 multis
1716 5028 1777 5067 ac
1814 5028 1931 5065 ma-

258 5104 397 5175 gnis
421 5101 799 5157 voluminum
824 5118 1068 5156 suorum
1093 5101 1363 5171 molibus,
1392 5102 1549 5158 velut
1571 5102 1928 5173 quibusdam

260 5191 621 5246 fulminibus
653 5191 858 5245 evertit
894 5214 918 5240 ››
961 5191 1247 5264 (Vincent.
1299 5192 1475 5247 Lirin.
1510 5191 1927 5247 Commonitor.

260 5281 331 5351 Ι.)
364 5280 485 5334 Sed
518 5279 700 5334 tantis
732 5278 1009 5334 laudibus
1059 5280 1217 5335 illam
1258 5282 1409 5336 haud
1466 5281 1639 5336 dubie
1669 5280 1929 5352 omnige-

259 5385 401 5423 nam
430 5368 781 5423 Tertulliani
816 5369 1202 5423 eruditionem
1233 5369 1519 5437 cumulat,
1554 5386 1669 5440 qua
1719 5368 1778 5424 in
1811 5369 1930 5441 pri-

259 5458 377 5513 mis
414 5457 601 5511 libros
633 5474 773 5513 suos
822 5457 881 5511 in
929 5457 1269 5512 Christiana)
1317 5459 1616 5530 religionis
1648 5463 1703 5514 et
1732 5459 1930 5514 ortho-

258 5548 561 5602 doxorum
596 5547 935 5616 dogmatum
988 5546 1387 5601 defensionem
1431 5548 1681 5618 scriptos
1714 5548 1934 5619 passim

262 5635 498 5708 ubique
529 5633 875 5705 conspersit.
916 5634 1299 5695 Quamobrem
1334 5640 1569 5706 propter
1612 5636 1931 5693 Eusebium

2048 1882 2148 1937 lib.
2184 1900 2225 1937 ιι
2261 1886 2470 1938 Hister.
2507 1886 2701 1938 Eccles.
2755 1900 2881 1954 cap.
2915 1887 2969 1948 2,
3024 1902 3152 1957 pag.
3201 1888 3311 1956 41),
3358 1888 3415 1943 id
3449 1894 3557 1959 est,
3589 1889 3707 1945 Va-

2045 1970 2187 2026 lesio
2240 1972 2591 2044 interprete:
2658 1973 3026 2027 Tertullianus
3087 1972 3269 2044 legum
3326 1981 3705 2034 Romanorum

2037 2063 2433 2129 peritissimus,
2465 2066 2517 2116 et
2549 2064 2695 2117 inter
2726 2063 2948 2117 Latinos
2973 2064 3261 2134 scriptores
3290 2064 3702 2123 celeberrimus.

2043 2148 2273 2203 Valesio
2322 2149 2488 2220 longe
2546 2155 2720 2205 antea
2781 2151 3082 2221 praeiverat
3132 2152 3372 2208 Ruﬁnus
3426 2157 3702 2213 eumdem

2042 2253 2186 2307 pene
2216 2237 2274 2292 in
2311 2240 2553 2293 modum
2586 2257 2597 2294 :
2634 2240 3005 2295 Tertullianus
3034 2242 3121 2295 vir
3149 2246 3202 2295 et
3230 2242 3432 2312 legum,
3480 2244 3695 2315 inquit,

2039 2330 2089 2381 et
2134 2328 2552 2382 institutionum
2602 2330 2976 2384 Romanarum
3018 2331 3406 2400 peritissimus,
3453 2336 3503 2387 et
3549 2336 3697 2389 inter

2036 2424 2246 2470 nostros
2274 2419 2563 2487 scriptores
2593 2417 2886 2472 admodum
2929 2419 3120 2473 clarus
3152 2419 3308 2491 (Ruf.
3343 2419 3445 2475 lib.
3479 2439 3520 2476 ιι
3551 2422 3693 2478 Hist.

2035 2506 2237 2560 Eccles.
2272 2522 2398 2577 cap.
2448 2507 2523 2576 2).
2575 2508 2622 2560 Α
2676 2522 2806 2562 vero
2855 2511 3051 2562 autem
3111 2506 3282 2580 longe
3310 2510 3548 2581 absunt,
3581 2512 3687 2584 qui

2035 2594 2171 2649 inde
2218 2594 2436 2649 includi
2487 2612 2655 2666 posse
2712 2600 3042 2651 autumant.
3094 2597 3520 2656 Tertullianum
3580 2617 3684 2657 no-

2035 2688 2224 2737 strum
2256 2684 2616 2754 professione
2645 2701 2751 2739 sua
2768 2683 2947 2739 fuisse
2970 2685 3488 2759 jurisconsultum,
3521 2706 3686 2746 eum-

2035 2788 2147 2844 que
2177 2773 2489 2842 ipsummet
2518 2788 2642 2828 esse
2683 2772 3123 2845 Tertyllianum,
3157 2776 3256 2847 qui
3298 2794 3493 2834 revera
3523 2779 3681 2852 leges

2035 2861 2266 2933 publice
2298 2863 2494 2916 docuit
2536 2867 2591 2916 et
2638 2863 3055 2934 interpretatus
3098 2871 3207 2919 est.
3259 2870 3403 2922 Nam
3438 2872 3684 2939 uterque

2035 2951 2288 3022 propriis
2321 2952 2444 3005 suis
2476 2952 2816 3007 nominibus
2860 2952 3005 3006 satis
3028 2953 3433 3026 distinguitur.
3467 2956 3689 3011 Deinde

2034 3056 2168 3095 vero
2199 3040 2332 3111 quis
2358 3038 2583 3094 nesciat
2616 3056 2784 3110 posse
2810 3039 3319 3112 aliquemjuribus
3341 3043 3690 3116 legibusque

2040 3130 2437 3184 Romanorum
2472 3128 2693 3183 affatim
2727 3129 2936 3193 imbui,
2970 3130 3203 3186 tametsi
3235 3131 3469 3187 illorum
3505 3133 3693 3190 scien-

1959 3188 2000 3254 C
2041 3218 2181 3273 tiam
2215 3234 2515 3288 nunquam
2543 3217 2601 3271 in
2626 3216 2838 3272 scholis
2862 3188 3112 3288 publicis
3144 3221 3444 3290 professus
3474 3188 3650 3277 fuerit
3669 3222 3697 3277 ‘?

2036 3306 2159 3362 Non
2193 3306 2275 3361 ibi
2307 3306 2504 3377 itaque
2534 3306 2822 3360 Eusebius
2872 3305 3217 3362 Tertulliani
3269 3310 3693 3380 professionem

2040 3396 2261 3462 laudat,
2294 3396 2394 3450 sed
2429 3395 2736 3466 perfectam
2793 3393 2989 3467 legum
3042 3395 3434 3455 Romanarum
3475 3400 3691 3456 doctri-

2040 3501 2175 3541 nam
2207 3490 2383 3556 atque
2416 3484 2709 3556 peritiam.

2109 3592 2220 3646 Par
2270 3595 2443 3645 tanta:
2493 3589 2653 3645 illius
2700 3589 3018 3645 eruditioni
3074 3608 3191 3648 non
3241 3597 3365 3649 erat
3418 3594 3689 3651 elocutio.

2036 3681 2254 3753 IEquos
2286 3684 2477 3735 autem
2512 3682 2568 3733 et
2598 3679 2841 3733 idoneos
2881 3695 2949 3733 ea
2977 3679 3049 3735 de
3095 3698 3154 3736 re
3177 3682 3410 3752 judices
3453 3684 3503 3740 si
3536 3684 3691 3741 desi-

2037 3770 2229 3835 deras,
2262 3786 2333 3824 en
2368 3761 2473 3823 tibi
2505 3772 2714 3838 ριιωειο
2736 3772 2826 3821 est
2856 3768 3167 3839 Lactantii,
3195 3771 3291 3839 qui
3312 3772 3508 3828 Cicero
3530 3772 3693 3829 Chri-

2036 3859 2268 3913 stianus
2299 3856 2485 3922 audit,
2512 3855 2845 3925 judicium:
2880 3878 2907 3905 «
2941 3858 3262 3927 Septimius
3294 3859 3689 3917 Tertullianus

2036 3948 2145 4002 fuit
2175 3946 2334 4001 omni
2364 3960 2572 4014 genere
2602 3943 2928 3999 litterarum
2955 3945 3309 4016 peritus,sed
3332 3947 3391 4002 in
3416 3949 3689 4021 eloquen-

2036 4037 2109 4091 do
2142 4051 2350 4105 parum
2401 4032 2608 4099 facilis,
2658 4037 2716 4086 et
2766 4031 2963 4087 minus
3013 4041 3309 4104 comptus,
3342 4044 3395 4091 et
3434 4036 3687 4092 multum

2037 4126 2341 4180 obscurus.
2383 4145 2410 4171 ››
2472 4123 2755 4193 (Lactant.
2818 4120 2918 4175 lib.
2964 4139 3016 4191 ν,
3070 4124 3202 4177 lnsl.
3260 4124 3437 4179 divin.
3472 4141 3599 4196 cap.
3635 4127 3688 4191 1,

2036 4230 2168 4285 pag.
2202 4212 2351 4282 459.)
2382 4212 2579 4282 Neque
2629 4209 2844 4264 dixeris
2894 4208 2976 4263 ibi
3030 4210 3393 4267 Lactantium
3426 4213 3586 4283 loqui
3617 4214 3690 4269 de

2034 4301 2375 4356 Tertulliani
2410 4299 2603 4371 potius
2654 4299 3020 4369 Apotogotico,
3079 4299 3325 4370 aliisque
3373 4300 3538 4356 libris
3583 4302 3689 4357 ad-

2034 4407 2237 4445 versus
2267 4389 2531 4444 ethnicos
2563 4387 2817 4457 scriptis,
2850 4405 3026 4458 quam
3079 4390 3303 4445 caeteris
3342 4390 3468 4461 ejus
3498 4390 3688 4462 operi-

2032 4479 2409 4534 bus.Etenim
2431 4477 2631 4530 eadem
2656 4480 2743 4529 est
2761 4476 3096 4544 Hieronymi
3128 4478 3199 4532 de
3226 4479 3504 4535 omnibus
3526 4478 3686 4534 illius

2034 4565 2627 4623 commentationibus
2674 4565 2990 4635 sententia,
3029 4583 3203 4636 quam
3256 4567 3417 4623 hisce
3449 4569 3688 4640 paucio-

2036 4656 2200 4711 ribus
2249 4653 2439 4710 verbis
2488 4651 2929 4723 pronuntiavit:
2966 4674 2994 4702 «
3044 4653 3445 4711 Tertullianus
3489 4657 3690 4712 creber

2036 4750 2123 4800 est
2154 4746 2212 4799 in
2246 4742 2572 4808 sententiis,
2598 4740 2695 4795 sed
2732 4740 2987 4796 difficilis
3012 4742 3069 4798 in
3099 4743 3444 4813 eloquendo.
3477 4767 3505 4795 »
3532 4745 3687 4813 (Hie-

2038 4850 2267 4906 ronym.
2327 4831 2495 4902 epist.
2557 4831 2621 4882 49
2681 4828 2749 4883 ad
2809 4831 3240 4903 Paulin.-pag.
3299 4833 3450 4905 567.)
3509 4839 3687 4889 Nemo

2038 4928 2233 4978 autem
2259 4926 2364 4989 est,
2391 4918 2489 4990 qui
2515 4920 2713 4971 notata
2742 4918 2813 4971 ab
2839 4921 3084 4989 utroque
3113 4921 3396 4978 orationis
3424 4921 3687 4977 difﬁcilis

2038 5012 2341 5076 inornatae,
2374 5013 2429 5064 et
2475 5004 2836 5062 obscurioris
2885 5007 3023 5063 vitia
3072 5027 3186 5065 non
3239 5011 3443 5067 statim
3482 5013 3689 5085 depre-

2040 5101 2276 5156 hendat

2112 5188 2223 5244 Alii
2281 5203 2413 5242 vero
2481 5184 2917 5256 reprehendunt
2992 5186 3406 5258 inaequabilem
3465 5206 3693 5260 eorum,

2044 5280 2258 5352 quibus
2288 5276 2384 5331 ille
2414 5275 2621 5341 utitur,
2655 5278 3133 5339 argumentorum
3168 5278 3523 5335 varietatem.
3558 5281 3694 5335 Gra-

2040 5367 2297 5425 vissimis
2330 5364 2625 5436 siquidem
2657 5365 2713 5415 et
2742 5361 3168 5431 invictissimis,
3198 5367 3498 5439 inquiunt,
3526 5385 3696 5439 argu-

2043 5455 2505 5514 mentationibus
2536 5451 2732 5523 plures
2768 5452 2934 5521 alias,
2970 5454 3279 5526 rapidioris
3309 5457 3527 5530 ingenii
3559 5473 3693 5512 acu-

2042 5550 2199 5603 mine
2231 5545 2611 5616 excogitatas,
2646 5543 2999 5613 quandoque
3042 5544 3422 5615 intermiscet,
3454 5561 3583 5616 qua:
3614 5542 3691 5599 le-

2040 5638 2266 5695 vissimi
2300 5640 2400 5691 aut
2431 5633 2650 5689 nullius
2678 5630 2849 5704 plane
2880 5640 3018 5690 sunt
3046 5635 3347 5691 momenti.
