4106 6178
326 319 446 383 815

846 318 1372 381 TERTULLIANI
1415 320 1738 382 OPERUM
1788 320 1985 381 PARS
2029 319 2078 381 Ῑ.
2117 351 2193 367 —-
2220 321 2494 383 SERIES
2539 322 2588 397 Ι,
2635 321 3208 383 APOLOGETICA.

3623 320 3741 380 8I6

396 456 468 508 At
502 452 759 525 plerique
790 468 995 508 omnes
1036 453 1293 508 fatentur
1337 452 1481 507 illud
1533 452 1806 507 vitiosum
1847 452 1968 507 sive
1998 454 2050 518 Α
2079 455 2465 522 ostendimus,
2500 471 2628 510 esse
2671 454 2851 526 hujus
2882 454 3223 525 Apologerici
3269 453 3401 508 libri
3435 469 3637 508 verum
3673 469 3740 508 ao

323 542 574 609 dicendi,
607 541 725 597 sive
756 542 1202 613 argumentandi
1233 557 1438 613 genus,
1463 542 1649 596 sicubi
1683 546 1967 609 occurrat,

327 632 583 689 micandi
614 648 853 702 prorsus
896 631 1315 687 sententiarum
1366 631 1669 703 gravitate,
1703 648 1969 685 summa-

327 738 439 793 que
469 720 720 776 aliorum
768 725 1242 790 argumentorum
1294 720 1344 774 vi
1382 738 1446 775 ac
1494 721 1768 792 pondere,
1804 718 1971 791 quasi

328 812 480 866 mira
520 810 769 881 quadam
819 810 1314 881 compensatione,
1366 809 1532 863 leniri
1584 815 1640 863 et
1682 808 1967 864 resarciri.

328 900 396 955 Et
442 916 572 954 vero
629 898 679 953 si
732 898 1101 953 Vincentium
1156 898 1539 968 Lirinensem,
1588 915 1701 952 non
1734 896 1970 952 omnino

326 990 593 1061 ineptum
616 988 896 1057 judicem,
921 988 1045 1058 jam
1079 1004 1111 1041 a
1143 987 1312 1042 nobis
1334 986 1597 1057 citatum,
1631 1004 1835 1041 rursus
1868 1002 1969 1040 au-

329 1077 451 1134 dire
482 1076 661 1133 velis:
700 1097 727 1127 ι(
757 1076 959 1143 Tanta,
1012 1076 1223 1147 inquit,
1278 1075 1472 1130 nescio
1522 1092 1638 1147 qua
1681 1074 1974 1129 rationum

327 1166 691 1231 necessitate,
752 1165 936 1220 oratio
993 1166 1119 1237 ejus
1152 1168 1419 1220 conserta
1474 1170 1583 1231 est,
1623 1170 1688 1218 ut
1735 1164 1805 1219 ad
1839 1180 1973 1218 con-

329 1271 566 1312 sensum
603 1255 692 1309 sui
739 1270 887 1325 quos
937 1254 1180 1309 suadere
1215 1269 1327 1308 non
1378 1253 1653 1324 potuerit,
1686 1251 1973 1324 impellat.

330 1344 508 1413 Cujus
541 1346 684 1413 quot
710 1358 854 1413 pene
901 1343 1096 1412 verba,
1147 1347 1234 1397 tot
1279 1342 1579 1397 sententia:
1630 1345 1788 1409 sunt,
1837 1344 1979 1413 quot

332 1448 563 1499 sensus,
596 1436 683 1486 tot
728 1430 1001 1486 victorias.
1038 1452 1064 1479 »
1116 1432 1255 1485 Eam
1289 1448 1428 1486 sane
1476 1431 1549 1485 ob
1588 1447 1825 1487 causam
1859 1429 1977 1500 ille,

333 1521 507 1578 sicuti
540 1519 733 1576 aiebat
761 1519 1029 1576 Chronici
1064 1520 1369 1575 Eusebiani
1393 1526 1615 1587 auctor,
1652 1543 1680 1570 «
1712 1518 1977 1574 omnium

333 1609 726 1667 Ecclesiarum
760 1625 1026 1664 sermone
1055 1610 1401 1664 celebratur.
1434 1632 1462 1660 »
1512 1610 1741 1680 (Euseb.
1780 1609 1977 1665 Chron.

336 1700 407 1756 ad
460 1717 593 1754 ann.
656 1698 870 1754 Christ.
926 1700 1074 1761 208.)
1136 1700 1280 1755 735
1343 1699 1733 1754 Ecclesiarum
1784 1706 1979 1754 autem

2077 542 2398 614 genuinum
2429 549 2749 598 auctorem.
2781 545 2852 597 At.
2879 560 2995 614 quo
3029 547 3293 613 tempore
3325 558 3460 597 eum
3498 558 3739 613 compo-

2078 634 2283 700 suerit,
2318 650 2433 687 non
2465 650 2581 687 una
2624 637 2715 688 est
2762 632 3028 687 omnium
3074 631 3404 687 consensio.
3454 630 3740 703 Georgius

2079 722 2235 775 enim
2272 721 2676 777 Ambianensis
2708 724 2875 791 putat
2925 720 3093 775 illum
3146 738 3180 774 a
3228 719 3587 775 Tertulliano
3616 722 3737 775 edi-

2080 816 2207 865 tum
2232 811 2439 881 primis
2460 810 2648 865 Severi
2674 809 3047 880 imperatoris
3070 827 3139 863 an
3152 809 3263 879 nis,
3294 809 3397 863 hoc
3420 815 3530 876 est,
3561 808 3735 881 paulo

2084 904 2212 971 post
2245 917 2464 954 annum
2488 898 2703 955 Christi
2729 899 2829 953 193
2860 898 3087 970 (Georg.
3119 898 3275 954 Vind.
3332 899 3560 966 Tcrtul.,
3590 904 3736 969 part.

2082 1005 2167 1053 IlI,
2200 990 2226 1055 §
2258 990 2307 1055 1,
2342 1006 2470 1060 pag.
2502 989 2617 1059 20),
2653 1005 2766 1058 quo
2799 987 2893 1042 ille
2923 988 3169 1042 Romani
3212 986 3443 1058 imperii
3475 987 3737 1044 habenas

2084 1078 2371 1133 moderari
2406 1078 2597 1149 coepit.
2632 1078 2808 1132 Suam
2844 1080 3039 1132 autem
3071 1076 3406 1147 opinionem
3442 1077 3576 1131 inde
3607 1093 3738 1132 con.

2083 1168 2318 1222 firmare
2348 1172 2611 1233 conatur,
2646 1168 2802 1238 quod
2835 1166 3125 1221 existimet
3151 1165 3608 1229 Tertullianum.
3639 1165 3739 1221 ubi

2086 1258 2155 1311 de
2186 1256 2501 1328 superstite
2552 1254 3134 1333 parricidarum,.qui
3186 1270 3385 1310 necem
3420 1254 3736 1326 imperato-

2088 1346 2250 1409 ribus
2283 1345 2624 1411 intulerant,
2656 1344 3047 1399 racematione
3077 1342 3356 1415 loquitur,
3392 1343 3473 1398 ibi
3505 1345 3576 1399 de
3608 1347 3741 1398 Per-

2084 1434 2297 1489 tinacis
2335 1433 2808 1488 interfectoribus
2862 1432 3067 1487 fecisse
3118 1449 3445 1488 sermonem
3495 1431 3740 1504 (Tertul-

2085 1522 2225 1578 lion.
2287 1523 2611 1594 Apologetic.
2668 1539 2794 1592 cap.
2856 1523 2968 1593 35).
3001 1521 3149 1585 Quia
3196 1538 3332 1577 vero
3392 1521 3608 1591 Albini,
3642 1521 3739 1593 qui

2088 1614 2367 1668 adversus
2415 1616 2688 1667 Severum
2737 1611 3150 1681 imperatorem
3200 1610 3581 1682 conspiravit,
3635 1626 3732 1664 no-

2091 1719 2224 1758 men
2256 1702 2409 1773 quod
2440 1702 2500 1756 in
2530 1706 2687 1755 textu
2717 1699 3059 1755 Tertulliani
3086 1699 3303 1753 ibidem
3336 1698 3571 1772 legitur,
3607 1699 3739 1755 huic

336 1790 478 1846 dicit
525 1808 638 1845 non
690 1790 881 1845 solum
931 1790 1281 1856 Occidentis,
1334 1792 1434 1846 sed
1488 1791 1663 1846 etiam
1704 1789 1978 1845 Orientis.
2011 1826 2059 1890 B
2090 1791 2394 1847 sententiae
2452 1789 2745 1845 adversari
2794 1790 3089 1858 cernebat,
3153 1790 3303 1843 736
3350 1787 3495 1843 illud
3553 1788 3742 1842 intru-

334 1880 580 1946 Quidam
614 1880 769 1934 enim
816 1879 979 1935 illius
1028 1880 1181 1949 libri,
1210 1882 1282 1935 ob
1340 1897 1642 1953 magnum,
1678 1896 1793 1950 quo
1824 1879 1981 1933 aesti-

334 1969 668 2037 mabantur,
702 1970 977 2038 pretium,
1014 1968 1070 2022 in
1106 1969 1365 2024 Graecam
1398 1969 1685 2039 linguam,
1715 1973 1779 2023 ut
1810 1967 1982 2039 paulo

332 2061 504 2111 antea
532 2056 963 2123 annotavimus,
993 2058 1276 2121 conversi,
1299 2058 1370 2111 ab
1404 2058 1614 2113 GI‘EBOIS
1646 2057 1984 2112 hominibus

334 2160 449 2199 non
484 2142 678 2198 minus
709 2145 893 2211 avide,
928 2161 1108 2216 quam
1141 2163 1174 2199 a
1205 2146 1430 2201 Latinis
1461 2146 1819 2218 legebantur.

409 2232 578 2288 Tanti
611 2249 781 2303 porro
812 2234 1132 2306 Cyprianus
1161 2252 1259 2291 eos
1306 2235 1458 2301 fecit,
1494 2241 1557 2290 ut
1603 2235 1816 2291 idcirco
1845 2240 1985 2289 Ter.

337 2321 653 2378 tullianum
688 2323 1037 2395 magistrum
1069 2324 1448 2396 appellaverit
1477 2342 1673 2395 suum,
1699 2341 1803 2379 nec
1833 2325 1987 2379 diem

346 2411 532 2467 ullum
565 2413 692 2468 sine
723 2412 975 2484 alicujus
996 2430 1064 2469 ex
1088 2414 1247 2469 illius
1280 2414 1445 2470 libris
1476 2414 1722 2469 lectione
1755 2418 1988 2485 praster-

343 2500 429 2556 ire
466 2500 732 2557 voluerit.
784 2502 971 2574 Hujus
1018 2508 1215 2558 autem
1265 2508 1384 2558 tam
1437 2504 1673 2559 assidue
1720 2502 1990 2558 lectionis

342 2590 511 2645 testis
542 2591 701 2645 omni
734 2590 846 2646 ﬁde
878 2593 1065 2663 major
1112 2593 1280 2647 nobis
1309 2598 1398 2648 est
1446 2593 1855 2664 Hieronymus,
1889 2590 1989 2663 qui

344 2696 375 2734 a
406 2696 543 2750 quo,
584 2683 641 2734 et
692 2696 868 2750 quam
927 2686 1081 2735 certo
1130 2681 1186 2736 id
1244 2681 1551 2753 acceperit,
1604 2681 1688 2737 sic
1718 2684 1985 2736 enarrat:

341 2790 369 2817 «
402 2767 533 2822 Vidi
566 2784 701 2839 ergo
724 2769 1039 2840 quemdam
1061 2769 1303 2825 Paulum
1328 2770 1680 2835 Concordiae,
1716 2771 1868 2842 quod
1893 2786 1988 2840 op-

338 2856 541 2928 pidum
576 2857 750 2912 Italiae
782 2863 888 2921 est,
915 2875 1138 2923 senem,
1172 2860 1271 2929 qui
1295 2875 1355 2914 se
1387 2859 1535 2914 beati
1570 2858 1837 2931 Cypriani
1864 2860 1988 2929 jam

337 2945 578 3018 grandis
610 2946 795 3001 aetatis
844 2948 1139 3003 notarium
1184 2964 1315 3003 cum
1362 2948 1486 3020 ipse
1530 2948 1848 3003 admodum
1894 2964 1987 3002 es-

337 3040 423 3091 set
452 3035 813 3103 adolescens;
854 3040 1049 3092 Romae
1097 3037 1314 3092 vidisse
1363 3037 1606 3103 diceret,
1658 3036 1989 3107 referreque

335 3125 446 3181 sibi
478 3124 739 3193 solitum,
776 3143 1077 3197 nunquam
1126 3126 1481 3198 Cyprianum
1513 3128 1732 3198 absque
1760 3124 1986 3180 Tertul-

2091 1898 2243 1947 sum,
2277 1885 2449 1951 atque
2480 1897 2547 1934 ex
2597 1878 2745 1933 libro
2774 1879 2844 1933 ad
2889 1878 3185 1949 Scapulam
3232 1878 3345 1932 huc
3386 1877 3739 1932 translatum

2092 1987 2220 2026 esse
2252 1969 2596 2041 pronuntiat
2619 1968 2797 2038 (Idem
2838 1967 2938 2022 lib.
2991 1968 3063 2021 ad
3091 1968 3335 2038 Scapul.,
3382 1983 3509 2038 cap.
3546 1967 3622 2035 2).
3650 1966 3745 2021 Sic

2092 2060 2291 2131 itaque
2323 2058 2687 2113 difﬁcultatis
2718 2057 2936 2111 nodum
2963 2055 3138 2111 unius
3168 2056 3326 2111 verbi
3351 2054 3748 2127 amputatione

2096 2148 2277 2207 secari
2308 2147 2511 2203 voluit.
2534 2146 2749 2201 Verum
2774 2162 2910 2217 qua,
2934 2146 3140 2200 amabo
3174 2150 3248 2211 te,
3283 2145 3508 2199 ratione
3533 2144 3750 2200 PNulla

2097 2238 2355 2311 penitus,
2392 2254 2457 2292 ac
2489 2240 2691 2291 contra
2720 2234 2985 2290 omnium
3020 2235 3559 2305 manuscriptorum
3594 2234 3751 2288 codi-

2098 2345 2228 2383 cum
2264 2326 2686 2383 auctoritatem.
2736 2330 2943 2379 Everso
2993 2326 3189 2395 itaque
3227 2341 3385 2378 vanae
3435 2322 3593 2378 illius
3624 2323 3749 2394 opi-

2098 2417 2293 2472 nionis
2326 2417 2725 2484 fundamento,
2779 2418 2832 2469 et
2882 2414 3009 2479 ipsa
3058 2412 3287 2482 penitus
3336 2417 3469 2466 ruat
3513 2428 3753 2467 necesse

2099 2511 2189 2562 est
2236 2505 2385 2571 Quin
2405 2505 2579 2560 etiam
2604 2502 2762 2558 illius
2786 2501 3012 2557 falsitas
3033 2518 3098 2557 ex
3126 2518 3255 2556 mox
3274 2500 3537 2557 dicendis
3560 2500 3755 2555 adhuc

2099 2595 2315 2652 clarius
2347 2594 2583 2666 patebit.

2168 2684 2422 2756 Scaliger
2452 2687 2647 2737 autem
2687 2684 2744 2737 et
2791 2680 3023 2735 Alixius
3052 2679 3271 2751 opinati
3323 2683 3462 2734 sunt
3491 2679 3647 2734 hunc
3680 2678 3756 2733 li-

2099 2775 2269 2829 brum
2303 2774 2363 2827 in
2395 2772 2586 2828 lucem
2618 2775 2848 2826 tantum
2882 2770 3169 2842 prodiisse
3202 2771 3333 2840 post
3357 2769 3621 2839 ejusdem
3646 2768 3754 2823 Se-

2103 2864 2215 2919 veri
2264 2862 2631 2933 imperatoris
2682 2864 2950 2924 mortem,
3002 2876 3128 2929 quae
3173 2875 3325 2913 anno
3375 2857 3590 2913 Christi
3619 2858 3753 2924 211,

2100 2969 2300 3008 mense
2318 2951 2629 3006 Februario
2654 2949 2834 3005 accidi
2851 2958 2884 3002 l.
2909 2952 2981 3003 At
3005 2947 3227 3003 nullam
3251 2947 3603 3018 opinationis
3629 2963 3752 3002 sua)

2098 3041 2272 3095 aliam
2306 3040 2557 3095 reddunt
2588 3038 2897 3106 rationem,
2933 3035 3044 3091 nisi
3075 3037 3213 3108 quia
3246 3035 3606 3091 arbitrantur
3627 3034 3753 3091 haec

2098 3129 2442 3186 Tertulliani
2474 3127 2685 3183 verba:
2721 3151 2747 3177 «
2783 3126 2989 3198 Papias
3028 3126 3184 3196 leges
3216 3124 3341 3180 heri
3391 3125 3755 3179 constantis-

332 3213 473 3268 liani
503 3213 748 3269 lectione
780 3232 961 3269 unum
995 3215 1148 3269 diem
1201 3215 1567 3287 praateriisse,
1601 3232 1665 3269 ac
1715 3214 1826 3269 sibi
1860 3231 1981 3269 cre-
2014 3186 2057 3253 C
2098 3221 2287 3275 simus
2318 3219 2651 3290 principum
2700 3218 2948 3272 Severus
2989 3214 3262 3282 exclusit,
3292 3235 3319 3265 ››
3371 3214 3575 3285 (Idem,
3606 3214 3756 3284 Αρο-

334 3302 437 3357 bro
471 3301 663 3357 dicere
693 3320 705 3358 :
740 3304 821 3358 Da
855 3304 1225 3375 magistrum.
1263 3302 1692 3358 Tertullianum
1718 3303 1985 3358 videlicet

332 3391 691 3464 significans.
747 3416 772 3443 ››
829 3394 1184 3465 (Hieronym.
1248 3394 1487 3464 Catalog.
1544 3397 1731 3466 script.
1780 3395 1979 3450 Eccles.

320 3498 458 3551 acap.
488 3483 579 3548 53,
614 3498 746 3553 pag.
780 3483 928 3553 115.)
961 3482 1110 3547 Quin
1141 3483 1315 3538 etiam
1348 3482 1518 3553 plane
1548 3488 1843 3538 asseverat
1874 3484 1981 3539 hoo

329 3586 397 3624 ex
423 3570 662 3641 ipsimet
692 3571 961 3642 Cypriani
994 3571 1158 3627 libris
1206 3577 1487 3627 testatum
1537 3572 1683 3628 satis
1713 3573 1858 3629 ﬁeri.
1891 3574 1979 3628 Ad

328 3659 773 3715 Pammachium
806 3661 1095 3717 enimvero
1127 3670 1180 3717 et
1210 3661 1502 3717 Oceanum
1546 3662 1665 3717 haec
1714 3662 1772 3716 in
1805 3664 1979 3719 verba

326 3748 597 3820 scripsit:
632 3772 659 3799 «
690 3755 902 3806 Beatus
933 3752 1255 3823 Cyprianus
1302 3750 1660 3806 Tertulliano
1693 3751 1975 3823 magistro

326 3840 528 3907 utitur,
563 3845 627 3895 ut
673 3843 801 3913 ejul
849 3843 1066 3914 scripta
1123 3843 1408 3913 probant:
1460 3858 1714 3914 cumque
1762 3843 1974 3898 eruditi

323 3933 381 3985 et
410 3930 669 3987 ardentis
698 3931 804 3985 viri
836 3930 1157 3987 delectetur
1186 3933 1441 4003 ingenio,
1470 3932 1809 3987 Montanum
1836 3950 1971 3988 cum

321 4034 387 4074 eo
418 4019 918 4093 Maximillamque
945 4038 1057 4076 non
1090 4022 1376 4093 sequitur.
1414 4044 1441 4071 »
1472 4022 1651 4093 (Idem
1676 4022 1847 4093 epist.
1883 4023 1967 4077 42.

320 4125 450 4179 pag.
484 4110 635 4179 342.)
664 4109 777 4165 Nec
809 4110 1053 4165 dubium
1079 4126 1217 4165 sane
1244 4115 1329 4166 est
1353 4111 1494 4181 quin
1527 4110 1622 4165 alii
1657 4111 1969 4183 quamplu-

319 4197 475 4264 rimi,
510 4199 1007 4269 quemadmodum
1042 4199 1385 4272 Cyprianus,
1417 4198 1759 4255 Tertulliani
1785 4199 1969 4255 libros

317 4287 830 4357 pervolutaverint.
882 4293 957 4343 De
1006 4287 1102 4342 illo
1153 4288 1440 4357 siquidem
1485 4288 1608 4342 haec
1656 4306 1861 4344 rursus
1893 4290 1965 4344 ab

314 4375 664 4449 Hieronymo
694 4377 905 4433 litteris
937 4378 1214 4433 mandata
1242 4376 1531 4448 legimus:
1571 4376 1795 4432 «Multa
1826 4378 1964 4432 scri-

312 4464 430 4534 psit
458 4465 775 4532 volumina,
810 4483 937 4536 quaa
972 4466 1110 4537 quia
1140 4471 1281 4520 nota
1322 4470 1461 4520 sunt
1493 4464 1779 4535 pluribus,
1813 4483 1962 4537 pras-

2093 3308 2255 3376 loget.
2291 3325 2416 3379 cap.
2451 3308 2501 3377 4)
2537 3323 2651 3360 non
2692 3304 2877 3373 aliter,
2920 3320 3095 3376 quam
3144 3303 3215 3357 de
3247 3301 3353 3357 hoc
3398 3301 3753 3373 imperatore

2084 3400 2209 3469 jam
2244 3402 2473 3452 mortuo
2522 3410 2694 3467 posse
2742 3392 3011 3464 intelligi.
3054 3390 3355 3461 Numquid
3401 3405 3537 3460 ergo
3577 3389 3765 3444 adver

2090 3487 2278 3555 bium,
2312 3488 2453 3551 heri,
2484 3484 2652 3539 illum
2702 3482 2900 3555 potius
2950 3485 3272 3545 mortuum,
3328 3494 3505 3550 quam
3552 3477 3753 3533 adhuc

2088 3576 2376 3631 viventem
2410 3572 2751 3646 signiﬁcat?
2798 3571 3018 3626 Deinde
3048 3585 3182 3624 vero
3232 3568 3312 3622 ibi
3343 3571 3585 3621 Severus
3614 3566 3745 3637 glo-

2088 3665 2241 3719 rioso
2272 3662 2732 3719 constantissimi
2767 3659 3048 3733 principis
3080 3658 3248 3712 titulo
3281 3661 3612 3711 exornatur.
3657 3658 3737 3709 At

2085 3755 2375 3825 quomodo
2421 3751 2815 3809 Tertullianus
2864 3750 2973 3804 hoc
3021 3748 3208 3819 elogio
3238 3745 3405 3800 illum
3459 3745 3735 3799 decorare

2084 3846 2294 3915 potuit,
2348 3843 2461 3898 nisi
2505 3846 2817 3911 antequam
2868 3837 3119 3910 publicis
3178 3835 3381 3890 edictis
3439 3835 3627 3888 diram
3668 3833 3731 3888 in

2083 3933 2445 3988 Christianos
2475 3931 2788 3986 excitasset
2831 3925 3289 3999 persecutionem
3313 3924 3340 3977 ?
3389 3922 3556 3993 Atqui
3595 3937 3731 3976 eam

2082 4022 2331 4077 movisse
2363 4020 2705 4092 perhibetur
2750 4020 2994 4073 exeunte
3024 4030 3177 4070 anno
3225 4012 3438 4067 Christi
3472 4011 3728 4066 secundo

2080 4128 2258 4181 supra
2291 4109 2781 4165 ducentesimum.
2828 4103 3228 4160 Tertullianus
3261 4102 3438 4173 igitur
3467 4100 3623 4155 hunc
3654 4098 3725 4153 li»

2078 4200 2248 4255 brum
2273 4203 2406 4253 ante
2428 4198 2583 4252 hunc
2616 4212 2859 4262 annum,
2884 4210 2949 4249 ac
2981 4192 3221 4264 proinde
3242 4194 3376 4245 ante
3401 4188 3577 4257 hujus
3611 4188 3728 4242 im-

2076 4288 2360 4360 peratoris
2387 4288 2613 4343 obitum
2644 4283 2963 4340 confecisse
2994 4272 3274 4336 dicendus
3323 4283 3430 4333 est.
3465 4277 3577 4332 Nec
3611 4276 3727 4330 mi-

2075 4396 2187 4433 nus
2218 4378 2454 4448 quidem
2501 4380 2656 4432 certo
2706 4374 2847 4428 illud
2902 4369 3131 4444 probari
3181 4371 3379 4440 posset
3429 4366 3523 4420 his
3563 4364 3727 4420 illius

2070 4470 2299 4525 verbis:
2346 4491 2371 4519 ››
2425 4469 2598 4539 Leges
2647 4467 2927 4521 adversus
2978 4460 3344 4516 Christianos
3398 4456 3592 4512 nullus
3624 4459 3728 4509 Se-

308 4552 715 4608 termittimus.
750 4579 775 4604 ››
812 4555 1165 4626 (Hieronym.
1203 4554 1358 4625 ibid.)
1404 4556 1472 4608 At
1504 4555 1793 4623 quomodo
1843 4555 1960 4611 illis
2000 4553 2042 4617 Ι)
2076 4576 2243 4614 verus
2272 4557 2593 4628 impressit,
2629 4578 2655 4605 »
2690 4571 2816 4626 quae
2847 4552 2906 4607 in
2932 4549 3285 4622 quibusdam
3320 4547 3498 4616 hujus
3527 4543 3725 4615 Apolo-

307 4638 452 4694 adeo
484 4646 620 4695 nota
663 4657 791 4697 esse
843 4648 1128 4713 poterant,
1163 4642 1279 4697 nisi
1332 4658 1399 4698 ea
1430 4659 1579 4714 szepe
1628 4643 1842 4715 saepius
1873 4645 1950 4699 le-

306 4727 532 4799 gissent
549 4728 575 4782 ?

961 4838 1191 4894 CAPUT
1231 4839 1301 4893 II.

301 4924 378 4978 De
405 4924 537 4978 libri
590 4927 923 4997 Apologctici
971 4935 1150 4992 aelate,
1199 4929 1391 4997 quibus
1449 4927 1690 4983 directus
1738 4945 1952 4983 nuncu-

371 5001 638 5066 patusque
673 5000 760 5058 sit,
804 5003 989 5052 utrum
1038 5003 1275 5053 auctoris
1317 5016 1539 5054 nomine
1585 5002 1829 5069 primum
1861 5004 1952 5055 in-

371 5071 627 5138 scriptus,
666 5073 784 5139 quis
818 5070 976 5124 illius
1022 5071 1233 5135 titulus,
1286 5071 1491 5140 quodve
1539 5082 1946 5140 argumentum,

2075 4650 2247 4718 getici
2267 4645 2686 4716 manuscriptis
2703 4642 2938 4698 eteditis
2957 4633 3720 4705 codicibuslegunturUbid.

2069 4754 2194 4808 cap.
2226 4738 2302 4808 5).
2337 4735 2482 4801 Quia
2510 4740 2706 4789 tamen
2747 4732 2805 4785 in
2839 4730 2971 4786 aliis
3020 4726 3374 4784 editionibus
3406 4728 3463 4778 et
3492 4727 3724 4793 septem

2070 4825 2284 4881 nostris
2307 4824 2607 4880 codicibus
2630 4818 3050 4890 manuscriptis
3077 4816 3360 4887 scriptum
3389 4816 3499 4877 est,
3522 4809 3727 4865 nullus

2069 4920 2247 4970 Verus
2276 4915 2584 4985 impressit;
2618 4912 2760 4976 haec,
2782 4911 2851 4965 de
2879 4908 3093 4980 quibus
3118 4904 3310 4960 adhuc
3342 4904 3564 4972 postea,
3598 4916 3717 4955 non

2066 5005 2217 5059 ultra
2248 5021 2423 5075 quam
2457 5006 2741 5073 oporteat,
2776 4997 3038 5069 urgenda
3066 4994 3360 5050 duximus.

2133 5094 2316 5149 Instat
2359 5109 2489 5148 vero
2542 5090 2802 5145 Alixius:
2854 5087 2939 5140 Ad
2990 5102 3164 5140 suum
3210 5079 3611 5138 Tertullianus
3644 5078 3719 5133 de

370 5156 405 5193 a
438 5141 637 5208 quibus
687 5146 745 5195 in
791 5144 971 5212 capita
1018 5142 1286 5207 diversus,
1330 5151 1379 5197 et
1418 5143 1661 5212 praeﬁxa
1706 5148 1946 5212 capitum

367 5216 713 5287 summariar,
771 5230 873 5284 quo
925 5214 1201 5284 applausu
1264 5223 1579 5284 susceptus,
1638 5232 1671 5270 a
1729 5233 1832 5287 quo
1884 5218 1942 5270 in

365 5286 612 5365 Grmcam
671 5286 921 5355 linguam
983 5301 1271 5341 conversus
1344 5302 1408 5340 ac
1463 5302 1561 5356 quo
1617 5286 1754 5358 stle
1816 5303 1942 5343 con-

365 5364 621 5426 scriptus.

2058 5182 2575 5255 Prwscriptionibus
2605 5178 2985 5235 hereticorum
3019 5174 3237 5228 librum
3260 5170 3520 5227 alludere
3549 5168 3714 5223 vide-

2055 5277 2174 5341 tur,
2210 5273 2310 5327 ubi
2358 5273 2416 5327 in
2468 5269 2809 5342 Apologetico
2866 5269 3069 5321 contra
3100 5262 3233 5318 illos
3282 5261 3365 5315 sic
3405 5257 3707 5328 disputat:

2052 5385 2080 5412 «
2114 5361 2391 5434 Expedite
2443 5358 2878 5431 praescribimus
2945 5351 3230 5409 adulteris
3280 5347 3498 5405 nostris
3544 5345 3708 5401 illam

817 5460 1135 5500 ARTICULUS
1176 5460 1415 5499 PRIMUS.

2086 5469 2177 5506 sse
2204 5450 2464 5522 regulam
2494 5446 2773 5515 veritatis,
2798 5462 2926 5516 quis
2958 5442 3150 5498 veniat
3171 5459 3205 5497 a
3235 5437 3488 5503 Christo,
3524 5440 3713 5491 trans-

292 5533 410 5601 Quo
439 5538 683 5608 tempore
719 5532 1095 5610 Tertullianus
1130 5534 1531 5610 Apologeticum
1570 5534 1849 5606 publicam
1879 5538 1939 5591 in
2048 5538 2231 5593 missa
2260 5555 2363 5610 per
2392 5537 2637 5591 comites
2666 5534 2877 5605 ipsius,
2911 5533 3129 5605 quibus
3163 5526 3478 5599 aliquando
3504 5527 3705 5594 poste-

876 5605 1053 5661 lucem
1083 5607 1348 5662 επιίδθνίίο
1574 5605 1581 5606 ί
2044 5626 2226 5681 riores
2260 5605 2481 5680 diversi
2535 5622 2633 5677 isti
2666 5624 3154 5676 commentatores
3188 5613 3619 5688 probabunturo
3669 5629 3701 5661 >>

361 5712 536 5770 Extra
564 5730 736 5772 omne
788 5714 1034 5772 dubium
1086 5718 1173 5771 est
1215 5713 1667 5785 Tertullianum,
1700 5713 1933 5787 utijam
2040 5714 2207 5791 (Ibid.
2242 5730 2369 5787 cap.
2403 5711 2515 5786 47.)
2550 5713 2615 5767 At
2653 5709 2943 5781 numquid
2998 5707 3106 5763 hoc
3136 5703 3547 5778 argumentum
3583 5697 3697 5754 ad-
