4060 6178
305 341 427 401 817
1035 341 1117 399 ΙΝ
1161 339 1770 401 APOLOGETICUM
1818 340 1888 398 D.
1936 338 2034 397 LE
2079 334 2403 395 NOURRY
2452 329 3001 393 DISSERTATIO.
3603 323 3724 382 818

290 489 501 528 versus
536 474 843 527 novatores
876 474 933 525 et
967 469 1245 525 dootrinze
1280 470 1621 526 Christianas
1650 472 1955 541 oorrupto-
1989 466 2042 533 Α
2074 467 2200 522 cad.
2236 481 2366 537 pag.
2403 462 2508 518 col.
2542 463 2822 534 2).Atque
2854 477 2920 516 ex
2951 459 3045 513 his
3077 456 3499 530 posterioribus
3528 453 3724 510 verbis

296 580 392 618 res
424 564 497 617 ab
531 560 644 616 alio
677 558 940 614 adhiberi
978 577 1092 613 non
1141 564 1351 631 potest,
1416 560 1527 615 nisi
1584 561 1655 615 ab
1712 575 1801 626 eo,
1862 554 1962 629 qui
2076 554 2256 627 aliqui
2289 553 2493 609 confici
2529 568 2698 623 posse
2750 549 3091 605 existimant
3128 542 3477 601 Tertulliani
3526 542 3723 613 Apolo-

297 651 521 706 librum
562 651 625 705 de
665 650 1186 720 Prmscrz’ptionibus
1237 649 1623 705 haereticorum
1671 646 1963 703 ediderit?
2073 648 2309 718 geticum
2342 645 2398 697 in
2436 643 2624 697 lucem
2659 639 2947 711 prodiisse
2970 654 3083 691 non
3117 634 3306 690 solum
3342 638 3472 705 post
3501 632 3723 687 exstin-

292 742 517 797 Deinde
544 740 755 807 vero,si
780 741 858 795 ibi
882 742 953 795 ad
982 741 1145 795 hune
1174 739 1390 795 librum
1419 740 1729 796 collineare
1758 736 1963 805 voluit,
2078 743 2224 803 ctas,
2257 736 2328 790 de
2360 732 2576 805 quibus
2608 729 2702 785 ille
2733 724 3387 798 disserit,perduellium
3422 722 3718 792 reliquias,

306 848 416 887 cur
438 830 612 887 illum
648 830 993 886 clarioribus
1025 828 1215 885 verbis
1250 846 1363 884 non
1400 830 1643 897 indicat,
1670 834 1845 900 atque
1896 827 1963 882 iis
2076 828 2176 883 sed
2210 830 2339 897 post
2370 820 2653 879 Plautiani
2686 819 2861 874 etiam
2893 817 3124 881 caedem,
3153 812 3252 885 qui
3278 813 3518 885 jubente
3548 810 3725 865 Cara-

297 923 511 986 utitur,
548 938 674 993 quae
708 921 776 975 de
808 920 931 985 illo,
968 919 1049 974 uti
1084 918 1179 973 alii
1214 924 1581 991 putant,tam
1612 918 1967 974 conﬁciendo
2077 915 2243 982 colla,
2278 930 2429 969 anno
2460 910 2673 967 Christi
2702 908 2805 961 204
2838 912 2937 962 aut
2965 905 3071 959 205
3100 903 3439 959 interfectus
3468 903 3575 957 est.

296 1028 482 1084 quam
511 1012 633 1082 iam
678 1009 1005 1080 οοῐηροείίο
1062 1013 1311 1080 PUSSunt
1373 1008 1660 1079 intelligi?
1709 1007 1969 1077 Denique
2152 1025 2214 1077 In
2244 1022 2422 1091 huius
2455 1022 2648 1074 autem
2671 1015 2964 1087 opinionis
2988 1010 3491 1067 conﬁrmationem
3517 1005 3727 1061 adduci

301 1119 420 1157 non
457 1104 686 1156 constat
716 1098 868 1153 inter
899 1098 1161 1154 eruditos
1193 1114 1309 1169 quo
1341 1102 1607 1170 tempore
1651 1095 1967 1151 Tertullia-
2080 1128 2312 1185 quoque
2344 1112 2609 1181 poterunt
2653 1103 3076 1175 subsequentia
3124 1101 3387 1171 ejusdem
3435 1094 3727 1169 Spartiani

294 1208 411 1245 nus
445 1190 597 1244 hunc
616 1189 681 1243 de
712 1188 1232 1259 Prwscriptiom‘bus
1264 1188 1480 1242 librum
1508 1186 1800 1259 publicam
1824 1186 1968 1239 emi-
2080 1203 2151 1258 de
2208 1202 2315 1256 hoc
2377 1200 2503 1270 ipso
2536 1198 2887 1267 imperatore
2944 1191 3121 1246 verba
3155 1206 3168 1244 ;
3204 1212 3231 1239 ‹‹
3268 1186 3484 1242 Multos
3528 1185 3728 1253 etiam,

292 1280 442 1335 serit
475 1279 533 1333 in
567 1277 781 1333 lucem.
820 1278 1135 1332 Peritiores
1167 1283 1365 1331 autem
1401 1277 1586 1332 critici
1625 1284 1869 1330 censent
1901 1275 1975 1329 ab
2082 1292 2249 1363 quasi
2278 1288 2577 1346 Chaldwos
2609 1290 2709 1340 aut
2738 1288 2896 1338 vates
2930 1282 2998 1335 de
3030 1297 3137 1335 sua
3164 1277 3350 1333 salute
3398 1272 3731 1331 consuluis-

297 1385 367 1424 eo
402 1366 794 1439 divulgatum,
821 1383 955 1421 cum
991 1366 1253 1421 nondum
1286 1366 1358 1421 ab
1392 1366 1655 1422 Ecclesia
1692 1363 1975 1420 catholica
2082 1387 2231 1447 sent,
2266 1376 2577 1443 interemit,
2600 1373 2886 1446 ριιωοίρυθ
2916 1373 3220 1441 suspectos
3250 1378 3735 1435 unumquemque

301 1458 639 1513 defeclsset°
2081 1473 2359 1527 idoneum
2390 1466 2659 1538 imperio,
2692 1479 2825 1518 cum
2859 1460 2984 1531 ipse
3017 1456 3288 1530 parvulos
3337 1455 3529 1510 adhuc
3582 1452 3732 1505 ﬁlios

378 1543 687 1600 Νοωίοθω
719 1559 913 1614 PONO,
969 1542 1050 1597 “ti
1116 1542 1453 1615 opinamur:
1515 1542 1658 1597 illud
1719 1542 1973 1597 movebit
2083 1562 2343 1624 haberet,
2375 1557 2553 1627 idque
2582 1552 2697 1608 dici
2730 1552 2801 1607 ab
2832 1549 2905 1605 iis
2929 1548 3015 1604 vel
3049 1548 3329 1614 crederet,
3360 1543 3448 1599 vel
3479 1541 3729 1607 audiret,

309 1634 471 1705 (ἰυοά
505 1630 732 1687 ΑῙίΧίυε
767 1631 957 1721 adhuc
987 1631 1645 1721 ObjectaideSiSnalam
1679 1649 1712 1685 ⁸
1741 1630 1975 1721 Teriui‘
2083 1650 2182 1721 qui
2216 1648 2327 1704 sibi
2360 1643 2799 1717 augurabantur
2844 1637 3159 1710 imperium
3210 1651 3223 1689 :
3281 1656 3308 1684 »
3357 1630 3542 1705 (lbid.)
3592 1645 3728 1684 nam

306 1722 469 1778 liano
502 1722 617 1777 sibi
650 1720 828 1776 videri
861 1721 1160 1775 insolitam
1186 1720 1613 1792 eclipsim,qua3
1637 1737 1790 1775 anno
1812 1719 1909 1773 Chi

2121 1736 2476 1792 'ertullianus
2535 1732 2736 1787 eodem
2792 1728 2968 1783 citato
3020 1742 3053 1780 a
3100 1724 3268 1778 nobis
3313 1722 3501 1793 capite
3532 1718 3724 1773 dixit:

302 1812 383 1904 sti
553 1810 795 1881 contigit
826 1809 1009 1881 (Ibid.,
1044 1826 1171 1880 cap.
1230 1810 1343 1880 20).
1404 1809 1565 1875 Quod
1622 1809 1775 1864 enirn
1835 1808 1905 1862 cit

2144 1828 2357 1881 Eadem
2388 1821 2601 1887 ofﬁcia,
2634 1820 2691 1873 in
2727 1816 3058 1890 principum
3091 1813 3313 1867 scilicet
3342 1807 3730 1866 solemnitati-

299 1900 443 1956 libri
482 1900 821 1971 Apologetici
852 1903 1049 1970 caput,
1081 1898 1141 1953 in
1174 1915 1239 1953 eo
1292 1898 1521 1952 nullum
1572 1897 1741 1969 plane
1788 1902 1902 1951 exet

2129 1933 2218 1985 us,
2250 1913 2608 1985 dependunt,
2652 1913 2707 1965 et
2755 1907 2851 1977 qui
2906 1903 3253 1975 astrologos,
3305 1904 3363 1956 et
3408 1896 3730 1969 aruspices.

311 1988 637 2062 singularis
673 1989 818 2043 787
858 1992 915 2043 et
948 1987 1199 2043 insolitas
1232 1986 1483 2058 alicujus
1529 1986 1765 2059 eclipsis
1820 1986 1914 2040 ind

2130 2012 2141 2059 t
2172 2006 2509 2075 augures,et
2541 2014 2741 2069 magos
2772 1998 2843 2051 de
2864 1993 3109 2051 Cmsaris
3128 1991 3316 2063 capite
3338 1986 3733 2046 consultant.»

315 2079 501 2147 cium,
530 2076 807 2149 nullaque
834 2076 1210 2149 signiﬁcatio.

2088 2091 2457 2167 (Tertulliau.
2490 2089 2763 2160 Apologel.
2790 2102 2915 2155 cap.
2947 2082 3060 2155 35.)

382 2186 494 2241 Alii
530 2186 724 2256 itaque
748 2183 1089 2239 existimant
1121 2183 1275 2238 hunc
1306 2182 1520 2239 librum
1557 2200 1591 2237 a
1620 2181 1975 2238 Tertulliano
2159 2198 2366 2271 Νθεατί
2388 2197 2626 2268 quidem
2652 2211 2767 2249 σου
2792 2196 2983 2264 potest
3003 2183 3737 2259 hancargumsntationem

312 2276 732 2331 θίυουδνθιίυω
779 2278 981 2340 ίυιεεθν
1017 2290 1151 2329 cum
1181 2274 1427 2328 severus
1445 2272 1571 2327 orbi
1594 2272 1978 2327 RomanOim'
2093 2269 2383 2346 188_non
2420 2284 2648 2341 minimi
2682 2282 2938 2355 profecto
2970 2296 3098 2335 esse
3129 2274 3480 2349 ponderis,si
3512 2269 3735 2329 ethnici

308 2366 578 2438 perabat.
607 2365 734 2419 Non
767 2380 925 2419 enim
960 2363 1148 2453 illum,
1202 2363 1315 2453 nisi
1366 2363 1557 2419 adhuc
1609 2367 1975 2434 regnantem,
2090 2381 2411 2453 proximam
2441 2378 2862 2446 imperatorum
2896 2372 3144 2424 mortem
3194 2369 3484 2437 optantes,
3534 2375 3737 2431 magos

304 2471 419 2509 nec
456 2455 511 2508 in
554 2453 917 2508 Christianos
949 2452 1140 2507 adhuc
1188 2452 1379 2523 palam
1431 2454 1786 2522 saevientem,
1841 2468 1906 2507 oo

2133 2470 2356 2540 liosque
2403 2462 2705 2521 divinandi
2757 2464 2879 2516 arte
2929 2456 3147 2529 peritos
3192 2456 3262 2510 de
3310 2452 3493 2509 solius
3545 2447 3736 2504 Severi

316 2542 704 2609 stantissimi,
738 2544 823 2597 uti
880 2541 1051 2613 paulo
1101 2547 1234 2597 ante
1278 2540 1556 2603 diximus,
1608 2542 1919 2613 imperator

2136 2556 2461 2630 nperatoris
2491 2553 2680 2609 salute
2708 2550 2887 2606 semel
2924 2552 3151 2603 tantum
3186 2541 3646 2599 consuluissent.
3668 2540 3739 2592 At

314 2632 511 2704 elogio
534 2634 893 2686 exornasset.
930 2629 1149 2685 Deinde
1174 2646 1309 2684 vero
1338 2630 1435 2685 ubi
1467 2631 1537 2685 de
1562 2630 1917 2701 perduellibu

2135 2628 2245 2704 erte
2274 2643 2676 2702 Tertullianus
2713 2640 2935 2695 hancce
2983 2634 3473 2691 consultationem
3525 2628 3738 2700 saepius

317 2721 472 2811 lassa;
506 2719 830 2811 maiestatis
864 2718 1000 2786 reis,
1036 2736 1102 2774 ac
1147 2718 1402 2790 publicis
1450 2719 1725 2775 hostibus
1779 2724 1920 2792 posti

2132 2737 2451 2809 ropositam
2504 2738 2560 2788 et
2610 2729 2914 2803 repetitam
2967 2726 3147 2781 fuisse
3190 2723 3347 2779 haud
3379 2721 3625 2777 obscure
3656 2717 3735 2772 si-

311 2808 560 2899 disserit
598 2807 895 2899 :ringnde,
929 2808 1143 2878 inquit,
1194 2807 1401 2872 Cassii,
1446 2814 1503 2863 et
1556 2808 1735 2880 Nigri,
1790 2816 1843 2864 et
1891 2810 1914 2862 Α

2135 2805 2645 2882 nificat.Praeterea
2675 2820 2722 2875 si
2756 2818 2879 2873 haec
2912 2816 3069 2871 illius
3100 2815 3171 2869 de
3202 2812 3411 2868 iisdem
3442 2805 3738 2864 seditiosis

316 2897 466 2960 bini:
522 2919 552 2947 ”
579 2896 762 2967 κιδίίί·
794 2913 921 2967 οθιΡ-
956 2898 1049 2967 35)
1077 2896 1175 2966 (Ιυί
1206 2896 1479 2952 Videlicet
1509 2899 1580 2953 de
1610 2914 1846 2952 summ“
1876 2897 1984 2952 ίῐη·
2096 2896 2447 2972 factionibus
2477 2911 2654 2967 verba
2684 2926 2696 2963 :
2724 2930 2752 2957 «
2787 2907 2899 2962 Sed
2931 2910 2987 2960 et
3018 2918 3239 2959 nunc...
3274 2898 3534 2970 quotidie
3580 2911 3736 2950 reve-

318 2987 471 3058 perii
502 2990 789 3056 potestate
818 3001 953 3040 cum
987 2984 1269 3057 legitimis
1299 2985 1753 3057 imperatoribus
1784 2988 1921 3043 deos

2137 3010 2312 3074 tntur,
2373 3025 2399 3052 ››
2459 2998 2753 3056 attentiori
2812 2994 3008 3051 animo
3068 2990 3490 3063 expendamus,
3549 3000 3740 3039 nonne

315 3080 606 3131 taverant.
640 3079 716 3129 At
746 3077 878 3144 post
934 3073 1191 3128 occisum
1243 3091 1441 3129 mense
1492 3075 1642 3130 Maio
1694 3076 1831 3129 anni
1879 3076 1918 3129 l‘

2137 3095 2229 3149 ide
2259 3072 2453 3163 colligi
2482 3093 2633 3143 recte
2666 3091 2873 3159 potest,
2908 3085 2979 3137 de
3010 3081 3128 3137 illis
3159 3093 3489 3135 sermonem
3523 3074 3594 3130 ab
3643 3072 3740 3128 illo

308 3164 685 3219 Pertinacem
740 3164 1185 3233 imperatorem,
1247 3166 1314 3218 C.
1386 3163 1741 3219 Pescennius
1808 3164 1911 3235 Nig

309 3269 641 3276 _--__.--_-_
700 3257 749 3276 ,ι
804 3252 1114 3276 ε..--..;.-...
1173 3252 1226 3276 ζ..
1287 3252 1580 3276 Π-..--..Σ-
1638 3270 1909 3276 -_-___.._-

2137 3183 2241 3247 eri,
2272 3186 2554 3250 tanquam
2589 3176 2849 3232 nondum
2884 3172 3115 3245 penitus
3145 3166 3469 3235 exstinctis,
3520 3163 3619 3219 sed
3669 3162 3740 3216 ad

2543 3266 2598 3276 ..ι
2849 3268 2857 3276 .
3155 3258 3190 3276 1!
3249 3274 3265 3276 κ
3322 3254 3579 3276 _AL-II-_-
3628 3266 3737 3276 ..Α-

309 3269 646 3327 P‘H‘Puram
697 3257 753 3307 et
804 3267 1119 3323 Imperium
1172 3269 1231 3306 ¹⁰
1287 3252 1589 3308 Ραηῦοωδ
1636 3252 1979 3324 ass“mpm,
2014 3252 2056 3276 υ
2096 3286 2398 3328 summum
2430 3266 2657 3339 sopitis,
2690 3268 2984 3336 caputque
3015 3258 3269 3331 amplius
3318 3254 3583 3311 attollere
3627 3266 3743 3306 non

311 3343 569 3413 ejusque
598 3342 657 3395 in
693 3346 890 3412 partes
923 3341 1156 3396 transiit
1193 3342 1431 3397 Cassius
1479 3341 1763 3398 Clemens.
1812 3343 1914 3413 Nig

2135 3358 2497 3417 udentibus?
2527 3356 2797 3411 Nondum
2834 3368 2970 3423 ergo
3000 3355 3246 3405 Severus
3275 3344 3553 3401 habuisse
3582 3340 3738 3396 vide-

314 3448 461 3486 vero
491 3432 740 3485 victusa
770 3434 1000 3495 Severo,
1049 3447 1116 3485 ac
1175 3430 1501 3501 proﬂigatis
1558 3433 1730 3486 tertio
1790 3431 1917 3503 pris]

2138 3457 2272 3505 stur
2326 3451 2557 3520 apertas
2615 3460 2748 3499 cum
2805 3440 3101 3497 Plautione
3160 3435 3512 3492 simultates.
3565 3428 3738 3501 Atqui

312 3521 488 3577 illius
521 3521 727 3592 copiis,
763 3521 897 3593 fusa
930 3522 1104 3577 saluti
1139 3538 1259 3577 δυίε
1289 3521 1599 3577 conﬁnia”
1634 3524 1849 3578 frustm
1891 3540 1985 3579 οο·
2098 3540 2443 3595 Plautianus
2475 3535 2654 3591 ﬁliam
2688 3548 2856 3589 suam
2884 3527 3213 3586 Plautillam
3245 3520 3554 3580 Caracallaa
3584 3520 3742 3590 ejus-

316 3614 503 3666 natus
534 3615 643 3665 est.
679 3610 764 3663 Ab
799 3610 872 3664 iis
903 3610 1083 3676 enim,
1111 3611 1210 3681 qui
1243 3611 1560 3682 fugientem
1593 3611 1918 3682 insequeba

2140 3646 2230 3685 em
2263 3626 2451 3684 Severi
2486 3625 2605 3680 ﬁlio
2635 3624 2694 3678 in
2718 3618 3159 3676 matrimonium
3209 3630 3362 3670 anno
3408 3612 3514 3665 204
3565 3607 3740 3665 collo-

309 3705 434 3764 tur,
472 3700 704 3754 occisus
737 3698 847 3753 fuit
879 3698 987 3753 sub
1022 3699 1197 3753 ﬁnem
1231 3700 1377 3754 anni
1430 3700 1550 3763 194,
1601 3699 1684 3754 vel
1738 3702 1839 3754 195
1886 3700 1993 3753 ini-
2098 3720 2267 3774 cavit.
2303 3724 2468 3773 Anno
2517 3718 2713 3770 autem
2764 3706 3141 3778 subsequenu
3199 3703 3316 3773 me,
3368 3704 3517 3757 teste
3574 3699 3745 3753 Hem-

309 3790 467 3845 tium
494 3827 509 3843 .
573 3787 709 3843 Post
766 3787 883 3842 haec
940 3794 1183 3843 Severus
1240 3787 1468 3843 Albino
1502 3829 1515 3853 ,
1582 3806 1755 3856 quem
1825 3789 1991 3845 falsis
2100 3810 2294 3873 digno,
2330 3804 2700 3861 manifestam
2732 3796 3063 3863 oux-acuum,
3096 3792 3294 3867 generi
3325 3790 3437 3855 sui,
3472 3787 3572 3861 qui
3612 3790 3742 3841 tum

308 3878 729 3943 blandltllsme
759 3876 1018 3931 hostium
1048 3893 1299 3931 900mm
1339 3892 1622 3931 numerus
1654 3883 1989 3947 αυεθτθιυν,
2102 3912 2339 3954 uxorem
2362 3910 2529 3949 suam
2554 3885 3085 3952 oderat,audaciam
3112 3883 3484 3949 furoremque
3505 3874 3741 3939 veritus,

308 3964 889 4055 deceperat,bellum
920 3965 1141 4020 intulit.
1173 3966 1311 4021 Com
1333 3965 1515 4020 misso
1547 3968 1780 4022 tandem
1809 3984 1911 4040 pro

2142 3986 2321 4055 iejus
2368 3979 2677 4052 imperium
2738 3974 2971 4031 insidiis
3029 3971 3299 4027 invadere
3356 3964 3598 4020 molitus
3657 3964 3745 4016 est

315 4054 679 4148 Lugdunum
714 4052 935 4124 praelio,
969 4054 1220 4109 Albinus
1259 4053 1425 4107 initio
1457 4054 1593 4107 anni
1630 4056 1726 4108 197
1775 4056 1917 4111 fract

2138 4048 2569 4132 Herodianjlib.
2605 4084 2669 4122 ιιι
2701 4068 2761 4120 in
2794 4066 2929 4119 Vita
2960 4062 3147 4117 Severi
3176 4056 3418 4130 pag.2~’ili
3448 4057 3507 4108 et
3533 4048 3741 4122 seqq.).

316 4161 393 4200 ac
421 4144 611 4209 fusus,
642 4149 888 4198 mortem
922 4143 1034 4199 sibi
1070 4143 1425 4198 conscivisse
1453 4144 1813 4215 perhibetur.

2144 4164 2210 4219 ed
2244 4162 2338 4217 his
2367 4157 2599 4215 retectis
2628 4152 2918 4209 Caracalla
2963 4149 3153 4213 illum,
3206 4145 3490 4218 praesente
3536 4140 3747 4195 Severo

395 4250 597 4320 Neque
628 4252 821 4304 tamen
858 4254 997 4305 tunc
1030 4250 1273 4304 omnino
1303 4250 1531 4304 ﬁnitum
1563 4256 1652 4305 est
1682 4251 1848 4307 civile
1882 4252 1996 4307 bel-
2105 4259 2267 4325 patre
2300 4266 2429 4317 suo,
2454 4246 2637 4318 jussit
2666 4241 2871 4299 occidi.
2903 4242 3049 4295 Ante
3096 4237 3253 4291 hunc
3302 4233 3482 4305 igitur
3523 4242 3746 4284 annum

316 4340 473 4395 lum.
508 4338 938 4408 Superfuerunt
980 4339 1193 4394 etenim
1219 4338 1397 4409 hujus
1422 4338 1688 4395 factionis
1718 4340 1993 4404 fautores,
2103 4321 2445 4399 Tertulliani
2494 4334 2887 4408 Apoloyeticus,
2920 4330 3021 4385 sed
3046 4343 3158 4382 non
3195 4322 3378 4380 multo
3408 4321 3572 4392 prius
3603 4321 3749 4373 scri-

314 4430 395 4484 de
428 4428 647 4498 quibus
682 4426 900 4483 ibidem
940 4408 1349 4482 Tertullianus
1381 4433 1578 4483 noster
1628 4446 1639 4483 :
1694 4453 1721 4479 ‹‹
1772 4431 1881 4486 Sed
1940 4446 1997 4498 et
2106 4440 2243 4507 ptus
2294 4432 2554 4486 videtur.
2615 4426 2905 4489 Quorsum
2962 4418 3120 4477 enim
3179 4411 3469 4471 Plautiani
3528 4408 3747 4482 potius.

321 4517 431 4590 qui
467 4532 625 4571 nunc
658 4515 1027 4587 selectarum,
1064 4517 1168 4584 ait,
1199 4516 1455 4588 partium
1502 4518 1642 4572 socii
1698 4536 1765 4574 ac
1825 4522 1993 4591 plau-
2028 4575 2066 4596 η
2106 4500 2283 4596 quam
2316 4517 2508 4575 Albini
2538 4521 2595 4571 et
2626 4514 2876 4570 aliorum
2929 4505 3318 4581 perduellium
3369 4500 3591 4557 nomini
3650 4512 3749 4569 pe-

316 4622 496 4663 sores
526 4604 788 4676 quotidie
840 4605 1193 4675 revelantur,
1244 4611 1377 4676 post
1425 4605 1779 4662 vindemiam
1825 4575 1990 4665 race-
2023 4575 2067 4638 D
2104 4575 2429 4685 pler'cisset?
2460 4608 2597 4661 Post
2646 4618 2867 4659 annum
2915 4575 3113 4669 itaque
3167 4596 3285 4661 197,
3338 4608 3452 4664 quo
3504 4588 3749 4645 Albinus

329 4694 521 4751 matio
554 4698 875 4765 superstes.
913 4720 934 4747 ι
975 4695 1131 4763 (Ibid.
1165 4674 1293 4766 cap.
1328 4695 1444 4763 38.)
1493 4698 1559 4750 At
1605 4696 1727 4752 haec
1778 4697 1993 4754 clarius
2103 4674 2387 4755 violentas
2442 4692 2553 4750 sibi
2608 4706 2822 4747 manus
2877 4685 3094 4753 attulit,
3146 4688 3205 4741 et
3233 4686 3367 4738 ante
3397 4694 3617 4736 annum
3645 4674 3749 4731 204

313 4785 397 4841 ab
431 4782 579 4839 ZEIio
609 4785 918 4855 Spartiano
967 4784 1122 4840 hunc
1173 4764 1251 4838 ini
1288 4785 1527 4839 modum
1584 4786 1989 4857 explicantur:
2106 4793 2207 4844 aut
2234 4787 2359 4856 205,
2393 4801 2508 4856 quo
2540 4780 2885 4836 Plautianus
2917 4779 3155 4833 necatus
3181 4776 3291 4844 est,
3324 4771 3481 4827 hunc
3525 4764 3751 4825 Tertul-

315 4896 349 4924 ι(
410 4872 582 4926 Multi
645 4888 788 4928 sane
847 4878 980 4945 post
1040 4872 1345 4939 Albinum,
1382 4872 1557 4927 ﬁdem
1587 4874 1638 4929 ei
1672 4882 1993 4943 servantes,
2106 4877 2301 4933 lianus
2332 4875 2549 4930 librum
2581 4869 2847 4927 confecit.

315 4960 480 5017 bello
527 4978 560 5016 a
610 4962 817 5017 Severo
885 4961 1145 5035 superati
1207 4966 1348 5017 sunt
1405 4962 1697 5031 Spartian.
1756 4964 1815 5019 in
1880 4967 1998 5022 Vita
2179 4964 2483 5022 Probabile
2509 4968 2703 5016 tamen
2734 4956 3089 5030 quibusdam
3118 4953 3348 5009 videtur
3376 4966 3513 5006 eum
3545 4964 3578 5003 a
3613 4945 3751 5002 Ter-

320 5050 515 5106 Sevcri
546 5066 680 5122 pag.
714 5050 838 5119 323,
874 5034 982 5107 col.
1038 5052 1105 5122 1).
1156 5049 1329 5106 Ultus
1379 5055 1467 5106 est
1518 5052 1697 5123 igitur
1745 5055 2000 5124 graviter
2108 5055 2355 5111 tulliano
2389 5051 2711 5124 profectum
2746 5062 2897 5101 anno
2929 5044 3265 5115 posteriore,
3316 5056 3427 5111 quo
3475 5034 3752 5093 Antonini

327 5140 687 5196 Albinanam
729 5140 1151 5208 defectionem;
1186 5139 1511 5195 interfectis
1551 5140 1844 5213 plurimis,
1895 5160 1999 5216 ge-
2109 5142 2411 5200 Caracallze
2462 5136 2804 5195 decennalis.
2850 5131 3161 5191 Caesariani
3202 5130 3431 5201 imperii
3463 5126 3755 5182 celebrata

332 5245 475 5285 nere
508 5245 741 5300 quoque
770 5231 899 5300 ejus
930 5230 1241 5296 exstincto,
1276 5229 1463 5285 iratus
1498 5231 1711 5303 populo
1742 5237 1799 5287 et
1829 5248 1997 5289 sena-
2112 5236 2270 5299 sunt,
2319 5235 2495 5302 atque
2554 5226 2707 5299 ignis
2766 5220 3210 5296 persecutionis,
3270 5218 3328 5273 in
3386 5215 3750 5274 Christianos

332 5318 587 5385 toribus,
625 5319 866 5375 Romam
899 5320 1072 5374 venit.
1123 5341 1151 5367 »
1200 5320 1364 5373 Tunc
1424 5300 1633 5377 deinde
1692 5327 1821 5393 post
1878 5339 1999 5378 me-
2112 5300 2431 5387 concitatae,
2466 5314 2769 5373 ardentius
2802 5311 3105 5384 ﬂagrabat.
3138 5308 3283 5365 Nam
3316 5307 3387 5362 de
3418 5306 3489 5361 iis
3520 5300 3753 5360 Tertul-

330 5412 560 5462 moreta
590 5408 749 5464 varia
787 5410 979 5465 Severi
1013 5409 1228 5464 itinera
1260 5408 1403 5463 illud
1442 5410 1653 5479 adjecit
1693 5391 1715 5466 -ε
1766 5434 1793 5460 ‹‹
1846 5413 2002 5467 Inter
2111 5411 2306 5465 lianus
2340 5410 2395 5463 in
2428 5410 2536 5463 hoc
2569 5404 2911 5476 Apologetz'co
2942 5401 3156 5473 szepius
3186 5391 3753 5468 disputavit(cap.2).

335 5497 460 5551 haec
517 5497 950 5554 Pescennianas
1013 5496 1317 5570 reliquias,
1382 5497 1683 5556 Plautiano
1740 5507 1997 5569 auctore,
2112 5499 2329 5555 Deinde
2360 5514 2491 5553 vero
2524 5495 2723 5569 plures
2754 5491 2990 5562 quidem
3024 5489 3095 5544 ab
3128 5486 3256 5542 aliis
3303 5478 3754 5556 imperatoribus

334 5587 825 5658 persequebatur,
862 5588 943 5643 ita
996 5592 1058 5643 ut
1103 5568 1425 5645 nonnullos
1479 5588 1653 5645 etiam
1707 5607 1773 5646 ex
1796 5591 2001 5646 amicis
2111 5589 2169 5644 in
2203 5568 2562 5644 Christianos
2594 5585 2750 5657 leges
2781 5581 2930 5636 latas
2963 5580 3267 5643 memorat,
3300 5574 3400 5629 sed
3450 5568 3671 5624 nullam
3724 5582 3757 5619 a

340 5673 495 5746 suis,
525 5655 694 5748 quasi
725 5676 856 5737 vitae
886 5692 1006 5739 suae
1037 5674 1411 5738 insidiatores
1443 5683 1811 5752 appeteret.»
1833 5678 1997 5754 (Ibid.
2114 5678 2343 5736 Severo.
2395 5678 2600 5735 Nonne
2630 5655 2766 5747 ergo
2797 5665 3192 5730 Tertullianus
3224 5666 3359 5722 ante
3383 5655 3756 5734 promulgata
