4106 6178
342 350 461 412 819

863 353 1392 417 TERTULLIANI
1440 351 1765 415 OPERUM
1810 349 2008 409 PARS
2054 348 2101 407 Ι.
2137 380 2214 391 -
2247 349 2521 409 SEltlES
2568 351 2616 423 Ι,
2666 350 3225 412 APOLOGETICA.

3650 354 3768 413 820

345 484 525 557 hujus
557 485 616 541 in
649 501 748 542 eos
779 486 968 542 edicta
998 487 1155 544 hunc
1185 489 1588 560 Apologeticum
1636 486 1853 541 librum
1902 483 1990 537 di-
2021 486 2073 550 Α
2175 482 2253 535 Ea
2283 499 2453 553 porro
2486 490 2625 539 sunt
2694 485 2990 541 rationum
3056 490 3357 541 momenta
3416 487 3629 557 quibus
3687 487 3774 542 di-

351 574 659 647 vulgavit?

418 669 493 719 At
524 663 789 735 quamvis
821 664 916 720 ille
943 665 1051 720 hoc
1081 666 1138 721 in
1180 667 1327 722 libro
1358 667 1659 721 adversus
1711 663 1995 731 ethnicos,

350 752 452 824 qui
485 754 821 825 principum
851 755 1137 810 solemnia
1168 773 1283 811 non
1317 755 1514 811 minus
1545 754 1788 818 nefario,
1822 770 1997 824 quam

350 841 712 914 superstioso
782 844 892 898 ritu
964 844 1251 919 agebant,
1309 845 1589 900 acerrime
1648 843 1995 909 invehatur,

348 946 465 985 non
524 931 593 985 de
652 931 959 987 Caracallze
1026 938 1220 988 tamen
1293 934 1508 1004 potius,
1567 948 1743 1004 quam
1802 930 1998 985 Severi

349 1018 716 1091 aliorumque
748 1021 1080 1093 principum
1114 1022 1584 1078 solemnitatibus
1613 1021 1868 1075 disserit.
1912 1019 1995 1073 Ad

351 1107 819 1165 Christianorum
880 1115 1074 1165 autem
1135 1112 1571 1183 persecutiones
1619 1117 1676 1165 et
1730 1109 1887 1180 leges
1938 1108 1995 1161 in

348 1198 743 1271 eos;scriptas
793 1201 946 1271 quod
1000 1207 1243 1272 spectat,
1298 1201 1463 1255 facile
1490 1199 1864 1255 concedimus
1897 1200 1995 1252 Se-

348 1302 548 1341 verum
578 1287 808 1360 imperii
864 1289 954 1343 sui
1005 1289 1170 1344 initio
1220 1290 1291 1344 iis
1340 1306 1536 1344 revera
1587 1288 1816 1342 favisse.
1868 1288 1996 1357 Ipse

351 1375 641 1446 siquidem
692 1377 1086 1433 Tertullianus
1138 1379 1303 1433 testis
1352 1383 1441 1433 est
1487 1378 1732 1447 hujusce
1762 1375 1995 1441 favoris,

353 1463 522 1534 cujus
554 1463 705 1519 hanc
737 1465 990 1520 reddidit
1024 1467 1309 1522 rationem
1344 1484 1357 1521 :
1394 1488 1414 1517 ι
1478 1466 1603 1537 [pse
1652 1465 1850 1529 etiam,
1901 1463 1995 1517 in-

354 1550 481 1620 quit
537 1550 795 1621 (Tertull.
859 1551 958 1608 lib.
1027 1554 1096 1608 ad
1153 1554 1374 1625 Scapul.
1421 1571 1545 1625 cap.
1600 1555 1673 1625 4).
1725 1554 1992 1615 Severus,

352 1642 515 1710 pater
546 1640 845 1707 Antonini,
881 1642 1341 1698 Christianorum
1400 1661 1625 1698 memor
1672 1644 1799 1697 fuit.
1848 1642 1993 1696 Nam

352 1730 407 1781 et
438 1727 744 1784 Proculum
796 1730 1217 1795 Christianum,
1268 1732 1365 1803 qui
1416 1731 1733 1804 'l‘orpacion
1780 1747 1997 1795 cogno-

352 1816 707 1874 minabatur.
759 1817 1030 1874 Euhodiae
1079 1826 1537 1891 procuratorem,
1597 1822 1694 1893 qui
1728 1838 1859 1876 eum
1896 1837 1998 1891 per
2031 1854 2076 1917 Β

351 1904 546 1961 oleum
576 1908 892 1978 aliquando
926 1916 1251 1975 curaverat,
1285 1910 1609 1982 requisivit,
1644 1916 1699 1964 et
1728 1911 1787 1963 in
1837 1909 1997 1981 pala-

350 1994 430 2049 tio
463 2011 569 2049 suo
610 1995 816 2052 habuit
862 2015 1049 2069 usque
1099 2000 1169 2053 ad
1224 2005 1466 2054 mortem
1520 2002 1666 2068 ejus,
1721 2015 1891 2070 quem
1945 2001 2002 2051 et

347 2083 679 2139 Antoninus
728 2086 948 2157 optime
972 2093 1234 2155 noverat,
1287 2088 1433 2143 lacte
1483 2088 1810 2142 Christiano
1858 2088 1998 2141 edu-

353 2177 541 2226 catus.
594 2194 622 2221 »
674 2177 947 2229 Fatemur
995 2192 1228 2247 quoque
1278 2176 1495 2231 nullam
1546 2177 1605 2231 in
1653 2177 1999 2249 Apologelico

350 2260 477 2315 ﬁeri
511 2260 657 2333 legis
688 2264 760 2317 ab
790 2265 990 2319 eodem
1023 2269 1227 2321 Severo
1258 2266 1312 2320 in
1354 2265 1713 2322 Christianos
1762 2266 1998 2321 saneitas

354 2350 734 2407 mentionem.

425 2460 640 2513 Verum
673 2476 788 2514 non
818 2459 955 2516 inde
982 2465 1137 2516 certo
1185 2461 1455 2517 concludi
1498 2479 1669 2534 posse
1719 2468 1996 2535 putamus

358 2544 522 2600 illum
555 2547 778 2603 editum
812 2548 993 2604 fuisse
1023 2556 1333 2622 postquam
1366 2551 1839 2619 Caracalla,anno
1867 2555 1994 2623 211,

354 2633 517 2689 solus
549 2636 853 2707 {imperare
902 2639 1193 2710 ccepisset,
1245 2646 1417 2713 atque
1466 2641 1701 2709 ethnici,
1751 2659 1814 2697 eo
1866 2644 1992 2713 jam

350 2730 651 2794 regnante,
684 2724 745 2781 in
778 2727 926 2781 739
960 2727 1326 2785 Christianos
1352 2746 1551 2784 omnes
1592 2731 1994 2788 crudelissime

348 2811 622 2867 furebant
678 2830 743 2869 ac
797 2814 1267 2872 bacehabantur.
1328 2818 1552 2873 Tantus
1602 2820 1817 2891 quippe
1869 2826 1993 2876 erat

344 2900 712 2957 ethnicorum
747 2904 804 2958 in
838 2920 937 2960 eos
965 2907 1144 2973 furor,
1180 2911 1245 2961 ut
1275 2907 1325 2962 is
1357 2906 1519 2963 solus
1551 2925 1617 2963 ac
1664 2926 1851 2963 vanus
1902 2926 1991 2965 ve-

341 2994 532 3045 terum
590 2990 785 3064 legum
848 2998 1162 3065 praetextus
1221 2995 1366 3067 ipsis
1399 2997 1469 3051 ad
1503 2997 1797 3068 quoslibet
1837 3015 1987 3053 nun-

342 3095 521 3151 quam
579 3097 692 3136 non
754 3083 1175 3139 excruciandos
1230 3085 1542 3140 suffecerit.
1602 3090 1802 3158 Neque
1846 3089 1900 3142 id
1954 3105 1987 3142 a

345 3169 515 3222 nobis
548 3173 765 3224 temere
796 3170 1055 3242 ﬁngitur.
1106 3174 1347 3228 Eosdem
1399 3174 1691 3229 enimvero
1737 3177 1983 3247 gentiles

2108 587 2283 625 versaa
2346 573 2416 627 de
2484 574 2664 644 hujus
2722 574 2854 629 libri
2884 581 3052 630 aetate
3079 577 3383 647 opiniones
3412 576 3766 631 innituntur-

2108 664 2181 713 At
2204 659 2273 714 iis
2307 660 2511 715 sedulo
2549 663 2850 732 expensis,
2888 664 2937 717 si
2976 664 3091 718 haec
3123 665 3411 735 posterior
3440 665 3573 719 aliis
3622 682 3769 736 prae-

2110 750 2379 819 ponenda
2410 750 2512 804 tibi
2548 753 2838 819 videatur,
2868 753 3169 807 fatendum
3201 758 3289 807 est
3341 754 3497 808 hunc
3549 754 3764 807 librum

2108 838 2409 907 vulgatum
2446 840 2630 895 fuisse
2666 847 2797 911 post
2830 843 3137 896 excitatam
3190 844 3261 895 ab
3309 844 3511 897 eodem
3560 847 3764 897 Severo

2108 927 2387 982 adversus
2437 928 2804 984 Christianos
2856 931 3347 1001 persecutionem,
3376 948 3490 985 non
3525 932 3766 1001 quidem

2108 1032 2258 1069 anno
2292 1017 2393 1069 197
2425 1022 2524 1071 aut
2581 1018 2703 1082 198,
2755 1024 2819 1072 ut
2876 1020 3116 1091 quidam
3170 1018 3389 1073 frustra
3428 1020 3764 1091 epinantur,

2107 1105 2207 1159 sed
2258 1122 2411 1160 anno
2460 1108 2585 1169 202,
2643 1123 2757 1177 quo
2810 1107 2961 1162 idem
2993 1109 3236 1162 Severus
3269 1107 3425 1177 leges
3460 1108 3516 1161 in
3544 1124 3644 1162 eos
3675 1124 3766 1162 re-

2106 1209 2237 1247 vera
2272 1195 2554 1260 condidit,
2588 1199 2645 1249 et
2695 1196 3012 1264 decimum,
3064 1202 3127 1250 ut
3171 1195 3252 1250 ait
3300 1196 3606 1260 Eusebius,
3650 1195 3765 1250 im-

2107 1281 2251 1352 perii
2285 1282 2372 1336 sui
2410 1300 2627 1337 annum
2664 1284 2867 1355 agebat
2903 1285 3139 1355 (Euseb.
3172 1283 3274 1339 lib.
3307 1301 3384 1349 v1,
3409 1285 3763 1339 Ecclesﬂist.

2107 1386 2231 1439 cap.
2264 1372 2318 1437 2,
2354 1387 2484 1441 pag.
2521 1373 2613 1426 101
2654 1378 2711 1427 et
2742 1374 2951 1443 seqq.).

2175 1464 2243 1513 At
2275 1462 2322 1515 si
2357 1461 2488 1531 quis
2528 1461 2757 1531 judicet
2802 1479 2915 1517 non
2966 1462 3109 1517 satis
3154 1462 3351 1517 valida
3402 1478 3532 1518 esse
3582 1462 3760 1532 hujus

2106 1548 2399 1618 opinionis
2449 1551 2844 1614 ﬁrmamenta,
2894 1550 2944 1603 is
2976 1555 3130 1605 certe
3161 1566 3275 1605 non
3309 1550 3662 1606 difﬁtebitur
3692 1567 3763 1605 ex

2106 1636 2220 1704 his,
2254 1654 2379 1708 quae
2413 1637 2586 1708 paulo
2618 1644 2750 1692 ante
2796 1638 3248 1708 adnotabamus,
3303 1647 3454 1693 recte
3504 1640 3759 1710 profecto

2106 1724 2297 1796 colligi
2332 1743 2502 1797 posse
2532 1727 2687 1781 hunc
2720 1727 3066 1782 Tertulliani
3100 1728 3314 1782 librum
3347 1728 3405 1781 in
3440 1728 3631 1782 lucem
3687 1729 3759 1782 ab

2108 1812 2205 1868 illo
2238 1815 2521 1869 emissum
2557 1816 2737 1871 fuisse
2770 1815 2965 1887 aliquo
2999 1822 3130 1888 post
3163 1816 3357 1871 Albini
3388 1832 3585 1871 necem
3621 1822 3763 1871 tem-

2112 1919 2269 1973 pore,
2307 1903 2363 1958 id
2430 1909 2539 1970 est,
2572 1910 2705 1975 post
2757 1905 2879 1969 197,
2906 1906 3402 1975 quemadmodum
3437 1906 3766 1960 observavi-

2113 2008 2265 2061 mus,
2299 1993 2509 2047 Christi
2558 2011 2801 2048 annum.
2850 1994 3133 2057 Quoniam
3186 2011 3317 2050 vero
3365 1994 3765 2049 Tertullianus

2110 2080 2327 2135 ibidem
2360 2083 2650 2154 signiﬁcat
2683 2100 2977 2154 repressos
3000 2085 3179 2139 fuisse
3211 2085 3463 2154 majores
3492 2084 3763 2139 factionis

2110 2170 2269 2224 illius
2328 2172 2607 2242 impetus,
2659 2189 2725 2227 ac
2775 2174 3063 2243 quasdam
3116 2178 3343 2227 tantum
3395 2172 3763 2243 superfuisse

2107 2258 2336 2314 illarum
2398 2260 2697 2331 reliquias,
2747 2262 2882 2318 inde
2936 2279 3078 2317 sane
3126 2261 3593 2317 concludendum
3643 2267 3756 2329 est,

2107 2347 2285 2418 hujus
2316 2348 2446 2403 libri
2474 2354 2704 2405 aetatem
2737 2368 2890 2406 anno
2928 2351 3027 2404 199
3058 2356 3159 2407 aut
3188 2351 3382 2422 potius
3408 2351 3515 2405 200
3558 2351 3753 2406 consi-

2106 2438 2399 2508 gnandam
2436 2438 2640 2493 videri.

2181 2526 2413 2598 Urgehit
2442 2529 2677 2583 tandem
2728 2528 2940 2600 aliquis
2991 2535 3129 2584 tunc
3178 2528 3631 2598 Tertullianum,
3680 2532 3748 2583 ut

2106 2616 2318 2686 saepius
2347 2616 2570 2671 dictum
2604 2621 2714 2687 est,
2754 2634 2866 2672 non
2900 2619 3167 2689 attigisse
3225 2617 3747 2689 quadragesimum

2104 2704 2373 2775 quintum
2406 2708 2590 2760 aatatis
2622 2724 2740 2761 suae
2773 2724 3016 2761 annum.
3049 2707 3230 2777 Atqui
3262 2724 3495 2762 summa
3552 2706 3749 2761 erudi-

2101 2794 2202 2861 tio,
2252 2810 2382 2864 quae
2440 2796 2656 2850 mirum
2712 2797 2770 2850 in
2822 2797 3062 2852 modum
3092 2802 3150 2852 et
3182 2797 3403 2868 passim
3438 2796 3654 2865 ubique
3684 2796 3749 2850 in

2100 2880 2207 2937 hoc
2238 2882 2396 2937 illius
2428 2885 2766 2955 Apologetico
2812 2885 3072 2955 refulget,
3133 2886 3551 2956 provectiorem
3610 2889 3751 2939 teta-

2098 2975 2214 3025 tem
2249 2973 2579 3028 desiderare
2607 2973 2857 3040 videtur,
2909 2975 3027 3029 imo
3076 2991 3208 3029 vero
3261 2990 3609 3044 supernum,
3661 2975 3750 3027 uti

2096 3060 2193 3113 alii
2255 3061 2629 3130 respondent,
2696 3063 2846 3116 740
2898 3061 3075 3116 divini
3136 3061 3379 3115 luminis
3437 3066 3494 3115 et
3552 3062 3751 3129 gratia:

2099 3149 2405 3203 auxilium.
2441 3149 2720 3204 Praeterea
2751 3150 3143 3205 Tertellianus
3177 3156 3298 3204 tam
3325 3148 3632 3204 excellenti
3678 3166 3751 3204 ac

340 3220 761 3312 Τέιὲίιᾷιίῖεζῌῖιέ
793 3220 1692 3333 3355;-iliQLBlﬁgéiﬁiiélai;
1728 3220 1982 3331 τδῗόζξῖ
2012 3220 2059 3286 (³
2098 3239 2419 3333 ρέενεΡίοεοί
2451 3238 2683 3333 ingeni?
2717 3240 2993 3333 Ρτέεάίίυε
3024 3244 3166 3333 ἔναι’
3202 3245 3264 3293 ut
3294 3238 3746 3333 αυέάῗθεθδίίῗέο

336 3342 447 3398 ties
494 3344 551 3398 in
602 3345 963 3402 Christianos
1013 3347 1320 3416 desaevitis,
1352 3350 1567 3420 partim
1600 3351 1812 3406 animis
1850 3370 1981 3424 pro-

336 3432 725 3504 priis,partim
756 3434 984 3507 legibus
1016 3436 1749 3508 obtemperanteleuoties
1780 3442 1981 3508 etiam,

335 3523 646 3591 prateritis
673 3524 859 3594 vobis,
891 3524 1150 3595 suojure
1184 3543 1289 3581 nos
1321 3527 1626 3581 inimicum
1657 3527 1860 3599 vulgus
1894 3530 1980 3585 in-

335 3610 497 3666 vadit
523 3610 819 3683 lapidibus
847 3617 907 3668 et
950 3612 1279 3669 incendiis!
1331 3614 1479 3686 Ipsis
1528 3615 1979 3674 Bacchanalium

337 3699 503 3755 furiis
531 3717 635 3756 nec
665 3702 915 3757 mortuis
946 3708 1194 3774 pereunt
1234 3704 1603 3775 Christianis,
1656 3706 1796 3778 quin
1847 3707 1980 3763 illos

336 3790 406 3844 de
438 3792 634 3861 requie
666 3791 1000 3861 sepulturae,
1034 3792 1103 3848 de
1134 3793 1294 3865 asylo
1325 3795 1574 3865 quodam
1609 3796 1815 3851 mortis
1854 3798 1980 3867 jam

334 3876 502 3943 alios,
540 3879 666 3948 jam
718 3897 821 3935 nec
865 3888 1035 3951 totos,
1082 3883 1354 3950 avellant,
1405 3883 1714 3953 dissecent,
1764 3885 1979 3942 distra-

334 3964 497 4022 hant.
533 3988 562 4017 »
594 3968 962 4037 (Tertullian.
995 3971 1275 4042 Apologet.
1329 3988 1452 4042 cap.
1506 3974 1594 4041 36,
1647 3989 1777 4045 pag.
1831 3974 1977 4046 459.)

331 4054 508 4110 Paulo
558 4065 751 4113 autem
805 4060 965 4129 prius
1015 4059 1113 4115 ille
1142 4061 1369 4116 dixerat
1402 4077 1415 4115 :
1452 4086 1470 4110 -
1505 4062 1619 4116 Nec
1652 4061 1755 4116 ulli
1790 4065 1978 4136 magis

329 4142 779 4216 depopulatores
809 4146 1297 4214 Christianorum,
1320 4166 1496 4221 quam
1532 4149 1979 4222 vulgus,»(ldem

330 4248 458 4305 cap.
511 4235 599 4302 35,
652 4252 785 4307 pag.
836 4237 962 4306 451)
1012 4253 1227 4291 eiscum
1292 4254 1500 4308 nempe
1557 4244 1613 4292 et
1670 4256 1974 4309 vesanum,

331 4324 486 4393 quod
544 4341 653 4379 sua
698 4324 901 4394 procul
950 4325 1126 4379 dubia
1177 4326 1355 4391 rabie,
1405 4343 1469 4381 ac
1518 4326 1774 4397 ingenito
1806 4330 1977 4399 quasi

330 4410 727 4478 furore,'nullo
760 4417 953 4467 autem
988 4411 1181 4484 legum
1216 4414 1550 4485 praescripto
1584 4416 1655 4468 ad
1687 4418 1976 4475 vexandos

332 4500 741 4571 necandusque
782 4500 1145 4556 Christianos
1203 4503 1514 4558 ferebatur.
1562 4508 1682 4558 Huc
1731 4507 1972 4576 accedit,

2092 3326 2277 3380 aetatis
2308 3344 2425 3381 suae
2459 3344 2610 3382 anno
2643 3329 2750 3383 hac
2782 3329 2929 3399 ipsa,
2990 3328 3219 3398 aliaque
3278 3328 3485 3397 majori
3545 3327 3748 3381 erudi-

2091 3414 2479 3482 tioneimbui,
2513 3420 2569 3470 et
2599 3432 2666 3471 ea
2714 3421 2900 3471 totum
2962 3416 3118 3471 hunc
3171 3415 3388 3471 librum
3448 3414 3748 3487 complere

2091 3503 2248 3558 haud
2279 3504 2597 3560 difﬁciliter
2629 3506 2903 3577 potuerit.

2699 3692 3019 3732 ARTICULUS
3061 3693 3122 3731 ΙΙ.

2090 3780 2429 3847 Quibusnam
2455 3782 2795 3835 antistitibus
2823 3790 2873 3836 et
2900 3782 3237 3852 praesidibus
3263 3780 3409 3835 hunc
3458 3781 3750 3836 Tertullia—

2291 3868 2395 3905 nus
2424 3853 2831 3923 Apologeticum
2860 3854 3067 3909 librum
3094 3854 3521 3923 nuncupaverit.

2158 3986 2383 4047 Quanto
2444 3985 2702 4055 apertius
2759 3985 3094 4059 clariusque
3151 3985 3551 4042 Tertullianus
3607 3984 3743 4054 ipso

2086 4072 2423 4143 Apologelicz
2474 4073 2641 4129 initio
2703 4076 2959 4145 prodidit
3014 4076 3180 4131 illum
3243 4093 3275 4131 a
3332 4092 3393 4130 se
3450 4075 3745 4128 directum

2092 4184 2119 4210 «
2150 4162 2391 4216 Romani
2426 4161 2649 4233 imperii
2682 4164 3047 4220 antistitibus
3081 4165 3136 4220 in
3186 4168 3383 4236 aperto
3442 4168 3500 4217 et
3556 4161 3742 4227 edito,

2086 4248 2145 4303 in
2178 4250 2303 4320 ipso
2332 4251 2447 4306 fere
2476 4252 2689 4308 vertice
2720 4253 2975 4309 civitatis
3005 4252 3477 4325 praesidentibus.
3518 4273 3545 4300 ››
3577 4251 3747 4320 (Ter-

2084 4337 2314 4392 tullian.
2347 4339 2622 4410 Apologet.
2656 4358 2779 4413 cap.
2836 4344 2883 4410 1,
2936 4358 3067 4414 pag.
3118 4342 3244 4413 257)
3303 4345 3466 4396 tanto
3527 4338 3743 4409 majori

2086 4427 2416 4482 animorum
2475 4431 2841 4485 contentione
2900 4431 3051 4487 inter
3108 4430 3365 4485 eruditos
3397 4428 3747 4499 disputatur

2084 4515 2327 4586 quinam
2386 4518 2629 4588 cujusve
2678 4510 2933 4574 civitatis
2994 4520 3210 4575 fuerint
3268 4517 3351 4572 illi
3432 4516 3743 4589 praesides.

331 4588 487 4681 quod
520 4587 733 4681 ethnici
768 4588 826 4643 in
858 4605 956 4644 eos
989 4590 1399 4681 refundebanrt‘
1429 4592 1799 4663 publicarum
1849 4612 1971 4650 om-
2006 4586 2050 4649 Ι)
2082 4605 2247 4675 Apud
2281 4586 2567 4677 plurimos
2599 4608 2837 4679 quidem
2871 4586 3741 4681 opiniojamdudum—invalue-

330 4674 496 4730 nium
528 4676 929 4732 calamitatum
962 4694 1223 4733 causam.
1251 4678 1354 4733 Ubi
1388 4679 1570 4751 igitur
1600 4681 1797 4753 aliqua
1827 4684 1976 4738 acci-

330 4763 536 4830 disset,
595 4770 721 4820 tum
781 4768 1111 4831 confestim,
1162 4773 1309 4823 teste
1358 4769 1549 4824 adhuc
1596 4770 1973 4841 Tertulliano,

326 4852 770 4909 conclamabant
805 4871 818 4910 :
850 4856 1191 4912 Christianos
1223 4857 1293 4912 ad
1324 4859 1530 4914 leonem
1558 4858 1972 4934 (1bid.cap.40).

391 4959 608 5015 Audire
640 4966 834 5018 tamen
870 4962 1035 5018 nobis
1066 4964 1335 5019 videmur
1368 4964 1744 5037 aliquem,qui
1778 4966 1970 5023 adhuc

320 5047 564 5105 instabit
592 5050 712 5106 hac
740 5051 966 5123 aliaque
1001 5052 1164 5122 plura
1198 5054 1255 5107 in
1308 5053 1413 5108 hoc
1463 5055 1807 5125 Apologetico
1852 5073 1966 5112 non

317 5137 578 5209 potuisse
608 5140 679 5195 ab
711 5146 961 5195 Auctore
992 5149 1188 5197 nostro
1222 5143 1495 5209 describi,
1544 5145 1827 5215 quamdiu
1876 5150 1969 5201 Se‘

314 5242 485 5283 verus
515 5229 835 5300 imperator
867 5230 1006 5285 favit
1038 5230 1519 5297 Christianismee
1554 5232 1731 5288 ullam
1764 5235 1964 5290 adver-

316 5332 418 5372 sus
449 5334 546 5373 eos
578 5318 763 5389 legem
799 5319 1056 5375 dederat.
1092 5318 1305 5375 Verum
1341 5321 1389 5375 si
1421 5320 1644 5377 nullius
1695 5322 1841 5393 legis
1891 5325 1960 5378 ab

2024 4754 2027 4757 η
2088 4698 2177 4747 rat
2206 4693 2298 4749 his
2328 4696 2518 4751 verbis
2550 4696 2875 4753 Romanum
2909 4704 3179 4754 senatum
3203 4694 3525 4769 signiﬁcari
3552 4712 3564 4761 ;
3598 4693 3743 4751 aliis

2082 4786 2279 4838 tamen
2312 4789 2514 4856 postea
2544 4785 2731 4841 visum
2765 4791 2852 4842 est
2872 4787 3166 4859 designari
3189 4786 3466 4859 praesides
3487 4783 3737 4839 Cartha-

2082 4872 2275 4942 ginis;
2308 4873 2438 4927 aliis
2469 4874 2704 4928 demum
2739 4881 3026 4948 quotquot
3056 4881 3173 4931 toto
3202 4876 3459 4932 Romano
3502 4873 3562 4927 in
3611 4872 3736 4927 im-

2080 4961 2239 5031 perio
2272 4963 2549 5033 praesides
2579 4970 2763 5019 erant.

2150 5050 2352 5105 Primae
2404 5056 2599 5106 autem
2660 5053 2954 5125 opinionis
3014 5056 3267 5111 fautores
3318 5053 3586 5107 nituntur
3628 5050 3734 5107 his

2075 5137 2377 5211 ipsis,quze
2407 5140 3143 5209 eivitavimus,Tertulliani
3172 5142 3514 5198 verbis.Non
3548 5139 3736 5196 aliam

2074 5229 2367 5286 enimvero
2402 5231 2603 5286 urbem
2638 5234 2749 5287 nisi
2784 5235 3007 5289 Roman
3039 5235 3283 5290 indicari
3336 5233 3730 5289 arbitrantur.

2073 5317 2140 5370 Et
2167 5324 2319 5373 certe
2352 5321 2482 5388 quis
2515 5320 2688 5385 alius,
2712 5321 3009 5394 inquiunt,
3044 5339 3172 5380 esse
3204 5326 3399 5393 potest
3423 5320 3521 5376 ille
3552 5332 3735 5389 aper-

313 5421 379 5461 eo
411 5405 540 5462 lata:
571 5411 790 5462 Auctor
822 5414 1020 5463 noster
1050 5408 1413 5480 meminit,id
1448 5409 1545 5465 alii
1579 5412 1964 5468 deindustria
2070 5408 2169 5460 tua
2215 5411 2269 5461 et
2317 5408 2510 5463 editus
2568 5409 2819 5466 civitatis
2874 5418 3087 5481 vertex,
3148 5411 3260 5467 nisi
3319 5415 3726 5466 Romanorum

313 5495 531 5552 factum
563 5512 691 5551 esse
722 5496 1057 5567 opinantur,
1093 5515 1164 5553 ne
1194 5498 1382 5571 magis
1415 5501 1665 5556 irritaret
1710 5501 1959 5558 viventis

311 5587 454 5640 tunc
484 5585 855 5657 imperatoris
887 5586 1283 5654 animum,sed
1318 5588 1549 5645 facilius
1572 5590 1642 5645 ad
1663 5591 1955 5647 saniorem

315 5680 571 5732 mentem
600 5674 768 5732 illum
799 5692 1064 5734 revocare
1094 5682 1316 5736 nosset.

2069 5494 2438 5565 Capitolium,
2474 5502 2627 5569 quout
2673 5501 3071 5557 Tertullianus
3116 5500 3443 5573 periphrasi
3494 5498 3721 5571 potius,

2069 5598 2244 5654 quam
2282 5601 2386 5641 suo
2436 5587 2674 5644 nomine
2722 5589 3138 5663 appellandum
3190 5588 3462 5647 censuit?
3508 5588 3723 5644 Nonne

2065 5682 2241 5739 etiam
2274 5682 2333 5738 in
2360 5684 2541 5757 hujus
2572 5688 2870 5744 sententias
2888 5688 3393 5746 conﬁrmationem
3410 5685 3555 5743 illud
3574 5700 3720 5757 pro-
