4106 6178
310 375 423 435 821

1048 375 1124 434 ΙΝ
1171 373 1779 435 APULOGETICUM
1830 376 1898 433 D.
1944 376 2044 435 LE
2088 376 2413 437 NOURRY
2462 375 3008 438 DlSSERTA'I‘lO.

3611 371 3727 429 822

302 505 439 561 ferri
483 506 711 577 poterit,
753 507 907 577 quod
959 507 1028 562 de
1075 507 1217 562 solis
1275 506 1497 578 eclipsi,
1560 524 1684 579 quae
1728 506 1956 563 Christo
1988 513 2042 579 Α
2074 509 2203 562 tatis
2258 508 2610 578 praesidentes
2668 509 2873 581 (Idem,
2932 506 3209 576 Apologei.
3270 519 3397 574 cap.
3458 504 3539 570 16,
3590 518 3724 574 pag.

298 595 582 651 moriente
612 597 875 668 contigit,
906 596 1191 667 scriptum
1218 598 1287 651 ab
1317 597 1414 652 illo
1445 597 1695 668 legimus
1732 614 1743 651 :
1774 601 1959 652 )iEum

300 686 501 740 mundi
537 702 739 741 casum
776 687 1021 741 relatum
1056 686 1110 740 in
1140 687 1364 741 arcanis
1392 686 1603 741 vostris
1637 686 1859 741 habetis
1882 686 1909 739 ‘I
1932 708 1960 735 ››

295 774 453 845 (Ibib.
505 791 630 846 cap.
693 775 810 843 21.)
869 775 1143 839 Quaenam
1206 776 1425 831 etenim
1482 775 1583 830 illa
1640 779 1796 841 sunt,
1846 774 1961 831 nisi

296 864 695 919 Romanorum
730 881 964 936 arcana,
1003 865 1124 920 sive
1167 866 1401 921 archiva
1451 869 1507 919 et
1554 862 1961 936 chartophyla-

292 953 399 1015 cia.
438 954 498 1008 in
531 954 748 1025 quibus
789 959 917 1010 acta
967 954 1199 1026 publica
1248 955 1716 1010 recondebantur
1743 954 1771 1007 ‘I
1814 952 1959 1010 Nam

289 1041 368 1097 ibi
405 1042 503 1098 ille
536 1051 736 1099 narrat
780 1044 1035 1099 Pilatum
1086 1045 1315 1099 Tiberio
1348 1044 1683 1116 imperatori
1719 1044 1958 1098 nuntia-

288 1130 445 1187 visse
504 1149 620 1187 non
670 1132 861 1189 solum
920 1134 1071 1189 hanc
1130 1134 1423 1205 eclipsim,
1479 1133 1579 1188 sed
1655 1149 1721 1187 ea
1779 1132 1957 1187 etiam

282 1222 745 1277 extraordinaria
803 1223 1021 1291 omnia,
1084 1240 1209 1295 qua:
1259 1228 1393 1278 ante
1448 1228 1504 1278 et
1563 1226 1693 1293 post
1744 1220 1957 1276 Christi

282 1315 533 1365 mortem
570 1311 925 1367 acciderant.
964 1313 1103 1379 Quis
1135 1318 1332 1368 autem
1376 1310 1541 1366 facile
1593 1329 1707 1366 non
1756 1327 1958 1365 conce-

277 1398 376 1453 det
408 1399 712 1455 Tiberium
736 1402 999 1471 jussisse
1040 1402 1158 1456 haec
1192 1402 1249 1457 in
1284 1402 1492 1457 iisdem
1524 1400 1724 1471 reponi
1752 1405 1809 1454 et
1839 1416 1956 1453 ser-

276 1487 402 1543 vari
431 1490 683 1559 arcanis,
710 1491 781 1545 ad
814 1507 941 1562 qua)
975 1492 1295 1547 scrutanda
1325 1489 1724 1545 Tertullianus
1742 1489 1953 1544 Roma-

283 1592 393 1631 nos
428 1582 705 1648 provocat
738 1578 766 1633 ?

350 1686 423 1738 At
473 1686 633 1756 quod
687 1685 783 1741 ille
845 1687 1178 1753 obscurius,
1241 1687 1350 1743 hoc
1405 1686 1690 1742 Eusebius
1738 1684 1953 1741 clarius

275 1772 393 1842 his,
461 1790 587 1844 quae
650 1774 810 1830 nulla
869 1776 1229 1831 obscuritate
1299 1776 1692 1841 involvuntur,
1754 1773 1952 1829 retulit

2069 598 2216 668 259).
2254 600 2473 655 Rursus
2502 616 2633 653 vero
2667 598 2803 652 alibi
2836 616 2847 652 :
2881 599 2943 651 In
2992 598 3120 663 ista,
3152 592 3365 664 inquit,
3417 593 3636 646 civitate
3669 592 3726 645 in

2074 704 2187 758 qua
2218 704 2394 742 suum
2442 688 2830 743 elucubrahat
2881 685 3303 755 Apologetioum.
3336 680 3515 751 Atqui
3545 684 3729 735 Roma

2071 794 2186 831 non
2219 777 2447 839 civitas.
2481 778 2578 831 sed
2618 778 2776 842 urbs,
2812 780 2987 846 atque
3038 789 3105 828 eo
3132 771 3256 828 solo
3287 770 3460 826 Urbis
3488 770 3726 824 nomine

2072 882 2173 937 per
2203 867 2672 921 antonomasiam
2717 864 2998 936 appellari
3044 861 3289 917 solebat.
3337 858 3539 914 Nonne
3569 856 3726 913 enim

2070 955 2190 1009 haec
2222 957 2474 1028 ipsamet
2503 960 2642 1010 sunt
2671 956 2798 1025 ejus
2830 953 3005 1008 verba
3039 969 3051 1006 :
3107 970 3128 998 ι
3163 949 3553 1005 Liberum.....
3584 962 3723 1001 con-

2070 1044 2230 1100 sules
2295 1049 2533 1100 senatus
2591 1043 2957 1112 auctoritate,
3008 1058 3122 1096 non
3167 1041 3341 1094 modo
3392 1036 3564 1098 Urbe,
3621 1035 3725 1089 sed

2069 1134 2340 1189 universa
2390 1133 2557 1189 Italia
2612 1132 3118 1189 eliminaverunt?
3174 1151 3203 1180 »
3262 1127 3423 1200 (Ibid.
3485 1141 3611 1197 cap.
3666 1123 3723 1192 6,

2068 1239 2199 1294 pag.
2232 1224 2381 1293 305.)

2144 1312 2357 1367 Deinde
2387 1328 2448 1367 se
2478 1316 2617 1367 tunc
2647 1310 2785 1365 illuc
2816 1308 3074 1364 abfuisse
3106 1308 3261 1362 haud
3302 1306 3549 1361 obscure
3579 1304 3721 1357 Ter-

2066 1400 2349 1455 tullianus
2380 1400 2506 1472 ipse
2534 1400 2845 1472 significat.
2880 1398 3023 1453 Nam
3060 1401 3191 1468 post
3244 1395 3419 1449 citata
3461 1390 3721 1463 proxime

2065 1488 2228 1544 illius
2257 1491 2429 1544 verba
2451 1489 2634 1544 dixit:
2658 1512 2685 1538 ‹‹
2708 1490 2851 1542 Ecce
2882 1488 2938 1541 in
2971 1486 3073 1541 illa
3103 1482 3548 1556 religiosissima
3576 1479 3721 1533 urbe

2065 1578 2383 1632 [Eneadum
2418 1578 2647 1648 piorum
2679 1577 2759 1647 (id
2806 1582 2894 1631 est
2941 1575 3146 1641 Roma)
3194 1577 3282 1627 est
3330 1568 3559 1641 Jupiter
3588 1565 3721 1639 qui-

2062 1666 2195 1720 dem
2258 1688 2285 1715 »
2344 1667 2504 1737 (Ibid.
2558 1683 2683 1737 cap.
2735 1667 2789 1729 9,
2826 1681 2955 1735 pag.
3009 1664 3158 1733 317).
3219 1661 3393 1715 Vides
3441 1658 3591 1713 hanc
3645 1656 3719 1710 ab

2062 1772 2127 1811 eo
2160 1756 2350 1810 vocari
2383 1757 2611 1823 urbem,
2645 1760 2701 1811 et
2751 1754 2842 1810 bis
2889 1753 3102 1822 verbis,
3153 1754 3211 1807 in
3242 1752 3365 1816 illa,
3398 1746 3722 1819 signiﬁcari

277 1836 523 1917 verbis:
560 1863 962 1921 Tertullianus
993 1867 1310 1937 Apologiam
1351 1883 1520 1920 suam
1567 1866 1635 1936 τῇ
1681 1836 1941 1936 ’ῥωμαῖκῇ
1974 1879 2021 1943 Β
2060 1861 2123 1943 8?
2145 1846 2321 1943 fitbe
2350 1846 2533 1943 fuisse
2564 1850 2875 1943 remotum.
2907 1843 3142 1943 Adhaec
3175 1856 3329 1943 vero,
3362 1838 3462 1893 ubi
3494 1836 3717 1943 patrios

274 1946 571 2023 συγκλήτῳ
646 1952 1079 2029 προσφώνησαε,
1150 1954 1225 2010 ad
1294 1960 1549 2009 senatum
1636 1955 1944 2009 Romanum

278 2041 610 2111 conscpipsil
670 2043 905 2113 (Euseb.
970 2044 1067 2098 lib.
1130 2061 1180 2099 v.
1241 2046 1383 2100 Hist.
1445 2043 1649 2098 Bootes.
1711 2059 1841 2113 cap.
1890 2042 1945 2111 5,

276 2145 417 2199 pag.
456 2130 599 2200 169).
639 2131 753 2188 Nec
784 2132 1097 2187 minimum
1131 2132 1370 2203 quidem
1405 2131 1631 2186 roboris
1659 2131 1796 2185 huic
1826 2147 1949 2185 sen-

274 2217 473 2271 tentia)
552 2236 618 2273 eo
694 2220 889 2276 atl‘erri
937 2226 1267 2288 autumant,
1332 2223 1484 2292 quod
1554 2220 1947 2274 Tertullianus

276 2308 474 2360 Romae
508 2307 607 2363 diu
633 2314 1031 2365 commoratus
1055 2311 1152 2364 sit.
1188 2311 1409 2366 Rursus
1442 2326 1697 2381 namque
1730 2310 1799 2363 de
1849 2307 1947 2363 illo

274 2394 570 2450 Eusebius
631 2398 749 2453 hinc
809 2399 1062 2470 posteris
1122 2400 1342 2470 scripto
1401 2401 1617 2454 tradita
1663 2397 1941 2468 reliquit:

274 2481 371 2535 Καὶ
426 2488 533 2537 τῶν
591 2484 829 2557 μάλιστα
876 2485 962 2540 ἐπὶ
1017 2487 1241 2559 Ῥώμης
1293 2486 1584 2563 λαμπρῶν.
1646 2490 1708 2543 Et
1765 2489 1943 2542 Romae

274 2574 668 2631 celeberrimus
695 2579 805 2648 fuit
836 2578 995 2646 (Ibid.
1037 2577 1137 2632 lib.
1171 2596 1231 2648 ιι,
1267 2595 1371 2649 cap
1424 2582 1479 2647 2,
1523 2595 1653 2649 pag.
1681 2577 1789 2647 41).
1824 2576 1944 2629 Huc

281 2678 521 2733 quoque
553 2666 778 2720 accedit
807 2666 1197 2738 Hieronymus
1227 2654 1427 2737 (Cdtal.
1468 2668 1720 2732 scriptor.
1753 2664 1942 2719 ecclcs.

276 2767 406 2823 cap.
441 2753 532 2820 53,
569 2772 623 2825 p.
659 2754 805 2825 415),
857 2755 957 2826 qui
1007 2756 1355 2810 testiﬁcatur
1398 2755 1564 2810 illum
1598 2754 1940 2809 clericorum

278 2842 677 2897 Romanorum
709 2850 980 2900 vexatum
1006 2845 1186 2900 fuisse
1217 2844 1435 2900 invidia
1464 2849 1519 2900 et
1544 2842 1941 2900 contumeliis.

276 2929 388 2985 Ubi
422 2935 644 2999 autem,
679 2933 792 2987 nisi
829 2950 960 2988 cum
998 2935 1186 2989 Roma:
1217 2935 1469 3005 degebut
1497 2937 1519 2988 Ρ

348 3038 463 3093 Sed
516 3039 686 3105 nihil,
734 3039 1014 3111 inquiunt
1062 3041 1181 3106 alii,
1234 3043 1426 3095 obstat
1457 3042 1772 3111 quominus
1803 3042 1942 3095 Ter-

270 3125 583 3191 tullianus,
604 3128 780 3183 etiam
812 3131 954 3184 dum
988 3130 1337 3201 Carthagine
1369 3130 1675 3196 habitaret,
1698 3129 1816 3184 illis
1850 3130 1942 3183 in-

271 3217 440 3270 vidiae
497 3222 555 3271 et
603 3220 1035 3273 calumniarum
1094 3219 1313 3274 aculeis
1374 3225 1749 3291 pungeretur.
1795 3219 1937 3273 Tam
1972 3248 2014 3314 Ο

270 3306 429 3361 enim
492 3306 767 3377 frequens
814 3312 940 3363 erat
991 3308 1144 3363 inter
1199 3309 1487 3363 Romanos
1535 3314 1590 3363 et
1637 3307 1939 3379 Carthagi-

268 3410 487 3449 nenses
549 3398 996 3464 commercium,
1032 3404 1097 3452 ut
1146 3414 1322 3469 quam
1355 3397 1766 3452 Tertullianus
1818 3413 1937 3451 me-

266 3489 469 3537 ruerat
491 3501 739 3539 summae
760 3487 1112 3541 eruditionis
1138 3492 1195 3541 et
1221 3489 1363 3541 741
1393 3487 1668 3541 doctrinae
1699 3487 1939 3556 famam,

266 3573 338 3627 ab
371 3573 593 3628 invidis
625 3572 902 3629 Romanae
933 3575 1203 3631 Ecclesiae
1248 3576 1478 3631 clericis
1514 3574 1939 3647 potueritlace-

264 3661 403 3718 rari.
459 3661 574 3717 Nec
608 3662 722 3718 alio
762 3669 938 3733 certe,
994 3681 1169 3735 quam
1227 3666 1297 3719 ad
1350 3665 1501 3719 hanc
1534 3664 1692 3719 illius
1728 3664 1938 3719 famam

266 3750 583 3817 Eusebius,
630 3753 822 3808 verbis
874 3755 1138 3825 proxime
1190 3754 1404 3820 citatis,
1439 3754 1761 3825 respexisse
1794 3754 1939 3824 ipsis

264 3839 520 3893 videtur.
570 3840 769 3912 Neque
826 3844 1000 3897 etiam
1072 3843 1166 3897 his
1229 3842 1325 3897 ille
1390 3844 1626 3897 denotat
1685 3842 1937 3913 aliquam

262 3925 610 3981 Tertulliani
646 3928 703 3981 in
734 3930 874 3983 urbe
910 3930 1091 3985 Roma
1123 3930 1581 3996 habitationem,
1615 3931 1715 3985 sed
1758 3930 1941 3985 maxi-

261 4031 422 4070 mam
459 4017 616 4085 apud
646 4016 939 4073 Romanos
972 4018 1230 4074 nominis
1264 4024 1320 4074 et
1351 4020 1521 4073 famae
1552 4021 1681 4086 ejus
1712 4021 1783 4073 ob
1817 4020 1942 4075 sin-

260 4103 531 4173 gularem
565 4105 892 4161 doctrinam
928 4108 1269 4179 scriptaque
1304 4126 1413 4163 sua
1444 4107 1871 4163 celebritatem.

329 4192 552 4264 Urgere
607 4199 803 4251 tamen
857 4196 952 4251 alii
1004 4201 1301 4267 poterant,
1348 4198 1642 4252 neminem
1706 4214 1943 4268 prorsus

258 4281 504 4337 difﬁteri
539 4298 710 4353 posse
742 4284 905 4340 illum
953 4290 1193 4341 Romam
1228 4285 1438 4341 saltem
1479 4287 1659 4341 semel
1693 4287 1939 4343 venisse.

259 4370 401 4433 Quis
438 4371 597 4427 enim
631 4373 739 4429 hoc
772 4391 985 4446 negare
1019 4374 1281 4440 auderet,
1332 4375 1493 4443 quod
1528 4375 1777 4445 ipsemet
1806 4376 1942 4429 Ter-

260 4459 551 4515 tullianus
585 4462 975 4517 disertissime
1008 4463 1305 4518 asseruit?
1352 4485 1379 4513 «
1428 4464 1806 4519 Gemmarum
1840 4480 1943 4517 no-

256 4548 555 4604 bilitatem
607 4551 865 4606 vidimus
916 4552 1112 4606 Romae
1161 4552 1231 4606 de
1282 4552 1524 4608 fastidio
1572 4552 1674 4608 illo
1708 4553 1944 4607 Partho-

2056 1939 2112 1988 et
2142 1933 2433 2005 indigetes
2465 1934 2856 2005 quarumdam
2894 1932 3195 1987 nationum
3235 1931 3373 1984 deos
3404 1928 3665 1982 recenset
3697 1923 3718 1970 ε

2060 2043 2083 2073 α
2122 2023 2427 2088 Romanas,
2462 2028 2526 2077 ut
2564 2024 2790 2094 opinor,
2816 2022 3031 2092 inquit,
3064 2019 3392 2092 provincias
3423 2015 3714 2082 edidi,nec

2057 2115 2254 2167 tamen
2312 2116 2606 2167 Romanos
2664 2113 2803 2167 deos
2862 2127 3087 2177 earum,
3148 2110 3287 2180 quia
3341 2111 3535 2162 Roma:
3593 2120 3711 2158 non

2058 2201 2245 2273 magis
2277 2202 2570 2271 coluntur,
2599 2218 2774 2272 quam
2826 2200 2925 2271 qui
2974 2217 3073 2270 per
3102 2199 3292 2269 ipsam
3335 2209 3566 2267 quoque
3599 2193 3713 2247 Ita-

2057 2288 2194 2343 liam
2229 2289 2568 2360 municipaii
2600 2288 3035 2345 consecratione
3083 2290 3417 2342 censentur.
3462 2305 3491 2332 »
3552 2280 3709 2351 (Ibid.

2056 2393 2182 2448 cap.
2215 2379 2327 2449 24).
2357 2380 2429 2433 At
2460 2396 2601 2433 sane
2644 2378 2694 2433 si
2728 2378 2879 2432 hunc
2924 2376 3137 2430 librum
3186 2378 3448 2428 Romano
3480 2368 3713 2426 senatui

2056 2472 2476 2537 nuncupasset,
2522 2484 2637 2522 non
2699 2467 2788 2521 his
2837 2466 3048 2535 verbis,
3098 2465 3388 2529 Romanas,
3420 2465 3711 2524 Romanos,

2056 2555 2258 2621 Romae,
2293 2556 2393 2610 sed
2422 2556 2619 2627 potius
2649 2555 2801 2621 istis,
2850 2559 3083 2622 vestras,
3119 2557 3338 2621 vestros,
3372 2554 3429 2605 et
3471 2566 3512 2605 α
3541 2548 3709 2613 vobis,

2055 2644 2257 2714 utique
2287 2650 2563 2699 uteretur.
2599 2644 2882 2699 Eumdem
2915 2648 3111 2697 tamen
3163 2642 3221 2696 in
3282 2639 3521 2694 modum
3569 2634 3709 2691 alibi

2052 2732 2243 2786 adhuc
2292 2730 2523 2788 locutus
2570 2738 2659 2788 est
2703 2734 2890 2804 (Ibid.,
2938 2748 3065 2803 cap.
3110 2732 3200 2797 21,
3248 2746 3381 2803 pag.
3418 2727 3543 2794 392,
3577 2742 3706 2796 cap.

2047 2820 2138 2889 35,
2175 2836 2305 2892 pag.
2335 2822 2484 2893 451).

2120 2914 2354 2965 Instant
2399 2916 2675 2981 praeterea
2722 2910 2945 2965 nullam
2992 2911 3051 2965 in
3096 2909 3205 2964 hoc
3255 2907 3403 2962 libro
3454 2904 3579 2959 fieri
3613 2919 3704 2958 se-

2052 3003 2226 3053 natus
2268 2998 2512 3053 Romani
2544 2999 2917 3065 mentionem,
2969 2999 3069 3054 sed
3119 2995 3291 3053 sicuti
3340 2993 3504 3049 initio
3552 2994 3702 3047 anti-

2048 3091 2199 3143 stites
2228 3092 2278 3142 et
2304 3089 2692 3159 praesidentes,
2743 3088 2823 3143 ita
2871 3094 2928 3143 et
2974 3089 3031 3141 in
3082 3087 3195 3141 ﬁne
3240 3082 3502 3150 praesides
3541 3098 3701 3137 com-

2052 3177 2272 3248 pellari.
2304 3178 2436 3232 Jam
2471 3194 2603 3233 vero
2651 3177 2867 3233 audisti
2902 3176 3095 3249 priora
3139 3177 3269 3245 ejus
3312 3173 3508 3240 verba,
3544 3186 3698 3225 nunc

2054 3268 2375 3337 posteriora
2405 3268 2611 3322 audias
2641 3266 2812 3321 velim
2866 3284 2878 3322 :
2927 3289 2954 3317 «
3014 3266 3125 3319 Sed
3184 3265 3291 3318 hoc
3336 3262 3512 3335 agite,
3562 3257 3699 3314 boni

2050 3358 2349 3427 presides,
2391 3356 2660 3411 meliores
2719 3354 2904 3410 multo
2954 3355 3108 3425 apud
3159 3352 3463 3424 populum,
3496 3348 3546 3405 si
3577 3347 3697 3402 illis

2049 3446 2412 3501 Christianos
2452 3444 2917 3501 immolaveritis.
2954 3466 2982 3493 ››
3028 3443 3184 3511 (Ibid.
3242 3459 3368 3513 cap.
3420 3440 3512 3508 50,
3560 3453 3696 3509 pag.

2048 3536 2197 3603 530.)
2231 3540 2306 3590 At
2336 3551 2401 3590 eo
2454 3534 2693 3589 nomine
2741 3551 2855 3589 non
2904 3531 3156 3604 appellat
3208 3531 3502 3586 Romanos
3532 3542 3699 3582 sena-

2048 3630 2204 3678 tores
2262 3628 2363 3678 aut
2394 3624 2797 3695 magistratus,
2829 3622 2929 3677 sed
2980 3621 3125 3677 alios
3172 3620 3232 3675 in
3283 3620 3425 3675 urbe
3468 3633 3533 3672 ac
3563 3631 3693 3687 pro-

2048 3713 2259 3779 vincia,
2290 3712 2350 3766 in
2383 3730 2499 3784 qua
2530 3712 2867 3779 manebant,
2906 3711 3100 3766 Africa
3146 3708 3412 3764 videlicet
3447 3711 3503 3761 et
3558 3705 3694 3760 Car-

2048 3801 2281 3873 thagine
2302 3802 2653 3872 praesidentes
2682 3810 2731 3855 et
2759 3801 3048 3855 antistites.

2125 3909 2272 3964 742
2319 3909 2467 3971 Quid
2517 3923 2671 3975 vero,
2714 3907 2867 3978 quod
2916 3910 3226 3977 postquam
3270 3902 3526 3959 ostendit
3580 3899 3690 3954 hu-

2051 4014 2257 4053 manas
2286 3997 2553 4051 victimas
2603 3997 2757 4067 apud
2806 3995 2998 4050 varias
3047 4000 3250 4066 gentes
3298 3998 3354 4048 et
3402 3994 3692 4047 Romanos

2051 4086 2211 4158 ipsos
2249 4086 2363 4140 diis
2424 4084 2739 4151 immolari,
2782 4090 2839 4139 et
2884 4084 2940 4137 in
2990 4083 3247 4138 Catilinas
3292 4079 3694 4151 conjuratione

2052 4175 2377 4229 humanum
2422 4174 2768 4245 sanguinem
2804 4173 3201 4244 degustatum,
3237 4175 3361 4224 tum
3401 4169 3523 4224 haec
3552 4166 3694 4222 sub-

2044 4262 2243 4335 junxit
2279 4280 2290 4318 :
2326 4286 2353 4311 «
2400 4263 2588 4335 Longe
2636 4278 2875 4317 excurro
2928 4279 2940 4317 :
2992 4260 3165 4316 hodie
3210 4259 3359 4324 istic,
3398 4280 3425 4307 »
3473 4257 3531 4311 id
3582 4260 3695 4323 est,

2052 4352 2109 4406 in
2144 4352 2265 4422 ipsa
2303 4352 2445 4407 urbe
2480 4351 2578 4406 ubi
2609 4352 2728 4405 haec
2760 4349 3073 4416 scribebat,
3099 4372 3124 4398 ‹‹
3160 4347 3405 4403 Bellona:
3437 4348 3697 4401 sacratos

2054 4440 2296 4513 sanguis
2350 4442 2421 4495 de
2471 4441 2685 4495 femore
2718 4440 3011 4510 proscisso
3044 4439 3102 4492 in
3138 4435 3456 4509 palmulam
3488 4450 3699 4504 excep-

2052 4534 2149 4585 tus
2181 4530 2355 4584 datus
2382 4532 2597 4603 signat.
2636 4552 2662 4578 ››
2696 4529 2876 4600 (Ibid.,
2909 4545 3036 4599 cap.
3066 4528 3121 4593 9,
3173 4542 3305 4597 pag.
3355 4525 3502 4595 321).
3559 4523 3699 4589 Quis

262 4653 393 4692 rum
459 4641 515 4691 et
574 4638 896 4709 Medorum,
934 4645 1396 4713 ceterorumque
1446 4641 1757 4713 gentilium
1803 4658 1940 4696 suo-

2062 4636 2211 4691 srgo,
2244 4619 2536 4690 inquient,
2571 4634 2687 4672 non
2718 4618 2874 4671 videt
2903 4617 2974 4672 ab
3007 4616 3106 4671 illo
3137 4631 3305 4671 suam
3339 4612 3630 4670 civitatem
3664 4628 3698 4667 a

260 4742 421 4792 rum,
476 4743 673 4782 coram
734 4728 1022 4784 matronis
1068 4730 1534 4797 erubescentem,
1569 4730 1680 4785 nisi
1715 4746 1833 4802 quo
1866 4730 1938 4785 ad

262 4816 723 4872 ostentationem
760 4819 878 4873 fere
924 4817 1220 4873 habentur
1269 4839 1297 4868 »
1358 4819 1621 4891 (Tertull.
1672 4819 1774 4874 lib.
1799 4836 1838 4887 ι,
1879 4817 1943 4870 de

266 4901 433 4959 Cultu
463 4905 595 4973 rem.
626 4922 755 4977 cap.
788 4907 868 4977 6.)
900 4908 974 4962 At
1005 4913 1161 4963 certe
1197 4908 1353 4963 sicut
1382 4909 1584 4977 semel,
1618 4909 1697 4964 ita
1726 4906 1941 4979 saepius

261 4989 515 5047 Romam
551 4993 633 5047 ire
666 4995 858 5065 potuit
886 4994 1086 5066 ibique
1118 4998 1505 5052 commorari.
1556 4997 1786 5069 Optime
1819 4995 1945 5068 qui-

262 5078 395 5134 dem
428 5088 721 5153 reponant
750 5083 847 5138 alii
881 5099 893 5139 :
928 5085 1038 5139 Sed
1079 5086 1373 5155 quomodo
1407 5087 1638 5158 probari
1668 5090 1943 5158 poterunt

264 5167 379 5223 alia
437 5170 792 5227 Tertulliani
842 5173 901 5227 in
954 5172 1107 5228 hanc
1140 5175 1346 5230 urbem
1387 5176 1614 5243 itinera,
1649 5181 1749 5231 aut
1805 5190 1939 5229 cum

264 5255 346 5311 ibi
399 5273 605 5314 revera
663 5261 953 5317 mansisse
986 5262 1221 5332 quando
1282 5265 1697 5335 Apotogeticum
1756 5263 1938 5319 confi-

265 5346 457 5401 ciebat
483 5347 511 5401 ?

335 5434 735 5498 Quamobrem
796 5439 992 5511 plures
1054 5440 1417 5497 arbitrantur
1468 5442 1635 5498 illum
1700 5458 1935 5515 prorsus

264 5524 619 5597 Carthagine
677 5530 925 5601 editum,
959 5528 1342 5603 oblatumque
1391 5532 1637 5605 hujusce
1684 5531 1936 5587 civitatis

267 5614 649 5685 prmsidibus.
701 5619 927 5674 Etenim
987 5619 1057 5675 ab
1109 5619 1289 5689 illius,
1342 5624 1425 5678 uti
1477 5622 1601 5691 jam
1650 5621 1932 5685 vidimus,

266 5702 511 5758 exordio
560 5705 692 5763 illos
745 5711 932 5775 vocat,
964 5710 1024 5764 in
1062 5713 1247 5783 aperto
1292 5714 1348 5767 et
1400 5710 1548 5767 edito
1578 5710 1779 5766 vertice
1805 5708 1932 5764 civi-

2050 4709 2309 4764 Romana
2340 4713 2536 4779 aperte
2566 4705 2899 4778 distingui?

2121 4815 2381 4887 Denique
2409 4813 2659 4871 ethnicis
2690 4812 2929 4885 opponit
2957 4813 3340 4881 Christianos,
3368 4813 3695 4877 Deum,non

2045 4907 2423 4978 proconsulem
2466 4907 2719 4960 timentes
2752 4903 2909 4973 (Ibid.
2944 4920 3070 4975 cap.
3103 4904 3212 4976 45).
3261 4902 3486 4959 Ethnici
3517 4900 3699 4973 igitur

2050 4994 2229 5065 hunc,
2264 4995 2503 5050 minime
2534 5010 2666 5050 vero
2698 4992 2865 5049 illum
2900 4994 3204 5049 timebant.
3237 4991 3558 5049 Proconsul
3590 5008 3697 5047 au-

2050 5088 2168 5140 tem
2218 5102 2332 5140 non
2382 5085 2599 5152 Romae,
2632 5084 2733 5138 sed
2782 5082 2842 5137 in
2894 5083 3205 5154 provinciis
3262 5081 3415 5138 hanc
3466 5082 3703 5153 gerebat

2051 5174 2301 5244 primam
2337 5174 2720 5246 magistratus
2751 5172 3115 5243 dignitatem.
3160 5170 3373 5226 Verum
3429 5170 3544 5226 alia
3598 5188 3698 5226 su-

2050 5263 2296 5334 perioris
2352 5262 2654 5319 sententia:
2705 5262 3093 5327 firmamenta,
3144 5260 3361 5333 quibus
3406 5261 3701 5316 Romanos

2048 5352 2328 5424 praesules
2386 5351 2765 5424 compellatos
2825 5368 2953 5407 esse
3007 5351 3393 5421 ostendimus,
3453 5350 3546 5406 his
3604 5366 3695 5405 ra-

2049 5442 2277 5498 tionum
2338 5442 2653 5499 momentis
2706 5458 2809 5497 nec
2864 5442 3273 5510 destruantur,
3348 5458 3455 5497 nec
3526 5439 3693 5495 inﬁr-

2046 5535 2248 5588 mantu
2258 5549 2302 5587 r.

2118 5622 2312 5677 Tertia
2343 5622 2558 5695 itaque,
2590 5627 2646 5679 et
2674 5623 2826 5678 inter
2856 5625 3189 5693 utramque,
3222 5622 3504 5675 hactenus
3527 5631 3559 5669 a
3586 5629 3686 5668 no-

2042 5708 2135 5766 bis
2190 5711 2536 5783 expositam,
2587 5711 2780 5767 media
2827 5708 3064 5767 illorum
3095 5707 3290 5780 opinio
3319 5709 3428 5775 est,
3462 5703 3561 5777 qui
3593 5720 3684 5760 ar-
