4106 6178
365 372 484 433 823

896 320 1422 435 TEaTULLIANI
1469 372 1794 435 OPEltUM
1837 374 2039 434 PARS
2084 377 2132 435 1.
2168 408 2244 420 -
2274 376 2548 438 SERIES
2593 380 2638 451 ι,
2685 366 3250 440 APOLOGETICA.

3654 380 3772 438 8‘24

368 504 666 560 bitrantur
695 503 849 559 hunc
880 504 1283 576 Apotogeticum
1332 504 1542 560 librum
1598 523 1631 560 a
1658 504 2017 561 Tertulliano
2048 507 2100 574 Α
2133 508 2232 577 qui
2265 508 2323 563 in
2348 513 2466 565 toto
2513 511 2772 567 Romano
2822 511 3065 583 impetio
3099 510 3380 583 primarii,
3402 509 3698 582 principes
3720 517 3776 565 et

372 595 656 649 directum
708 593 891 649 fuisse
948 611 1064 650 non
1117 594 1294 650 unius
1356 600 1585 650 tantum
1637 595 1889 650 civitatis
1922 600 2023 650 aut

372 682 704 755 provinciae,
738 682 837 738 sed
870 683 1074 749 totius,
1129 700 1304 754 quam
1361 682 1529 754 longe
1578 683 1810 755 lateque
1860 690 2019 754 pate-

370 772 491 842 bat,
524 771 768 827 Romani
802 771 1030 844 imperii
1066 773 1435 844 praesidibus.
1489 778 1565 828 At
1608 790 1675 829 ea
1705 774 1753 827 si
1787 773 2021 844 probari

371 861 580 932 possit,
615 860 862 916 aliarum
896 866 1282 917 assertatores
1316 866 1591 933 poterunt
1639 879 1828 918 secum
1860 862 2025 917 facile

371 948 754 1005 reconciliari.
787 950 986 1006 Utrem
1021 956 1217 1006 autem
1245 968 1377 1006 vera
1409 951 1505 1018 sit,
1530 952 1670 1022 quia
1699 953 1754 1006 id
1791 951 1861 1005 ab
1896 953 2023 1021 ejus

373 1040 639 1111 patronis
687 1056 800 1095 non
853 1040 998 1096 satis
1047 1046 1315 1096 accurate
1348 1041 1814 1096 demonstratum
1850 1046 1959 1107 est,
1993 1058 2027 1094 a

374 1127 545 1183 nobis
576 1127 914 1199 diligentius
952 1128 1388 1200 inquirendum.
1424 1129 1615 1185 Primo
1662 1129 1857 1201 itaque
1888 1146 2023 1184 con-

375 1221 492 1272 stat
521 1216 678 1271 hunc
708 1216 921 1272 librum
957 1217 1137 1272 nullis
1163 1218 1533 1287 nominatim,
1568 1219 1668 1273 sed
1705 1220 2024 1289 generatim

375 1304 724 1377 praesidibus
755 1308 1004 1361 missum
1036 1324 1165 1363 esse
1212 1313 1269 1362 et
1316 1307 1597 1362 oblatum.
1630 1308 1686 1361 Si
1736 1307 1833 1379 qui
1869 1308 2025 1362 enim

378 1394 614 1451 nomine
664 1412 791 1463 suo,
840 1413 944 1451 nec
989 1396 1085 1451 alii
1135 1401 1347 1467 praetor
1393 1395 1526 1451 illos
1572 1396 2025 1468 appellarentur,

376 1483 540 1539 nulla
585 1500 714 1539 esse
763 1488 960 1556 posset
1007 1484 1081 1539 lis
1131 1490 1231 1539 aut
1292 1485 1711 1540 controversia.
1761 1485 1902 1539 Nam
1954 1485 2025 1541 iis

377 1571 535 1627 hunc
566 1573 624 1627 in
657 1574 898 1629 modum
930 1574 1272 1641 nominatis,
1308 1574 1575 1631 absoluta
1628 1590 1767 1630 sane
1806 1591 1871 1629 ac
1898 1590 2026 1645 per-

380 1660 531 1717 fecta
560 1678 739 1717 causa
768 1666 911 1718 erat.

452 1750 668 1807 Deinde
713 1768 844 1807 vero
898 1753 1153 1807 fatentur
1201 1768 1403 1808 omnes
1454 1752 1510 1807 in
1562 1752 1670 1807 hoc
1714 1752 1862 1806 libro
1914 1752 2028 1806 Ro-

2132 599 2406 669 praeeides
2445 602 2586 657 estis
2618 605 2675 656 in
2709 606 2896 673 aperto
2944 612 2999 656 et
3047 603 3195 656 edito
3244 604 3304 656 in
3354 602 3505 673 (quae
3562 599 3777 655 ultima

2133 690 2416 759 particula
2439 692 2881 747 desideraturin
2916 691 3192 746 omnibus
3224 691 3524 745 codicibus
3557 688 3777 743 nostris

2132 782 2187 831 et
2212 779 2386 833 editis
2418 780 2872 851 antiquioribus)
2916 782 3028 849 ipso
3072 783 3187 851 fere
3256 782 3459 835 vertice
3506 780 3776 834 civitatis.

2133 866 2415 921 nimirum
2449 870 2734 940 cujusque
2776 870 3223 940 praesidentibus.
3262 868 3344 923 lbi
3380 869 3535 923 enim
3572 867 3779 922 indeﬁ-

2134 956 2253 1011 nite
2280 957 2427 1012 dixit
2457 959 2687 1013 Romani
2727 961 2951 1030 imperii
2990 960 3289 1028 antistites,
3324 957 3421 1030 qui
3476 958 3532 1012 in
3582 962 3780 1028 aperto

2136 1050 2311 1116 atque
2367 1046 2520 1102 edito
2584 1049 2710 1118 ipso
2763 1049 2974 1103 vertice
3035 1047 3290 1104 civitatis
3348 1046 3666 1117 cujuslibet
3706 1047 3780 1101 ad

2136 1134 2281 1190 alios
2306 1136 2662 1205 judicandos
2708 1137 3049 1208 praesidetis.
3092 1141 3159 1191 At
3208 1137 3327 1191 haec
3360 1135 3778 1207 interpretatio,

2137 1228 2193 1278 et
2222 1225 2392 1280 tertia
2431 1226 2645 1295 opinio,
2679 1227 2734 1281 id
2791 1226 2996 1282 saltem
3048 1227 3223 1281 habet
3272 1225 3585 1292 commodi,
3624 1227 3778 1291 quod

2137 1313 2306 1368 facile
2350 1313 2514 1368 tollat
2561 1315 2887 1386 propositas
2935 1317 3006 1371 ab
3055 1314 3304 1370 aliarum
3356 1312 3780 1370 sententiarum

2136 1402 2401 1473 patronis
2433 1403 2832 1470 difficultates,
2864 1410 2921 1460 et
2952 1405 3201 1476 ipsemet
3239 1406 3501 1459 diversas
3544 1407 3781 1459 senten-

2136 1492 2250 1546 tias
2278 1492 2429 1547 inter
2460 1509 2522 1547 se
2555 1494 2839 1549 conciliet.
2876 1494 3018 1549 Nam
3054 1494 3190 1549 hinc
3239 1493 3407 1549 facile
3438 1492 3786 1565 intelligitur

2138 1598 2241 1635 cur
2271 1583 2556 1652 quosdam
2608 1584 2885 1654 praesides
2928 1583 3264 1655 aliquando,
3300 1582 3446 1639 alios
3477 1599 3609 1638 vero
3641 1598 3784 1636 non-

2140 1687 2440 1742 nunquam
2480 1670 2538 1726 in
2570 1672 2677 1727 hoc
2708 1672 3085 1744 appellaverit
3133 1671 3302 1740 libro,
3336 1688 3508 1741 quem
3540 1670 3780 1727 Cartha—

2139 1759 2268 1828 gine
2295 1761 2605 1815 scribebat.
2641 1761 2849 1816 Omnia
2881 1778 3048 1833 porro
3079 1761 3254 1816 trium
3290 1760 3524 1815 illarum
3556 1760 3782 1830 opinio-

351 1854 588 1930 ‘manos
640 1841 940 1912 praesides,
974 1857 1078 1896 nec
1135 1841 1315 1896 semel
1356 1841 1613 1913 quidem,
1664 1840 2025 1913 componal‘i-
2058 1878 2105 1941 B
2144 1866 2286 1903 num
2335 1856 2678 1919 argumenta
2725 1852 2844 1905 sive
2899 1851 2968 1905 ab
3021 1850 3149 1906 aliis
3203 1850 3521 1922 proposita,
3573 1849 3692 1904 sive
3751 1865 3787 1904 a

349 1928 603 2000 ‘Ecquid
660 1930 814 1984 enim
874 1930 933 1984 id
988 1936 1321 2002 negaretur,
1390 1932 1547 2001 quod
1611 1932 1737 2000 jam
1815 1931 2025 2002 proba-

379 2020 507 2071 tum
556 2022 663 2085 est,
715 2023 890 2090 atque
934 2018 1027 2074 his
1075 2036 1311 2074 rursum
1352 2020 1545 2075 verbis
1593 2020 2018 2075 confirmatur:

382 2126 409 2154 «
443 2104 511 2161 Ut
541 2106 612 2161 ad
646 2122 745 2162 eos
773 2106 1171 2163 dominatores
1204 2108 1466 2179 gentium
1501 2108 1804 2179 aspiciam.
1839 2108 2022 2163 Homo

374 2194 487 2249 fuit
515 2195 705 2251 Numa
732 2196 1079 2269 Pompitius.
1112 2220 1139 2247 ››
1174 2197 1331 2267 (Ibid.
1374 2214 1499 2268 cap.
1548 2199 1663 2266 2t.)
1704 2198 1903 2269 Neque
1935 2201 2024 2251 ta-

373 2298 506 2338 men
544 2284 649 2339 hos
676 2288 909 2340 tantum
943 2286 1241 2357 praesides,
1293 2287 1394 2341 sed
1444 2287 1718 2353 Quirites,
1749 2291 1805 2341 et
1831 2286 2022 2356 ipsam

367 2388 595 2444 quoque
629 2373 853 2446 plebem
888 2376 1208 2430 Romanam
1236 2375 1320 2431 sic
1352 2375 1674 2448 alloquitur
1702 2375 1855 2447 (Ibid.
1890 2391 2020 2445 cap.

362 2460 451 2532 35)
487 2478 500 2516 :
534 2485 562 2513 ‹‹
600 2466 764 2533 Ipsos
796 2462 1071 2533 Quirites,
1131 2464 1321 2536 ipsam
1372 2464 1747 2519 vernaculam
1798 2466 2020 2533 septem

362 2550 626 2619 collium,
660 2552 769 2607 hoc
817 2557 928 2623 est,
971 2552 1133 2609 urbis
1185 2554 1378 2609 Romae
1432 2552 1682 2624 plebem,
1719 2550 2019 2614 convenio,

365 2655 439 2693 an
499 2638 675 2695 alicui
726 2641 936 2696 Caesari
996 2658 1103 2697 suo
1162 2647 1365 2713 pareat
1404 2641 1608 2713 lingua
1639 2640 1902 2694 Romana
1932 2638 1959 2691 ?
1992 2658 2020 2688 »

364 2726 780 2785 Verumtamen
822 2730 981 2785 aliud
1031 2735 1142 2798 est,
1196 2730 1449 2801 inquies,
1495 2730 1724 2800 aliquos
1767 2728 1825 2782 in
1874 2727 2020 2782 libro

368 2834 475 2873 suo
503 2817 743 2891 alloqui,
777 2819 936 2875 aliud
965 2836 1099 2875 vero
1130 2819 1201 2874 iis
1233 2837 1408 2874 suum
1443 2819 1673 2874 mittere
1702 2822 1756 2873 et
1794 2834 2020 2872 nuncu-

368 2922 507 2978 pare
552 2907 793 2963 librum.
826 2910 994 2965 Recte
1049 2909 1310 2979 quidem.
1360 2909 1466 2964 Sed
1517 2924 1639 2976 cur,
1685 2908 1893 2963 amabo
1944 2911 2021 2971 te,

369 3013 572 3052 omnes
621 3002 914 3053 Romanos
963 2999 1258 3069 praesides,
1320 2998 1573 3065 Quirites
1631 3003 1687 3052 et
1741 2996 2020 3067 plebeios,

368 3086 710 3142 nominibus
761 3089 886 3143 suis
909 3088 1243 3159 appellavit,
1278 3088 1389 3141 nisi
1419 3087 1558 3158 quia
1600 3103 1771 3141 suum
1822 3087 1891 3140 ad
1924 3101 2022 3140 eos

366 3174 581 3232 librum
618 3177 973 3232 mittendum
1005 3193 1133 3233 esse
1164 3181 1318 3232 certo
1350 3176 1634 3231 noverat?

435 3284 507 3337 At
538 3282 681 3337 satis
714 3283 1019 3355 perspicue
1043 3282 1555 3347 ostendimus,non
1577 3282 1870 3336 Romanos
1892 3285 2017 3335 tan-

366 3376 516 3438 tum,
549 3372 649 3427 sed
682 3372 828 3427 alios
859 3372 1032 3427 etiam
1085 3371 1361 3442 praesides
1407 3372 1465 3425 in
1518 3370 1626 3425 hoc
1670 3369 2016 3425 Tertulliani

362 3458 513 3515 libro
544 3460 902 3533 compellari.
931 3461 1201 3532 Exposita
1228 3476 1480 3530 namque
1510 3459 1567 3512 in
1601 3459 1869 3514 secundae
1892 3459 2015 3531 Opi-

366 3547 559 3605 nionis
593 3550 993 3605 defensionem
1045 3554 1394 3622 argumenta
1444 3565 1555 3603 non
1591 3549 1790 3603 minus
1822 3555 2020 3619 aperte

362 3639 614 3711 probant
687 3638 910 3694 huncce
988 3638 1202 3693 librum
1267 3637 1397 3693 aliis
1464 3637 1749 3708 scriptum
1815 3637 2018 3705 fuisse,

367 3743 544 3798 quam
580 3727 844 3783 Romano
876 3728 1130 3795 senatui,
1161 3732 1260 3782 aut
1302 3725 1649 3798 prissidibus
1681 3726 1978 3780 Romanis.

438 3834 562 3889 Huc
605 3833 850 3901 accedit,
883 3835 1034 3906 quod
1060 3837 1268 3889 auctor
1316 3837 1516 3888 noster
1562 3832 1621 3887 in
1672 3832 1778 3887 hoc
1825 3833 2019 3903 Apolo-

364 3925 558 3995 getico,
598 3924 1098 3995 quemadmodum
1147 3923 1205 3977 in
1256 3922 1489 3977 duobus
1531 3924 1601 3976 ad
1649 3923 1906 3977 Nationes
1954 3920 2020 3975 li-

362 4012 510 4078 bris,
552 4029 915 4069 communem
970 4012 1255 4081 omnium,
1291 4016 1582 4083 quotquot
1612 4011 1670 4065 in
1714 4013 1850 4066 orbe
1899 4016 2018 4065 ter-

358 4118 559 4158 rarum
608 4108 795 4171 erant,
848 4102 1313 4158 Christianorum
1368 4118 1606 4156 causam
1675 4100 1811 4172 agit.
1859 4099 2019 4155 Sicut

358 4207 495 4264 ergo
527 4192 636 4248 hos
686 4193 759 4247 ad
816 4197 1059 4248 cunctas
1118 4191 1410 4260 nationes,
1473 4192 1553 4245 ita
1610 4191 2020 4261 Apologeticum

356 4280 576 4337 librum
609 4282 679 4336 ad
713 4298 919 4337 omnes
974 4282 1124 4335 743
1177 4281 1426 4335 Romani
1482 4279 1702 4350 imperii
1735 4279 2015 4350 przesides

356 4371 428 4426 ab
459 4387 525 4426 eo
557 4371 773 4427 missos
803 4370 1009 4438 fuisse,
1042 4369 1134 4425 cui
1168 4367 1671 4424 verissimilimum
1711 4385 1825 4423 non
1857 4368 2015 4423 vide-

357 4459 521 4515 bitur
544 4459 572 4514 ?

431 4547 631 4619 Neque
664 4547 877 4603 dixeris
907 4547 1194 4619 scriptum
1227 4547 1297 4601 ab
1330 4546 1430 4601 illo
1471 4563 1723 4617 quoque,
1759 4546 1818 4600 in
1850 4545 2011 4601 Chri-

2135 1938 2305 1993 nobis
2353 1939 2579 2009 adjecta
2625 1940 2873 1995 candido
2933 1940 3307 2011 simplicique
3364 1955 3525 1994 more
3581 1943 3785 1994 nostro

2131 2027 2528 2099 exposuimus,
2563 2036 2628 2084 ut
2658 2046 2784 2100 quae
2825 2030 3066 2100 majoris
3095 2047 3161 2085 ac
3191 2028 3473 2101 gravioris
3504 2028 3783 2100 ponderis

2132 2117 2269 2180 sint,
2306 2133 2510 2172 omnes
2560 2118 2726 2173 facile
2775 2123 3115 2190 agnoscant,
3150 2135 3233 2185 ac,
3268 2135 3445 2190 quam
3494 2117 3781 2173 veriorem

2122 2206 2536 2277 judicaverint,
2565 2207 2899 2279 opinionem
2931 2208 3381 2280 amplectantur.

2733 2384 3043 2424 ARTICULUS
3082 2383 3169 2423 III.

2135 2477 2323 2532 Utrum
2355 2476 2723 2531 Tertullianus
2754 2477 2886 2530 huic
2934 2475 3282 2546 Apologetico
3314 2491 3506 2530 nomen
3542 2476 3781 2543 inscrip-

2199 2549 2330 2602 serit
2358 2564 2516 2602 suum
2545 2566 2563 2601 .·
2594 2548 2661 2602 de
2701 2549 2859 2601 illius
2906 2547 3095 2611 titulo,
3127 2552 3466 2617 argumento,
3501 2550 3563 2602 in
3592 2550 3783 2619 capita

2199 2620 2489 2685 divisione,
2522 2622 2870 2690 capitumque
2899 2622 3243 2675 :ummariis.

2206 2763 2513 2833 Disputant
2534 2760 2746 2817 eruditi
2770 2766 2980 2817 nostrae
3013 2762 3202 2818 (etatis
3234 2762 3554 2833 scriptores
3580 2766 3782 2816 utrum

2129 2850 2523 2906 Tertullianus
2576 2849 2714 2905 huic
2757 2849 2904 2907 libro
2949 2867 3161 2906 nomen
3211 2867 3385 2907 suum
3445 2848 3782 2921 praeﬁxerit.

2132 2939 2526 2994 Verisimilius
2554 2940 2706 2994 enim
2763 2941 3118 3011 quibusdam
3153 2942 3381 2995 videtur
3428 2939 3571 2995 illud
3608 2939 3679 2993 ab
3710 2955 3781 2994 eo

2131 3046 2571 3100 compressum;
2622 3031 3100 3100 quandoquidem
3152 3031 3225 3085 ab
3256 3032 3380 3099 ejus
3410 3029 3646 3084 exordio
3680 3044 3781 3099 pa-

2130 3118 2247 3173 lam
2293 3118 2625 3190 expostulat
2672 3119 2781 3173 sibi
2832 3119 3080 3190 aliisque
3128 3118 3472 3174 Christianis
3532 3117 3781 3190 publicae

2132 3208 2459 3263 defensioni
2516 3208 2667 3263 viam
2716 3207 3012 3278 praecludi.
3072 3208 3336 3263 Totidem
3383 3208 3600 3279 quippe
3657 3207 3783 3261 haec

2130 3303 2270 3352 sunt
2302 3296 2461 3352 illius
2494 3298 2668 3353 verba
2703 3314 2715 3352 :
2754 3322 2773 3346 η
2813 3298 2871 3352 Si
2904 3297 3179 3368 denique,
3213 3298 3367 3368 quod
3396 3298 3655 3368 proxime
3681 3312 3782 3351 ac-

2131 3387 2291 3456 cidit,
2326 3386 2661 3442 domesticis
2712 3386 2948 3441 indiciis
3010 3386 3414 3457 lmanusrripti
3476 3386 3661 3441 nostri
3718 3390 3785 3439 et

2130 3476 2390 3531 melioris
2428 3481 2577 3530 notis
2627 3476 2853 3530 codices
2883 3475 3019 3531 editi
3044 3475 3295 3546 judiciis)
3329 3474 3507 3529 nimis
3540 3478 3785 3545 Operata

2130 3565 2425 3619 infestatio
2491 3570 2662 3619 sectis
2721 3564 2900 3635 hujus
2954 3564 3247 3619 obstruxit
3308 3563 3631 3619 defensioni
3690 3564 3782 3633 (in

2132 3654 2483 3725 quibusdam
2545 3653 2715 3709 editis
2774 3652 3041 3708 additum
3080 3654 3311 3709 obstruit
3370 3654 3563 3723 viam),
3604 3651 3786 3707 liceat

2129 3743 2384 3809 veritati,
2417 3742 2501 3798 vel
2547 3743 2777 3799 occulta
2825 3744 2915 3797 via
2954 3744 3265 3798 tacitarum
3316 3741 3643 3798 litterarum
3698 3742 3781 3796 ad

2130 3850 2302 3888 aures
2333 3838 2554 3887 vestras
2586 3832 2905 3903 pervenire.
2937 3858 2958 3883 ιι
2997 3832 3266 3903 (Tertull.
3297 3833 3520 3903 Apolog.
3555 3848 3681 3902 cap,
3714 3830 3743 3886 4
3767 3875 3783 3899 ,

2126 3940 2257 3995 pag.
2310 3922 2462 3992 259.)
2500 3922 2579 3991 λεὶ
2635 3938 2771 3993 ergo
2803 3921 3150 3977 Christianis
3192 3939 3307 3977 non
3334 3921 3501 3976 licuit
3531 3936 3781 3976 causam

2128 4028 2297 4066 suam
2324 4011 2553 4082 publice
2576 4026 2642 4065 ac
2673 4027 2866 4065 coram
2894 4011 3784 4081 judicibusdefendere,quanto

2131 4101 2326 4155 minus
2357 4098 2737 4170 Tertulliano,
2779 4104 2899 4155 tam
2962 4100 3173 4156 acriter
3217 4099 3519 4170 gentilium
3552 4116 3787 4155 errores

2128 4189 2539 4261 impugnanti;
2590 4206 2660 4244 ne
2709 4188 2931 4260 prolato
2979 4206 3083 4244 suo
3128 4189 3383 4259 nomine,
3415 4194 3587 4260 caput
3615 4198 3784 4244 certo

2127 4284 2183 4334 et
2212 4278 2529 4333 inevitabili
2562 4278 2819 4349 periculo
2849 4284 3067 4334 temere
3097 4278 3375 4335 otl'erret?
3420 4279 3567 4333 Tum
3612 4278 3785 4334 enim

2124 4366 2222 4423 ille
2272 4368 2531 4422 nondum
2579 4369 2901 4440 superbum
2958 4368 3449 4439 audacioremque
3482 4367 3784 4423 montani-

2124 4462 2347 4512 starum
2381 4458 2644 4512 animum
2694 4457 2991 4523 induerat,
3024 4458 3124 4513 sed
3172 4456 3471 4512 catholicae
3502 4455 3785 4512 Ecclesia

2124 4548 2625 4618 obtemperantem
2687 4548 2839 4602 744
2894 4546 3220 4618 praeceptis,
3267 4546 3484 4618 quibus
3533 4544 3791 4601 cuilibet

364 4638 691 4694 stianorum
725 4636 1149 4705 defensionem,
1192 4635 1397 4705 alium,
1433 4641 1505 4713 ut
1544 4636 1669 4707 ipse
1718 4640 1905 4705 vocat,
1944 4634 2016 4690 li-
2048 4619 2093 4684 Ι)
2128 4635 2456 4692 Christiano
2501 4635 2811 4691 horreadis
2859 4635 3215 4691 cruciatibus
3246 4652 3313 4691 ac
3345 4635 3519 4691 morti
3566 4633 3787 4689 crude-

364 4726 609 4795 bellum,
664 4743 837 4798 quem
888 4726 959 4781 ad
1000 4724 1316 4796 Scapulam,
1364 4725 1672 4797 praeposito
1722 4724 1883 4781 illius
1916 4742 2021 4780 no-

368 4818 547 4887 mine,
590 4816 822 4871 direxit.
876 4815 989 4871 Cur
1037 4814 1215 4884 enim,
1263 4816 1502 4870 obsecro
1534 4819 1608 4870 te:
1656 4814 1791 4870 huic
1847 4831 2020 4886 quem

366 4907 648 4976 objectas,
681 4904 878 4961 libello
910 4903 1281 4960 Proconsulis
1315 4905 1612 4976 proprium
1672 4920 1884 4959 nomen
1933 4904 2023 4958 in-

365 4994 658 5067 scripsit?
707 5011 809 5050 cur
859 4993 918 5049 in
968 5010 1033 5049 eo
1076 4994 1289 5065 obique
1335 5010 1395 5049 se
1445 4993 1514 5047 ad
1550 5008 1683 5048 eum
1716 4993 2018 5065 speciatim

364 5085 617 5141 scribere
649 5084 938 5157 significat
958 5083 986 5138 ?
1015 5100 1119 5139 cur
1149 5100 1177 5138 e
1227 5080 1517 5137 contrario
1570 5081 1626 5135 in
1678 5083 2022 5152 Apologelico

364 5173 551 5230 multo
577 5173 827 5247 graviori
860 5190 926 5228 ac
960 5171 1209 5244 longiori
1242 5171 1414 5239 libro,
1448 5170 1672 5225 nullius
1705 5170 1877 5242 plane
1908 5171 2022 5225 sin-

364 5262 589 5335 gularis
616 5263 1011 5330 hominis,neo
1036 5260 1428 5331 quorumdam
1464 5260 1781 5330 praesidum
1809 5276 2022 5314 nomen

369 5351 540 5408 ullibi
574 5352 825 5409 inseruit
862 5354 883 5405 P
927 5350 1131 5405 Nonne
1192 5347 1313 5402 1]ωο
1364 5348 1493 5419 ipsa
1543 5349 1687 5404 ratio
1742 5352 1850 5415 est,
1888 5349 2025 5420 quia

373 5442 815 5515 Apologeticum
858 5438 1132 5494 omnibus
1166 5435 1511 5509 generaliter
1542 5438 1791 5493 ethnicis
1824 5438 2021 5509 praesi-

369 5531 545 5587 dibus
580 5529 959 5587 scribendum
991 5543 1121 5581 esse
1151 5526 1423 5581 censuit?
1449 5527 1511 5582 Et
1537 5532 1690 5582 certe
1720 5528 1771 5583 is
1792 5528 2023 5583 videtur

371 5636 501 5675 esse
558 5620 883 5691 primorum
941 5614 1075 5670 libri
1127 5613 1287 5670 illius
1334 5615 1641 5671 verborum
1672 5633 1927 5673 sensus:
1963 5617 2023 5672 Si

2131 4723 2372 4781 lissimae
2405 4724 2555 4781 ultro
2587 4742 2648 4781 se
2673 4741 2959 4796 exponere
2989 4725 3310 4782 vetabatur.

2204 4814 2352 4879 Quid
2381 4831 2536 4883 vero,
2570 4814 2848 4886 inquiunt
2896 4814 3015 4879 alii,
3066 4814 3114 4870 si
3174 4814 3438 4888 martyrii
3487 4811 3785 4884 desiderio

2132 4903 2556 4969 inﬂammatus,
2615 4903 2907 4975 supplicia
2968 4908 3335 4975 mortemque
3398 4921 3501 4976 pro
3555 4902 3786 4958 Christi

2132 4992 2496 5049 confessione
2525 5010 2590 5049 eo
2622 4992 2818 5048 minus
2850 4993 3133 5064 timuerit,
3164 5010 3280 5065 quo
3314 4993 3612 5049 ardentius
3639 5007 3785 5048 eam

2131 5082 2580 5154 optabat?Quid
2613 5081 2810 5149 etiam,
2843 5082 2893 5138 si
2925 5100 3270 5154 persuasum
3302 5084 3538 5140 omnino
3568 5082 3792 5138 habuit

2132 5188 2344 5227 nomen
2378 5189 2552 5227 suum
2586 5172 2764 5227 latere
2793 5172 2892 5227 diu
2917 5171 3050 5227 aliis
3082 5189 3195 5227 non
3231 5173 3511 5244 potuisse,
3530 5173 3627 5227 sed
3653 5171 3791 5227 fore

2133 5262 2196 5313 ut
2241 5259 2366 5329 ipso
2398 5276 2503 5314 suo
2537 5260 2765 5315 dicendi
2798 5276 3006 5331 genere
3044 5260 3321 5315 omnibus
3359 5261 3560 5316 statim
3609 5260 3791 5315 ﬁeret

2133 5347 2565 5403 manifestum?
2621 5348 2896 5412 Quamvis
2940 5366 3075 5420 ergo
3120 5349 3425 5420 judicibus
3472 5348 3663 5421 palam
3711 5366 3789 5406 se

2132 5437 2334 5492 sistere
2368 5456 2548 5493 ausus
2579 5455 2691 5494 non
2718 5439 3037 5505 fuerit,non
3072 5440 3263 5511 potuit
3297 5444 3492 5494 tamen
3519 5437 3789 5507 occultae,

2133 5532 2199 5581 ut
2228 5526 2353 5596 ipse
2384 5526 2665 5597 loquitur,
2712 5527 3019 5583 tacitarum
3072 5527 3395 5585 litterarum
3451 5528 3551 5582 viae
3597 5544 3790 5587 suum

2131 5630 2343 5669 nomen
2402 5617 2774 5687 praemittere,
2825 5617 2979 5688 quod
3026 5617 3125 5672 diu
3176 5618 3464 5673 occultare
3512 5632 3625 5671 non
3667 5633 3789 5689 po-

368 5723 482 5770 non
527 5708 655 5764 licet
700 5707 874 5776 vobis,
923 5705 1160 5763 Romani
1207 5706 1434 5779 imperii
1470 5707 1761 5779 antistites,
1795 5706 1851 5762 id
1906 5711 2014 5777 est,
2128 5707 2300 5763 terat.
2350 5704 2523 5763 Nulla
2575 5721 2812 5777 quoque
2860 5704 3089 5764 videtur
3137 5722 3265 5766 esse
3311 5706 3480 5777 ratio,
3536 5721 3641 5763 cur
3712 5706 3787 5766 in
