4106 6178
274 321 390 378 825
994 322 1073 380 1N
1120 292 1727 387 APOLOGETICUM
1777 327 1847 384 ι).
1894 325 1991 385 LE
2037 325 2365 388 NOURRY
2414 325 2953 386 DlSSERTA'l‘lO.
3564 321 3682 383 826

274 451 453 521 hujus
477 451 673 522 potius
709 450 863 519 libri,
898 468 1072 522 quam
1135 454 1386 510 aliorum
1447 457 1526 511 ad
1580 458 1839 514 Nationes
1871 461 1927 511 et
1957 460 2007 523 Α
2042 458 2279 529 quidem
2312 458 2535 513 inutilis
2570 459 2679 513 fuit
2701 474 2902 514 eorum
2937 455 3240 524 correctio,
3272 456 3368 511 sed
3433 472 3549 510 non
3604 456 3685 510 ita

269 541 562 611 Scapulam
593 540 764 595 titulo
798 558 1009 597 nomen
1043 560 1214 599 suum
1251 545 1567 600 reticuerit.

343 652 626 705 Caeterum
660 651 947 721 quidquid
980 653 1052 707 de
1081 654 1257 709 tacito
1317 656 1438 709 sive
1487 671 1763 725 expresso
1794 658 1923 708 Ter-

270 738 499 793 tulliani
528 739 766 793 nomine
797 739 1131 805 definiatur,
1186 743 1405 797 nemini
1462 743 1633 814 plane
1678 744 1927 797 dubium

268 845 398 883 esse
423 828 595 883 debet
626 827 772 882 illud
806 830 1015 884 saltem
1048 830 1398 887 Christianis
1432 848 1543 886 non
1608 832 1709 885 diu
1742 830 1929 885 luisse

271 916 659 986 incognitum.
726 917 921 988 Neque
979 919 1132 973 enim
1198 920 1373 974 latuit
1429 921 1701 984 Eusebio,
1740 936 1928 989 neque

273 1006 594 1073 Lactantio,
622 1005 721 1076 qui
757 1006 911 1059 hunc
942 1006 1156 1061 librum
1216 1026 1330 1063 non
1391 1008 1785 1075 dissimulato,
1843 1007 1929 1062 uti

273 1096 553 1159 vidimus,
588 1096 715 1165 ejus
749 1095 984 1149 nomine
1017 1095 1361 1152 citaverunt.
1424 1098 1719 1160 Quosdam
1754 1097 1930 1165 igitur

269 1184 449 1254 hujus
473 1183 602 1239 libri
636 1185 865 1239 codices
898 1186 968 1239 ad
994 1202 1233 1241 manum
1259 1186 1576 1248 habebant,
1622 1187 1750 1257 ipso
1789 1186 1928 1240 Ter-

274 1273 507 1328 tulliani
540 1277 805 1345 tempore
835 1273 990 1328 haud
1036 1275 1208 1330 dubie
1240 1276 1585 1346 descriptos,
1620 1276 1677 1329 in
1714 1275 1928 1345 quibus

270 1379 484 1417 nomen
519 1365 646 1433 ejus
680 1363 1057 1434 praepositum
1100 1372 1240 1418 erat.
1308 1365 1370 1419 1n
1434 1365 1663 1418 duobus
1725 1368 1923 1418 autem

265 1452 703 1522 antiquissimis
754 1452 972 1507 nostris
1026 1452 1324 1508 codicibus
1378 1452 1798 1524 manuscriptis
1834 1452 1927 1507 hic

267 1546 357 1595 est
388 1540 550 1595 illius
584 1541 828 1596 titulus:
864 1542 1272 1611 Apologelicum
1333 1543 1657 1597 Tertulliani
1687 1560 1703 1603 ε
1763 1546 1819 1596 et
1865 1541 1927 1595 in

270 1630 388 1685 ﬁne
416 1630 537 1685 haec
568 1631 741 1685 verba
774 1631 1083 1701 leguntur:
1116 1632 1523 1702 Apologcticum
1577 1632 1771 1699 Quinti
1804 1632 1926 1685 Ter-

271 1720 507 1774 tulliani
533 1720 786 1791 cxplicit.
824 1724 881 1773 In
918 1720 1142 1776 caeteris
1175 1737 1403 1791 quoque
1435 1720 1569 1775 aliis
1602 1720 1926 1788 codicibus,

2035 547 2327 615 absoluta,
2361 548 2498 619 quin
2550 548 2741 603 adhuc
2772 545 3115 602 accuratiori
3170 545 3555 616 castigatione
3594 544 3682 599 in-

2037 637 2249 708 digeat.

2639 768 2951 808 ARTICULUS
2998 768 3073 806 ιν.

2037 858 2253 926 Quanto
2284 858 2552 929 applausu
2586 858 2674 913 hic
2706 860 2847 913 liber
2875 863 3172 929 susceptus,
3223 875 3257 912 a
3303 873 3405 927 quo
3438 856 3681 913 Grecam

2107 933 2165 983 in
2198 932 2453 1001 linguam
2508 946 2815 993 conversus,
2875 947 2980 1001 quo
3035 930 3179 999 stle
3236 931 3590 998 conscriptus,
3629 932 3681 983 et

2108 1004 2317 1056 inlrum
2346 1003 2724 1057 Tertullianus
2753 1009 3000 1073 suscepto
3020 1004 3322 1072 defensoris
3348 1002 3682 1056 Christianae

2107 1075 2388 1145 religioais
2420 1092 2649 1129 munere
2678 1076 2783 1128 rite
2810 1078 3031 1144 functus
3062 1077 3151 1127 sit.

2106 1212 2347 1262 Summo
2380 1225 2519 1263 sane
2552 1208 2817 1262 omnium
2843 1224 2973 1261 cum
3000 1206 3487 1271 Greecorum,tum
3519 1205 3679 1260 Lati-

2037 1314 2243 1351 norum
2277 1296 2742 1351 Christianorum
2778 1296 3087 1367 applausu,
3132 1294 3546 1365 communique
3577 1310 3677 1365 ap-

2036 1385 2376 1457 probatione
2405 1385 3028 1456 susceptuslectusque
3051 1385 3161 1438 fuit
3185 1384 3277 1438 hic
3310 1383 3679 1452 liber.Neque

2036 1475 2106 1529 ad
2140 1475 2195 1529 id
2234 1475 2595 1545 probandum
2630 1474 2743 1529 alio
2776 1492 2923 1546 opus
2956 1474 3240 1528 habemus
3276 1477 3440 1539 teste,
3498 1488 3677 1542 quam

2038 1565 2306 1630 Eusebio,
2331 1565 2428 1635 qui
2464 1565 2755 1619 memoriae
2796 1564 3050 1634 prodidit
3080 1562 3246 1617 illum
3307 1566 3470 1616 tanto
3522 1560 3679 1631 apud

2036 1652 2262 1708 Graecos
2296 1654 2470 1708 fuisse
2508 1654 2563 1707 in
2598 1654 2874 1724 pretio,ut
2903 1654 2974 1707 ab
2998 1653 3083 1706 eis
3110 1650 3480 1706 vernaculam
3506 1666 3676 1704 suam

2034 1743 2094 1796 in
2135 1743 2395 1814 linguam
2428 1734 2741 1797 conversus
2774 1743 2967 1797 tuerit.
3002 1743 3086 1796 Ab
3146 1740 3244 1795 illo
3305 1741 3522 1812 quippe
3583 1738 3674 1793 his

270 1812 391 1864 tam
426 1809 869 1879 manuscriptis,
906 1826 1083 1880 quam
1116 1810 1310 1879 editis,
1347 1809 1437 1864 hic
1481 1810 1628 1864 liber
1660 1810 1917 1880 Apologe-

2037 1809 2395 1902 totidemque
2445 1832 2635 1886 verbis
2700 1832 2917 1885 citatur
2969 1848 2979 1883 :
3021 1809 3467 1899 τερτουλλιξινὸςζ
3505 1871 3516 1881 .
3556 1869 3567 1881 .
3623 1826 3673 1878 ἓν

276 1899 469 1966 ticum,
502 1903 602 1952 aut
632 1900 1011 1969 .atpologelicus
1063 1898 1419 1953 inscribitur.
1482 1899 1691 1954 Veram
1727 1905 1923 1953 autem

276 2003 406 2043 esse
438 1987 587 2042 hanc
622 1987 1059 2059 inscriptionem
1094 2004 1204 2043 non
1243 1989 1521 2059 probatur
1552 1988 1660 2043 hoc
1693 1993 1923 2042 tantum

274 2076 512 2131 illorum
545 2076 903 2142 testimonio,
930 2078 1029 2133 sed
1066 2078 1343 2133 Lactantii
1402 2078 1576 2133 etiam
1639 2095 1671 2132 a
1730 2094 1844 2149 quo
1874 2077 1924 2131 is

274 2165 425 2222 liber
450 2167 821 2238 Apologelicus
881 2168 1233 2239 appellatur,
1293 2172 1349 2224 et
1403 2168 1660 2237 Eusebii,
1728 2184 1761 2222 a
1810 2184 1924 2237 quo

272 2254 486 2311 Grmcis
517 2255 675 2311 hisce
713 2257 928 2311 citetur
956 2257 1149 2312 verbis
1181 2258 1367 2329 (Lact.
1410 2258 1510 2312 lib.
1545 2274 1595 2327 v,
1634 2259 1759 2311 inst.
1795 2273 1920 2327 cap.

270 2345 325 2411 4,
360 2362 495 2417 pag.
553 2346 657 2399 470
690 2363 703 2412 ;
759 2346 969 2401 Euseb.
1007 2347 1105 2401 loc.
1168 2363 1321 2418 supr.
1373 2347 1509 2416 cit.)
1545 2362 1557 2399 :
1592 2344 1749 2414 Ὑπὶρ
1784 2349 1924 2419 Χρι-

272 2437 525 2503 στιανῶν,
562 2431 852 2507 ἀπολογία,
887 2434 943 2489 id
1004 2440 1113 2501 est,
1174 2437 1619 2491 Christianorum
1666 2435 1925 2505 apologia

273 2530 331 2580 et
359 2523 645 2579 defensio.
680 2523 881 2580 Plures
913 2529 1107 2579 autem
1142 2525 1200 2579 in
1262 2542 1382 2580 rem
1429 2526 1572 2581 adeo
1606 2528 1824 2579 certam
1858 2539 1923 2577 ac

270 2615 572 2688 probatam
606 2615 785 2671 citare
817 2620 937 2672 tam
999 2616 1168 2672 nobis
1227 2616 1491 2689 longum,
1556 2632 1729 2687 quam
1791 2613 1923 2669 aliis

273 2703 588 2759 molestum
622 2705 787 2760 foret.

344 2792 786 2858 Quantumlibet
817 2798 1011 2850 autem
1042 2796 1236 2851 brevis
1269 2794 1346 2850 sit
1369 2794 1461 2849 hic
1489 2794 1921 2860 titulus,totum

278 2886 474 2937 tamen
509 2883 696 2954 ipsius
728 2882 861 2938 libri
922 2884 1332 2956 complectitur
1363 2888 1799 2956 argumentum.
1859 2882 1921 2934 In

274 2987 340 3026 eo
399 2972 696 3043 siquidem
749 2972 1147 3028 Tertullianus
1207 2974 1603 3029 defensionem
1660 2970 1923 3041 suscepit

271 3060 765 3127 Christianorum,
800 3061 1088 3134 planeque
1145 3063 1508 3118 demonstrat
1557 3062 1689 3117 illos
1721 3064 1924 3115 contra

273 3150 474 3204 omnia
504 3150 823 3221 cujuslibet
852 3151 1138 3206 naturalis
1157 3152 1363 3206 divinae
1395 3157 1451 3207 et
1471 3151 1742 3206 humanm
1776 3148 1923 3220 legis

272 3238 615 3310 praescripta
647 3244 883 3311 propter
908 3239 1097 3295 solum
1132 3257 1342 3295 nomen
1376 3258 1572 3309 suum,
1613 3256 1717 3294 nec
1740 3255 1919 3293 causa

275 3343 535 3399 unquam
596 3329 798 3384 audita
843 3330 913 3384 ab
972 3330 1223 3385 ethnicis
1283 3329 1662 3386 condemnari
1713 3334 1768 3383 et
1827 3344 1911 3382 oc~

270 3415 406 3484 cidi,
434 3418 532 3487 qui
566 3418 831 3472 omnium
867 3420 945 3472 rei
978 3424 1145 3473 erant
1174 3418 1481 3488 scelerum,
1516 3434 1764 3488 quorum
1791 3433 1916 3471 eos-

268 3505 398 3559 dem
435 3506 797 3561 Christianos
830 3506 976 3562 falso
1034 3506 1240 3562 falsius
1290 3508 1665 3562 accusabant.
1719 3507 1796 3562 Ex
1828 3506 1917 3560 his

262 3592 481 3666 itaque,
518 3612 644 3666 quae
678 3595 735 3649 in
771 3596 1067 3668 proposita
1098 3614 1131 3651 a
1154 3596 1323 3652 nobis
1374 3597 1554 3667 hujus
1610 3596 1741 3651 libri
1774 3613 1913 3650 ana-

265 3684 369 3755 lysi
398 3684 592 3739 fusius
624 3684 911 3757 explicata
959 3691 1121 3754 sunt,
1177 3687 1547 3757 apertissime
1607 3686 1916 3741 conficitur

264 3776 453 3827 totum
486 3772 648 3829 illius
673 3779 1087 3847 argumentum
1127 3791 1193 3830 eo
1226 3774 1395 3829 titulo
1418 3774 1696 3830 exhiberi.

332 3882 611 3946 Quamvis
639 3886 834 3937 autem
868 3882 963 3937 hic
996 3882 1121 3954 ipse
1144 3882 1291 3938 liber
1320 3882 1379 3937 in
1404 3881 1681 3937 omnibus
1714 3880 1907 3949 editis,

261 3986 324 4025 ac
383 3972 808 4043 manuscriptis
863 3972 1037 4027 etiam
1117 3972 1533 4027 vetustissimis
1584 3970 1907 4038 codicibus,

256 4060 419 4114 varia
448 4059 506 4113 in
540 4059 736 4131 capita
757 4061 832 4115 sit
864 4061 1109 4129 divisus,
1145 4079 1210 4116 ca
1242 4066 1433 4117 tamen
1466 4061 1673 4116 divisio
1704 4078 1737 4115 a
1764 4062 1905 4116 Ter-

256 4148 508 4204 tulliano
543 4149 797 4221 profecta
832 4168 945 4205 non
979 4155 1086 4206 est.
1122 4150 1333 4221 Ecquis
1372 4149 1550 4218 enim,
1585 4155 1900 4221 quantum-

253 4236 395 4293 libet
424 4254 635 4308 parum
669 4238 958 4305 eruditus,
992 4238 1078 4293 vel
1112 4238 1301 4309 primo
1325 4239 1541 4293 intuitu
1568 4255 1680 4293 non
1706 4239 1905 4310 depre-

251 4325 459 4382 hendit
512 4344 689 4397 quam
742 4344 948 4399 parum
1004 4332 1294 4395 accurata,
1346 4345 1640 4400 quamque
1690 4328 1903 4399 imper-

252 4416 402 4471 fecta
432 4416 559 4471 sit?
590 4415 863 4471 Plurimis
889 4420 1109 4486 autem,
1144 4418 1240 4489 qui
1276 4434 1453 4473 novas
1504 4417 1664 4473 illius
1695 4418 1903 4473 editio-

2033 1922 2099 1992 τῇ
2141 1919 2401 1997 γραφεέσῃ
2455 1919 2549 1991 μὲν
2598 1918 2741 1990 αὐτῷ
2770 1922 2836 1990 τῇ
2868 1916 3150 1989 Ῥωμαίων
3187 1920 3363 1992 φωνῇ,
3398 1911 3673 1987 μεταϐλη-

2036 2009 2181 2081 θείσῃ
2240 2006 2295 2062 δὲ
2343 2007 2432 2062 καὶ
2476 2007 2562 2062 ἐπὶ
2609 2009 2707 2076 τήν
2760 2004 3000 2063 Ἑλλάδα
3047 2004 3317 2081 γλῶτταν,
3370 2004 3501 2079 ὑπὲρ
3553 2009 3681 2077 Χρι-

2035 2102 2262 2151 στιανῶν
2295 2096 2574 2172 ἀπολογίᾳ
2605 2100 2837 2171 (Euseb.
2873 2098 2971 2153 lib.
3007 2115 3067 2165 ιι,
3107 2098 3245 2153 Eccl.
3298 2098 3431 2152 llisl.
3462 2112 3587 2165 cap.
3620 2094 3674 2164 2,

2036 2205 2167 2260 pag.
2202 2189 2311 2259 41),
2346 2189 2735 2243 Tertullianus.
2818 2229 2830 2241 .
2913 2229 2924 2241 .
3007 2228 3019 2240 .
3048 2187 3105 2240 in
3145 2187 3408 2255 Apologia
3460 2183 3530 2237 ad
3561 2186 3675 2253 ipso

2035 2277 2251 2347 quidem
2284 2278 2471 2332 Latine
2507 2279 2844 2347 conscripta,
2881 2280 3071 2345 postea
3128 2291 3253 2330 vero
3304 2276 3360 2328 in
3424 2273 3673 2328 Graecum

2033 2383 2339 2421 sermonem
2361 2367 2653 2421 translata.

2104 2459 2174 2510 At
2204 2456 2445 2526 quidam
2477 2459 2686 2509 nostris
2740 2454 2927 2510 aetatis
2983 2454 3316 2525 scriptores,
3348 2450 3675 2505 eruditione

2032 2563 2141 2601 sua
2184 2545 2505 2616 conspicui,
2554 2546 2624 2599 de
2677 2544 2852 2614 hujus
2910 2547 3115 2598 Graecae
3176 2538 3677 2612 interpretationis

2034 2639 2270 2688 auctore
2300 2634 2450 2687 inter
2477 2647 2537 2686 se
2575 2630 2882 2686 dissident.
2944 2630 3220 2685 Nonnulli
3251 2629 3406 2685 enim
3440 2627 3680 2699 opinan-

2032 2722 2527 2792 tur,huncipsum
2570 2737 2699 2775 esse
2751 2720 3085 2775 Eusebium.
3145 2719 3253 2773 Sed
3310 2718 3420 2772 hoc
3462 2720 3681 2788 negant

2033 2811 2148 2867 alii.
2184 2815 2331 2865 Nam
2367 2810 2464 2864 ubi
2498 2810 2651 2865 idem
2686 2809 2974 2865 Eusebius
3030 2824 3098 2863 ex
3155 2808 3262 2863 hoc
3318 2806 3462 2861 libro
3508 2805 3678 2877 plura

2034 2900 2423 2972 transcripsit,
2458 2918 2584 2972 quae
2618 2900 2842 2954 Plinius
2870 2901 2940 2954 ad
2996 2899 3326 2953 Tiberium.
3357 2898 3427 2952 de
3458 2895 3676 2951 Christi

2033 2991 2336 3047 miraculis
2366 2992 2663 3055 retulerat,
2698 2990 2776 3044 ibi
2814 2989 2998 3044 multa
3026 2987 3416 3060 praetermisit,
3442 3003 3568 3057 quas
3602 2986 3673 3039 ad

2031 3097 2205 3135 suum
2254 3085 2448 3134 tamen
2518 3079 2882 3151 propositum
2943 3078 3191 3133 maxime
3250 3076 3674 3132 conducebant.

2031 3171 2134 3224 Sed
2172 3187 2286 3225 non
2347 3170 2542 3240 magni
2606 3169 2886 3223 momenti
2935 3174 3027 3223 est
3078 3167 3188 3223 hoc
3237 3169 3672 3239 argumentum.

2031 3258 2269 3329 Majoris
2304 3259 2577 3330 ponderis
2611 3258 2751 3311 illud
2778 3257 3028 3325 videtur,
3080 3258 3234 3328 quod
3292 3256 3460 3327 plura
3506 3252 3676 3307 testi-

2033 3349 2250 3416 monia,
2312 3364 2379 3402 ex
2435 3348 2541 3402 hoc
2582 3347 2774 3402 adhuc
2826 3346 2974 3401 libro
3026 3348 3097 3402 ab
3171 3347 3372 3401 eodem
3425 3341 3675 3398 Eusebio

2030 3439 2486 3508 desumpta,non
2513 3436 2655 3493 satis
2679 3442 2949 3491 accurate
2972 3436 3028 3490 in
3048 3440 3309 3491 Graecum
3342 3447 3673 3488 sermonem

2029 3542 2195 3581 versa
2217 3532 2375 3581 sunt.
2401 3527 2506 3581 Sed
2542 3542 2747 3597 parum
2785 3525 3048 3581 Ecclesiae
3091 3524 3337 3579 interest
3367 3522 3513 3577 scire
3540 3520 3674 3591 quis

2027 3616 2183 3671 hunc
2204 3616 2423 3670 librum
2449 3615 2642 3670 Graece
2692 3614 2768 3670 sit
2796 3614 3229 3686 interpretatus.
3264 3612 3443 3667 Nobis
3475 3615 3674 3665 autem

2025 3705 2259 3760 facilius
2289 3705 2735 3776 persuadebitur
2782 3721 2916 3759 eum
2972 3708 3167 3758 Graece
3211 3701 3505 3756 redditum
3538 3704 3673 3753 ante

2021 3794 2257 3849 Eusebii
2289 3800 2571 3864 tempore,
2624 3798 2681 3848 et
2712 3809 2846 3847 cum
2878 3791 3108 3863 tyranni
3142 3793 3363 3861 majore
3394 3804 3672 3861 persecu-

2022 3884 2203 3939 tionis
2238 3889 2381 3939 aestu
2418 3884 2474 3937 in
2507 3883 2870 3938 Christianos
2899 3881 3233 3937 saaviebant.
3268 3880 3393 3934 Non
3427 3876 3674 3933 omnino

2020 3972 2315 4043 siquidem
2370 3972 2616 4026 obscure
2667 3970 2764 4024 ille
2810 3969 2978 4024 nobis
3051 3969 3383 4040 significare
3440 3966 3675 4021 videtur

2018 4060 2177 4114 hunc
2200 4059 2417 4114 librum
2452 4077 2482 4113 a
2514 4075 2575 4113 se
2603 4075 2715 4113 non
2740 4062 2910 4113 antea
2933 4056 3170 4126 lectum,
3232 4072 3410 4127 quam
3472 4053 3674 4108 Graeco

2015 4131 2293 4204 idiomate
2332 4146 2750 4219 divulgaretur.
2812 4148 3108 4216 Utcunque
3166 4162 3335 4215 porro
3391 4160 3519 4199 sese
3579 4158 3674 4196 res

2014 4238 2246 4299 habeat.
2280 4238 2416 4292 inde
2449 4237 2704 4308 profecto
2762 4235 2946 4306 liquet
2996 4236 3199 4306 quanti
3232 4234 3355 4289 haec
3404 4233 3667 4304 Apologia

2014 4344 2047 4382 a
2078 4326 2289 4383 Graecis
2320 4326 2661 4382 hominibus
2690 4326 2977 4380 aestimata
3009 4325 3207 4379 fuerit.

2084 4417 2229 4480 Quid
2263 4432 2420 4485 ergo,
2448 4416 2676 4487 inquiet
2699 4414 2934 4485 aliquis,
2972 4430 3161 4469 nonne
3183 4413 3340 4468 aliud
3376 4413 3513 4484 long
3534 4427 3563 4467 e
3586 4411 3673 4466 di-

250 4522 356 4561 nes
387 4506 776 4575 adornarunt,
799 4505 942 4561 illud
969 4505 1050 4561 ita
1081 4523 1429 4576 persuasum
1464 4507 1663 4572 fuit,ut
1683 4507 1902 4563 hancce
2010 4522 2246 4562 versum
2280 4504 2617 4561 Lactantius
2639 4504 2709 4559 de
2732 4504 2831 4559 illa
2869 4503 3163 4573 judicium
3223 4504 3315 4558 his
3376 4501 3513 4557 tulit
3550 4518 3674 4556 ver-

254 4594 633 4666 partitionem
662 4599 889 4650 mutare
938 4612 1052 4650 non
1095 4597 1239 4652 745
1276 4596 1692 4651 dubitaverint.
1725 4597 1908 4652 Cona-
1941 4586 1987 4650 D
2020 4596 2111 4650 bis
2140 4595 2167 4650 ?
2198 4618 2224 4645 ‹‹
2260 4592 2579 4666 Septimius
2624 4591 3027 4647 Tertullianus
3086 4592 3196 4646 fuit
3244 4591 3404 4647 omni
3465 4606 3680 4662 genere

253 4687 374 4739 tum
407 4701 541 4739 vero
598 4681 834 4738 illorum
894 4683 993 4754 qui
1058 4684 1349 4755 improbet
1434 4689 1710 4756 putamus
1776 4702 1905 4741 esse

254 4773 571 4828 neminem.
606 4777 681 4826 At
714 4771 911 4827 nullus
926 4773 1097 4827 etiam
1120 4773 1351 4843 negabit
1367 4791 1465 4829 eos
1493 4790 1735 4844 scopum
1760 4791 1906 4829 non-

256 4862 394 4917 dum
419 4860 714 4933 attigisse,
747 4866 806 4915 et
834 4861 991 4917 hunc
1021 4861 1238 4918 librum
1270 4878 1444 4934 posse
1476 4862 1667 4919 adhuc
1698 4862 1908 4919 melius

254 4948 313 5004 in
344 4950 544 5022 capita
577 4949 873 5005 distribui.

322 5039 501 5094 Porro
531 5044 728 5095 autem
764 5038 810 5095 si
844 5044 1065 5095 certum
1099 5040 1173 5095 sit
1197 5041 1352 5096 hunc
1379 5040 1595 5097 librum
1626 5040 1686 5096 in
1719 5042 1910 5113 capita

257 5143 289 5183 α
316 5127 675 5183 Tertulliano
702 5145 815 5183 non
842 5129 1022 5185 fuisse
1035 5130 1493 5202 divisum,longe
1515 5130 1769 5202 profecto
1793 5147 1909 5186 cer-

258 5217 374 5272 tius
408 5221 497 5273 est
529 5217 603 5271 ab
634 5216 733 5273 illo
754 5218 911 5272 edita
943 5235 1056 5273 non
1088 5234 1216 5273 esse
1273 5220 1611 5275 earumdem
1652 5221 1908 5291 capitum

259 5306 584 5361 summaria
621 5323 721 5361 seu
752 5312 1122 5378 argumenta.
1176 5309 1242 5362 Et
1270 5325 1339 5363 ea
1369 5308 1607 5379 quidem
1648 5308 1706 5363 in
1743 5308 1908 5362 libris

261 5410 617 5467 quacunque
646 5395 889 5466 antiqua
922 5412 1101 5452 manu
1137 5397 1390 5452 exaratis
1422 5396 1502 5452 ita
1541 5398 1739 5469 inepta
1769 5401 1910 5452 sunt

258 5500 321 5539 ac
352 5488 804 5556 praepostera,ut
833 5484 981 5541 nihil
1006 5486 1175 5557 pejus
1190 5486 1312 5541 fieri
1335 5486 1911 5559 potuerit.Quamob-

259 5589 374 5629 rem
438 5574 867 5645 posterioribus
918 5573 1099 5646 hujus
1174 5575 1503 5647 Apologelici
1549 5576 1911 5632 editionibus

258 5663 511 5733 preteeti
548 5664 904 5721 studuerunt
933 5663 1035 5721 illa
1098 5665 1459 5736 emendare;
1516 5680 1622 5722 nec
1670 5666 1911 5725 omnino

2015 4685 2345 4742 litterarum
2370 4683 2614 4755 peritus,
2650 4682 2752 4737 sed
2788 4683 2844 4735 in
2886 4680 3210 4751 eloquendo
3246 4697 3455 4753 parum
3488 4678 3676 4735 facilis

2014 4781 2070 4830 et
2100 4779 2393 4844 comptus,
2425 4776 2481 4827 et
2504 4770 2754 4827 multum
2785 4771 3073 4827 obscurus
3104 4770 3233 4826 fuit.
3268 4772 3417 4843 Ergo
3478 4784 3550 4825 ne
3582 4768 3676 4825 hic

2014 4862 2249 4933 quidem
2281 4862 2426 4918 satis
2488 4860 2849 4916 celebritatis
2915 4860 3209 4923 invenit,»
3266 4860 3322 4915 id
3368 4865 3477 4933 est,
3511 4862 3677 4917 fama:

2016 4956 2074 5007 et
2103 4951 2613 5024 laudis(Lactant,
2673 4949 2777 5005 lib.
2812 4966 2844 5005 v
2897 4951 3029 5005 Inst.
3097 4952 3246 5006 746
3299 4952 3498 5019 divin.,
3543 4968 3670 5024 cap.

2019 5042 2068 5111 1,
2105 5058 2233 5113 pag.
2272 5042 2416 5109 459).
2452 5041 2667 5096 Verum
2695 5040 2793 5111 qui
2828 5040 2952 5095 haec
2975 5039 3274 5109 objecerit,
3310 5042 3359 5097 is
3385 5043 3676 5112 animum,

2017 5147 2231 5203 quaeso,
2264 5132 2334 5185 ad
2360 5147 2425 5185 ea
2449 5130 2731 5198 advertat,
2766 5146 2893 5200 qusi
2954 5130 3227 5201 superius
3272 5130 3550 5199 diximus,
3610 5147 3674 5186 ac

2021 5221 2272 5292 primum
2308 5218 2542 5289 quidem
2578 5236 2611 5273 a
2656 5219 2961 5275 Lactantio
3012 5219 3237 5274 laudari
3296 5221 3673 5292 omnigenam

2019 5308 2362 5365 Tertulliani
2395 5308 2578 5363 nostri
2612 5308 3002 5364 eruditionem
3037 5309 3221 5380 (supr.
3278 5326 3405 5381 cap.
3467 5310 3519 5375 li,
3554 5314 3666 5364 art.

2017 5398 2325 5467 5).Deinde
2354 5414 2488 5453 vero
2506 5398 2658 5468 quod
2694 5397 3024 5452 dixitillum
3060 5415 3172 5453 non
3210 5398 3355 5454 satis
3382 5398 3673 5454 invenisse

2020 5487 2396 5557 celebritatis,
2433 5486 2516 5542 ita
2547 5486 2793 5558 intelligi
2855 5504 2968 5543 non
3022 5487 3215 5553 debet,
3277 5505 3344 5543 ac
3392 5488 3440 5542 si
3473 5487 3669 5541 minus

2019 5576 2229 5632 validis
2258 5576 2550 5632 rationum
2587 5576 2898 5632 momentis
2921 5593 3160 5633 causam
3182 5578 3365 5647 egerit
3393 5574 3670 5629 Christia-

2020 5683 2256 5735 norum,
2288 5667 2391 5724 sed
2430 5670 2669 5739 propter
2700 5664 3393 5738 difﬂcilem,ineomptam
3426 5680 3491 5725 ac
3514 5663 3666 5721 mul-

4046 5542 4049 5577 λ

4044 5670 4047 5739 l
