4106 6178
385 299 500 359 827

916 300 1445 362 TERTULLIANI
1492 304 1814 369 OPERUM
1861 306 2060 367 PARS
2103 307 2152 367 Ι.
2187 340 2265 351 --
2293 311 2567 373 SERIES
2612 312 2661 386 Ι,
2705 312 3266 378 APOLOGETICA.

3669 312 3791 373 828

384 433 502 485 tam
538 429 845 485 obscuram
889 431 1203 486 dictionem
1264 437 1438 505 atque
1490 435 1901 492 elocutionem.
1959 438 2028 492 Et
2056 440 2109 506 Α
2142 443 2543 511 ostendemus,
2580 444 2768 515 magis
2798 447 3281 499 consentaneum.
3309 442 3419 496 Sed
3454 443 3788 497 Lactantius

387 536 525 574 sane
558 518 656 589 qui
692 518 845 573 hunc
878 519 1094 575 librum
1129 521 1445 593 primariis,
1508 530 1570 579 ut
1630 527 1815 594 aiunt,
1848 527 2028 582 labris

386 608 948 679 attigerit,putamus
980 627 1106 665 esse
1140 613 1603 685 neminem,quin
1626 617 1821 671 statim
1849 618 2027 672 fatea-

383 698 483 751 tur
506 696 673 751 illum
708 699 1111 768 frequentibus
1132 702 1440 756 verborum
1476 722 1507 757 a
1538 706 1689 759 bona
1720 704 2029 761 Latinitate

384 786 708 841 alienorum
742 787 1214 858 spinis,sa1ebris
1243 794 1777 865 asperitatibusque
1812 813 2029 866 resper-

385 876 464 946 gi,
498 879 554 931 et
586 892 797 947 magna
826 877 1038 931 involvi
1091 881 1303 950 saepius
1364 882 1736 939 obscuritate.
1790 887 1863 938 At
1896 886 2027 939 nul-

384 963 507 1019 lum
568 981 800 1036 quoque
862 983 991 1022 esse
1048 969 1362 1036 credimus,
1417 972 1517 1042 qui
1579 989 1693 1029 non
1750 974 2028 1029 fatebitur

384 1052 1009 1123 Tertullianum,sihoc
1040 1057 1260 1113 inlibro
1282 1058 1524 1115 lectores
1546 1079 1685 1117 suos
1716 1064 2025 1117 verborum

386 1142 709 1212 leporibus,
740 1150 1045 1201 venustate
1077 1148 1367 1203 sermonis
1399 1154 1454 1204 et
1476 1151 1663 1221 politae
1714 1153 2025 1223 elegantis-

386 1249 498 1303 que
535 1233 818 1289 orationis
878 1236 1163 1292 suavitate
1190 1255 1302 1293 non
1363 1239 1603 1295 deliniat
1644 1259 1707 1295 ac
1756 1243 2022 1311 delectet,

387 1321 534 1375 miro
568 1326 766 1377 tamen
800 1324 933 1395 styli
992 1326 1261 1381 acumine
1308 1330 1849 1402 sententiarumque
1902 1348 2027 1402 gra-

380 1409 556 1464 vitate
585 1426 683 1466 eos
716 1414 963 1479 concuti,
989 1430 1054 1469 ac
1086 1414 1365 1487 pleraque
1413 1418 1610 1472 omnia
1659 1419 1818 1473 illius
1850 1437 2022 1491 argu-

382 1506 581 1556 menta
601 1504 746 1557 tanti
774 1520 901 1559 esse
932 1508 1209 1561 momenti
1244 1526 1308 1562 ac
1340 1510 1631 1579 ponderis,
1694 1516 1756 1566 ut
1812 1511 1885 1567 iis
1925 1516 2026 1566 aut

381 1590 801 1645 convincantur
830 1594 1241 1665 asquiores,aut
1274 1599 1689 1668 pertinaciores
1717 1605 2021 1656 conteran-

380 1681 475 1732 tur
510 1683 684 1750 atque
742 1682 1086 1737 obruantur.
1150 1689 1342 1756 Neque
1402 1693 1599 1743 tamen
1650 1689 2023 1745 dissimulare

378 1780 696 1836 possumus
728 1784 859 1823 eum
894 1771 1205 1841 asperioris
1238 1775 1453 1845 ingenii
1493 1778 1711 1848 impetu
1747 1796 2018 1833 nonnun—

380 1869 557 1924 quam
589 1861 1114 1928 raptum,qua3dam
1150 1863 1490 1919 adhibuisse
1522 1873 2021 1938 argumenta,quae

379 1947 480 1996 aut
511 1943 762 2010 inﬁrma,
829 1953 929 2000 aut
995 1949 1171 2003 etiam
1217 1950 1363 2006 falsa
1417 1953 1682 2024 pluribus
1732 1956 2019 2011 videntur.

379 2032 593 2084 Verum
627 2032 776 2087 infra
808 2034 1344 2095 demonstrabimus
1402 2058 1500 2097 eos
1542 2061 1655 2098 non
1708 2046 1851 2100 satis
1885 2044 2019 2099 (lili-

378 2123 581 2189 genter
611 2123 951 2189 attendisse,
985 2132 1271 2197 quantum
1305 2129 1402 2184 ille
1434 2131 1617 2187 hocin
1654 2134 1799 2189 libro
1830 2135 2021 2188 brevi-

376 2208 481 2262 tati
512 2209 891 2279 consuluerit,
940 2219 994 2268 et
1027 2214 1191 2286 plura
1224 2234 1349 2287 qua:
1408 2220 1553 2277 falsa
1610 2230 1839 2293 putant,
1888 2240 2021 2279 vera

377 2297 633 2368 profecto
660 2300 1036 2372 deprehendi,
1072 2307 1117 2360 si
1153 2324 1285 2362 cum
1337 2309 1493 2379 aliis,
1541 2330 1666 2383 quae
1720 2315 1842 2385 ipse
1881 2314 2017 2369 alibi

376 2386 566 2442 fusius
596 2396 850 2461 enarrat,
885 2398 1104 2449 attento
1133 2398 1329 2452 animo
1358 2408 1802 2472 componantur.

450 2494 573 2548 Non
599 2495 733 2564 jure
766 2502 959 2554 autem
992 2518 1231 2572 prorsus
1274 2505 1566 2562 immerito
1600 2514 1789 2580 potest
1820 2511 1877 2565 in
1911 2512 2017 2567 hoc

377 2578 526 2635 libro
549 2584 868 2641 desiderari
910 2589 1115 2645 melior
1164 2602 1645 2663 argumentorum
1714 2600 2017 2671 dispositio

378 2672 435 2723 et
464 2672 623 2735 ordo,
650 2674 747 2743 qui
793 2677 986 2745 majus
1018 2679 1120 2733 toti
1155 2683 1315 2750 operi
1348 2683 1547 2739 lumen
1593 2687 1904 2755 attulisset,
1963 2696 2019 2747 et

379 2774 497 2829 quo
529 2760 922 2819 Tertullianus
975 2766 1086 2821 sibi
1120 2770 1346 2826 facilius
1386 2774 1755 2832 conciliasset
1784 2777 2017 2836 lectoris

379 2849 844 2908 benevolentiam
877 2860 932 2910 et
954 2860 1451 2927 approbationem.

446 2960 662 3013 Verum
696 2962 861 3015 nobis
895 2962 1109 3034 aliquis
1129 2967 1320 3022 adhuc
1355 2970 1594 3039 objiciet
1628 2977 2014 3044 Lactantium,

375 3046 475 3116 qui
508 3045 658 3101 hanc
691 3049 760 3103 de
790 3052 1341 3111 eodemTertulliani
1365 3062 1706 3131 Apologetico
1735 3066 2017 3121 tulitsen-

2138 527 2455 600 longiorem
2492 534 2688 604 procul
2722 534 2899 589 dubio
2952 532 3325 588 desiderabat
3366 532 3577 587 horum
3608 532 3785 586 docu-

2139 626 2469 676 mentorum
2510 623 2955 694 expositionem,
2989 639 3055 677 ac
3098 621 3523 693 probationem.
3568 620 3783 676 Verum

2136 708 2192 763 in
2228 710 2625 781 superioribus
2640 713 2861 767 nostris
2888 710 3401 767 dissertationibus
3415 711 3785 765 ostendimus

2138 814 2251 852 non
2277 800 2499 868 justam
2534 802 2771 856 omnino
2803 817 2931 856 esse
2985 800 3136 854 hanc
3185 798 3612 870 querimoniam
3634 799 3785 865 (Dis-

2134 892 2317 942 sertal.
2355 891 2411 943 in
2445 892 2678 959 Minuc.,
2703 907 2830 962 cap.
2863 891 2919 958 2,
2952 894 3059 945 art.
3091 890 3148 957 2,
3182 894 3239 943 et
3259 890 3316 944 in
3348 889 3616 954 Lactant.,
3651 903 3781 959 cap.

2136 976 2190 1041 3,
2223 982 2328 1032 art.
2358 979 2433 1049 2).

2774 1069 3001 1123 CAPUT
3033 1069 3131 1123 Ill.

2136 1156 2209 1210 De
2260 1156 2615 1237 ftajualibri
2660 1158 2994 1237 Apologetici
3039 1158 3431 1237 manuscriptis
3484 1155 3783 1237 codicibus,

2206 1228 2558 1293 editionibus,
2602 1239 2653 1284 et
2702 1228 2987 1283 variorum
3041 1233 3100 1283 in
3146 1245 3266 1283 eum
3311 1228 3781 1300 paraphrasibus,

2206 1301 2431 1356 scholiis
2454 1310 2503 1356 et
2532 1302 3030 1357 observationibus.

2688 1451 2894 1490 ARTICU
2904 1451 3011 1490 LUS
3042 1450 3283 1489 PRIMUS.

2278 1523 2352 1578 De
2382 1525 2554 1579 variis
2581 1525 2742 1596 hujus
2773 1525 2906 1579 libri
2952 1526 3346 1594 manuscriplis
3376 1520 3670 1577 codicibus.

2203 1638 2407 1693 Plures
2438 1655 2580 1694 sane
2630 1638 3012 1711 Apologetici,
3072 1658 3105 1694 a
3163 1638 3519 1693 Tertulliano
3578 1641 3782 1690 nostro

2128 1727 2527 1792 editi,codices
2554 1729 2933 1801 manuscripti
2957 1730 3027 1783 ad
3050 1733 3274 1783 aetatem
3298 1742 3483 1797 usque
3514 1730 3781 1779 nostram

2056 1816 2100 1879 B
2130 1824 2539 1888 pervenerunt.
2571 1825 2721 1873 Duos
2766 1820 2921 1872 enim
2956 1818 3174 1872 indicat
3196 1822 3408 1872 Beatus
3439 1815 3776 1877 Rhenanus,

2135 1924 2383 1977 quorum
2418 1925 2592 1979 opera
2622 1907 2801 1976 hujus
2832 1906 3201 1976 aliorumque
3248 1904 3513 1973 ejusdem
3546 1900 3779 1956 Tertul-

2132 1995 2272 2050 liani
2299 1997 2581 2051 librorum
2607 1996 2918 2050 editionem
2954 1995 3279 2049 adornavit.
3322 1993 3554 2046 Primus
3578 1991 3778 2043 Pater-

2132 2086 2448 2149 niacensis,
2482 2085 2538 2138 in
2575 2085 2897 2139 Paterniaci
2952 2082 3328 2153 Transjurani
3379 2078 3646 2143 cmnobii,
3678 2094 3779 2131 se-

2131 2176 2360 2229 cundus
2413 2175 2470 2227 in
2530 2174 2964 2245 Hirsaugiensis
3016 2171 3350 2227 monasterii
3408 2166 3781 2224 bibliothecis

2130 2265 2601 2318 asservahantur.
2640 2262 2890 2334 Uterque
2920 2268 3115 2316 autem
3149 2260 3416 2332 plurimis
3447 2258 3781 2327 iisdemque

2131 2353 2247 2407 fere
2279 2353 2552 2407 omnibus
2583 2352 2666 2406 sic
2695 2357 2878 2406 scatet
2911 2350 3159 2415 mendis,
3194 2354 3257 2403 ut
3314 2348 3459 2402 alter
3488 2347 3558 2400 ab
3592 2344 3779 2399 altero

2128 2442 2391 2496 videatur
2420 2440 2970 2512 descriptus.A|ium
2995 2456 3128 2493 vero
3151 2436 3496 2493 Tertulliani
3518 2439 3777 2505 ()perum

2128 2530 2384 2584 codicem
2416 2530 2831 2601 Sigismundus
2880 2527 3153 2583 Gelenius
3186 2525 3648 2581 vetustissimum
3713 2525 3777 2576 et

2128 2620 2384 2690 optimae,
2419 2621 2625 2689 utipse
2659 2619 2760 2684 ait,
2793 2622 2945 2672 notas
3001 2616 3259 2671 codicem
3316 2624 3524 2669 nactus
3584 2616 3675 2666 est
3704 2627 3779 2665 ex

2129 2708 2518 2763 Masburiensi
2550 2708 2810 2762 coenobio
2844 2724 2856 2762 :
2892 2706 2992 2761 sed
3068 2704 3165 2761 ille
3224 2704 3368 2759 satis
3417 2702 3569 2757 clare
3599 2700 3777 2755 nobis

2130 2814 2243 2852 non
2273 2798 2604 2863 edisseruit,
2666 2800 2863 2851 utrum
2922 2795 3015 2850 hic
3072 2795 3441 2865 Apologeticus
3484 2806 3639 2845 unus
3700 2805 3777 2843 ex

2127 2885 2466 2941 Tertulliani
2498 2885 2664 2940 libris
2693 2886 2789 2951 sit,
2814 2884 2913 2955 qui
2937 2884 2991 2938 in
3031 2883 3139 2938 hoc
3161 2883 3358 2938 codice
3378 2880 3771 2936 desideratur.

2128 2979 2264 3029 Tres
2296 2980 2570 3047 praterea
2600 2981 2831 3030 exstant
2870 2975 2929 3028 in
2987 2972 3339 3028 bibliotheca
3369 2969 3649 3025 Vaticana
3677 2983 3772 3021 eo-

2132 3065 2400 3119 rumdem
2460 3063 2743 3119 librorum
2790 3062 3041 3126 codices,
3107 3079 3176 3116 ex
3234 3060 3473 3132 quibus,
3524 3057 3636 3113 sibi
3694 3056 3773 3110 ab

381 3135 619 3190 tentiam
646 3154 657 3190 :
681 3160 708 3187 ‹‹
744 3144 1090 3211 Quanquam
1124 3145 1519 3203 Tertullianus
1564 3154 1828 3208 eamdem
1862 3156 2019 3209 Chri-
2051 3182 2093 3247 Ε
2132 3153 2535 3208 illustrissimo
2568 3153 2863 3208 cardinale
2892 3152 3097 3207 Sirleto
3133 3148 3624 3247 subministratis,
3647 3143 3781 3247 Alf-

379 3224 705 3279 stianorum
738 3243 974 3283 causam
1009 3230 1177 3300 plene
1209 3240 1561 3305 peroraverit
1613 3241 1671 3295 in
1726 3258 1791 3296 eo
1846 3243 2017 3313 libro,

378 3313 470 3365 cui
502 3313 871 3385 Apologetico
905 3335 1115 3375 nomen
1145 3328 1234 3377 est
1269 3341 1281 3389 ;
1316 3330 1511 3381 tamen
1548 3331 1828 3398 quoniam
1863 3333 2020 3387 aliud

378 3404 470 3453 est
499 3404 906 3459 accusantibus
940 3410 1308 3479 respondere,
1352 3416 1507 3483 quod
1568 3417 1625 3471 in
1687 3420 2024 3475 defensione

381 3492 483 3543 aut
513 3492 820 3560 negatione
868 3494 991 3549 sola
1035 3497 1287 3566 positum
1348 3508 1435 3556 est
1472 3522 1485 3567 ;
1518 3505 1675 3560 aliud
1736 3508 2023 3565 instruere

383 3579 537 3647 quod
572 3597 674 3634 nos
723 3581 992 3643 facimus.
1047 3586 1104 3639 in
1151 3604 1266 3658 quo
1314 3607 1548 3647 necesse
1609 3601 1697 3649 est
1746 3598 2024 3655 doctrinae

379 3666 560 3721 totius
619 3686 912 3725 summam
973 3676 1278 3731 contineri.
1344 3702 1368 3727 ››
1426 3680 1702 3752 (Lactant.
1781 3685 1882 3741 lib.
1968 3707 2020 3755 v,

384 3758 514 3845 inst.
549 3773 675 3828 cap.
702 3759 756 3827 4,
789 3776 844 3829 p.
879 3762 1021 3830 470.)
1058 3765 1317 3821 Declarat
1346 3770 1501 3825 enim
1536 3773 1652 3827 duo
1686 3774 1757 3828 ab
1816 3776 1887 3830 iis
1928 3777 2020 3845 agi

382 3843 676 3913 debuisse,
729 3848 828 3919 qui
886 3850 1225 3908 Christianae
1275 3856 1576 3930 religionis
1624 3863 2020 3921 defensionem

382 3934 945 3994 adversusethnicos
980 3944 1400 4014 suscipiebant.
1462 3948 1721 4006 Primum
1773 3959 1893 4008 erat
1950 3955 2023 4009 iis

382 4026 754 4094 respondere,
807 4029 905 4098 qui
959 4032 1317 4090 Christianos
1384 4036 1640 4107 plurium
1710 4042 2020 4099 criminum

383 4112 825 4171 insimulabant.
882 4118 1239 4191 Secundum,
1294 4125 1619 4183 doctrinam
1680 4131 2022 4187 Christianas

382 4201 681 4274 religionis
737 4204 818 4259 ita
875 4224 1159 4279 exponere
1227 4229 1293 4267 ac
1354 4215 1777 4288 demonstrare,
1839 4227 1901 4275 ut
1957 4240 2024 4277 ea

384 4290 627 4359 quilibet
659 4292 827 4362 plene
859 4312 924 4349 ac
945 4299 1199 4368 perfecte
1230 4300 1638 4363 instrueretur.
1672 4310 1738 4362 At
1770 4309 1862 4364 ille
1904 4312 2022 4381 pri-

384 4394 540 4432 mam
576 4380 751 4450 hujus
811 4400 999 4440 causae
1062 4393 1306 4457 partem,
1359 4409 1393 4446 a
1438 4394 1797 4451 Tertulliano
1857 4399 2024 4468 plene

384 4472 710 4535 peroratam
749 4469 978 4540 fatetur,
1005 4474 1244 4531 minime
1276 4496 1407 4534 vero
1432 4484 1771 4539 secundam.
1806 4485 2021 4541 Verum

386 4554 531 4610 satis
554 4556 949 4616 Tertullianus
991 4567 1285 4636 preposito
1312 4586 1416 4625 suo
1449 4586 1577 4627 esse
1610 4575 1830 4644 putavit
1860 4576 2022 4631 insu-
2057 4550 2100 4613 Β

382 4641 502 4698 lsas
560 4648 836 4704 evertisse
892 4652 1281 4723 ethnicorum,
1342 4659 1702 4718 Christianos
1764 4667 2023 4736 cujusvis

381 4734 715 4801 gravissimi
748 4738 1009 4797 criminis
1038 4747 1932 4825 accusantium,criminationes,
1958 4773 2023 4813 ac

380 4820 709 4881 vindicasse
740 4825 976 4885 illorum
1037 4833 1433 4894 innocentiam
1466 4857 1530 4895 ac
1590 4859 1819 4899 morum
1868 4846 2022 4902 inte-

381 4909 673 4981 gritatem.
708 4913 890 4976 Quam
925 4925 1078 4976 recte
1101 4927 1295 4980 autem
1328 4925 1386 4980 id
1419 4928 1931 5000 demonstraverit,
1954 4951 2021 4989 ex

381 4999 517 5053 data
548 5000 725 5071 hujus
762 5004 889 5060 libri
918 5009 1140 5083 analysi
1178 5018 1351 5086 atque
1413 5016 1542 5073 aliis
1576 5020 1725 5075 infra
1757 4999 2020 5079 dicendis

381 5087 482 5143 ﬁet
512 5092 787 5149 omnibus
820 5099 1221 5156 manifestum.

450 5178 668 5235 Deinde
700 5199 831 5239 vero
864 5186 960 5241 ille
1008 5191 1239 5260 penitus
1294 5192 1570 5250 intactam
1635 5216 1744 5254 non
1787 5200 2022 5272 reliquit

378 5266 718 5326 Christiane
757 5276 900 5331 747
938 5279 1219 5335 doctrinae
1268 5280 1699 5343 institutionem
1741 5299 1793 5345 et
1840 5266 2018 5361 expli-

376 5359 839 5421 cationem.Nam
875 5371 1167 5442 praecipua
1192 5372 1320 5441 ejus
1364 5374 1556 5445 capita
1603 5378 1849 5435 breviter
1891 5359 2019 5452 qui-

376 5447 531 5516 dem,
564 5452 664 5506 sed
698 5455 842 5509 adeo
874 5458 1101 5513 sincere
1124 5477 1189 5514 ac
1221 5461 1468 5517 candide
1525 5467 1793 5540 explicat,
1845 5447 1925 5525 ut—
1947 5472 2018 5526 ab

375 5541 649 5596 omnibus
676 5541 920 5616 intelligi
960 5547 1123 5602 facile
1155 5549 1340 5619 possit
1384 5552 1531 5609 nihil
1557 5571 1685 5612 esse
1721 5563 1777 5614 et
1806 5560 2018 5615 divinis

376 5625 849 5688 institutionibus
926 5639 983 5690 et
1039 5641 1205 5693 rectae
1289 5639 1519 5715 rationi,
1595 5645 1750 5703 sicut
1816 5651 2021 5720 postea

2135 3260 2245 3297 nus
2309 3242 2499 3314 Copus
2529 3244 2789 3297 diversas
2846 3243 2916 3297 ab
2976 3241 3147 3296 editis
3207 3239 3480 3294 lectiones
3520 3233 3783 3305 collegit,

2134 3332 2581 3402 transmisitque
2603 3330 2981 3400 Pamelio,qui
3012 3330 3085 3383 iis
3115 3328 3185 3384 ad
3219 3326 3639 3383 concinandam
3675 3340 3788 3376 no-

2133 3438 2261 3475 vam
2295 3438 2535 3491 Operum
2566 3420 2911 3474 Tertulliani
2952 3419 3265 3474 editionem
3330 3432 3474 3471 usus
3505 3418 3613 3469 est.
3666 3412 3786 3466 Sed

2132 3510 2244 3565 tria
2274 3510 2464 3565 adhuc
2495 3509 2596 3564 illa
2626 3508 2859 3565 illorum
2894 3506 3251 3578 exemplaria
3275 3504 3383 3576 ipsi
3406 3501 3792 3575 suppeditata

2133 3603 2355 3665 sunt,et
2384 3599 2498 3653 duo
2529 3598 2769 3668 quidem
2801 3613 2870 3651 ex
2899 3597 2957 3651 S.
2992 3594 3240 3650 Amandi
3281 3610 3345 3648 ac
3378 3590 3622 3647 Bavonis
3647 3605 3789 3642 mo-

2133 3687 2667 3754 nasteriis,tertium
2696 3685 3191 3757 Anglicum,quod
3226 3699 3400 3755 penes
3431 3697 3492 3737 se
3520 3680 3790 3734 Joannes

2130 3777 2393 3832 Clemens
2423 3777 2647 3848 Anglus
2672 3777 2941 3831 habebat.
2979 3775 3191 3829 Verum
3246 3788 3431 3842 neque
3464 3767 3783 3831 Pamelius,

2134 3882 2320 3937 neque
2342 3865 2492 3921 alius
2525 3865 2819 3937 quispiam
2854 3864 3025 3919 nobis
3060 3862 3341 3918 indicavit
3372 3858 3566 3931 qualia
3594 3873 3787 3928 quan-

2134 3961 2271 4010 taeve
2301 3954 2672 4025 antiquitatis
2697 3969 2763 4007 ea
2781 3952 2919 4007 sint.
3528 4042 3535 4046 Δ
3586 4034 3620 4046 Δ.

2207 4044 2265 4098 In
2302 4050 2500 4097 nostra
2524 4048 2717 4097 autem
2752 4042 2938 4097 Gallia
2960 4041 3055 4095 alii
3114 4039 3429 4110 cujuslibet
3474 4039 3657 4092 aetatis
3684 4051 3787 4089 re-

2134 4133 2439 4205 periuntur
2463 4132 2673 4186 horum
2732 4131 3018 4185 librorum
3081 4128 3469 4199 manuscripti
3525 4124 3788 4223 codices,

2132 4240 2200 4276 ex
2231 4221 2443 4293 quibus
2476 4220 2671 4292 plures
2704 4219 2879 4274 nullis
2913 4219 3044 4273 aliis
3093 4223 3191 4272 aut
3249 4217 3577 4272 veneranda
3622 4217 3790 4268 anti-

2133 4312 2375 4382 quitate,
2412 4317 2511 4365 aut
2558 4310 2806 4380 eleganti
2859 4309 3191 4364 charactere
3239 4307 3441 4362 cedere
3487 4304 3792 4358 videntur.

2134 4401 2212 4454 Ex
2237 4399 2306 4454 iis
2338 4417 2492 4453 unus
2524 4399 2915 4454 Puteanorum
2951 4397 3089 4453 olim
3151 4398 3399 4451 fratrum
3452 4396 3797 4450 asservatur

2132 4488 2192 4542 in
2224 4488 2378 4561 regis
2412 4489 2592 4543 nostri
2613 4486 3101 4543 Christianissimi
3136 4482 3789 4541 bibliotheca.Alterum

2131 4597 2263 4635 vero
2292 4581 2543 4635 Jacobus
2574 4579 2919 4650 Bongartius
2952 4578 3307 4649 possidebat.
3335 4576 3422 4630 Ad
3458 4580 3788 4641 utrumque

2133 4674 2327 4725 autem
2355 4669 2688 4725 Desiderius
2722 4667 3007 4724 Heraldus
3038 4666 3400 4738 singularem
3441 4661 3791 4737 Apologetici

2132 4758 2449 4813 editionem
2481 4757 2807 4829 castigavit.

2201 4846 2470 4903 Nicolaus
2500 4863 2631 4902 vero
2651 4846 2936 4918 Rigaltius
2961 4862 3075 4901 non
3100 4860 3312 4915 magna
3342 4843 3471 4899 sine
3503 4840 3778 4910 indigna-

2131 4935 2287 4991 tione
2301 4936 2677 5008 conqueritur
2689 4953 2774 4991 em
2787 4928 3790 5003 sudatissimaOperum’l‘ertulliani

2131 5025 2321 5097 prima
2346 5026 2714 5096 genuinaque
2736 5022 3089 5095 exemplaria
3114 5023 3236 5092 jam
3271 5040 3304 5077 a
3327 5021 3501 5094 longo
3523 5024 3793 5089 tempore

2131 5115 2204 5169 ab
2236 5112 2439 5185 iis,qui
2473 5114 2921 5183 Africanihujus
2954 5111 3258 5183 scriptoris
3278 5111 3562 5166 dictiones
3577 5123 3793 5177 capere

2130 5220 2243 5257 non
2304 5207 2640 5274 potuerunt,
2688 5203 2772 5258 sic
2833 5206 3105 5272 corrupta
3157 5200 3359 5267 fuisse,
3420 5203 3485 5254 ut
3537 5197 3629 5252 vix
3658 5194 3794 5251 ulla

2130 5292 2478 5345 restituendi
2514 5291 2661 5346 748
2719 5290 2839 5347 veri
2902 5294 3090 5346 textus
3151 5305 3286 5359 spes
3345 5287 3616 5359 supersit.
3664 5284 3787 5339 Sed

2130 5379 2347 5434 fatetur
2376 5385 2573 5436 tamen
2597 5398 2717 5436 suae
2739 5379 2981 5436 editioni
3013 5378 3338 5450 plurimum
3368 5376 3517 5432 lucis
3533 5379 3587 5431 et
3606 5388 3788 5429 orna-

2130 5468 2311 5523 menti
2335 5470 2652 5526 accessisse
2683 5488 2750 5526 ex
2779 5470 2958 5525 variis
2984 5467 3353 5536 lectionibus,
3385 5484 3420 5522 a
3476 5465 3785 5530 Rhenano,

2130 5562 2186 5613 et
2208 5556 2339 5613 aliis
2364 5558 2705 5616 melioribus
2744 5576 2776 5615 a
2809 5559 3010 5614 Fulvio
3064 5573 3130 5613 ac
3176 5556 3353 5612 Junio
3401 5553 3659 5610 collectis
3718 5556 3789 5606 et

2128 5646 2323 5704 editis.
2344 5646 2459 5704 Nos
2490 5648 2735 5722 insuper
2765 5648 3042 5708 admonet
3072 5644 3185 5703 sibi
3215 5645 3288 5702 ad
3319 5660 3560 5701 manum
3592 5640 3785 5698 fuisse
