4106 6178
306 365 433 427 829

1048 367 1124 426 IN
1171 364 1777 428 APOLOGETICUM
1823 360 1895 420 D.
1942 360 2040 419 LE
2084 358 2408 419 NOURRY
2459 356 3005 416 DISSER'I‘ATIO.

3610 352 3730 414 830

309 501 706 553 memoratum
742 497 1005 553 codicem
1035 499 1432 554 Puteanorum
1470 499 1739 561 fratrum,
1773 500 1830 550 et
1880 494 1960 548 al-
1997 493 2049 558 A
2084 493 2341 546 Puteano
2425 507 2538 544 non
2595 489 2767 555 cedit,
2826 503 3013 557 neque
3072 489 3308 541 centum
3362 490 3491 555 post
3544 501 3729 540 annos

312 593 509 643 terum
545 588 695 642 Petri
723 588 949 656 Pithcei,
984 605 1048 642 ac
1076 590 1368 643 variantes
1399 587 1620 642 codicis
1662 583 1973 641 Fuldensis

313 677 624 742 lectiones,
676 677 735 731 in
790 677 936 731 libro
987 677 1373 732 illustrissimi
1433 675 1769 738 Monchalli,
1818 673 1970 728 Tho-

312 767 572 821 losatum
618 766 1063 837 archiepiscOpi,
1099 782 1167 821 ex
1197 766 1582 837 autographo,
1617 770 1680 819 ut
1712 766 1834 834 ipse
1867 762 1968 827 ait,

310 854 893 925 descriptas.Horum
926 862 1121 910 autem
1157 856 1451 919 codicum,
1485 851 1972 925 atqueimprimis

310 943 530 996 harum
562 942 879 997 lectionum
918 943 1030 998 sibi
1093 944 1412 998 missarum
1463 941 1696 1008 auxilio,
1746 945 1968 995 textum

310 1033 659 1101 Apologelici
687 1032 793 1085 250
821 1032 881 1085 in
916 1032 1059 1086 locis
1091 1049 1152 1086 se
1183 1033 1528 1087 emendasse
1560 1030 1863 1098 gloriatur.
1900 1034 1971 1083 At

310 1122 557 1191 penitus
585 1122 769 1175 tacuit
800 1123 972 1191 cujus
1006 1127 1153 1175 notas
1188 1130 1241 1176 et
1271 1121 1638 1192 antiquitatis
1680 1120 1797 1175 sint
1856 1120 1969 1173 duo

312 1208 406 1262 illi
440 1210 692 1274 codices,
728 1216 781 1263 et
813 1208 952 1264 illud
981 1210 1431 1281 autographum,
1465 1226 1532 1264 ex
1563 1226 1678 1280 quo
1723 1209 1968 1263 i"ulden-

313 1314 417 1353 ses
446 1298 725 1353 lectiones
756 1298 1024 1353 delibatae
1057 1300 1196 1353 sint.

396 1405 509 1459 Nos
524 1421 654 1459 vero
670 1422 781 1459 non
808 1404 996 1460 solum
1019 1406 1166 1460 duos
1188 1404 1317 1460 illos
1349 1405 1568 1476 primos
1588 1405 1737 1459 nacti
1763 1420 1971 1459 sumus

316 1494 576 1561 codices,
611 1495 711 1548 sed
755 1495 901 1549 alios
960 1495 1135 1548 etiam
1191 1494 1545 1564 complures,
1585 1494 1683 1564 qui
1733 1493 1969 1563 quidem

310 1581 597 1653 qualesve
654 1584 794 1653 sint,
857 1583 1266 1654 explicandum
1317 1588 1424 1637 est.
1485 1584 1714 1637 Primus
1772 1581 1971 1653 itaque

310 1672 642 1734 Puteanus,
692 1671 1027 1727 charactere
1087 1672 1478 1743 pulcherrimo
1538 1672 1691 1727 circa
1748 1688 1969 1725 annum

311 1758 537 1813 Christi
573 1760 678 1813 900
711 1760 1041 1831 descriptus
1085 1761 1459 1831 peritioribus
1510 1762 1753 1815 videtur.
1790 1760 1852 1814 In
1901 1777 1967 1814 eo

2086 582 2415 652 descriptus
2439 580 2607 634 nobis
2635 580 2886 632 videtur.
2929 581 3001 630 At
3036 575 3342 646 plerasque
3388 575 3446 628 in
3480 591 3545 628 eo
3596 590 3727 628 eas-

2085 672 2238 736 dem,
2273 676 2448 740 atque
2483 669 2537 723 in
2569 668 2690 735 illo,
2724 663 3214 737 deprehendimus
3244 664 3429 718 bonas
3454 668 3509 717 et
3541 662 3726 719 malas

2082 760 2381 815 lectiones.

2154 852 2409 915 Quartus
2441 865 2507 903 ac
2539 848 2784 919 quintus
2817 846 2995 901 codex
3026 843 3370 898 Colbertinae
3403 846 3493 895 est
3523 840 3728 896 biblio-

2083 938 2282 1003 thecae,
2321 939 2698 1006 numerisque
2728 934 2833 988 989
2855 940 2910 989 et
2956 934 3091 986 5271
3141 930 3378 1002 signati.
3420 928 3730 999 Antiquior

2081 1034 2277 1083 autem
2309 1028 2380 1083 ab
2415 1027 2586 1081 annis
2622 1026 2853 1081 circiter
2878 1024 3007 1091 700,
3036 1028 3093 1077 et
3139 1021 3422 1076 recentior
3454 1036 3567 1074 non
3596 1022 3729 1073 ante

2082 1134 2267 1173 annos
2308 1116 2411 1171 400
2470 1115 2686 1186 scripto
2744 1115 2974 1170 videtur
3024 1112 3295 1165 traditus.
3358 1107 3725 1162 Bibliotheca:

2080 1224 2213 1261 vero
2272 1206 2432 1260 illius
2491 1206 2792 1276 praefectus
2850 1203 2922 1257 cl.
2984 1200 3069 1254 vir
3118 1200 3357 1254 Carolus
3416 1196 3725 1251 Duchesne

2083 1296 2251 1350 nobis
2288 1296 2593 1365 utriusque
2637 1292 2871 1355 codicis,
2915 1290 3159 1361 jubente
3189 1286 3593 1341 illustrissimo
3625 1285 3725 1339 ab-

2081 1386 2216 1439 bate
2247 1384 2533 1451 Colberto,
2567 1383 2796 1453 cepiam
2830 1380 2982 1435 fecit.

2154 1494 2425 1548 Diversas
2456 1491 2699 1560 insuper
2728 1487 3006 1541 lectiones
3040 1501 3107 1540 ex
3136 1483 3368 1537 duobus
3413 1480 3543 1536 aliis
3566 1479 3726 1536 codi-

2082 1582 2247 1637 cibus
2310 1578 2728 1648 manuscriptis
2785 1574 3128 1645 accipimus,
3192 1587 3443 1643 quorum
3501 1568 3725 1640 primus

2083 1670 2421 1726 monasterii
2453 1672 2542 1723 est
2571 1664 2981 1730 Morbacensis,
3042 1663 3100 1715 in
3135 1663 3302 1728 cujus
3335 1661 3447 1713 ﬁne
3495 1658 3613 1712 haec
3643 1657 3723 1712 le-

2083 1764 2299 1831 guntur
2329 1759 2502 1812 verba
2527 1757 2708 1813 :Orate
2736 1770 2833 1824 pro
2873 1754 3096 1807 domino
3123 1751 3327 1804 abbate
3357 1747 3712 1802 Morbacensi.

313 1853 518 1902 autem
555 1848 715 1903 solus
740 1849 1076 1904 Tertulliani
1104 1852 1489 1922 Apologelz’cus
1519 1850 1669 1904 liber
1709 1848 1967 1904 contine-
1998 1846 2047 1911 B
2082 1851 2132 1905 Is
2163 1855 2359 1904 autem
2414 1847 2536 1917 ipse
2578 1850 2665 1899 est
2716 1841 3175 1896 Bartholomaaus
3227 1839 3296 1892 de
3350 1834 3594 1900 Andelo,
3622 1834 3722 1904 qui

310 1942 440 2004 tur,
480 1943 927 2009 asservaturque
958 1938 1016 1992 in
1069 1939 1574 2008 Christianissimi,
1604 1945 1665 1992 ut
1692 1938 1968 2004 diximus,

312 2025 479 2096 regis
514 2027 693 2080 nostri
732 2026 1079 2081 bibliotheca
1101 2045 1344 2082 numero
1362 2030 1497 2081 3971
1530 2033 1967 2098 notatus,quem

313 2113 763 2170 illustrissimus
796 2116 977 2170 abbas
1011 2114 1296 2171 Tellerius
1329 2133 1583 2185 summa,
1628 2134 1745 2187 qua
1800 2117 1967 2185 solet,

313 2204 684 2274 benignitate
707 2204 1009 2260 nobiscum
1030 2222 1061 2259 a
1083 2206 1317 2261 Nicelao
1338 2206 1627 2262 Clemente
1649 2207 1973 2261 communi-

312 2292 440 2345 cari
468 2294 757 2365 praecepit.

398 2381 698 2437 Secundus
721 2384 897 2452 Petri,
932 2389 997 2439 ut
1027 2383 1517 2454 diximus,Pithcei
1553 2384 1695 2438 olim
1734 2384 1863 2450 fuit,
1914 2389 1971 2439 et

320 2468 451 2523 BR.
486 2470 720 2526 Patrum
753 2473 1001 2528 Oratorii
1033 2474 1172 2528 Jesu
1198 2472 1439 2544 collegio
1487 2474 1757 2528 Trecensi
1817 2475 1968 2528 dono

310 2559 517 2627 datus,
550 2560 609 2613 in
642 2578 841 2616 eorum
871 2562 1223 2617 bibliotheca
1253 2564 1679 2631 custoditus,ad
1718 2580 1821 2617 nos
1846 2563 1966 2618 sin-

309 2645 507 2719 gulari
532 2666 772 2719 prorsus
801 2651 1035 2706 illorum
1068 2651 1433 2707 humanitate
1456 2653 1838 2707 transmissus
1860 2656 1966 2706 est.

315 2737 440 2791 Viri
499 2744 696 2793 autem
754 2740 810 2793 in
862 2740 1265 2795 examinandis
1323 2741 1615 2795 veteribus
1671 2740 1968 2795 codicibus

317 2828 515 2897 magis
547 2827 936 2899 exercitati,ex
967 2829 1369 2884 cbaracterum
1396 2830 1580 2883 forma
1601 2829 1764 2883 illum
1787 2830 1968 2885 unde-

320 2916 478 2971 cimo
511 2916 742 2971 circiter
771 2917 980 2973 saeculo
1008 2919 1287 2990 scriptum
1319 2936 1446 2974 esse
1470 2918 1827 2989 judicarunt.
1860 2920 1967 2974 Sed

326 3005 504 3075 primi
540 3005 762 3061 librarii
790 3007 1084 3078 imperitia
1115 3008 1294 3062 variis
1325 3009 1544 3080 passim
1584 3009 1829 3061 t'mdatus
1883 3013 1973 3063 est

327 3094 580 3164 mendis,
615 3112 743 3167 quae
776 3096 927 3151 alius
958 3097 1181 3151 doctior
1210 3096 1493 3169 appositis
1542 3096 1745 3163 obelis,
1797 3102 1971 3167 atque

2082 1956 2234 1994 anno
2272 1937 2406 1991 1455
2434 1952 2500 1989 ac
2530 1940 2729 2005 postea
2760 1931 2895 1985 huic
2941 1927 3296 1984 monasterio
3353 1923 3722 1994 praepositus,

2081 2028 2352 2083 collectos
2386 2026 2642 2091 undique
2700 2019 3170 2090 quamplurimos
3229 2016 3456 2070 codices
3507 2029 3721 2067 manu-

2080 2123 2330 2187 scriptos
2363 2114 2565 2168 eadem
2598 2109 3029 2181 subscriptione
3057 2105 3243 2161 notari
3294 2102 3494 2158 voluit.
3528 2102 3723 2173 Longe

2081 2211 2273 2261 autem
2307 2200 2612 2259 recentiori
2640 2216 2815 2253 manu
2849 2200 3083 2270 exarata
3143 2199 3273 2250 sunt
3304 2194 3424 2247 haec
3456 2192 3723 2261 subjecta

2079 2294 2427 2367 Apologetz'co
2458 2291 2652 2356 verba,
2713 2303 2889 2358 quam
2933 2290 3057 2355 ipse
3117 2283 3493 2353 Apologeticus
3549 2279 3721 2347 liber,

2079 2384 2311 2456 qui600
2360 2385 2459 2436 aut
2486 2380 2593 2432 700
2651 2376 2861 2431 abhinc
2922 2373 3092 2428 annis
3150 2371 3407 2442 scriptus
3458 2374 3719 2439 apparet.

2078 2474 2283 2528 Varias
2315 2474 2512 2524 autem
2545 2467 2673 2536 ejus
2720 2464 2997 2518 lectiones
3053 2476 3287 2515 summa
3337 2456 3635 2527 diligentia
3667 2458 3723 2509 et

2080 2565 2149 2618 ad
2185 2558 2528 2631 scrupulum
2564 2571 2751 2625 usque
2782 2550 3088 2621 decerpsit,
3146 2550 3214 2603 ad
3277 2562 3500 2617 nosque
3559 2544 3722 2599 misit

2079 2669 2234 2707 unus
2309 2647 2572 2719 ejusdem
2672 2640 3009 2697 monasterii
3121 2636 3464 2703 monachus,
3548 2636 3719 2704 cujus

2079 2737 2433 2796 humanitati
2489 2734 2708 2808 gratias
2757 2747 2861 2786 nec
2918 2728 3194 2784 minimas
3249 2727 3486 2798 quidem
3540 2723 3719 2778 habe-

2080 2848 2229 2887 mus.

2152 2919 2310 2973 Alter
2341 2916 2519 2971 codex
2550 2908 3008 2980 manuscriptus,
3070 2906 3241 2975 cujus
3297 2904 3587 2959 variantes
3643 2902 3714 2955 ab

2081 3008 2255 3064 editis
2284 3005 2565 3059 lectiones
2598 3004 2667 3054 ad
2730 3015 2835 3053 nos
2894 2996 3084 3051 missa:
3144 2998 3300 3059 sunt,
3363 3008 3516 3046 unus
3550 3007 3618 3045 ex
3648 2989 3721 3044 lis

2080 3104 2188 3163 est,
2221 3095 2435 3168 quibus
2467 3106 2633 3146 suam
2656 3086 3067 3142 bibliothecam
3093 3084 3283 3137 Romae
3316 3080 3518 3135 ditavit
3540 3079 3722 3133 abbas

322 3182 399 3236 ad
434 3184 755 3254 marginem
788 3185 962 3257 notis,
1010 3192 1112 3240 aut
1152 3186 1417 3255 correxit,
1469 3190 1569 3241 aut
1624 3184 1968 3257 corrigenda
2001 3206 2043 3272 α
2082 3183 2522 3242 illustrissimus
2550 3180 2755 3233 Justus
2808 3174 3209 3271 Fontaninust
3234 3188 3351 3272 sua.
3371 3169 3515 3272 satis
3547 3172 3723 3272 notus

314 3287 450 3326 esse
482 3274 851 3328 monstravit.

397 3361 601 3416 Plures
632 3371 821 3417 autem
858 3364 916 3417 in
950 3379 1015 3417 eo
1046 3363 1242 3418 codice
1274 3364 1607 3435 transcripti
1644 3371 1780 3417 sunt
1835 3364 1968 3418 Ter-

313 3448 551 3503 tulliani
590 3456 889 3516 tractatus,
937 3468 1184 3521 quorum
1218 3452 1391 3507 index
1441 3454 1496 3507 in
1558 3452 1749 3523 prima
1805 3451 1967 3507 illius

313 3538 532 3609 pagina
565 3540 892 3595 exhibetur.
924 3540 1136 3594 Verum
1173 3541 1228 3594 in
1260 3541 1367 3595 hoc
1399 3541 1589 3595 indice
1614 3542 1964 3612 prmtermis-

308 3643 417 3681 sus
450 3632 539 3683 est
562 3628 653 3682 hic
685 3630 1069 3699 Apologeticus
1100 3628 1265 3684 liber.
1318 3630 1708 3693 Quamobrem
1771 3630 1965 3700 suspi-

307 3717 482 3771 candi
517 3716 680 3772 locus
710 3735 838 3773 esse
861 3719 1093 3773 videtur
1116 3723 1313 3773 utrum
1348 3725 1480 3789 post
1512 3719 1657 3773 alios
1685 3718 1868 3773 libros
1892 3719 1964 3772 ab

311 3805 512 3876 aliquo
547 3806 787 3862 librario
820 3814 1020 3878 postea
1050 3816 1320 3863 exaralus
1350 3808 1544 3862 fuerit.
1588 3812 1734 3861 Nam
1792 3808 1966 3861 index

314 3893 416 3947 ille
442 3896 668 3962 [eadem
728 3913 921 3965 manu,
975 3902 1151 3967 atque
1199 3897 1296 3951 alii
1356 3896 1486 3950 libri
1549 3897 1805 3967 scriptus
1854 3901 1961 3951 est.

316 3984 426 4047 Qui
448 4001 577 4040 vero
608 3986 1018 4056 Apologeticum
1050 3985 1325 4057 deinceps
1360 3985 1695 4056 descripsit,
1732 3985 1779 4039 is
1833 3984 1964 4039 aliis

316 4071 647 4143 imperitior
668 4080 723 4128 et
766 4074 974 4128 Latinae
1032 4074 1250 4146 lingua:
1312 4077 1573 4147 ignarus,
1607 4074 1961 4145 frequentes,

315 4164 532 4232 quibus
566 4165 744 4218 codex
772 4164 869 4217 ille
903 4163 1122 4235 passim
1157 4164 1371 4232 ubique
1402 4168 1603 4231 scatet,
1627 4179 1851 4219 errores
1876 4179 1963 4217 re-

312 4249 510 4322 liquit.
547 4253 668 4307 Alia
699 4268 930 4324 quoque
990 4253 1045 4305 in
1108 4269 1196 4318 eo,
1256 4270 1429 4323 quam
1485 4254 1545 4306 in
1606 4251 1738 4307 aliis
1797 4252 1962 4306 libris

309 4340 678 4410 conspicitur
700 4341 1008 4395 verborum
1067 4342 1406 4395 contractio.
1442 4341 1690 4405 Quidam
1739 4345 1959 4409 tamen,

311 4430 459 4484 satis
490 4430 685 4484 idonei
716 4430 1023 4499 scripturae
1047 4430 1689 4499 veterisjudiees,hunc
1721 4429 1960 4495 librum,

315 4519 471 4573 sicut
494 4517 660 4584 alios,
687 4518 758 4572 ab
780 4520 987 4575 eodem,
1006 4517 1242 4572 librario
1270 4524 1569 4573 exaratum
1597 4518 1961 4585 existimant,

318 4608 383 4662 In
417 4624 483 4662 eo
523 4612 720 4662 autem
783 4624 895 4661 non
958 4607 1184 4679 integer
1242 4607 1338 4663 ille
1389 4610 1764 4680 Apologetz‘cus
1821 4607 1965 4661 liber

319 4696 650 4766 exhibetur,
687 4696 788 4750 sed
816 4697 1100 4751 duntaxat
1130 4712 1317 4767 usque
1349 4697 1418 4751 ad
1451 4697 1657 4767 capitis
1693 4695 1978 4752 tricesimi

318 4786 562 4841 initium
592 4803 606 4840 :
639 4790 845 4839 cmtera
876 4790 1095 4849 autem,
1131 4802 1257 4856 quae
1293 4792 1560 4856 quartam
1611 4786 1791 4842 totius
1846 4783 1977 4839 libri

319 4880 551 4947 partem
577 4875 901 4945 continent,
932 4873 1103 4946 plane
1136 4874 1565 4931 desiderantur.

391 4981 663 5037 Tertium
696 4982 953 5036 codicem
989 4982 1458 5054 manuscriptum
1492 4981 1661 5037 nobis
1698 4981 1974 5053 suppedi-

313 5071 462 5126 tavit
490 5072 579 5125 vir
599 5069 1066 5139 illustrissimus,
1090 5074 1145 5126 et
1175 5072 1335 5126 omni
1364 5072 1535 5127 laude
1567 5069 1973 5142 major,Achil-

312 5160 401 5215 les
436 5160 721 5226 Harlmus,
748 5159 846 5230 qui
880 5164 1190 5231 postquam
1212 5160 1544 5216 admirabili
1568 5159 1974 5232 prorsusjuris

310 5251 587 5317 scientia,
621 5250 917 5321 aequitate,
952 5250 1239 5319 probitate
1262 5250 1510 5322 aliisque
1569 5249 1797 5305 eximiis
1857 5248 1972 5301 vir-

308 5340 548 5395 tutibus
568 5356 671 5411 per
689 5338 906 5393 multos
922 5355 1107 5393 annos
1129 5339 1431 5395 Parisiensi
1448 5338 1681 5396 senatui
1706 5336 1972 5411 prazt‘uis-

312 5433 429 5495 set,
490 5434 658 5484 tanta
716 5426 899 5483 animi
956 5427 1323 5497 fortitudine,
1386 5434 1605 5501 quanto
1672 5424 1973 5484 communi

315 5518 592 5574 omnium
627 5516 917 5573 desiderio
950 5532 1011 5571 se
1034 5516 1139 5572 hac
1198 5518 1480 5589 dignitate
1538 5518 1846 5585 abdicavit,
1906 5532 1972 5573 ac

316 5610 556 5664 servata
588 5621 820 5676 semper
850 5604 1052 5660 eadem
1084 5606 1215 5661 vita
1264 5607 1652 5677 aaquabilitate
1701 5611 1971 5661 mortuus

313 5702 434 5754 est.
470 5697 663 5752 Codex
693 5698 888 5750 autem
922 5692 1019 5752 ille
1062 5694 1414 5752 characteris
1474 5697 1625 5753 149
1683 5693 1972 5766 elegantia

2084 3274 2432 3337 eruditione,
2467 3286 2571 3323 nec
2598 3285 2629 3321 a
2662 3264 2829 3320 nobis
2862 3278 3121 3333 unquam
3164 3260 3289 3315 sine
3321 3258 3517 3313 debita
3549 3254 3723 3309 laude

2078 3361 2493 3423 nominandus.
2530 3357 2694 3410 Hune
2725 3358 2921 3408 autem
2974 3352 3069 3405 ille
3113 3348 3370 3404 codicem
3431 3340 3721 3400 submini-

2078 3453 2284 3513 stravit
2316 3453 2512 3504 nostro
2539 3445 2781 3500 Claudio
2815 3442 3007 3504 Devic,
3043 3440 3167 3509 qui,
3216 3439 3350 3491 licet
3402 3432 3726 3503 majoribus

2077 3542 2293 3600 studiis
2323 3538 2581 3600 deditus,
2605 3531 2826 3587 curavit
2856 3534 3053 3585 erutas
3085 3546 3116 3583 a
3147 3544 3208 3582 se
3238 3525 3497 3580 diversas
3541 3521 3723 3591 hujus

2076 3631 2294 3689 codicis
2329 3626 2606 3683 lectiones
2638 3623 2707 3677 ad
2744 3638 2851 3675 nos
2884 3617 3213 3674 transferri.

2150 3737 2417 3806 Quinque
2450 3747 2620 3804 porro
2664 3731 3016 3783 memoratos
3075 3724 3325 3781 codices.
3374 3726 3725 3787 Puteanum,

2076 3828 2475 3887 Pithoaanum,
2515 3818 2909 3882 Harlaeanum,
2966 3819 3024 3870 et
3080 3819 3399 3881 utrumque
3455 3806 3731 3865 Colberti-

2076 3933 2251 3979 num,
2284 3928 2417 3967 cum
2451 3910 2733 3965 adornata
2759 3923 2789 3959 a
2811 3902 3056 3976 Rigaltio
3116 3902 3371 3957 editione
3423 3898 3732 3969 diligenter

2082 4003 2465 4069 contulimus,
2500 4002 2670 4067 atque
2693 4011 2759 4049 ex
2789 3994 2896 4047 hac
2923 3989 3230 4046 collatione
3288 3988 3545 4059 plurima
3593 3999 3731 4039 sane

2076 4092 2421 4163 collegimus
2483 4088 2745 4139 diversas
2802 4080 3098 4146 lectiones,
3154 4094 3281 4148 quas
3318 4077 3388 4129 ab
3422 4069 3732 4163 illc,‘nulla

2085 4159 2479 4253 saepe—saepius
2516 4171 2743 4227 reddita
2776 4170 3016 4235 ratione,
3051 4167 3149 4221 srd
3186 4163 3439 4238 propria,
3473 4160 3558 4216 uti
3583 4159 3734 4214 vide-

2074 4252 2193 4337 tur,
2219 4265 2564 4323 auctoritate
2598 4277 2749 4331 saepe
2779 4258 2993 4329 saepius
3040 4260 3138 4310 aut
3172 4254 3405 4326 penitus
3437 4252 3728 4317 resecataa,
3832 4336 3839 4341 ε

2077 4360 2526 4416 autimmutataa
2570 4357 2727 4406 sunt.
2765 4349 3002 4403 Fatetur
3033 4346 3188 4400 enim
3224 4360 3284 4399 se
3316 4343 3546 4396 duobus
3573 4339 3726 4393 dun-

2075 4455 2258 4513 taxat,
2294 4446 2374 4501 uti
2412 4443 2689 4504 diximus,
2724 4437 3044 4497 codicibus,
3078 4434 3335 4488 Puteano
3365 4435 3421 4486 et
3468 4428 3719 4483 Pithcna-

2074 4554 2171 4603 no,
2195 4542 2250 4591 et
2279 4533 2457 4590 variis
2490 4527 2795 4585 Fuldensis
2829 4522 3178 4580 lectionibus
3211 4538 3387 4577 usum
3422 4519 3621 4574 fuisse.
3655 4519 3725 4571 At

2077 4627 2163 4682 hae
2196 4624 2471 4680 lectiones
2512 4618 2701 4674 alieno
2755 4614 2927 4687 plane
2978 4614 3031 4665 in
3090 4611 3215 4666 loco
3274 4610 3519 4664 inventis
3570 4610 3729 4676 sunt,

2088 4731 2193 4769 nec
2225 4712 2373 4768 scire
2402 4706 2694 4778 Rigaltius
2729 4701 2913 4774 potuit
2944 4718 2975 4755 a
3000 4717 3131 4769 quo,
3152 4702 3254 4754 aut
3286 4713 3401 4769 qua
3430 4694 3731 4763 diligentia

2087 4802 2336 4859 collecta:
2382 4796 2623 4854 fuerint.
2667 4793 2781 4847 Nec
2822 4790 3009 4861 magis
3065 4791 3429 4859 compertum
3504 4782 3729 4853 habuit,

2088 4896 2188 4947 aut
2218 4894 2369 4945 certe
2402 4884 2703 4941 neminem
2738 4878 3045 4935 admonuit
3078 4877 3249 4946 cujus
3306 4879 3453 4931 notae
3494 4877 3551 4929 et
3604 4876 3735 4927 aata-

2086 4981 2163 5036 tis
2195 4980 2272 5035 sit
2299 4979 2395 5034 ille
2417 4976 2596 5032 codex
2623 4968 2948 5037 Fuldensis,
2983 4969 3150 5038 cujus
3182 4969 3246 5021 ut
3278 4964 3597 5037 plurimum
3629 4978 3731 5017 au-

2086 5071 2355 5126 ctoritate
2386 5070 2604 5122 textum
2663 5058 3001 5114 immutavit
3056 5054 3419 5110 Tertulliani.
3480 5052 3624 5107 Nam
3666 5066 3735 5105 ex

2086 5160 2311 5216 collatis
2354 5172 2500 5211 nova
2531 5155 2662 5224 post
2694 5148 2860 5203 illum
2894 5164 3031 5201 cura
3085 5146 3363 5212 Puteano,
3395 5147 3452 5198 et
3483 5141 3728 5196 Pithosa-

2086 5268 2181 5320 no,
2215 5248 2463 5317 aliisque
2496 5238 2827 5297 memoratis
2888 5236 3209 5301 codicibus,
3260 5236 3433 5303 atque
3485 5229 3730 5286 diversis

2086 5318 2331 5395 aliorum
2366 5328 2744 5393 lectionibus,
2802 5324 2974 5397 plane
3028 5320 3556 5379 animadvertimus
3595 5318 3729 5373 illos

2084 5423 2546 5483 correctionibus
2605 5415 2838 5488 Rigaltii
2919 5412 3158 5470 omnino
3218 5410 3533 5466 adversari.
3592 5408 3733 5473 Quis

2082 5522 2276 5572 autem
2299 5514 2512 5569 dixerit
2531 5508 2769 5564 dubiam
2803 5505 2977 5561 unius
2998 5504 3297 5562 Faldensis
3318 5502 3533 5557 codicis
3557 5499 3730 5551 fidem

2096 5609 2181 5659 tot
2210 5604 2459 5658 aliorum
2518 5600 2574 5652 et
2604 5593 2913 5650 meliorum
2962 5598 3019 5649 et
3049 5594 3443 5666 antiquiorum
3478 5582 3727 5642 auctori-

2090 5694 2197 5750 tati
2230 5709 2358 5750 esse
2389 5684 2825 5747 anteferendam
2849 5683 2876 5738 ‘?
2898 5683 2979 5740 Ne
3000 5685 3134 5756 quis
3163 5699 3295 5739 vero
3318 5679 3485 5736 nobis
3508 5673 3725 5741 minus,
