4106 6178
520 315 628 377 831

1045 270 1571 373 TERTULLIANI
1619 306 1943 369 OPERUM
1987 307 2186 367 PAltS
2230 310 2278 368 Ι.
2306 341 2382 355 -
2409 311 2684 376 SERIES
2730 316 2778 390 l,
2823 312 3393 376 APOLOGETICA.

3778 313 3887 373 822

523 462 699 520 quam
757 443 841 498 illi
895 442 1250 498 credendum
1312 456 1439 495 esse
1496 438 1811 505 existimet,
1898 440 2164 511 quaedam
2196 442 2251 507 Α
2281 442 2418 499 alibi
2451 443 2569 502 haec
2602 445 2947 501 Tertulliani
2982 445 3152 501 verba
3186 446 3392 500 :Deum
3446 445 3717 515 tangimus
3745 445 3888 515 (Ibid.

528 531 907 607 proponenda
940 536 1078 585 sunt
1108 528 1450 599 hujusmodi
1476 528 1949 599 amputationum
1982 534 2038 583 et
2068 529 2173 583 im-

526 623 921 679 mutationum
976 622 1126 677 750
1158 616 1440 689 exempla.
1478 617 1537 671 In
1574 617 1761 689 primo
1804 618 2000 689 itaque
2031 620 2170 689 Apo-

521 713 743 779 logelz‘ci
764 710 949 781 capite
968 710 1087 764 haec
1114 714 1340 764 tantum
1358 707 1414 761 in
1439 707 1669 779 Rigaltii
1691 707 1942 763 editione
1965 707 2170 779 legun-

522 806 675 857 tur:
720 825 747 851 «
802 800 1017 855 Omnes
1076 800 1173 869 qui
1239 801 1387 852 retro
1447 799 1710 864 oderant,
1744 796 1881 869 quia
1939 797 2169 869 ignora-

525 892 687 960 bant,
721 889 896 945 simul
922 889 1199 944 desinunt
1257 888 1539 959 ignorare,
1569 907 1596 939 υ
1633 892 1736 942 etc.
1800 886 2168 957 (Tertullian.

527 981 802 1050 Apologet.
837 995 963 1049 cap.
1000 979 1052 1042 1,
1087 994 1142 1048 p.
1175 977 1320 1045 262).
1358 981 1419 1029 In
1459 976 1673 1031 nostris
1730 982 1924 1030 autem
1975 993 2168 1030 exem-

528 1068 791 1141 plaribus
825 1066 1245 1137 manuscriptis
1294 1082 1359 1120 ac
1412 1066 1705 1136 prioribus
1764 1066 2169 1121 editionibus:

533 1182 552 1207 οι
589 1162 803 1215 Omnes
835 1158 933 1228 qui
971 1161 1119 1211 retro
1152 1156 1413 1221 oderant,
1462 1155 1599 1225 quia
1622 1155 1971 1226 ignorabant
2002 1155 2173 1226 quale

529 1248 774 1319 sitquod
804 1248 1063 1309 oderant,
1103 1245 1279 1301 simul
1332 1244 1608 1300 desinunt
1650 1244 1936 1317 ignorare,
1975 1267 2000 1295 »
2060 1251 2170 1300 etc.

530 1338 780 1392 Videsne
812 1354 843 1391 a
875 1336 1121 1407 Rigaltio
1181 1336 1395 1404 rejecta
1443 1350 1570 1388 esse
1629 1334 1748 1388 huc
1808 1336 1983 1390 verba
2014 1336 2176 1405 quale

523 1426 600 1481 sit
629 1425 769 1496 quod
797 1425 1073 1479 oderant?
1107 1424 1310 1493 Neque
1342 1421 1554 1476 dixeris
1586 1440 1652 1478 ea
1712 1441 1745 1477 a
1791 1424 2173 1496 typographis

529 1513 749 1568 omissa
782 1514 985 1569 fuisse.
1044 1518 1185 1567 Nam
1239 1514 1507 1566 eumdem
1559 1513 1873 1584 Rigaltium
1926 1530 2173 1568 summas

528 1602 918 1674 negligentia,
981 1618 1085 1656 nec
1119 1600 1249 1670 ulli,
1295 1601 1393 1672 qui
1462 1601 1703 1656 editioni
1763 1602 2174 1672 hujuscemodi

527 1692 719 1762 operis
752 1691 1090 1763 praeficitur,
1124 1691 1521 1746 condonanda:
1580 1691 1905 1746 accusabis.
1969 1691 2175 1746 Postea

528 1797 662 1835 vero
694 1780 815 1835 haec
868 1796 969 1835 nec
1032 1779 1200 1850 plura
1250 1780 1307 1833 in
1366 1780 1567 1834 eadem
1626 1780 1859 1851 Rigaltii
1920 1781 2173 1835 editione

528 1868 820 1923 habentur
852 1887 864 1924 :
903 1892 930 1918 ι(
963 1869 1243 1923 Venerem
1280 1869 1538 1923 humana
1580 1870 1793 1937 sagitta
1825 1869 2170 1936 sauciatam,

528 1958 797 2022 Martem,
835 1982 855 2009 ι
893 1964 1001 2013 etc.
1052 1959 1209 2029 (Ibid.
1272 1975 1397 2029 cap.
1456 1959 1561 2029 14).
1620 1959 1680 2012 In
1734 1959 1939 2014 iisdem
1975 1965 2169 2014 autem

527 2047 701 2101 editis
736 2052 791 2101 et
822 2047 1239 2118 manuscriptis
1272 2047 1475 2102 libris:
1511 2071 1537 2097 ‹‹
1570 2048 1850 2103 Venerem
1910 2049 2171 2103 humana

529 2136 746 2206 sagitta
776 2136 1282 2207 sauciatam,quod
1311 2136 1495 2191 ﬁlium
1526 2155 1699 2192 suum
1732 2139 1988 2205 Aineam,
2025 2154 2170 2209 pene

529 2224 897 2280 interfectum
943 2227 1012 2280 ab
1069 2227 1269 2281 eodem
1335 2227 1625 2291 Diomede,
1685 2244 1886 2299 rapere
1952 2228 2167 2283 vellet:

531 2313 803 2383 Martem,
840 2316 1305 2386 netc.Numquid
1339 2332 1475 2388 ergo
1506 2322 1563 2371 et
1586 2317 1639 2370 id
1675 2317 2171 2388 typographorum

528 2403 852 2457 oscitantire
882 2408 983 2458 aut
1007 2405 1759 2461 festinationitribuendum
1792 2405 1813 2459 Ρ
1846 2406 1945 2460 Sin
1971 2411 2171 2461 autem

528 2492 813 2561 Rigaltius
838 2494 957 2548 hac
988 2511 1054 2549 ex
1087 2495 1369 2567 margine,
1440 2495 1525 2550 vel
1574 2494 1810 2550 aliunde
1859 2497 1917 2550 in
1948 2500 2172 2550 textum

526 2581 758 2637 intrusa
791 2584 1053 2652 putabat,
1088 2601 1192 2638 cur
1223 2601 1327 2639 nos
1378 2584 1555 2655 hujus
1612 2585 1996 2640 additamenti
2057 2602 2171 2639 non

531 2671 838 2726 admonuit
894 2673 921 2727 ?
974 2674 1080 2729 Sed
1141 2690 1267 2745 age,
1324 2681 1379 2730 et
1436 2676 1549 2729 alia
1601 2692 1668 2730 ex
1699 2677 1957 2731 auctoris
1990 2676 2173 2731 nostri

531 2764 688 2815 textu
724 2759 997 2816 similiter
1020 2769 1274 2818 resecuta
1300 2781 1603 2834 agnosces.
1638 2764 2014 2837 Alibiquippe
2043 2770 2174 2819 Ter-

531 2848 834 2917 tullianus,
895 2857 959 2905 ut
1003 2848 1295 2907 testantur
1344 2854 1523 2908 nostri
1576 2853 1823 2923 codices,
1885 2855 2173 2926 scriptum

534 2938 849 3010 reliquerat
881 2957 893 2995 :
932 2962 958 2993 α
984 2941 1172 2996 Dicam
1208 2942 1376 3012 plane
1406 2943 1815 3014 imperatorem
1847 2944 2173 3011 dominum,

536 3028 636 3081 sed
669 3044 802 3083 voce
834 3030 1150 3085 communi.
1185 3053 1211 3079 »
1246 3031 1408 3099 (Ibid.
1470 3048 1596 3102 cap.
1655 3032 1769 3101 34.)
1824 3037 1898 3084 At
1929 3030 2176 3102 Rigaltio

537 3115 655 3170 hzec
714 3117 827 3172 tria
886 3120 1206 3190 posteriora
1250 3120 1424 3174 verba
1495 3120 1695 3175 tollere
1754 3120 1992 3191 placuit.
2059 3121 2175 3175 Nec

532 3206 719 3260 multo
752 3208 995 3279 postille
1031 3225 1043 3262 :
1080 3232 1105 3257 «
1140 3210 1322 3263 Tanto
1356 3210 1520 3263 abest
1552 3215 1614 3263 ut
1658 3210 1976 3280 imperator
2021 3210 2173 3264 Deus

535 3295 740 3349 debeat
770 3296 905 3364 dici,
934 3314 1044 3351 non
1072 3298 1265 3365 modo,
1302 3319 1329 3345 »
1398 3304 1507 3352 etc.
1576 3298 1792 3353 Verum
1846 3299 1903 3353 in
1967 3299 2175 3353 iisdem

535 3384 967 3454 antiquioribus
999 3386 1430 3457 exemplaribus
1461 3389 1743 3458 scriptum
1777 3397 1860 3441 est
1891 3404 1902 3442 :
1938 3412 1963 3437 ‹‹
1992 3389 2175 3443 Tanto

538 3471 700 3526 abest
762 3477 824 3527 ut
876 3475 1193 3546 imperator
1250 3476 1362 3529 dici
1422 3476 1646 3542 debeat,
1684 3479 1836 3547 quod
1871 3478 2023 3532 credi
2059 3494 2175 3533 non

535 3566 749 3631 potest,
786 3578 897 3616 non
924 3563 1115 3625 modo,
1150 3585 1177 3611 »
1210 3568 1318 3617 etc.
1381 3564 1519 3628 Quis
1562 3565 1741 3636 igitur
1800 3565 1914 3619 haec
1946 3568 2118 3620 verba
2161 3583 2172 3621 :

536 3649 684 3717 Quod
707 3650 859 3704 credi
889 3667 995 3705 non
1015 3659 1207 3721 potest,
1269 3669 1336 3706 ex
1394 3656 1549 3707 textu
1607 3653 1868 3721 sustulit,
1904 3655 2016 3709 nisi
2059 3654 2174 3722 ille,

536 3738 637 3810 qui
668 3738 899 3795 inutilia
930 3746 986 3795 et
1016 3757 1378 3812 supervacua
1408 3759 1534 3798 esse
1566 3744 2000 3799 arbitrabatur?

610 3954 756 4019 Quid
788 3972 943 4025 vero,
978 3960 1133 4028 quod
1172 3975 1284 4013 non
1319 3960 1488 4014 modo
1521 3959 1730 4030 excisa,
1764 3960 1863 4015 sed
1908 3964 2179 4031 transpo-

538 4044 651 4099 sita
682 4051 819 4100 sunt
850 4047 922 4100 ab
953 4063 1020 4102 eo
1052 4047 1253 4102 isthmc
1285 4048 1626 4103 Tertulliani
1660 4049 1831 4104 verba
1874 4067 1886 4104 :
1932 4071 1959 4099 «
1993 4050 2183 4104 Licuit

538 4134 837 4205 Epicureis
869 4135 1123 4205 aliquam
1158 4138 1467 4193 decernere
1498 4138 1815 4210 voluptatis
1853 4139 2180 4194 veritatem.

543 4223 664 4286 Quo
697 4240 796 4278 vos
828 4225 1200 4292 offendimus,
1236 4226 1283 4281 si
1307 4226 1450 4281 alias
1484 4228 1894 4298 praesumimus
1926 4228 2186 4298 volupta-

543 4311 675 4366 tes?
703 4312 758 4365 Si
794 4312 1068 4368 oblectari
1102 4316 1417 4371 novissime
1446 4316 1741 4383 nolumus,
1795 4323 1990 4371 nostra
2031 4316 2183 4385 inju-

544 4400 631 4455 ria
660 4406 767 4467 est,
798 4402 846 4456 si
878 4403 1021 4458 forte
1045 4421 1157 4458 non
1184 4410 1394 4459 vestra.
1470 4405 1580 4460 Sed
1640 4407 2015 4474 reprobamus
2060 4421 2184 4475 qua)

548 4489 780 4559 placent
808 4492 972 4546 vobis
998 4510 1010 4560 ;
1034 4509 1135 4547 nec
1166 4510 1271 4548 nos
1291 4492 1809 4549 nostradelectant.
1840 4516 1866 4543 «
1889 4494 2184 4563 (Ibid.cap.

2283 550 2331 587 c.
2359 536 2468 605 40).

2352 625 2520 679 Aliud
2555 627 2746 682 adhuc
2778 624 3189 698 hujuscemodi
3227 621 3694 678 immutationum
3717 638 3887 677 exem-

2284 712 2439 783 plum
2476 715 2521 770 si
2556 716 2719 784 velis,
2744 734 2857 771 non
2891 716 3062 788 longe
3086 712 3461 785 quaerendum
3492 711 3722 766 est.Non
3751 710 3886 765 enirn

2282 803 2465 858 multo
2496 810 2625 875 post
2657 804 2752 860 ille
2786 805 2905 860 haec
2938 805 2995 857 in
3029 804 3234 859 eodem
3256 799 3595 856 Tertulliani
3624 804 3770 854 textu
3786 817 3891 853 mu-

2282 892 2424 946 tavit
2453 894 2743 949 editorum
2779 902 2833 949 et
2865 889 3679 961 codicummanuscriptorum
3703 888 3889 942 verba:

2281 982 2400 1035 Non
2463 981 2619 1037 lav0r
2675 982 2947 1047 diluculo,
3010 982 3105 1036 ubi
3168 979 3344 1035 scribi
3393 978 3891 1049 jussitzNonlavo

2280 1073 2381 1125 sub
2414 1076 2637 1126 noctem.
2665 1072 2839 1127 Plura
2878 1071 2993 1127 alia
3023 1071 3199 1141 hujus
3232 1069 3360 1123 libri
3411 1068 3536 1122 loca
3582 1084 3613 1121 a
3670 1065 3889 1137 Rigaltio

2284 1161 2499 1230 pariter
2533 1162 2671 1217 751
2714 1160 3083 1231 interpolata,
3120 1158 3389 1229 maleque
3448 1154 3721 1211 mulctata
3776 1173 3891 1226 pos-

2284 1256 2414 1303 sent
2444 1249 2609 1303 facile
2643 1251 2906 1321 proferri.
2942 1250 3049 1304 Sed
3107 1247 3179 1302 iis
3238 1245 3608 1301 recensendis
3644 1260 3803 1311 nunc,
3834 1261 3891 1298 ne

2283 1341 2485 1394 eadem
2526 1346 2880 1412 repetantur,
2916 1338 3417 1410 supersedendum
3469 1353 3597 1392 esse
3627 1336 3893 1401 duximus,

2284 1428 2363 1483 De
2423 1429 2536 1483 illis
2593 1430 2911 1494 enimvero,
2971 1445 3097 1500 qua:
3150 1428 3392 1495 majoris
3446 1424 3719 1480 momenti
3757 1429 3891 1487 sunt,

2285 1518 2418 1573 data
2451 1517 2696 1573 inferius
2728 1518 3033 1573 occasions
3063 1516 3357 1588 agendum
3408 1515 3536 1570 erit.
3586 1514 3894 1569 Decrevera-

2285 1624 2418 1661 mus
2450 1608 2684 1678 quidem
2719 1624 2922 1662 omnes
2955 1624 3195 1679 prorsus
3252 1604 3343 1659 vel
3404 1622 3436 1658 a
3494 1603 3678 1672 nobis,
3733 1600 3809 1656 vel
3836 1600 3894 1653 ab

2285 1695 2414 1750 aliis
2446 1702 2716 1767 excerpta
2748 1697 3037 1750 variantes
3073 1695 3319 1765 hujusce
3365 1692 3500 1747 libri
3552 1691 3810 1745 lectiones
3837 1688 3895 1742 ad

2285 1789 2495 1839 nostrae
2530 1784 2965 1840 dissertationis
2992 1782 3209 1839 calcem
3243 1786 3680 1854 repraesentare.
3712 1783 3895 1833 Verum

2282 1874 2419 1945 quia
2451 1892 2605 1930 unus
2627 1890 2655 1929 e
2687 1873 2988 1929 soladibus
3023 1873 3262 1940 nostris,
3296 1872 3395 1942 qui
3422 1869 3761 1925 adornanda
3798 1883 3895 1920 om-

2280 1964 2443 2017 nium
2495 1964 2837 2018 Tertulliani
2897 1963 3178 2017 librorum
3225 1960 3473 2016 editioni
3523 1958 3772 2014 sedulam
3811 1958 3892 2010 dat

2280 2070 2537 2124 operam,
2564 2053 2825 2125 poposcit
2852 2053 3003 2107 hanc
3035 2050 3143 2106 sibi
3168 2050 3532 2122 provinciam
3564 2044 3891 2111 demandari,

2280 2142 2631 2213 aequioribus
2673 2142 2835 2196 illius
2892 2142 3043 2196 votis
3103 2138 3592 2195 satisfaciendum
3632 2154 3752 2193 esse
3779 2152 3891 2189 cen-

2284 2232 2535 2287 suimus.
2585 2232 2667 2287 Ad
2704 2231 3071 2303 propositum
3129 2230 3326 2301 itaque
3360 2233 3629 2283 nostrum
3661 2226 3892 2282 sufﬁcere

2283 2321 2639 2376 arbitramur
2666 2322 2956 2392 praecipua
2988 2336 3051 2374 ac
3085 2323 3285 2373 notatu
3322 2318 3506 2389 digna
3562 2316 3621 2371 in
3674 2315 3769 2370 hac
3796 2312 3894 2367 dis-

2284 2409 2598 2464 sertatione
2669 2409 2929 2463 indicare
2978 2411 3270 2479 corrupta,
3328 2406 3691 2476 interpolata,
3734 2402 3895 2457 excisa

2283 2504 2339 2553 et
2372 2500 2681 2553 immutata
2737 2498 3079 2553 Tertulliani
3132 2497 3307 2551 verba
3354 2500 3422 2550 ut
3479 2496 3607 2566 ejus
3662 2508 3813 2549 mens
3852 2493 3896 2544 et

2286 2588 2576 2641 sententia
2607 2587 2794 2659 possit
2820 2587 2891 2641 ab
2925 2586 3201 2641 omnibus
3252 2583 3486 2639 facilius
3520 2581 3773 2653 intelligi.

2900 2721 3217 2760 ARTICULUS
3262 2721 3324 2758 ΙΙ.

2284 2797 2359 2851 De
2388 2796 2559 2850 variis
2614 2795 2779 2866 hujus
2826 2794 3183 2866 Apologetz'ei,
3217 2793 3570 2866 aliorumque
3610 2786 3897 2846 Tertulliani

2762 2867 3029 2920 librorum
3060 2865 3420 2919 editionibus.

2360 2988 2550 3038 Pauca
2583 2983 2834 3054 profecto
2868 2982 3131 3036 invenias
3204 2985 3469 3035 veterum
3520 2978 3779 3033 Ecclesiae
3819 2974 3895 3027 Pa-

2287 3078 2441 3128 trum
2476 3090 2670 3145 opera,
2706 3090 2830 3143 quze
2864 3071 3074 3142 saepius
3106 3071 3256 3143 typis
3281 3071 3563 3125 mandata
3593 3068 3724 3133 sint,
3748 3079 3894 3136 quam

2206 3183 2248 3249 α
2288 3162 2380 3217 hic
2413 3162 2819 3234 APOIOgeticus
2879 3161 3123 3232 aliaeque
3179 3158 3531 3249 Tertulliani
3580 3153 3896 3249 lucubratio-

2288 3269 2410 3307 nes.
2436 3252 2633 3323 Neque
2666 3251 2761 3306 ille
2793 3250 2965 3305 simul
3012 3266 3147 3304 cum
3174 3248 3305 3303 istis
3362 3253 3619 3312 tantum,
3647 3245 3741 3301 sed
3772 3258 3899 3297 seor-

2286 3342 2395 3395 sim
2432 3356 2663 3411 quoque
2701 3334 2919 3412 publici
2944 3339 3099 3410 juris
3132 3339 3319 3392 factus
3352 3343 3467 3392 est.
3500 3337 3643 3392 Nam
3692 3335 3738 3388 is
3759 3330 3896 3386 solus

2287 3445 2355 3484 ex
2411 3429 2907 3501 typographorum
2964 3428 3195 3483 ofﬁcina
3278 3426 3581 3498 publicam
3625 3425 3682 3479 in
3738 3422 3896 3476 lucem

2287 3518 2483 3573 studio
2506 3535 2572 3573 ac
2604 3536 2745 3573 cura
2762 3517 3010 3573 Joannis
3033 3516 3307 3587 Baptista;
3335 3516 3570 3586 Egnatii
3602 3513 3780 3569 exivit.

2359 3608 2553 3663 Altera
2592 3612 2785 3662 autem
2854 3608 3027 3677 hujus
3077 3607 3410 3676 Apologetici
3463 3604 3639 3661 editio
3695 3597 3897 3655 Lutetia:

2288 3697 2645 3752 Parisiorum
2696 3696 2849 3751 facta
2903 3703 2992 3751 est
3045 3711 3197 3750 anno
3249 3694 3410 3759 1613,
3448 3693 3643 3749 labore
3680 3695 3733 3746 et
3754 3701 3899 3759 opera

2288 3787 2574 3842 Desiderii
2605 3784 2859 3853 Heraldi,
2884 3786 2983 3856 qui
3008 3784 3081 3855 ei,
3116 3788 3180 3839 ut
3209 3801 3315 3839 suo
3348 3782 3478 3838 loco
3509 3777 3898 3838 adnotavimus.

2292 3875 2364 3931 Μ.
2400 3875 2634 3930 Minucii
2668 3875 2874 3930 Felicis
2929 3874 3229 3930 Octavium
3274 3873 3585 3942 subjunxit
3627 3865 3895 3941 (Disseruit.

2290 3965 2349 4019 in
2385 3966 2593 4020 Minue.
2622 3964 2801 4019 Octav.
2838 3979 2966 4034 cap.
2999 3966 3053 4026 2,
3077 3966 3183 4016 art.
3212 3961 3289 4028 3).

2363 4056 2546 4108 Antea
2574 4069 2707 4108 vero
2730 4058 2786 4107 et
2816 4056 3016 4123 postea
3062 4049 3159 4105 ille
3215 4050 3599 4122 Apologeticus
3629 4046 3766 4101 liber
3792 4055 3899 4097 cum

2294 4143 2423 4197 aliis
2464 4140 2810 4196 Tertulliani
2844 4140 3121 4212 operibus
3153 4145 3254 4194 aut
3285 4140 3588 4211 plurimis,
3622 4140 3718 4192 aut
3742 4128 3901 4188 omni-

2293 4232 2405 4286 bus
2438 4231 2677 4301 publieae
2710 4230 2822 4285 luci
2859 4231 3031 4285 datus
3062 4229 3190 4283 fuit.
3224 4227 3560 4299 Prmcipuas
3609 4228 3786 4281 autem
3820 4234 3899 4274 e0-

2294 4337 2425 4375 rum
2486 4319 2770 4374 editiones
2825 4323 2890 4373 ut
2957 4317 3209 4374 breviter
3256 4331 3690 4383 recenseamus,
3745 4310 3902 4382 primo

2296 4409 2533 4479 quidem
2569 4409 2773 4463 Beatus
2800 4406 3115 4462 Rhenanus
3165 4404 3265 4459 illa
3311 4404 3557 4460 Basileae
3598 4416 3742 4458 anno
3773 4394 3903 4460 1521,

2297 4513 2361 4551 ac
2383 4497 2593 4552 deinde
2618 4513 2768 4551 anno
2808 4497 2960 4560 I528,
3010 4495 3165 4566 typis
3223 4494 3434 4549 excudi
3464 4491 3703 4547 curavit.
3735 4491 3804 4541 Ex
3831 4482 3904 4537 his

546 4555 662 4650 E38.)
697 4579 757 4633 In
818 4580 947 4636 aliis
999 4555 1135 4637 ivero
1186 4584 1607 4638 vetustioribus
1662 4582 1834 4638 editis
1893 4555 1949 4637 et
2006 4555 2183 4637 manu
2217 4555 2263 4618 D
2295 4590 2487 4641 autem
2521 4585 2881 4640 editionibus
2932 4555 3271 4638 gné‘annis
3332 4582 3491 4650 1525,
3534 4579 3667 4635 1536
3694 4581 3746 4632 et
3775 4570 3904 4636 1538,

548 4669 798 4724 exaratis
828 4670 1127 4725 codicibus
1163 4689 1174 4726 :
1210 4694 1235 4721 «
1275 4674 1396 4737 Quo
1425 4689 1525 4727 vos
1557 4671 1930 4739 oti‘endimus,
1966 4672 2014 4727 si
2041 4671 2185 4727 alias

546 4760 960 4829 prresumimus
982 4760 1356 4832 voluptates?
1386 4760 1441 4814 Si
1474 4760 1749 4816 oblectari
1808 4762 2037 4817 novisse
2094 4777 2184 4815 vo-

545 4845 766 4913 lumus,
801 4854 1002 4904 nostra
1032 4849 1247 4919 injuria
1278 4854 1386 4916 est,
1428 4850 1477 4905 si
1512 4849 1657 4905 forte
1689 4855 1906 4920 nostra,
1944 4866 2054 4904 non
2088 4867 2185 4906 ve-

546 4941 687 4992 stra.
722 4938 829 4992 Sed
864 4938 1243 5008 reprobamus
1303 4955 1427 5009 quas
1460 4937 1690 5010 placent
1734 4939 1915 5008 vobis,
1950 4956 2054 4995 nec
2085 4956 2185 4994 vos

544 5030 745 5081 nostra
776 5026 1082 5081 delectant.
1116 5028 1220 5081 Sed
1259 5027 1425 5083 licuit
1467 5030 1762 5099 Epicureis
1793 5029 2047 5100 aliquam
2084 5030 2181 5084 de-

545 5131 779 5169 cernere
805 5114 1118 5185 voluptatis
1149 5117 1473 5187 veritatem,
1508 5118 1564 5171 id
1598 5122 1706 5185 est,
1742 5119 1919 5173 animi
1954 5119 2188 5188 aequita-

547 5208 660 5257 tem
696 5208 752 5258 et
783 5202 975 5274 ampla
1002 5204 1232 5275 negotia
1264 5205 1621 5261 Christianae.
1655 5227 1680 5258 η
1729 5208 1835 5261 Sed
1887 5206 1995 5262 hoc
2049 5208 2184 5262 ulti-

550 5308 707 5346 mum
733 5287 971 5347 verbum
1004 5293 1330 5349 Christianae
1364 5294 1421 5348 in
1479 5295 1651 5350 editis
1697 5313 1809 5351 non
1870 5297 2182 5353 invenitur.

546 5380 691 5443 Quid
726 5398 861 5453 ergo
895 5385 916 5437 P
946 5382 1241 5454 Numquid
1274 5389 1509 5456 propter
1539 5384 1645 5439 hoc
1691 5385 1879 5442 solum
1920 5388 2185 5455 verbum,

549 5471 621 5526 ab
652 5472 939 5528 oscitante
971 5472 1206 5528 librario
1240 5479 1591 5545 praepostere
1622 5476 1910 5544 additum,
1946 5477 2032 5532 fas
2082 5476 2186 5532 ali-

547 5562 638 5616 cui
673 5561 781 5616 fuit
815 5565 1035 5617 textum
1069 5561 1410 5617 Tertulliani
1452 5562 1786 5632 immutare,
1841 5570 2184 5635 pervertere,

2295 4676 2496 4731 eodem
2526 4674 2697 4746 plane
2730 4674 2901 4730 modo
2936 4672 3241 4744 divulgata:
3268 4674 3410 4726 sunt.
3444 4688 3458 4725 :
3494 4669 3609 4725 alia
3633 4682 3759 4722 vero
3779 4674 3905 4718 anno

2302 4765 2435 4818 1562
2464 4764 2620 4819 curis
2660 4762 3023 4835 Sigismundi
3054 4760 3271 4817 Gelenii
3332 4759 3394 4814 in
3425 4759 3633 4830 vulgus
3666 4748 3903 4828 prodivit.

2294 4857 2440 4908 Tum
2473 4853 2682 4909 deinde
2712 4870 2865 4909 anno
2896 4852 3056 4920 1580,
3089 4850 3262 4905 aliam
3295 4854 3558 4905 Henetus
3592 4840 3907 4901 Laurentius

2297 4941 2442 4997 dela
2474 4942 2646 4997 Barre
2678 4943 2846 4997 nobis
2878 4940 3228 5013 procuravit,
3263 4955 3381 5010 qua
3417 4934 3753 4992 Tertulliani
3776 4942 3908 4984 com—

2297 5030 2685 5086 mentationes
2716 5035 2997 5096 veterum,
3058 5034 3125 5085 ut
3155 5029 3281 5101 ipse
3311 5028 3412 5095 ait,
3445 5032 3504 5081 et
3553 5020 3906 5081 recentiorum

2297 5119 2717 5192 exemplarium
2751 5119 3060 5175 collatione
3092 5118 3409 5173 emendatae
3469 5115 3722 5169 fuerunt.
3766 5101 3909 5200 Nulla

2298 5216 2491 5266 autem
2546 5210 2755 5265 horum
2814 5209 3098 5264 librorum
3130 5206 3303 5262 editio
3338 5202 3725 5275 multiplicata
3752 5206 3911 5264 magls

2299 5300 2428 5365 fuit,
2460 5315 2637 5369 quam
2671 5298 2788 5365 illa,
2823 5314 2949 5368 qua:
2984 5300 3221 5352 curante
3250 5294 3465 5350 Jacobo
3499 5287 3909 5349 Pamelio,aun0

2301 5390 2459 5456 1579,
2497 5388 2785 5460 publicam
2818 5387 2877 5442 in
2907 5386 3099 5442 lucem
3139 5386 3357 5440 emissa
3386 5386 3492 5439 est.
3547 5384 3693 5434 Nam
3724 5392 3786 5430 ea
3806 5384 3911 5460 rur-

2302 5495 2403 5535 sus
2463 5457 2633 5531 annis
2692 5478 2852 5544 1579,
2908 5477 3067 5545 1584,
3130 5474 3288 5544 1596,
3352 5472 3507 5539 1597,
3569 5467 3723 5527 1599,
3780 5457 3910 5552 leas.

2304 5564 2646 5633 1616,1627,
2681 5567 2839 5635 1658,
2873 5566 3013 5621 4662
3052 5567 3109 5619 et
3158 5563 3316 5633 1664,
3371 5556 3542 5617 variis
3591 5568 3789 5611 recusa
3824 5548 3913 5602 fuit

548 5653 894 5709 detruncare
922 5653 949 5709 ?
980 5651 1169 5709 Simili
1201 5657 1394 5709 tamen
1446 5652 1615 5709 modo
1648 5651 1935 5726 Rigaltius
1979 5655 2192 5713 delevit
2301 5654 2363 5709 in
2386 5653 2623 5727 Europaa
2647 5654 2913 5713 urbibus.
