4106 6178
206 349 313 409 833

920 350 999 410 IN
1044 349 1648 412 APOLOGETICUM
1695 351 1767 409 D.
1817 349 1913 409 LE
1956 351 2284 414 NOURRY
2327 354 2863 425 DISSERTATIO.

3479 374 3602 435 834

272 482 551 537 Praaterea
574 482 897 540 Ludovicus
920 485 990 540 de
1020 484 1077 541 la
1097 485 1299 553 Cerda,
1328 482 1644 555 primarius
1682 482 1836 553 apud
1868 487 1920 553 Α
1952 500 2064 547 res,
2097 488 2192 553 qui
2232 487 2288 541 in
2342 490 2584 546 edendis
2623 494 2965 553 Tertulliani
3016 499 3184 557 libris
3241 519 3441 559 curam
3484 505 3604 562 im-

209 571 314 627 RR.
348 572 676 628 esocietate
731 574 870 630 Jesu
898 574 1097 629 Patres
1155 573 1455 643 theologia:
1525 571 1841 644 professor,

208 677 344 715 novo
375 659 577 716 labore
638 664 919 732 novisque
979 663 1136 718 curis
1196 662 1475 734 pleraque
1525 660 1847 733 publicavit

207 748 542 805 Tertulliani
571 767 786 821 opera:
819 752 917 806 sed
954 768 1021 807 ea
1065 751 1384 821 praesertim
1445 750 1662 820 omisit,
1717 767 1843 820 quas

208 840 271 893 ab
301 837 401 892 illo
433 839 719 895 adversus
748 839 1100 895 Marcionem
1151 846 1207 894 et
1250 838 1598 894 catholicam
1658 838 1845 894 Eccle-

206 928 339 982 siam
363 925 584 999 scripta
615 934 772 982 sunt.
801 928 1040 983 Duobus
1089 933 1283 983 tamen
1317 928 1493 983 tomis
1552 944 1619 982 ea
1678 944 1841 982 com-

208 1016 404 1086 plexus
425 1021 533 1083 est,
569 1016 669 1087 qui
702 1015 870 1071 annis
901 1017 1065 1081 1624,
1117 1017 1253 1071 1630
1287 1033 1351 1071 ac
1386 1017 1517 1070 1641
1582 1032 1611 1071 e
1662 1016 1843 1088 prebo

207 1104 490 1160 exierunt.

271 1202 441 1249 Anno
492 1197 689 1249 autem
752 1194 910 1264 1634,
964 1194 1239 1250 Nicolaus
1290 1193 1580 1266 Rigaltius
1644 1193 1844 1250 omnia

209 1299 435 1355 quoque
464 1281 809 1337 Tertulliani
843 1299 1039 1353 opera,
1086 1300 1200 1339 uno
1233 1288 1389 1338 tomo
1420 1282 1847 1355 comprehensa

206 1389 344 1428 novo
420 1372 571 1429 752
648 1372 845 1427 studio
927 1372 1209 1443 novisque
1268 1372 1423 1445 typis
1474 1373 1564 1427 edi
1600 1373 1845 1427 curavit.

269 1462 379 1516 Sed
404 1462 555 1531 quod
588 1462 659 1516 ad
680 1460 1159 1533 Apologeticum,
1188 1463 1259 1517 de
1298 1480 1414 1534 quo
1450 1480 1602 1519 nunc
1651 1463 1848 1534 dispu-

206 1556 421 1619 tamus,
457 1549 673 1605 librum
705 1551 939 1618 attinet,
965 1551 1094 1621 jam
1128 1552 1653 1607 animadvertimus
1682 1550 1851 1622 plura

208 1640 273 1694 ab
304 1638 408 1693 illo
439 1638 500 1692 in
551 1638 821 1693 Africano
880 1639 1166 1710 scriptore
1224 1644 1447 1707 nostro,
1504 1657 1604 1711 pro
1659 1640 1849 1707 libito,

209 1726 558 1798 propriaque
589 1725 955 1792 auctoritate,
988 1728 1169 1781 variis
1203 1728 1261 1781 in
1308 1728 1451 1783 locis
1511 1728 1849 1796 immutata,

208 1816 587 1887 transposita,
621 1820 795 1888 atque
827 1816 1003 1870 etiam
1035 1816 1269 1886 penitus
1298 1815 1512 1871 excisa.

274 1904 672 1976 Subsequenti
704 1908 898 1959 tamen
932 1921 1085 1960 anno
1121 1906 1279 1973 1635,
1309 1904 1489 1960 altera
1521 1910 1651 1977 post
1682 1923 1849 1961 eum-

210 1996 331 2049 dem
370 1992 694 2067 Rigaltium
727 1993 904 2048 editio
946 1994 1185 2049 Parisiis
1217 2012 1284 2050 ex
1353 1997 1854 2068 typographorum

208 2082 376 2139 exivit
407 2081 661 2137 ofﬁcina.
694 2081 803 2147 Qui
837 2099 970 2138 vero
994 2083 1076 2138 illi
1113 2085 1461 2156 praepositus
1493 2087 1660 2152 est,is
1692 2086 1854 2143 nullo

211 2174 465 2247 amplius
497 2173 899 2244 manuscripto
930 2175 1125 2229 codice
1185 2193 1349 2243 usus,
1410 2176 1593 2231 voluit
1636 2176 1852 2234 librum

213 2262 557 2319 Tertulliani
590 2264 657 2317 de
689 2264 868 2317 Pallio
905 2268 961 2318 et
1009 2264 1418 2334 Apologeticum
1466 2267 1533 2320 ad
1590 2266 1849 2333 Pamelii,

208 2354 465 2427 reliquos
498 2370 703 2409 omnes
728 2354 800 2408 ad
836 2354 1070 2425 Rigaltii
1097 2372 1374 2410 numeros
1406 2357 1853 2413 recudi.Verum

209 2443 565 2514 prmfationis
618 2446 824 2497 auctor
869 2443 927 2497 in
980 2443 1089 2498 hoc
1141 2443 1312 2515 plane
1374 2445 1627 2515 aberrat,
1698 2448 1853 2516 quod

206 2533 391 2587 editos
414 2532 487 2586 ab
518 2530 972 2602 Rigaltiolibros
1004 2534 1067 2588 de
1117 2534 1304 2589 Pallio
1352 2538 1406 2588 et
1452 2534 1855 2605 Apologetz'cum

208 2623 285 2678 sic
314 2620 606 2693 perfectos
638 2636 766 2675 esse
798 2621 1117 2688 existimet,
1164 2628 1227 2677 ut
1270 2623 1451 2678 videri
1504 2625 1729 2695 possint
1782 2626 1852 2680 ab

207 2710 298 2766 illo
326 2710 451 2765 luci
476 2709 720 2783 publicae
760 2711 1015 2782 primum
1053 2712 1276 2768 donati.
1311 2711 1455 2767 Nam
1491 2729 1559 2767 ex
1589 2712 1685 2767 his
1726 2730 1853 2784 quas

211 2800 384 2872 paulo
428 2804 563 2855 ante
622 2798 976 2867 notavimus,
1038 2804 1095 2855 et
1154 2804 1353 2871 postea
1411 2801 1851 2869 annotabimus,

213 2889 339 2959 quis
363 2905 481 2943 non
504 2887 697 2943 videat
755 2887 912 2942 hunc
971 2887 1188 2959 librum
1223 2906 1255 2943 a
1278 2889 1530 2960 Rigaltio
1579 2890 1851 2960 pluribus

213 2978 269 3031 in
289 2977 439 3032 locis
472 2976 666 3049 potius
716 2981 1056 3048 corruptum
1092 2978 1294 3043 fuisse,
1351 2995 1522 3046 quam
1571 2980 1851 3037 emenda.-

203 3069 322 3121 tum
353 3065 382 3119 ?
414 3068 580 3121 Anno
614 3065 999 3121 nihilominus
1034 3066 1191 3131 1641,
1225 3070 1347 3121 tota
1378 3065 1477 3121 illa
1507 3068 1633 3137 ipsa
1672 3067 1849 3122 editio

198 3155 573 3210 talisiterum
609 3154 1053 3226 atypographis
1075 3171 1289 3210 excusa
1345 3159 1454 3221 est,
1522 3154 1714 3226 qualis
1776 3156 1846 3210 ab

204 3247 409 3299 eodem
442 3244 693 3316 Rigaltio
725 3246 1008 3299 adornata
1027 3245 1234 3298 fuerat.

262 3336 400 3400 Qum
437 3349 606 3404 porro
636 3333 742 3387 has
773 3332 1058 3387 editiones
1091 3337 1460 3403 exceperunt,
1496 3349 1571 3388 eaa
1604 3334 1673 3388 ad
1709 3334 1833 3389 nul-

190 3420 301 3477 lius
332 3421 618 3493 deinceps
654 3421 1039 3493 manuscripti
1071 3420 1310 3487 codicis,
1344 3423 1443 3477 sed
1496 3423 1840 3494 Rigaltianae

191 3514 426 3566 tantum
458 3510 632 3565 ﬁdem
666 3511 958 3565 adornata:
1000 3516 1158 3566 sunt.
1194 3511 1449 3566 Priorem
1483 3529 1551 3567 ex
1604 3513 1672 3567 iis
1707 3531 1842 3585 pro-

185 3599 412 3655 curavit
434 3600 718 3669 Georgius
740 3599 1459 3664 Ambianensis,minorita
1480 3600 1838 3671 Capucinus.

188 3685 324 3743 Tres
356 3691 558 3742 autem
589 3703 717 3741 eam
750 3686 948 3741 divisit
976 3687 1034 3741 in
1068 3692 1278 3752 tomos,
1314 3706 1563 3759 quorum
1610 3692 1841 3762 primus

190 3790 337 3831 anno
395 3776 555 3840 1646,
607 3775 905 3830 secundus
962 3792 1117 3830 anno
1169 3777 1331 3843 1648,
1364 3782 1421 3833 et
1446 3780 1652 3834 tertius
1685 3798 1838 3837 anno

188 3863 319 3917 1650
348 3863 688 3934 divulgatus
722 3863 850 3919 luit.
900 3863 1198 3936 Insignem
1259 3882 1392 3921 vero
1452 3868 1695 3938 praeﬁxit
1733 3870 1839 3925 toti

187 3952 341 4023 operi
390 3951 625 4007 titulum
677 3953 1005 4008 Tertulliani
1048 3954 1301 4022 redivivi,
1374 3956 1613 4026 perinde
1663 3974 1728 4012 ac
1788 3958 1839 4014 si

188 4050 421 4097 mortua
450 4042 833 4098 eruditissimi
864 4041 1023 4097 illius
1050 4043 1306 4098 Africani
1356 4060 1531 4115 opera
1555 4046 1624 4099 ad
1655 4045 1837 4103 vitam

188 4135 537 4187 revocasset.
559 4131 717 4186 Nihil
750 4132 1009 4203 profecto
1060 4148 1297 4188 necesse
1328 4137 1419 4188 est
1450 4140 1717 4189 nostrum
1767 4138 1839 4191 de

186 4218 290 4276 hac
322 4219 712 4293 inscriptione
742 4226 983 4292 totaque
1009 4222 1266 4277 editione
1298 4223 1837 4294 interponerejudi-

184 4310 889 4381 cinmgquaudoquidem
950 4309 1049 4364 alii
1112 4328 1290 4381 quam
1351 4311 1591 4383 plurimi
1640 4330 1835 4376 suum,

182 4414 281 4453 nec
312 4398 466 4453 illud
498 4399 730 4469 quidem
765 4398 931 4454 valde
962 4397 1354 4454 honoriﬁcum
1421 4400 1640 4457 affatim
1689 4403 1835 4459 tule-

179 4491 333 4542 runt.
370 4487 627 4551 Quidam
669 4492 866 4542 tamen
900 4487 1117 4543 eruditi
1153 4487 1265 4541 viri
1294 4487 1467 4560 plura
1490 4507 1630 4546 sane
1661 4492 1719 4547 in
1769 4510 1835 4549 ea

182 4574 462 4632 laudibus
494 4576 650 4633 haud
678 4576 1000 4643 immerito,
1047 4577 1131 4632 uti
1165 4577 1341 4650 paulo
1399 4585 1532 4651 post
1588 4581 1812 4637 dicetur

178 4664 356 4738 digna
381 4666 675 4738 judicant.

246 4756 533 4811 Secundae
563 4756 801 4811 tandem
831 4760 962 4825 post
994 4755 1317 4828 Rigaltium
1370 4759 1635 4815 omnium
1695 4763 1834 4817 Ter-

180 4844 409 4901 tulliani
440 4861 681 4916 operum
744 4845 987 4900 editioni
1037 4844 1266 4916 prmfuit
1326 4846 1634 4919 Philippus
1672 4850 1833 4906 Prio-

180 4934 323 5002 rius,
356 4934 460 5006 qui
494 4934 661 4989 illam
722 4951 876 4990 anno
940 4936 1078 4990 1664
1108 4935 1381 4992 absolvit.
1428 4938 1537 4993 Sed
1575 4939 1721 4995 nihil
1781 4943 1831 4997 ei

177 5026 242 5082 de
270 5044 420 5083 novo
455 5026 705 5093 addidit,
741 5025 853 5081 nisi
889 5026 1120 5096 brevem
1145 5028 1216 5083 de
1246 5028 1589 5083 Tertulliani
1626 5048 1639 5085 :
1699 5032 1833 5088 Vita

177 5120 228 5169 et
250 5116 431 5170 nevis
463 5114 1071 5185 dissertatiunculam,
1102 5132 1207 5171 nec
1258 5117 1656 5188 interruptum
1716 5122 1829 5177 im-

178 5209 433 5274 portuna
466 5208 740 5258 notarum
801 5202 955 5258 mole
1016 5208 1265 5269 textum,
1315 5222 1609 5278 novosque
1664 5212 1830 5281 typo-

177 5307 356 5365 grapo
366 5308 496 5348 rum
529 5308 774 5349 errores.

769 5433 1094 5473 ARTICULUS
1134 5434 1220 5473 III.

172 5506 239 5560 De
286 5508 577 5562 variorum
652 5508 737 5579 in,
770 5506 1098 5562 Tertulliani
1151 5507 1552 5579 Apologetz'cum
1616 5511 1832 5569 scholiis

382 5578 837 5651 paraphrasibus,
872 5581 1016 5634 notis
1054 5584 1107 5634 et
1131 5578 1618 5637 observationibus.

238 5685 446 5743 Plures
476 5702 620 5742 sane
649 5686 809 5742 varia
839 5686 1166 5743 eruditione
1219 5688 1526 5759 conspicui
1585 5689 1830 5763 scripto-

1954 575 2302 647 penderunt,
2339 586 2441 634 aut
2470 580 2625 636 aliud
2659 583 2879 656 aliquid
2912 590 3180 661 agebant,
3216 595 3409 649 conati
3463 601 3604 651 sunt

1955 664 2316 731 obscuriora,
2376 674 2477 723 aut
2534 678 2731 727 notatu
2791 678 2976 748 magis
3034 680 3207 749 digna
3254 683 3606 754 Apologetz'ci

1954 750 2114 807 illius
2144 752 2277 808 libri
2312 756 2433 812 leca
2464 760 2585 815 suis
2617 763 3146 835 observationibus,
3182 771 3448 841 scholiis,
3497 792 3605 845 pa-

1955 841 2339 910 raphrasibus
2362 853 2419 902 et
2448 854 2885 909 commentariis
2916 861 3019 911 aut
3047 858 3331 929 explicare
3354 868 3410 917 et
3438 863 3605 920 illus-

1954 932 2134 997 trave,
2192 940 2292 989 aut
2358 938 2724 995 conﬁrmare.
2823 945 3016 1000 Primo
3095 954 3292 1003 autem
3391 950 3603 1009 Beatus

1955 1018 2273 1078 Rhenanus
2302 1024 2437 1080 huic
2470 1026 2641 1098 libro,
2699 1051 2727 1085 a
2779 1049 2841 1087 se
2889 1034 3065 1102 edito,
3118 1038 3365 1107 praaﬁxit
3422 1058 3605 1114 argu-

1955 1114 2241 1178 mentum,
2266 1116 2363 1168 sed
2399 1115 2565 1187 longe
2596 1135 2772 1189 quam
2806 1138 2909 1192 par
2938 1130 3060 1178 erat
3085 1125 3339 1183 brevius.
3389 1133 3603 1186 Verum

1955 1197 2107 1254 hanc
2131 1200 2468 1259 brevitatem
2507 1207 2767 1279 suppleri
2818 1227 2987 1281 posse
3025 1216 3269 1283 putavit,
3322 1220 3604 1289 subjectis

1956 1288 2121 1343 novis
2144 1291 2426 1361 capitum,
2461 1301 2522 1349 ut
2544 1296 2727 1363 aiunt,
2770 1302 3131 1371 summariis,
3192 1288 3603 1375 quibusialia,

1958 1377 2017 1430 in
2077 1384 2496 1455 manuscriptis
2570 1386 2851 1454 exhibita,
2913 1394 3224 1450 emendare
3319 1399 3604 1457 connixus

1961 1470 2070 1520 est.
2121 1469 2205 1522 Ad
2265 1469 2384 1525 haec
2440 1490 2593 1543 vero,
2662 1477 2720 1531 in
2778 1479 3003 1547 eodem,
3064 1483 3172 1537 etsi
3234 1484 3602 1556 brevissimo,

1959 1553 2094 1645 libri
2126 1556 2303 1627 hujus
2340 1562 2487 1618 7.53
2542 1574 2887 1637 argumento
2930 1573 3175 1626 tentavit
3225 1553 3602 1645 paucissimis

1963 1643 2316 1714 quibusdam
2371 1650 2638 1708 obscuris
2701 1656 2829 1725 ejus
2887 1656 3028 1714 locis
3102 1643 3291 1717 lucem
3343 1665 3602 1737 aliquam

1964 1735 2256 1802 praeferre.

1883 1873 1931 1938 B
2036 1840 2295 1899 Posthaac
2327 1863 2455 1902 vere
2504 1849 2849 1908 Francissus
2899 1856 3224 1928 Zephyrus,
3286 1877 3418 1915 curn
3482 1864 3604 1916 ani-

1965 1930 2376 1989 madvertisset
2407 1943 2636 2007 quanta:
2670 1941 2941 1998 utilitatis
2999 1945 3091 2000 hic
3121 1947 3266 2002 liber
3318 1951 3607 2019 {omnibus

1964 2036 2091 2075 esse
2124 2026 2328 2091 possit,
2392 2042 2457 2080 ac
2500 2045 2570 2083 ne
2600 2030 2849 2086 studiosi
2900 2033 3317 2104 adolescentes,
3370 2046 3607 2111 propter

1964 2112 2254 2166 sermonis
2285 2114 2701 2172 obscuritatem
2744 2133 3165 2195 corruptosque
3226 2125 3606 2185 librariorum

1963 2196 2188 2252 incuria
2219 2198 2396 2268 locos,
2418 2205 2489 2258 ab
2521 2206 2648 2273 ejus
2672 2208 2916 2264 lectione
2950 2212 3605 2288 deterrerentur,ipsius

1964 2288 2293 2357 composuit
2331 2292 2631 2363 ediditque
2665 2298 3099 2366 paraphrasim.
3156 2304 3213 2357 ln
3263 2321 3330 2360 ea
3383 2312 3602 2375 autem,

1964 2390 2091 2444 quae
2125 2378 2302 2430 textui
2334 2379 2680 2443 Tertulliani
2743 2386 2939 2443 minus
3000 2391 3238 2461 quidem
3299 2397 3605 2450 commode

1962 2464 2598 2543 intermiscctur,plura
2628 2475 2755 2532 loca
2786 2478 3085 2535 intellectu
3112 2482 3377 2538 difﬁcilia
3409 2485 3603 2556 expla-

1962 2570 2120 2624 nare,
2172 2572 2239 2610 ac
2267 2559 2426 2614 varia
2458 2562 3278 2639 obscuritatisimpedimenta
3312 2588 3606 2628 removere

1961 2641 2215 2698 molitur.
2251 2646 2424 2701 Tanti
2460 2666 2628 2720 porro
2662 2654 2956 2711 Pamelius
2990 2657 3138 2714 hanc
3194 2661 3604 2731 paraphrasim

1961 2733 2363 2803 restimavit,ut
2390 2737 2550 2795 illam
2585 2741 2642 2796 in
2675 2760 2809 2798 eum
2844 2745 3034 2816 plane,
3059 2764 3173 2819 quo
3205 2750 3262 2804 in
3307 2751 3608 2820 superiore

1962 2822 2233 2890 editione,
2260 2828 2502 2883 modum
2532 2833 2713 2886 textui
2743 2834 3013 2891 Auctoris
3068 2838 3252 2893 nostri
3313 2840 3606 2895 censuerit

1960 2910 2355 2972 inserendam.

2030 3004 2442 3061 Verumtamen
2477 3007 2599 3063 haec
2630 3009 2758 3081 ipsa
2789 3012 2859 3067 ab
2892 3013 3044 3082 aliis,
3080 3016 3178 3087 qui
3208 3017 3386 3071 variis
3419 3016 3600 3087 hujus

1957 3087 2091 3143 libri
2123 3092 2477 3150 editionibus
2508 3098 2717 3154 deinde
2757 3104 3051 3173 praepositi
3084 3110 3244 3172 sunt,
3276 3110 3451 3177 atque
3486 3106 3601 3160 im-

1958 3179 2165 3249 primis
2198 3181 2483 3239 Ludovico
2514 3184 2569 3240 la
2599 3187 2780 3242 Cerda
2803 3189 2971 3260 plane
3003 3193 3353 3265 penitusque
3386 3198 3602 3265 rejecta

1959 3238 1976 3249 .
2466 3238 2469 3239 ν
2542 3238 2568 3240 νὴ
2612 3238 2626 3241 ν
2650 3238 2780 3242 ﬁrm
2804 3238 2969 3260 [ην-’ν
3004 3238 3352 3265 ι’νηη-νῚνω
3387 3238 3601 3265 ’ναν-’ν’-

1872 3238 1915 3305 C
1954 3272 2062 3321 est.
2096 3270 2394 3326 Atdoctus
2427 3273 2537 3328 iste
2569 3275 2672 3344 vir,
2709 3294 2778 3331 ne
2811 3280 2942 3348 quis
3000 3282 3070 3336 de
3126 3282 3231 3337 hac
3282 3283 3601 3338 omissione

1952 3359 2229 3428 conqueri
2264 3376 2524 3431 unquam
2552 3370 2764 3435 posset,
2798 3384 3005 3423 novam
3026 3371 3211 3426 edidit
3242 3376 3432 3427 textus
3457 3373 3599 3426 Ter-

1951 3445 2214 3502 tullianei
2249 3448 2811 3521 interpretationem.
2872 3458 3131 3530 Singulis
3181 3478 3416 3533 quoque
3441 3462 3602 3537 capi-

1949 3534 2109 3589 tibus
2142 3538 2389 3607 subjecit
2412 3545 2579 3596 notas
2611 3546 3168 3615 suas,quibus,alias
3194 3534 3596 3625 laudedignis,

1949 3622 2104 3679 idem
2137 3630 2476 3694 textus,non
2499 3630 2625 3686 sine
2658 3632 2987 3707 interrupta
3021 3638 3250 3695 lectoris
3274 3622 3595 3700 attentione

1947 3710 2060 3783 legi
2102 3713 2255 3770 haud
2290 3716 2456 3773 facile
2489 3726 2699 3790 potest.
2742 3723 2850 3777 Sed
2887 3724 3084 3795 plures
3115 3729 3291 3784 etiam
3325 3740 3600 3803 expostu-

1947 3800 2072 3857 lant
2104 3804 2174 3857 de
2206 3805 2515 3862 inutilibus
2548 3810 2903 3879 quibusdam
2930 3831 2994 3869 ac
3024 3800 3596 3888 longioribus‘notis,

1948 3895 2121 3961 atque
2145 3913 2176 3947 a
2199 3895 2541 3951 Tertulliani
2558 3901 2855 3971 proposito
2878 3902 3087 3959 alienis
3108 3906 3597 3976 digressionibus.

1949 3981 2033 4034 Ab
2067 3980 2195 4037 aliis
2228 3984 2611 4044 nihilominus
2642 3988 2978 4061 laudantur,
3042 3995 3385 4066 ceterisque
3432 4006 3597 4053 ante-

1947 4075 2249 4138 ponuntur
2270 4072 2555 4130 hactenus
2588 4077 2780 4132 editis.
2816 4080 2878 4133 In
2912 4079 3003 4135 his
3044 4080 3239 4152 itaque
3269 4083 3410 4138 illud
3447 4086 3597 4139 dun-

1944 4162 2104 4212 taxat
2134 4161 2490 4228 desiderant,
2544 4167 2696 4235 quod
2730 4171 2951 4223 textum
2987 4171 3332 4225 Tertulliani
3366 4174 3435 4226 ad
3472 4191 3597 4229 ma-

1947 4248 2283 4319 nuscriptos
2315 4252 2544 4307 codices
2577 4272 2689 4309 non
2722 4256 3097 4329 castigaverit
3131 4278 3143 4327 ;
3205 4261 3358 4330 quod
3395 4262 3596 4317 omnia

1945 4335 2108 4390 illius
2138 4354 2314 4408 Opera
2336 4357 2452 4395 non
2488 4343 2871 4413 publicaverit
2905 4364 2918 4412 ;
2952 4349 3107 4419 quod
3167 4366 3271 4420 pro
3320 4367 3429 4404 sua
3461 4368 3594 4405 eru-

1944 4424 2163 4480 ditione
2196 4444 2309 4482 non
2360 4429 2731 4500 explicaverit
2786 4438 2843 4488 et
2900 4437 3331 4492 conﬁrmaverit
3379 4440 3597 4496 tradita

1946 4514 2017 4569 ab
2049 4532 2114 4570 eo
2138 4516 2478 4573 Christianae
2514 4520 2813 4591 religionis
2844 4525 3217 4580 documenta.

1820 4626 1831 4651 ’
1864 4606 1915 4674 Ι)
2015 4623 2099 4677 Al)
2136 4624 2380 4679 lleraldo
2411 4632 2628 4697 autem,
2662 4634 2793 4699 post
2824 4632 3048 4686 editum
3088 4650 3121 4687 a
3172 4650 3233 4688 se
3270 4634 3423 4691 hunc
3456 4639 3593 4693 Ter-

1944 4710 2174 4765 tulliani
2209 4713 2677 4786 Apologeticum,
2710 4718 2972 4788 adjectus
3002 4723 3270 4791 estliber,
3307 4726 3389 4780 uti
3425 4727 3497 4781 ab
3527 4744 3594 4783 eo

1943 4805 2184 4855 vocatur
2212 4808 2654 4875 commentarius,
2689 4824 2858 4876 quem
2922 4811 3075 4866 notis
3133 4817 3387 4879 tantum,
3450 4833 3481 4869 a
3533 4834 3595 4873 se

1944 4889 2191 4945 invicem
2228 4897 2398 4962 plane
2456 4895 2794 4964 disjunctis,
2857 4901 3207 4970 composuit.
3244 4907 3325 4958 Ne
3371 4921 3501 4959 vero
3534 4905 3593 4960 in

1944 4976 2123 5034 illisa
2181 4981 2522 5036 Tertulliani
2585 4987 2881 5055 proposito
2947 4987 3180 5057 longius
3237 4999 3591 5062 excurreret,

1944 5069 2093 5122 duos
2144 5070 2195 5123 ei
2252 5071 2558 5141 subjunxit
2616 5073 3049 5144 digressionum
3110 5077 3311 5151 libros,
3377 5084 3593 5154 quibus

1943 5156 2209 5211 difﬁcilia
2234 5162 2287 5211 et
2321 5158 2619 5215 salebrosa
2653 5163 2779 5233 ejus
2805 5163 2931 5219 loca
2960 5167 3337 5238 complanare
3366 5172 3592 5230 nititur.

1944 5245 2006 5299 In
2040 5245 2133 5299 his
2165 5251 2359 5302 autem
2409 5249 2683 5304 omnibus
2716 5252 3176 5322 deprehenditur
3216 5258 3460 5327 profana
3491 5278 3596 5316 au-

1942 5334 2121 5389 ctoris
2169 5336 2441 5405 eruditio,
2503 5339 2605 5393 sed
2685 5357 2983 5396 sacrorum
3071 5348 3127 5398 et
3185 5346 3595 5405 obscuriorum

1941 5421 2283 5477 Christianae
2344 5425 2648 5497 religionis
2704 5430 3073 5502 dogmatum,
3152 5451 3185 5488 a
3233 5435 3593 5491 Tertulliano

1942 5511 2317 5583 traditarum,
2352 5514 2797 5586 explicationem
2835 5519 3055 5576 frustra
3099 5524 3387 5595 requiras.
3423 5524 3595 5579 Plura

1941 5617 2174 5671 quoque
2204 5602 2315 5658 alia
2354 5603 2590 5677 reliquit
2621 5606 2860 5677 intacta,
2915 5626 3039 5680 qua:
3094 5612 3479 5684 explicatione
3535 5617 3595 5668 et

1940 5690 2383 5749 conﬁrmatione
2418 5695 2619 5766 procul
2644 5696 2820 5754 dubio
2852 5697 3214 5771 indigebant.
