4106 6178
431 272 549 331 835

951 267 1479 330 TERTULLIANI
1522 264 1850 327 OPERUM
1892 264 2090 323 PARS
2136 262 2183 321 Ι.
2212 294 2290 308 -—
2320 260 2595 324 SERIES
2639 264 2689 339 Ι,
2738 264 3304 326 APOLOGETICA.

3722 264 3842 325 836

498 404 708 461 Multas
738 420 971 475 quoque
1005 402 1063 457 in
1096 402 1296 458 omnia
1350 399 1693 456 Tertulliani
1726 415 1902 470 opera
1942 397 2065 453 ani-
2108 398 2164 465 Α
2192 397 2436 453 adversa
2465 401 2656 453 textus
2685 399 3027 456 Tertulliani
3059 404 3220 472 parte
3259 400 3332 456 ab
3375 399 3505 470 ipso
3554 399 3839 455 exhiben-

427 494 863 550 madversiones
894 492 1076 547 edidit
1106 492 1454 545 Laurentius
1488 490 1561 545 de
1589 489 1643 544 la
1673 494 1869 555 Barre,
1924 503 2071 559 quas

426 600 489 637 se
545 599 612 637 cx
663 582 734 635 iis
766 580 1122 651 excerpsisse
1154 579 1427 646 declarat,
1492 578 1709 647 quibus
1770 576 2069 645 Beraldus,

423 671 709 741 Alciatus,
743 669 1022 736 Crinilus,
1074 669 1406 734 Turnebus,
1467 666 1803 732 Vetranius,
1866 666 2071 719 Homa-

424 778 556 824 nus,
588 759 880 829 Cuiacius,
916 757 1126 828 aliique
1160 756 1482 828 peregrinis
1514 756 1571 809 in
1606 754 1749 810 locis
1780 754 2067 826 quasdam

421 849 715 904 intellectu
753 846 1022 901 difﬁciles
1057 845 1403 901 Tertulliani
1465 844 1749 899 dictiones
1781 844 2068 913 explicare

421 938 873 993 contendebant.
906 936 1009 989 Sed
1047 935 1181 1004 quia
1220 934 1338 987 haec
1373 936 1639 1003 spectant
1670 933 1737 986 ad
1775 948 2065 1002 gramma-

420 1029 619 1093 ticam,
653 1027 868 1081 ibidem
897 1023 1386 1095 adjecithenani
1411 1028 1599 1090 notas,
1637 1040 1782 1094 quas
1806 1022 2063 1093 quidem,

421 1119 557 1189 quia
590 1118 983 1171 Romanorum
1028 1118 1084 1167 et
1129 1113 1521 1183 Hispanorum
1583 1128 1889 1166 censuram
1951 1128 2062 1165 non

419 1205 764 1275 effugerant,
799 1219 831 1255 a
862 1217 923 1255 se
955 1200 1117 1271 prius
1149 1205 1440 1255 correctas
1490 1215 1617 1253 esse
1649 1198 1961 1269 significat.
1995 1199 2066 1251 At

418 1293 557 1365 quia
581 1308 764 1364 pauca
797 1291 1115 1344 admodum
1148 1305 1362 1358 easque
1410 1287 1786 1342 brevissimas
1818 1285 2061 1353 addidit,

410 1383 624 1453 vixque
656 1380 831 1437 ullam
892 1380 1053 1434 dedit
1085 1380 1139 1432 in
1182 1379 1557 1449 Aplogelicum
1604 1377 1764 1431 hunc
1821 1375 2061 1441 librum,

409 1470 572 1525 vides
612 1485 753 1525 sane
777 1468 916 1539 quid
947 1467 1018 1522 ab
1050 1483 1115 1521 eo
1148 1466 1217 1520 de
1251 1466 1425 1520 rebus
1484 1463 1827 1536 theologicis
1859 1479 2061 1533 exspe-

414 1564 570 1614 ctare
602 1558 838 1613 debeas.

478 1666 712 1736 Majoris
770 1664 964 1733 itaque
1024 1662 1193 1733 pretii
1275 1660 1649 1715 aestimantur
1707 1657 1947 1713 Pamelii
2000 1656 2057 1711 in

409 1755 567 1811 hunc
603 1755 753 1810 754
785 1752 1048 1822 aliosque
1098 1748 1441 1806 Tertulliani
1506 1748 1689 1802 libros
1730 1748 2056 1801 annotatio-
2089 1772 2135 1835 B

410 1861 534 1899 nes.
562 1844 687 1898 Non
721 1842 967 1895 minima
998 1839 1235 1910 quippe,
1271 1838 1353 1892 uti
1379 1838 1565 1901 aiunt,
1591 1840 2060 1907 consperguntur

409 1950 577 1988 sacra
608 1932 965 2002 profanaque
996 1927 1344 1994 eruditione,
1383 1944 1508 1998 qua:
1535 1925 1852 1980 lectoribus
1885 1924 2056 1995 prod-

409 2038 537 2077 esse
562 2025 771 2092 potest.
806 2020 916 2074 Sed
952 2018 1059 2073 hoc
1115 2017 1171 2070 in
1218 2018 1302 2071 eis
1362 2015 1623 2087 culpant,
1655 2016 1809 2086 quod
1854 2019 2057 2069 Pame-

410 2110 526 2165 lius
553 2128 585 2165 a
617 2108 913 2180 proposito
946 2108 1161 2177 smpius
1190 2106 1578 2173 digredietur,
1620 2104 1787 2176 plura
1814 2120 2056 2174 conges-

408 2199 549 2255 serit
581 2198 831 2267 inutilia,
861 2201 916 2251 et
944 2196 1268 2265 interjecta,
1306 2195 1476 2248 sicuti
1511 2191 2054 2264 diximus,Zephyri

408 2287 775 2361 paraphrasi,
810 2285 1185 2356 interruperit
1218 2283 1552 2338 Tertulliani
1601 2288 1845 2349 textum,
1882 2298 2054 2348 quem

406 2380 654 2434 debebat
685 2378 743 2431 in
775 2377 881 2431 hoc
914 2374 1121 2430 etaliis
1168 2373 1354 2437 libris,
1418 2372 1729 2427 meliorum
1783 2371 2051 2426 codicum

404 2483 532 2538 ope,
568 2463 828 2537 pristina:
869 2463 915 2518 si
952 2462 1075 2518 fieri
1128 2462 1401 2534 potuerit,
1450 2460 1755 2516 restituere
1814 2458 2051 2531 integri-

408 2557 536 2612 tati.

480 2687 770 2759 Rigaltius
824 2686 1044 2757 itaque,
1101 2686 1172 2739 iis
1231 2684 1508 2740 omnibus
1558 2683 1770 2755 spretis
1806 2688 2051 2754 postque

408 2777 646 2844 habitis,
680 2793 856 2831 novas
886 2774 1122 2846 scripsit
1153 2774 1212 2828 in
1276 2774 1429 2827 hunc
1475 2774 1879 2843 Apologeticum
1911 2772 2050 2826 alia-

406 2884 519 2940 que
553 2864 900 2921 Tertulliani
933 2881 1107 2935 opera
1137 2867 1305 2918 notas
1349 2867 1405 2916 et
1451 2862 1907 2916 observationes.
1941 2865 2051 2915 Ve-

407 2974 537 3012 rum
574 2955 850 3027 quoniam
910 2954 1218 3024 plurimas,
1277 2953 1347 3007 ab
1407 2951 1656 3005 eruditis
1713 2950 2051 3005 hominibus

403 3047 714 3119 profectas,
748 3043 903 3098 haud
967 3042 1175 3097 merito
1228 3056 1468 3111 prorsus
1491 3040 1626 3109 jure
1659 3038 2051 3111 praetermisit,

2184 492 2301 543 tur.

2258 575 2511 647 Denique
2544 576 2803 632 Priorius
2832 578 3022 633 varias
3055 577 3262 649 selegit
3317 579 3683 633 eruditorum
3750 578 3835 631 vi-

2181 681 2379 719 rorum
2443 666 2726 735 Rhenani,
2781 667 3043 736 Pamelii,
3103 671 3157 721 la
3240 668 3461 737 Cerdaa,
3536 666 3827 733 Salmasii,

2178 753 2547 825 Albaspinaei,
2590 754 2954 825 aliorumque
3012 757 3402 827 quorumdam
3466 756 3831 810 animadver-

2180 842 2393 911 siones,
2424 844 2639 914 quibus
2669 849 2722 898 et
2756 844 3036 915 quasdam
3071 861 3101 898 a
3134 862 3195 899 se
3255 845 3609 916 excogitatas
3663 843 3832 899 iden-

2177 932 2357 985 tidem
2390 931 2865 987 interseruit.Sed
2898 932 2984 986 hae
3022 938 3135 988 tam
3172 932 3317 988 levis
3350 939 3489 987 sunt
3520 934 3825 999 momenti,

2178 1025 2243 1075 ut
2282 1019 2377 1092 qui
2410 1038 2505 1076 eas
2536 1022 2963 1092 approbaverit,
2994 1022 3089 1077 vix
3146 1022 3304 1077 ullus
3362 1024 3705 1093 reperiatur.
3768 1024 3824 1077 In

2176 1110 2284 1165 hoc
2317 1115 2509 1165 tamen
2543 1116 2841 1181 utcunque
2873 1111 3225 1177 laudandus,
3259 1112 3411 1183 quod
3458 1128 3663 1166 omnes
3696 1110 3826 1166 illae

2175 1199 2713 1255 animadversiones
2736 1206 2792 1254 et
2837 1205 3006 1255 notas
3038 1201 3097 1255 in
3156 1201 3506 1272 paginarum
3562 1201 3822 1256 inferiori

2174 1288 2459 1358 margine,
2496 1288 2714 1358 absque
2748 1288 2868 1343 ulla
2918 1293 3109 1344 textus
3168 1288 3518 1344 Tertulliani
3569 1290 3820 1344 interru-

2173 1377 2390 1448 ptione,
2450 1377 2653 1432 excudi
2708 1377 2976 1433 voluerit.
3027 1378 3170 1433 Nam
3228 1395 3293 1433 eo
3354 1379 3525 1433 modo
3586 1377 3819 1433 lectoris

2172 1467 2572 1521 commoditati
2607 1466 2817 1521 melius
2849 1466 3182 1522 consultum
3216 1471 3325 1522 est.
3384 1468 3496 1521 Sed
3551 1468 3685 1538 quis
3718 1484 3819 1522 ne-

2170 1556 2699 1627 gligentinVitium
2734 1557 2783 1609 ei
2841 1573 3102 1627 unquam
3162 1556 3535 1621 condonabit,
3588 1556 3686 1625 qui
3746 1558 3816 1611 ad

2171 1662 2346 1717 opera
2373 1644 2713 1699 Tertulliani
2736 1645 2897 1700 novis
2929 1645 3081 1717 typis
3114 1646 3443 1700 recudenda
3476 1661 3818 1717 aggressus,

2170 1732 2396 1787 nullum
2432 1732 2602 1804 plane
2634 1750 2765 1788 cum
2810 1732 2981 1788 editis
3041 1734 3289 1789 contulit
3346 1735 3815 1806 manuscriptum

2168 1822 2449 1889 codicem,
2485 1822 2585 1876 sed
2618 1822 2803 1877 solam
2860 1822 3093 1893 Rigaltii
3152 1824 3467 1879 editionem
3528 1824 3598 1878 de
3639 1825 3815 1879 verbo

2169 1912 2239 1965 ad
2273 1911 2515 1966 verbum
2547 1915 2785 1967 secutus
2818 1911 2926 1966 fuit
2956 1915 2977 1965 Ρ

2238 2002 2315 2055 Ex
2344 1999 2416 2055 iis
2449 2017 2639 2071 porro,
2674 2017 2799 2071 quae
2832 2001 2902 2055 de
2932 2005 3018 2056 tot
3048 2004 3287 2072 tamque
3335 2001 3513 2057 variis
3569 2018 3813 2073 operum

2166 2087 2509 2143 Tertulliani
2540 2088 2896 2144 editionibus
2928 2089 3212 2145 hactenus
3244 2108 3276 2145 a
3307 2091 3476 2146 nobis
3507 2090 3810 2163 disputata

2170 2179 2316 2235 755
2351 2182 2508 2244 sunt,
2540 2177 2671 2249 quis
2735 2178 3039 2233 nobiseum
3105 2195 3219 2233 non
3272 2179 3546 2233 fatebitur
3586 2179 3810 2234 nullam

2163 2284 2405 2338 prorsus
2435 2283 2563 2321 esse
2607 2284 2733 2337 quae
2793 2268 3049 2338 perfecta
3104 2272 3162 2323 et
3221 2269 3497 2323 omnibus
3551 2270 3817 2325 numeris

2162 2354 2431 2411 absoluta
2460 2356 2572 2408 dici
2624 2355 2829 2409 merito
2863 2356 3105 2426 possit?
3157 2355 3235 2411 De
3292 2355 3573 2411 litteraria
3632 2357 3816 2429 igitur

2159 2443 2460 2515 republica
2491 2444 2540 2499 is
2571 2442 2973 2515 proculdiubio
3004 2445 3150 2500 bene
3198 2446 3533 2514 merebitur,
3591 2446 3690 2517 qui
3725 2463 3817 2501 sa-

2160 2550 2258 2588 cra
2281 2534 2637 2603 profanaque
2685 2533 3013 2588 eruditione
3073 2551 3185 2589 non
3250 2551 3455 2605 parum
3515 2534 3812 2601 imbutus,

2161 2639 2366 2677 novam
2401 2622 2629 2693 parabit
2672 2623 3006 2693 Apologetici
3052 2629 3109 2678 et
3162 2622 3409 2679 aliorum
3460 2624 3811 2679 Tertulliani

2160 2728 2399 2783 operum
2433 2711 2771 2766 editionem.
2806 2712 2916 2766 Sed
2978 2716 3113 2767 ante
3162 2713 3360 2768 omnia
3414 2717 3608 2768 textus
3641 2712 3806 2769 illius

2160 2818 2396 2857 summa
2428 2802 2539 2856 fide
2569 2806 2623 2856 et
2647 2802 2952 2873 diligentia
3011 2804 3080 2857 ad
3116 2804 3552 2875 manuscriptos
3581 2804 3815 2859 codices

2158 2890 2510 2956 Gallicanos,
2548 2890 2797 2958 Italicos,
2857 2892 3256 2957 Germanicos,
3311 2892 3683 2965 Anglicanas,
3747 2909 3813 2948 ac

2160 2984 2382 3034 veteres
2439 2979 2725 3034 editiones
2783 2981 3117 3052 recognosci
3176 2982 3347 3036 debet
3397 2987 3453 3037 et
3502 2982 3807 3054 castigari.

2163 3068 2366 3123 Plures
2432 3068 2585 3122 enim
2647 3074 2967 3141 supersunt
3027 3070 3234 3125 saltem
3296 3072 3626 3141 Apologetici
3678 3070 3815 3125 libri

400 3135 511 3189 illa:
536 3150 741 3187 rursus
773 3132 1161 3202 publicijuris
1185 3131 1345 3184 facta:
1377 3128 1595 3183 suntin
1629 3128 2053 3184 unovolumine
2084 3143 2126 3207 ρ
2166 3157 2398 3228 optimm
2430 3162 2579 3211 “om,
2611 3128 2859 3225 codices,
2923 3176 3066 3229 quos
3124 3176 3294 3213 nemo
3339 3128 3634 3214 'hac‘éenus
3676 3176 3815 3213 cum

403 3223 555 3294 quod
588 3237 741 3276 anno
774 3222 909 3274 1635
939 3219 1161 3273 editum
1195 3222 1302 3272 est.
1362 3216 1620 3271 Collecta:
1671 3222 1865 3272 autem
1926 3217 2050 3272 fue-

404 3314 543 3365 runt
573 3326 641 3363 ex
676 3308 944 3375 Pamelio,
980 3308 1184 3360 Latino
1217 3305 1465 3373 Latinio,
1525 3305 1699 3359 Beato
1749 3305 2047 3375 Rhenano,

402 3398 628 3455 Joanne
686 3396 978 3463 Mercerio,
1041 3394 1345 3448 Edmondo
1405 3392 1692 3458 Richerio,
1750 3393 2051 3448 Theodoro

404 3484 687 3554 Marcilio,
721 3484 947 3537 Joanne
976 3481 1287 3546 Wowerio,
1314 3485 1369 3535 et
1390 3480 1656 3535 Gabriele
1688 3480 2051 3553 Albaspinaeo

406 3572 920 3629 Aurelianensium
950 3571 1252 3642 Episcopo.

482 3680 829 3735 Persuasum
864 3682 1058 3733 autem
1081 3676 1293 3731 eruditi
1326 3674 1563 3746 quidam
1596 3676 1703 3731 viri
1723 3676 2054 3733 habuerunt

407 3771 517 3825 hoc
546 3768 842 3824 volumine
872 3766 1178 3837 divulgata
1212 3783 1246 3821 a
1294 3766 1546 3837 Rigaltio
1608 3782 1851 3838 operum
1911 3768 2053 3822 Ter-

406 3857 634 3915 tulliani
670 3856 911 3911 editioni
954 3856 1289 3925 conjuncto,
1322 3854 1474 3909 hanc
1530 3854 1754 3910 cieteris
1777 3857 2054 3912 omnibus

406 3949 527 4003 fore
561 3945 982 4018 perfectiorem.
1041 3945 1147 3999 Sed
1209 3948 1597 4015 praeterquam
1658 3946 1810 4016 quod
1845 3946 1903 3999 in
1952 3945 2053 4001 illo

404 4042 677 4093 notarum
720 4034 1014 4089 volumine
1067 4033 1422 4089 omittuntur
1481 4033 1754 4099 aliorum,
1796 4034 1967 4089 sicuti
1998 4033 2055 4089 la

404 4126 600 4181 Cerdae
630 4141 745 4179 non
794 4124 989 4178 minus
1049 4121 1221 4177 utiles
1278 4128 1419 4177 nota}
1476 4127 1533 4177 et
1587 4122 2050 4193 explicationes;

406 4215 568 4287 quid,
604 4214 813 4268 amabo
866 4217 942 4279 te,
1006 4212 1361 4283 sperandum
1420 4212 1491 4265 de
1546 4212 1812 4283 Rigaltio,
1847 4213 1944 4283 qui
1980 4214 2051 4267 ad

399 4302 834 4360 emendandum
862 4300 1210 4355 Tertulliani
1246 4304 1493 4368 textum,
1526 4316 1631 4353 nec
1664 4300 1847 4371 ipsos,
1873 4302 2050 4356 sicuti

402 4392 808 4463 diximus(art.
844 4392 1089 4461 super.),
1124 4405 1272 4461 quos
1307 4406 1420 4460 prae
1470 4388 1744 4444 manibus
1778 4389 2051 4456 habebat,

403 4497 507 4536 nec
540 4480 685 4535 alios
735 4477 1175 4550 manuscriptos
1235 4478 1463 4533 codices
1523 4481 1626 4531 aut
1682 4476 1889 4549 legere,
1952 4483 2053 4533 aut

404 4569 570 4641 sequi
603 4568 867 4623 curavit?
903 4568 1113 4623 Deinde
1144 4584 1277 4623 vero
1339 4583 1454 4621 non
1515 4566 1761 4621 minima
1811 4568 2049 4639 quidem

402 4658 462 4714 in
496 4658 648 4714 notis
676 4658 799 4713 suis
833 4658 1159 4713 scribendis
1218 4656 1327 4711 fuit
1356 4655 1516 4710 illius
1573 4656 1838 4726 audacia,
1874 4673 2048 4728 quam

401 4748 459 4803 in
496 4748 834 4821 praefatione
865 4764 973 4801 sua
1002 4762 1279 4801 excusare
1309 4748 1545 4801 coactus
1576 4746 1798 4801 est.Sed
1835 4763 2051 4817 paucos

401 4839 720 4893 admodum
753 4836 1037 4901 invenias,
1072 4836 1288 4906 quibus
1320 4835 1557 4890 omnino
1609 4839 1844 4906 accepta
1873 4836 1950 4890 sit
1980 4836 2050 4891 il-

400 4926 518 4982 lius
548 4925 865 4981 excusatio.

476 5058 671 5112 Minus
703 5058 943 5128 quidem
976 5055 1301 5111 temeraria:
1336 5060 1494 5122 sunt,
1557 5057 1657 5111 sed
1711 5074 1825 5113 non
1861 5062 2051 5134 magis

403 5147 727 5217 probantur
757 5144 1136 5215 longissimae,
1169 5148 1225 5197 et
1276 5146 1347 5198 ad
1380 5162 1659 5199 nauseam
1695 5163 1881 5217 usque
1915 5167 2047 5205 con-

393 5234 568 5304 jectae
600 5251 631 5286 a
663 5234 907 5304 Georgio
957 5232 1331 5287 Ambianensi
1388 5233 1842 5289 observationes.
1904 5238 2047 5294 Nam

400 5322 461 5377 in
496 5322 629 5376 illas
659 5338 726 5376 ea
758 5322 955 5377 omnia
1005 5321 1267 5389 intrusit,
1301 5338 1427 5392 quis
1477 5320 1649 5374 aliam
1684 5324 1756 5377 ob
1788 5341 2047 5398 causam,

400 5416 457 5469 et
488 5412 560 5468 ad
585 5410 870 5482 publicas,
909 5412 989 5465 uti
1027 5411 1275 5475 videtur,
1336 5411 1646 5465 conciones
1706 5428 2048 5486 corrogave-

400 5506 511 5558 rat.
548 5500 823 5558 Nonnulli
856 5504 1052 5555 tamen
1107 5501 1363 5553 fatentur
1423 5499 1480 5553 in
1541 5498 1611 5553 iis
1667 5500 1865 5572 aliqua
1923 5522 2051 5561 esse

400 5589 591 5658 utilia,
625 5607 690 5647 ac
721 5589 1045 5663 prmsertim
1079 5587 1136 5642 in
1171 5588 1429 5661 capitum
1476 5586 1737 5656 scholiis,
1799 5607 1926 5662 quae
1986 5594 2044 5649 in

2161 3246 2334 3301 editis
2366 3246 2633 3301 contulit.
2676 3249 2747 3301 At
2778 3248 2825 3302 si
2858 3248 3048 3303 varias
3100 3265 3165 3303 ac
3217 3254 3421 3304 notatu
3472 3250 3678 3320 dignas
3733 3248 3819 3304 le-

2160 3334 2404 3401 ctiones,
2438 3351 2505 3388 ex
2538 3334 2653 3390 illis
2684 3342 3005 3407 excerptas,
3042 3337 3193 3392 bona
3228 3339 3339 3391 fide
3387 3337 3677 3405 exhibeat,
3742 3338 3820 3393 de

2160 3440 2294 3478 vero
2326 3424 2698 3495 genuinoque
2714 3424 3060 3481 Tertulliani
3080 3431 3238 3481 textu
3271 3428 3487 3481 certius
3513 3425 3815 3497 judicium

2162 3512 2297 3568 ferri
2330 3513 2560 3584 poterit.

2802 3629 3038 3686 CAPUT
3073 3630 3164 3686 IV.

2317 3737 2392 3791 De
2419 3735 2622 3791 duobus
2658 3736 3004 3793 Tertulliani
3032 3738 3111 3792 ad
3140 3738 3400 3793 Nationes
3451 3737 3631 3792 libris.

2726 3896 3040 3936 ARTICULUS
3068 3897 3294 3935 PRIMUS.

2456 3970 2714 4041 Analysis
2749 3970 2882 4025 libri
2904 3971 3080 4042 primi
3119 3969 3188 4025 ad
3224 3972 3507 4026 Nationes.

2232 4083 2471 4139 Duobus
2519 4085 2588 4138 ad
2616 4086 2872 4141 Nationes
2925 4085 3091 4141 libris
3128 4102 3365 4141 causam
3417 4084 3824 4141 'I‘ertullianus

2162 4173 2353 4228 adhuc
2427 4173 2547 4244 egit
2618 4174 3110 4241 Christianorum,
3172 4176 3437 4246 duasque
3496 4180 3827 4245 utrumque

2160 4262 2377 4317 librum
2412 4262 2556 4318 satis
2588 4270 2786 4334 aperte
2820 4264 3093 4318 divisitin
3128 4270 3343 4335 partes.
3377 4265 3437 4318 In
3498 4264 3687 4335 prima
3735 4264 3825 4319 si-

2161 4351 2400 4422 quidem
2437 4350 2651 4422 prioris
2682 4352 2814 4407 libri
2848 4353 3099 4408 OSLendit
3155 4352 3517 4408 Christianos
3562 4367 3665 4406 nec
3713 4368 3827 4407 au-

2161 4439 2335 4504 ditos,
2388 4457 2489 4495 nec
2540 4441 2812 4497 defensos
2872 4441 3207 4497 falsissimis
3292 4441 3824 4512 iniquissimisque

2082 4517 2127 4580 Ι)
2161 4529 2515 4600 praeiudiciis
2570 4546 2602 4584 a
2654 4529 2973 4602 gentilibus
3045 4530 3257 4601 vexari,
3316 4530 3689 4586 condemnari
3750 4548 3828 4588 ao

2162 4617 2567 4673 crudelissime
2627 4619 2819 4674 necari
2874 4618 2999 4689 (lib.
3058 4636 3096 4686 ι,
3131 4635 3259 4691 cap.
3295 4620 3319 4673 1
3354 4624 3410 4674 et
3441 4623 3647 4690 seqq.).
3681 4618 3825 4674 Pla-

2163 4722 2302 4759 num
2338 4723 2470 4761 vero
2502 4709 2758 4762 secunda
2810 4708 2866 4761 in
2889 4712 3081 4779 ‘xparte
3138 4708 3410 4763 omnibus
3470 4708 3605 4762 facit
3652 4706 3822 4765 falsa

2161 4794 2399 4849 omnino
2456 4812 2602 4862 esse,
2665 4814 2914 4868 quorum
2972 4796 3290 4852 Christiani
3355 4796 3829 4867 accusabantur,

2162 4883 2429 4951 crimina,
2463 4884 2795 4956 horumque
2827 4903 2955 4942 reos
2988 4902 3186 4941 revera
3214 4902 3343 4942 esse
3364 4884 3612 4959 gentiles
3644 4886 3823 4958 (Cap.

2159 4974 2193 5027 9
2223 4978 2279 5028 et
2309 4974 2522 5044 sepq.).
2556 4973 2619 5029 1n
2652 4976 2842 5045 prima
2900 4981 3097 5031 autem
3160 4977 3404 5032 secundi
3450 4975 3585 5030 libri
3643 4981 3823 5046 parte

2162 5064 2548 5133 demonstrat,
2603 5080 2779 5134 quam
2824 5081 2973 5119 vana
3028 5070 3084 5121 et
3141 5066 3394 5121 absurda
3451 5066 3527 5121 sit
3586 5064 3723 5118 ﬁcta
3791 5082 3828 5119 a

2159 5152 2417 5205 Varrone
2448 5152 2655 5222 triplex
2687 5153 3056 5207 ethnicorum
3106 5152 3417 5223 theologia,
3452 5168 3581 5223 qum
3610 5152 3681 5206 ab
3743 5168 3821 5207 eo

2160 5240 2421 5311 physica,
2460 5240 2717 5311 mythica
2742 5257 2809 5295 ac
2837 5241 3065 5311 plebeia
3122 5241 3242 5295 sive
3284 5241 3520 5312 gentilis
3551 5238 3821 5311 appella-

2162 5332 2261 5383 tur
2294 5328 2421 5398 (lib.
2452 5346 2510 5393 ll,
2544 5346 2673 5401 cap.
2734 5331 2757 5383 1
2819 5336 2876 5383 et
2934 5329 3145 5399 seqq.).
3208 5329 3267 5383 In
3308 5329 3565 5385 secunda
3613 5332 3826 5383 autem

2158 5421 2323 5488 parte
2381 5417 2746 5472 demonstrat
2805 5420 2943 5472 deos
3003 5416 3403 5473 Romanorum
3466 5417 3644 5473 falsos
3686 5432 3834 5472 esse

2160 5505 2451 5577 planeque
2483 5506 2919 5562 commentitios
2955 5509 3101 5578 (cap.
3135 5508 3169 5560 9
3201 5513 3256 5562 et
3299 5508 3509 5581 seqq.).
3543 5506 3655 5563 Sed
3686 5505 3826 5562 hinc

2160 5592 2336 5666 paulo
2368 5594 2677 5650 enodatius
2708 5595 3060 5667 explicandae
3093 5601 3250 5651 sunt.
