4106 6178
299 300 424 359 837

1035 299 1114 359 IN
1157 300 1766 362 APOLOGETICUM
1811 302 1885 361 D.
1931 301 2030 361 LE
2074 303 2400 369 NOURRY
2446 306 2984 376 DlSSERTATlO.
3082 359 3091 367 .

3597 321 3716 385 838

369 430 633 485 Primum
667 430 865 503 itaque
892 431 1143 486 ethnicis
1172 432 1314 487 vitio
1356 434 1551 500 vertit,
1619 434 1771 504 quod
1830 433 1945 488 im-
1979 434 2031 501 Α
2059 435 2317 505 perditos
2348 438 2493 511 (cap.
2528 442 2605 513 5).
2662 444 2868 501 Vesum
2923 448 3003 516 hi,
3062 448 3253 521 inquit
3277 451 3707 523 Tertullianus,

290 520 571 592 placabili
603 520 733 575 odio
766 521 1127 577 Christianos
1160 528 1676 593 persequerentur,
1714 523 1952 578 tametsi

293 611 398 680 qui
430 608 705 681 qualesve
758 610 878 664 sint
918 611 1156 682 penitus
1216 611 1579 681 ignorarent,
1642 629 1747 667 nec
1814 613 1961 668 scire

300 714 567 769 unquam
599 699 911 753 voluerint.
946 698 1054 753 Ubi
1090 700 1346 770 primum
1379 701 1533 755 enim
1559 700 1689 756 illos
1717 717 1960 770 agnove-

301 793 462 852 rant,
540 786 739 842 statim
801 787 1147 843 desinebant
1206 789 1421 860 odisse,
1449 790 1961 861 Christianamque

306 876 655 949 religionem
690 877 843 931 ultro
875 877 1405 948 amplectebantur.
1450 880 1647 943 Neque
1681 881 1733 934 id
1760 882 1957 951 negari

304 966 749 1038 poterat,quod
814 965 1109 1022 clamabat
1171 967 1516 1038 quotidiana
1568 968 1830 1041 ipsorum
1890 970 1960 1024 de

296 1054 694 1126 multiplicato
743 1054 1211 1111 Christianorum
1262 1074 1509 1112 numero
1570 1058 1955 1128 querimonia.

294 1144 429 1199 Non
462 1142 606 1199 sinit
633 1147 830 1198 autem
866 1149 1086 1199 Auctor
1119 1150 1316 1201 noster
1337 1146 1449 1201 sibi
1481 1147 1655 1216 objici
1716 1146 1843 1216 hos,
1898 1152 1961 1201 ut

296 1232 424 1289 ﬁeri
459 1231 774 1301 aliquando
812 1231 982 1299 solet,
1012 1232 1072 1287 in
1108 1232 1327 1287 malum
1363 1234 1955 1289 conversos.Nullam

302 1321 526 1393 quippe
573 1320 713 1375 mali
793 1327 990 1376 notam
1044 1321 1217 1377 habet
1264 1322 1606 1377 Christianae
1662 1322 1957 1392 religionis

302 1412 614 1484 professio,
650 1413 817 1482 cujus
843 1411 1136 1467 neminem
1171 1418 1273 1468 aut
1302 1414 1481 1484 pudet
1536 1418 1637 1468 aut
1695 1414 1955 1485 poenitet,

300 1517 377 1555 ac
406 1501 478 1554 de
508 1517 624 1572 qua
654 1516 858 1556 omnes
917 1501 1175 1572 gaudent
1234 1506 1289 1556 et
1345 1500 1669 1573 gloriantur
1724 1503 1871 1572 (Lib.
1908 1520 1947 1556 Ι.

305 1591 551 1662 cap.i)

383 1696 437 1752 Si
475 1713 589 1767 qua
618 1712 751 1751 vero
782 1695 1033 1751 fuissent
1061 1695 1526 1752 Christianorum
1560 1696 1831 1762 crimina,
1884 1698 1955 1753 ad

2071 526 2237 595 pauci
2275 529 2591 585 admodum
2646 540 2841 603 erant;
2880 538 2980 607 qui
3039 539 3303 610 quidem,
3363 544 3516 597 sicut
3567 544 3718 601 naavi

2070 616 2346 685 corporis,
2381 618 2461 674 ita
2492 627 2659 676 sectae
2692 639 2809 677 sum
2841 627 3228 682 ostendebant
3285 633 3712 701 praastantiam.

2069 702 2411 776 Quicunque
2445 726 2612 778 porro
2644 716 2698 765 et
2726 718 3013 784 quotquot
3042 713 3125 769 illi
3184 717 3403 774 fuerint
3450 720 3532 785 hi,
3595 739 3712 777 non

2068 808 2238 847 secus
2270 812 2334 849 ac
2367 796 2698 870 philosophi
2734 808 2949 858 sectam
2975 821 3142 860 suam
3166 806 3402 875 flagitiis
3425 811 3539 865 infa
3555 828 3713 867 man-

2068 886 2177 949 tes,
2212 890 2378 939 erant
2412 888 2522 942 veri
2555 889 2903 962 desertores,
2940 895 3174 951 nomine
3206 901 3378 955 tenus
3428 899 3712 958 Christia-

2067 972 2148 1041 ni,
2181 972 2299 1027 imo
2333 974 2438 1030 hoc
2470 976 2696 1050 indigni
2731 981 2986 1038 nomine.

2140 1078 2435 1149 Urgebant
2464 1085 2710 1155 gentiles
2752 1094 2970 1144 sectam
3017 1090 3482 1149 Christianorum
3518 1112 3712 1151 revera

2068 1168 2284 1224 malam
2342 1187 2490 1238 esse,
2553 1179 2753 1245 utpote
2809 1194 2937 1247 quae
2996 1180 3415 1249 imperatorum
3482 1183 3711 1255 legibus

2068 1256 2345 1313 damnata
2404 1261 2480 1315 sit
2530 1270 2676 1333 (cap.
2736 1267 2809 1335 6).
2873 1272 2943 1320 At
2975 1284 3172 1323 nonne
3221 1271 3465 1339 eaedem,
3499 1274 3713 1342 regerit

2064 1346 2280 1400 Auctor
2338 1355 2573 1415 noster,
2631 1352 3049 1423 imperatorum
3112 1356 3479 1429 aliorumque
3536 1362 3711 1429 justas

2066 1433 2222 1506 leges
2246 1440 2886 1497 statueruntneminem
2912 1461 3170 1516 unquam
3195 1448 3708 1505 condemnandum

2065 1526 2176 1580 nisi
2220 1528 2380 1598 prius
2437 1530 2702 1587 criminis
2756 1532 3006 1603 alicujus
3063 1536 3140 1590 sit
3189 1537 3298 1591 rite
3356 1540 3709 1597 convictus?

2064 1618 2177 1669 Cur
2232 1632 2367 1688 ergo
2425 1619 2640 1675 ethnici
2717 1622 3079 1679 Christianos
3146 1642 3251 1680 nec
3309 1629 3543 1692 auditos
3603 1646 3709 1685 nec

2066 1707 2362 1762 convictos
2418 1711 2885 1767 condemnabant
2924 1713 2951 1766 ?
3008 1714 3209 1770 Nonne
3282 1716 3477 1787 plures
3529 1719 3705 1774 etiam

301 1802 382 1841 ea
412 1786 613 1855 utique
642 1784 993 1841 declaranda
1050 1785 1180 1841 illos
1235 1786 1456 1842 ethnici
1509 1786 1835 1857 quaestione
1891 1803 1956 1840 ac
1984 1808 2033 1873 Β
2064 1794 2209 1848 (ἰδίω
2242 1801 2380 1851 sunt
2409 1798 2480 1852 ab
2512 1802 2851 1855 eorumdem
2875 1802 3238 1858 ethnicorum
3270 1784 3705 1873 lvegislatoribus

299 1874 620 1928 tormentis
670 1889 877 1945 cogere
954 1875 1264 1929 debebant.
1325 1878 1397 1929 At
1448 1891 1477 1929 e
1536 1875 1826 1929 contrario
1884 1873 1955 1928 iis

306 1978 525 2017 nomen
559 1978 733 2016 suum
764 1962 851 2017 vel
911 1968 1119 2034 sponte
1182 1963 1555 2035 negantibus,
1613 1963 1699 2017 vel
1744 1979 1957 2035 negare

304 2050 526 2105 coactis
548 2051 858 2105 confestim
908 2052 1231 2118 credentes,
1284 2053 1450 2107 fateri
1501 2068 1732 2123 quoque
1781 2052 1953 2107 debe-

303 2140 449 2195 bant
464 2138 608 2194 nihil
633 2139 770 2194 mali
791 2141 849 2194 in
866 2156 1067 2195 eorum
1086 2140 1363 2212 religione
1380 2158 1551 2213 posse
1575 2142 1954 2213 deprehendi.

296 2230 438 2286 Suis
472 2237 748 2301 praeterea
768 2229 998 2302 legibus
1029 2231 1278 2302 quilibet
1319 2233 1551 2301 judices
1602 2233 1955 2287 tenebantur

295 2320 646 2391 quorumvis
679 2320 993 2375 criminum
1029 2337 1156 2375 reos
1184 2321 1544 2394 interrogare
1577 2338 1725 2392 quae,
1756 2321 1952 2392 qualia

295 2416 354 2464 et
392 2414 610 2480 quanta
631 2407 754 2465 haec
802 2414 1020 2477 essent,
1086 2412 1235 2467 756
1285 2410 1384 2482 qui
1446 2428 1649 2466 eorum
1706 2410 1846 2466 socii
1897 2415 1953 2465 et

298 2502 656 2568 receptores,
691 2514 755 2552 ac
785 2514 853 2553 ea
881 2498 1116 2553 tandem
1171 2498 1231 2553 in
1265 2499 1481 2571 scripta
1538 2500 1950 2554 damnatorum

296 2586 597 2643 sententia
628 2587 975 2642 nominatim
1026 2588 1350 2643 enuntiare.
1406 2590 1471 2643 At
1521 2588 1665 2643 nihil
1726 2588 1842 2643 tale
1891 2587 1950 2642 in

295 2675 775 2732 Christianorum
812 2677 1187 2733 damnatione
1234 2676 1585 2745 factitatum,
1628 2694 1732 2732 nec
1790 2677 1949 2731 aliud

298 2782 511 2820 eorum
545 2766 839 2821 sententia
892 2767 1361 2838 pronuntiatum,
1410 2768 1523 2823 nisi
1554 2767 1949 2823 Christianum

298 2870 542 2908 nomen.
575 2854 775 2910 Solum
806 2872 942 2927 ergo
976 2856 1233 2912 nominis
1265 2858 1484 2912 crimen
1517 2861 1673 2925 erat;
1708 2858 1808 2913 sed
1840 2856 1949 2912 hoc

298 2944 509 3015 ipsum
542 2961 753 2999 nomen
784 2945 928 3000 nihil
978 2947 1318 3015 barbarum,
1373 2948 1724 3017 infaustum,
1781 2946 1949 3000 inho-

295 3036 538 3086 nestum
573 3038 763 3099 sonat,
799 3035 899 3088 sed
934 3034 1019 3088 vel
1054 3036 1411 3104 unctionem,
1436 3037 1520 3090 vel
1568 3035 1776 3090 saltem
1809 3052 1945 3089 sua-

296 3121 571 3187 vitatem,
596 3128 698 3176 aut
723 3122 1068 3192 bonitatem,
1102 3126 1334 3195 quando
1367 3125 1438 3179 ab
1472 3124 1617 3195 ipsis
1667 3124 1944 3195 gentibus

295 3211 605 3265 Chrestiani
636 3216 907 3283 corrupte
938 3214 1297 3268 vocabantur
1324 3213 1474 3285 (cap.
1505 3216 1559 3280 2,
1593 3215 1668 3284 3).

373 3321 449 3369 At
489 3317 547 3371 hi
579 3316 751 3387 plane
783 3317 1172 3389 desipiebant,
1207 3321 1307 3390 qui
1339 3319 1461 3375 solo
1521 3319 1776 3375 auctoris
1836 3337 1944 3375 no-

294 3405 462 3458 mine
494 3408 714 3459 sectam
747 3406 1213 3462 Christianorum
1246 3424 1306 3463 se
1329 3409 1523 3463 odisse
1554 3410 1955 3464 causabantur

292 3496 451 3564 (cap.
484 3494 554 3565 4).
582 3493 707 3548 Non
741 3494 897 3549 enim
924 3494 1279 3559 Platonicos,
1332 3501 1433 3551 aut
1475 3497 1951 3569 Phythagoraeos,

291 3583 370 3637 ob
404 3581 689 3652 Platonis,
723 3588 823 3637 aut
844 3583 1285 3655 Pythahagorze,
1313 3601 1419 3639 nec
1442 3584 1697 3639 medicos
1719 3586 1790 3639 ob
1811 3589 1953 3639 Era-

296 3671 555 3737 sistrati,
617 3688 720 3727 nec
768 3673 1188 3744 grammaticos
1240 3674 1311 3729 ob
1369 3673 1686 3728 Aristarchi
1740 3691 1951 3729 nomen

292 3761 567 3815 oderant.
625 3761 765 3824 Quis
808 3763 986 3817 etiam
1046 3763 1266 3817 nesciat
1324 3763 1487 3817 nefas
1548 3779 1675 3818 esse
1705 3763 1951 3829 Fsectam

296 3849 562 3919 aliquam
596 3850 728 3904 odio
759 3850 973 3905 habere
1006 3851 1140 3918 nisi,
1177 3852 1316 3922 quid
1351 3852 1404 3905 in
1440 3868 1507 3906 ea
1536 3852 1666 3906 odio
1707 3852 1951 3922 dignum

290 3938 401 4000 sit,
437 3942 605 3992 antea
626 3939 1004 3994 advertatur?
1039 3940 1263 3995 Ethnici
1298 3946 1493 3995 tamen
1528 3955 1631 3994 nec
1662 3939 1950 4003 (Christia-

300 4042 449 4082 nam
504 4033 744 4093 sectam,
806 4044 909 4082 nec
951 4030 1077 4098 ejus
1128 4034 1424 4083 auctorem
1487 4033 1787 4094 noverant,
1846 4045 1951 4083 nec

284 4114 574 4170 volebant
596 4131 964 4184 cognoscere.
1003 4118 1086 4171 Ad
1116 4117 1237 4171 haec
1266 4134 1422 4185 vero,
1475 4134 1575 4188 per
1607 4117 1769 4188 ipsos
1824 4117 1947 4172 cui-

283 4202 450 4257 libet
477 4202 710 4259 ethnico
736 4203 969 4273 licebat,
999 4222 1173 4275 quam
1209 4206 1381 4261 vellet
1442 4206 1949 4277 philosophorum,

274 4291 528 4346 tametsi
586 4292 918 4363 reipublicae
982 4310 1047 4348 ac
1108 4295 1475 4367 principibus
1556 4296 1948 4362 infensorum,

284 4384 522 4435 sectam
556 4381 847 4451 amplecli.
902 4382 1009 4437 Eos
1059 4399 1294 4455 quoque
1352 4386 1507 4439 solos
1565 4385 1949 4456 philosophos

286 4469 593 4524 vexabant
622 4470 720 4541 qui
754 4471 1056 4526 veritatem
1105 4490 1173 4528 ex
1214 4479 1375 4544 parte
1407 4474 1705 4543 docentes,
1747 4492 1949 4545 asper-

2066 1884 2456 1954 iniquissimae
2490 1886 2666 1959 leges,
2701 1892 3077 1960 postmodum
3112 1895 3453 1959 emendatas,
3488 1894 3574 1949 vel
3610 1912 3708 1949 an-

2065 1972 2344 2042 tiquatae?
2375 1974 2636 2046 Denique
2685 1978 2904 2047 injusta
2935 1979 3048 2045 lex,
3101 1982 3291 2052 qualis
3330 1982 3388 2037 in
3424 1984 3707 2038 Christia-

2066 2077 2172 2116 nos
2202 2062 2319 2117 lata
2350 2063 2558 2135 fuerat,
2592 2066 2819 2122 nullum
2853 2068 3034 2141 exigit
3077 2069 3356 2127 honorem
3409 2075 3509 2127 aut
3538 2072 3707 2128 obse-

2067 2153 2296 2222 quium.

2139 2246 2249 2296 Nec
2283 2242 2499 2298 instare
2532 2250 2797 2315 poterant
2828 2247 3043 2303 ethnici
3068 2249 3222 2319 leges
3256 2249 3313 2303 in
3346 2250 3707 2306 Christianos

2063 2330 2134 2385 ab
2168 2331 2239 2385 iis
2272 2333 2553 2403 sancitas,
2586 2334 2687 2404 qui
2720 2335 2951 2391 illorum
2983 2337 3230 2391 crimina
3273 2339 3571 2393 communi
3606 2356 3708 2409 po-

2062 2418 2370 2490 pularique
2403 2421 2558 2476 fama
2607 2430 3033 2493 compererant.
3086 2430 3284 2479 Nonne
3338 2424 3493 2479 enim
3529 2427 3704 2493 fama,

2060 2508 2379 2563 fatentibus
2410 2508 2617 2565 iisdem
2653 2511 2924 2581 ethnicis,
2950 2512 3170 2567 malum
3206 2519 3295 2569 est
3326 2530 3440 2585 quo
3474 2513 3705 2569 nullum

2059 2597 2362 2653 velocius?
2408 2598 2519 2653 Sed
2566 2599 2666 2655 illa
2714 2602 2919 2656 tandiu
2970 2608 3199 2656 tantum
3252 2603 3413 2669 vivit,
3444 2603 3703 2674 quandiu

2060 2686 2302 2751 incerta,
2353 2687 2501 2743 falsa
2530 2693 2588 2743 et
2637 2691 2888 2744 mendax
2945 2696 3054 2745 est.
3102 2690 3207 2745 Ubi
3268 2692 3424 2746 enim
3478 2709 3570 2748 res
3617 2695 3706 2746 est

2063 2781 2238 2843 certa,
2289 2777 2370 2831 ibi
2418 2777 2538 2832 haec
2584 2778 2741 2833 fama
2798 2779 3034 2834 desinit.
3085 2780 3488 2849 Investiganda
3522 2782 3705 2853 igitur

2060 2863 2222 2920 illius
2279 2865 2439 2936 origo
2498 2877 2672 2936 atque
2732 2870 3185 2938 exspectandum
3263 2870 3405 2926 757
3471 2880 3700 2940 tempus,

2057 2954 2211 3024 quod
2244 2958 2433 3009 omnia
2457 2957 2684 3010 revelat.
2718 2956 2859 3019 Quis
2908 2963 3104 3012 autem
3137 2959 3209 3012 ab
3257 2958 3383 3027 ipso
3417 2959 3699 3014 Christia-

2062 3060 2143 3096 na:
2177 3042 2474 3114 religionis
2523 3046 2756 3099 exordio
2805 3046 3031 3115 objecta
3078 3047 3427 3102 Christianis
3459 3048 3699 3103 infanti-

2062 3131 2232 3199 cidia,
2266 3132 2546 3199 incestus,
2571 3134 2800 3204 aliaque
2830 3135 3048 3188 scelera
3071 3134 3127 3188 in
3153 3152 3351 3190 eorum
3388 3137 3705 3207 synaxibus

2064 3238 2321 3291 unquam
2376 3222 2781 3292 deprehendit,
2834 3224 3122 3294 patefecit,
3175 3225 3476 3295 prodidit?
3524 3230 3704 3279 Num-

2062 3309 2202 3379 quid
2236 3309 2473 3380 ipsimet
2503 3310 2865 3366 Christiani?
2896 3313 3003 3367 Sed
3056 3330 3288 3367 summo
3324 3312 3556 3368 silentio
3601 3330 3709 3369 sua

2063 3398 2341 3469 mysteria
2398 3400 2694 3470 tegebant,
2754 3416 2859 3456 nec
2919 3406 3185 3471 poterant
3242 3407 3360 3457 tam
3420 3401 3713 3456 horrenda

2064 3487 2331 3551 erimina,
2365 3488 2415 3543 si
2467 3488 2700 3543 illorum
2753 3490 2970 3544 conscii
3030 3490 3300 3557 fuissent,
3337 3491 3462 3545 sine
3502 3491 3711 3562 capitis

2064 3576 2322 3648 periculo
2358 3578 2619 3647 prodere.
2650 3576 2948 3649 Numquid
2984 3578 3229 3650 gentiles
3252 3579 3280 3633 ?
3316 3578 3555 3635 Minime
3581 3579 3709 3651 qui-

2062 3667 2217 3721 dem.
2254 3667 2529 3731 Quamvis
2561 3666 2715 3721 enim
2750 3667 3115 3723 Christianos
3138 3668 3195 3723 in
3230 3668 3355 3724 suis
3388 3669 3709 3741 synaxibus

2063 3754 2326 3826 quotidie
2357 3756 2711 3823 obsiderent,
2761 3772 2932 3810 nemo
2984 3761 3182 3812 tamen
3217 3756 3338 3813 haec
3392 3758 3710 3829 deprehen-

2062 3843 2239 3911 disse,
2276 3860 2378 3898 nec
2432 3843 2588 3898 ullus
2641 3844 3002 3899 domesticus
3043 3847 3227 3916 pretio
3279 3852 3611 3917 corruptus,
3648 3863 3710 3902 se

2063 3938 2163 3987 aut
2218 3933 2475 3998 vidisse,
2533 3939 2633 3986 aut
2684 3932 2966 3987 celavisse
3038 3951 3299 4005 unquam
3357 3936 3708 3990 testiﬁcatus

2062 4026 2177 4076 est.

2132 4113 2417 4167 Praeterea
2446 4111 2761 4167 Christiani
2788 4112 3183 4169 sectatoribus
3213 4114 3336 4168 suis
3368 4113 3521 4185 leges
3553 4111 3708 4166 Chri-

2062 4201 2139 4255 sti
2190 4202 2391 4256 sedulo
2450 4200 2896 4256 observantibus
2957 4201 3384 4273 pollicebantur
3432 4206 3710 4257 aeternam

2061 4290 2416 4346 felicitatem.
2450 4292 2517 4343 At
2550 4289 2664 4357 dic,
2719 4306 2936 4360 quaeso,
2974 4296 3170 4345 utrum
3223 4309 3334 4346 non
3378 4293 3584 4345 insano
3618 4306 3713 4361 pe-

2060 4382 2220 4435 nitus
2254 4380 2476 4434 homini
2528 4379 2803 4435 credibile
2862 4380 2965 4435 ﬁat
3008 4380 3164 4435 illam
3228 4380 3541 4450 aliquando
3574 4395 3709 4449 pro-

2061 4470 2307 4524 missam
2342 4470 2525 4523 fuisse
2548 4468 2643 4529 iis,
2664 4468 2761 4538 qui
2788 4473 2949 4522 tanta
2979 4468 3196 4523 scelera
3230 4468 3711 4539 perpetrassent?

279 4560 594 4613 nabantur
619 4557 855 4613 illorum
890 4560 1051 4615 deos.
1092 4563 1175 4615 Ita
1208 4577 1348 4615 sane
1380 4561 1677 4616 Socratem
1709 4563 1948 4618 damna-
1982 4546 2027 4610 D
2059 4558 2237 4614 Nemo
2260 4562 2437 4613 etiam
2463 4557 2721 4628 gentilis,
2744 4556 2829 4609 vel
2855 4556 3095 4611 minimo
3120 4556 3506 4611 humanitatis
3532 4573 3709 4611 sensu

282 4652 533 4709 verunt,
568 4664 909 4718 quanquam
942 4650 1228 4719 Apollinis
1283 4650 1519 4705 oraculo
1579 4654 1949 4706 renuntiatus

283 4736 512 4792 fuisset
548 4736 882 4790 mortalium
944 4740 1209 4791 omnium
1266 4740 1771 4809 sapientissimus.
1825 4741 1951 4795 Non

282 4825 519 4878 mirum
553 4822 751 4894 itaque
783 4824 832 4879 si
865 4824 1100 4880 illorum
1134 4826 1192 4879 in
1223 4826 1589 4884 Christianos
1622 4829 1820 4884 odium
1855 4846 1951 4884 ve-

283 4915 452 4967 ritas
486 4914 795 4984 pepererit.
829 4916 934 4969 Sed
970 4916 1116 4983 vide,
1153 4932 1371 4985 quaeso,
1434 4934 1545 4987 quo
1605 4917 1954 4973 insanientis

281 5000 490 5056 animi
549 5002 761 5057 furore.
820 5003 1176 5058 Fatebantur
1249 5021 1347 5059 eos
1408 5022 1613 5061 omnes
1686 5006 1955 5061 meliores

284 5092 513 5154 factos,
549 5090 649 5160 qui
683 5094 909 5161 eiurato
945 5094 1226 5147 falsorum
1261 5094 1507 5149 deorum
1562 5095 1747 5155 cultu,
1775 5111 1948 5150 suum

289 5180 596 5237 dederant
627 5178 973 5235 Christiane
1005 5180 1277 5252 religioni
1311 5200 1545 5238 nomen.
1579 5183 1689 5239 Sed
1726 5186 1780 5237 in
1826 5183 1956 5239 illos

282 5268 412 5324 hoc
450 5268 573 5322 solo
606 5271 844 5324 nomine
888 5270 1183 5325 crudelius
1216 5271 1553 5339 saeviebant,
1586 5290 1803 5345 eosque
1854 5290 1949 5327 no-

283 5361 508 5411 centes
538 5362 595 5410 et
624 5357 939 5412 sceleratos
972 5374 1101 5413 esse
1134 5359 1432 5414 malebant
1460 5377 1635 5431 quam
1676 5360 1956 5417 Christia-

290 5462 440 5502 nos.

376 5536 598 5589 Contra
645 5538 841 5591 tamen
873 5535 1229 5607 objiciebant
1277 5537 1494 5593 ethnici
1546 5540 1833 5610 quosdam
1892 5556 1960 5595 ex

291 5623 659 5681 Christianis
689 5624 983 5697 pessimos
1014 5642 1165 5698 esse,
1197 5644 1262 5683 ac
1318 5628 1475 5685 vitiis
1521 5628 1959 5701 sceleribusque

2066 4649 2366 4720 praeditus,
2428 4664 2495 4701 ea
2556 4651 2885 4716 perpetrare
2919 4662 3101 4700 ausus
3162 4663 3423 4716 unquam
3484 4647 3693 4701 fuisset

2064 4742 2211 4809 Ergo
2245 4754 2349 4792 nec
2382 4736 2485 4790 ulli
2537 4734 2877 4798 Christiani,
2911 4751 3159 4805 quorum
3204 4736 3405 4789 eadem
3445 4752 3510 4789 ac
3542 4742 3713 4789 caete-

2066 4842 2265 4880 rorum
2305 4824 2609 4879 hominum
2638 4826 2865 4886 natura,
2893 4840 2998 4877 nec
3021 4826 3382 4895 Cynopennm
3415 4828 3712 4891 erant,nec

2067 4915 2402 4983 Sciapodes,
2436 4928 2539 4967 nec
2572 4910 2879 4981 antipodes
2912 4912 3059 4982 (cap.
3092 4912 3170 4982 7).

2134 5004 2272 5066 Quis
2304 5008 2491 5055 autem
2551 5017 2663 5054 non
2724 5000 2910 5053 rideat
2966 5002 3251 5065 ethnicos,
3314 5001 3412 5072 qui
3460 5001 3706 5058 ridiculo

2067 5090 2253 5165 pueri,
2288 5108 2321 5144 a
2355 5094 2561 5143 mutua
2608 5088 2831 5142 nutrice
2882 5090 3132 5155 educati,
3198 5091 3506 5162 primoque
3550 5092 3710 5147 vocis

2070 5199 2211 5237 sono
2267 5178 2479 5253 βὲγκοις
2537 5178 3015 5249 pronuntiantis,
3078 5186 3411 5236 commento
3470 5182 3717 5253 probare

2070 5270 2502 5325 contendebant
2550 5267 2912 5323 Christianos
2968 5267 3293 5339 Phrygibus
3333 5271 3585 5341 aliisque
3617 5288 3713 5325 na-

2067 5359 2328 5413 tionibus
2361 5374 2489 5412 esse
2522 5355 2871 5427 posteriores
2893 5356 2919 5409 ?
2951 5356 3089 5420 Quis
3121 5357 3276 5411 enim
3304 5359 3527 5413 nesciat
3556 5359 3716 5413 Chri-

2072 5450 2323 5506 stianam
2357 5460 2611 5519 gentem,
2646 5464 2772 5518 quae
2804 5463 2837 5501 a
2887 5447 3107 5503 Judaeis
3139 5453 3335 5504 ortum
3370 5451 3556 5516 duxit,
3587 5466 3714 5504 esse

2072 5539 2292 5595 caeteris
2323 5537 2714 5608 antiquiorem
2738 5535 2765 5590 ?
2815 5536 3089 5600 Quamvis
3132 5544 3327 5594 autem
3364 5538 3494 5593 aliis
3528 5552 3716 5591 recen-

2069 5629 2183 5686 tior
2212 5629 2379 5699 foret,
2411 5625 2585 5683 tertia
2617 5629 2814 5682 tamen
2861 5631 2994 5697 post
3042 5631 3270 5684 Graecos
3314 5633 3370 5682 et
3418 5626 3709 5682 Romanos
