4106 6178
488 286 608 353 839

1018 285 1542 349 TERTULLIANI
1588 281 1914 345 OPERUM
1955 282 2155 342 PARS
2202 282 2248 341 l.
2282 315 2360 327 —
2391 282 2665 344 SERIES
2712 284 2757 358 l,
2804 282 3373 346 APOLOGETICA.

3734 292 3835 350 840

495 428 652 483 natio
682 418 1732 493 inhumanissimissuperstitionibus
1762 418 1995 474 addicta
2017 434 2133 473 non
2171 418 2221 483 Α
2324 422 2445 489 Age
2496 435 2651 486 vero,
2716 416 2927 474 ethnici
2986 436 3020 475 a
3073 421 3351 475 mendace
3408 421 3592 476 Tacito
3620 423 3836 494 decepti,

493 522 618 575 erat
650 517 799 588 (cap.
832 515 910 586 8).

566 607 867 661 [uetabant
898 602 1115 658 ethnici
1162 601 1546 666 Christianos,
1598 601 1669 655 ob
1719 599 1958 655 deorum
1991 615 2129 653 con-

490 701 813 767 temptum,
875 693 1139 749 omnium
1195 691 1447 745 cladium
1510 707 1636 744 esse
1689 693 1983 755 auctores,
2049 692 2135 742 at-

489 801 602 857 que
652 783 867 837 idcirco
921 780 1392 835 exterminandos
1451 782 1600 849 (cap.
1661 779 1738 849 9).
1793 778 1902 833 Sed
1958 776 2133 831 variis

489 873 890 931 Tertullianus
941 868 1221 939 exemplis
1270 869 1631 923 demonstrat
1685 867 1967 920 mundum
2004 882 2133 937 gra-

490 962 751 1018 vissimis
783 958 1240 1027 calamitatibus,
1276 958 1359 1011 uti
1411 973 1696 1027 aquarum
1728 955 2133 1009 inundationi-

492 1055 624 1121 bus,
659 1055 790 1124 igne
848 1048 1091 1114 coslesti,
1136 1063 1202 1101 ac
1258 1046 1513 1117 generali
1568 1045 1784 1099 diluvio
1825 1044 2133 1115 perturba-

488 1149 612 1197 tum
646 1142 1042 1210 obrutumque
1075 1136 1274 1202 fuisse,
1308 1141 1620 1206 antequam
1654 1135 1889 1206 ipsimet
1917 1132 2131 1188 ethnici

489 1232 625 1285 deos
657 1245 796 1284 suos
846 1227 1174 1291 ﬁnxissent,
1226 1240 1289 1279 ac
1326 1224 1578 1277 fundatis
1628 1226 1825 1278 essent
1868 1222 2042 1275 urbes
2074 1222 2131 1274 in

488 1318 705 1391 quibus
739 1315 879 1383 nati,
913 1310 1258 1369 commorati
1281 1317 1337 1367 et
1367 1310 1580 1383 sepulti
1606 1315 1766 1367 sunt.
1799 1310 1945 1375 Quid
1978 1326 2131 1379 vero,

488 1409 643 1479 quod
677 1411 877 1478 postea
923 1403 981 1458 hi
1013 1402 1207 1457 eximii
1259 1402 1336 1455 dii
1387 1418 1499 1457 non
1551 1404 1868 1472 potuerunt
1896 1400 1966 1454 ab
2000 1399 2132 1454 aliis

489 1495 756 1551 cladibus
790 1510 929 1549 suos
961 1491 1183 1563 eripere
1214 1490 1469 1545 cultores
1495 1492 1517 1543 Ρ

557 1601 823 1657 Secunda
854 1599 1033 1669 hujus
1054 1597 1185 1652 libri
1214 1598 1270 1651 in
1294 1601 1455 1668 parte
1481 1598 1697 1651 Auctor
1717 1599 1912 1650 noster
1942 1598 2133 1650 osten-

485 1692 571 1748 dit
627 1691 910 1762 ipsosmet
940 1687 1186 1760 gentiles
1234 1687 1573 1741 eorumdem
1636 1685 1951 1740 criminum
2006 1700 2133 1739 esse

2247 507 2393 561 falso
2452 510 2869 563 asseverabant
2926 526 2957 563 a
3030 510 3379 565 Christianis
3457 512 3661 567 adorari
3710 515 3838 569 asini

2243 602 2418 668 caput
2475 598 2627 669 (cap.
2692 599 2797 669 11).
2858 599 2964 653 Sed
3016 600 3129 670 ipsi
3178 601 3429 671 gentiles
3488 618 3668 657 revera
3712 607 3842 659 totos

2244 686 2567 740 adorabant
2616 686 2814 742 asinos
2859 704 2993 742 cum
3053 706 3159 743 sua
3203 690 3421 759 Epona,
3477 689 3697 761 suisque
3725 709 3839 746 cum

2245 775 2604 846 praesepibus
2637 778 3058 833 consecrabant
3102 778 3340 833 bestias.
3377 780 3496 843 Qua
3541 796 3663 835 vero
3692 782 3842 835 ratio-

2245 880 2315 917 ne
2346 863 2693 919 Christianis
2726 865 2954 920 crimini
2990 866 3234 936 dabant,
3267 868 3421 938 quod
3466 883 3678 923 crucem
3709 868 3845 923 Chri-

2247 954 2323 1007 sti
2358 952 2634 1022 colerent,
2667 971 2800 1009 cum
2848 954 2960 1026 ipsi
3011 955 3257 1009 Atticam
3310 955 3596 1011 Palladem
3627 961 3679 1012 et
3705 956 3849 1013 Cere-

2245 1060 2365 1098 rem
2402 1043 2668 1099 Phariam
2717 1061 2750 1100 a
2797 1044 2986 1100 crucis
3047 1044 3245 1116 stipite
3297 1062 3412 1099 non
3462 1046 3847 1117 discrepantem

2243 1132 2715 1188 venerabantur?
2746 1134 2949 1189 Nonne
2980 1133 3158 1189 etiam
3194 1138 3363 1189 recta:
3396 1135 3580 1189 crucis
3608 1136 3741 1204 parti
3765 1152 3849 1189 su-

2242 1223 2655 1293 perstruebant
2686 1223 2825 1278 deos
2857 1240 2995 1278 suos
3022 1249 3036 1290 ;
3061 1230 3114 1278 et
3136 1222 3382 1293 integris
3403 1224 3667 1279 crucibus
3690 1222 3844 1278 victo-

2244 1310 2384 1377 rias,
2442 1312 2744 1377 cantabra,
2804 1311 3043 1383 siphara
3091 1317 3149 1367 et
3207 1312 3373 1382 signa
3414 1310 3700 1382 militaria,
3744 1329 3850 1384 qua

2244 1400 2498 1454 maximo
2530 1400 2821 1457 habebant
2851 1401 2907 1455 in
2939 1401 3158 1457 honore
3188 1401 3333 1473 (cap.
3364 1401 3501 1470 42)?

2314 1506 2563 1569 Quidam
2594 1525 2726 1563 vero
2758 1526 2825 1564 ex
2860 1508 2974 1563 illis
3005 1526 3310 1581 perperam
3353 1508 3573 1580 opinati
3621 1512 3748 1564 sunt
3770 1510 3855 1565 So-

2240 1594 2355 1652 lem
2384 1613 2416 1650 a
2439 1596 2789 1653 Christianis
2817 1598 3067 1665 adorari,
3097 1599 3237 1670 quia
3255 1615 3456 1654 verum
3482 1599 3659 1653 Deum
3686 1616 3856 1669 suum,

2243 1684 2386 1739 facie
2418 1688 2485 1739 ad
2522 1689 2794 1741 eumdem
2826 1686 3018 1741 Solem
3051 1703 3351 1753 conversa,
3383 1687 3774 1758 precabantur,
3798 1703 3850 1741 ac

484 1780 771 1842 conscios,
809 1794 1058 1849 quorum
1101 1776 1463 1830 Christianos
1496 1791 1736 1844 arguere
1780 1774 2000 1829 frustra
2031 1790 2128 1827 co-
2162 1789 2209 1853 Β
2242 1774 2333 1829 die
2365 1775 2664 1829 Dominico
2716 1774 3007 1846 spirituali
3058 1775 3447 1847 indulgebant
3493 1776 3693 1830 laetitiae
3723 1780 3848 1846 (cap.

484 1872 798 1927 nabantur.
832 1868 979 1921 Nam
1007 1865 1063 1919 hi
1097 1866 1195 1936 qui
1220 1865 1515 1934 antiquos,
1550 1865 1646 1919 sed
1672 1864 1885 1934 impios
1920 1864 2067 1918 ritus
2100 1879 2133 1917 a

485 1956 833 2016 Christianis
864 1954 1202 2022 repudiatos
1248 1954 1542 2007 immerito
1594 1953 2013 2024 querebantur,
2050 1950 2131 2005 illi

485 2048 596 2120 ipsi
621 2064 653 2103 a
672 2047 961 2116 majorum
987 2059 1230 2098 suorum
1258 2042 1508 2113 legibus,
1533 2041 1847 2112 institutis,
1867 2040 2131 2096 moribus

487 2136 853 2191 desciverant
910 2132 1091 2200 cultu,
1151 2132 1347 2195 victu,
1408 2131 1653 2202 ipsoque
1713 2146 2003 2197 sermone,
2065 2146 2130 2184 ac

486 2242 787 2297 nunquam
848 2222 991 2279 satis
1050 2238 1082 2277 a
1139 2238 1200 2276 se
1257 2220 1530 2276 laudatas
1589 2221 1913 2292 rejecerant
1967 2222 2129 2274 vetu-

488 2320 691 2371 states.

558 2421 773 2478 Deinde
802 2436 935 2474 vero
965 2416 1283 2474 Christiani
1315 2417 1631 2488 deos,quos
1652 2416 1845 2471 nullos
1880 2432 2007 2471 esse
2028 2432 2128 2470 no-

485 2514 706 2577 verant,
730 2526 844 2564 non
863 2512 1235 2563 contemnere
1256 2523 1368 2561 non
1398 2510 1735 2577 potuerunt.
1756 2504 1982 2559 Ethnici
2000 2521 2130 2559 vero

484 2617 628 2670 quos
659 2614 824 2653 veros
854 2614 1003 2665 esse,
1038 2613 1103 2651 ac
1135 2613 1197 2651 se
1227 2596 1414 2650 colere
1460 2595 1859 2655 venditabant,
1896 2595 2131 2664 penitus

483 2687 1014 2759 adspernabantur.
1049 2684 1320 2739 Pluribus
1364 2684 1655 2754 siquidem
1706 2682 1918 2755 spretis
1951 2687 2008 2737 et
2039 2700 2130 2737 re-

484 2776 764 2850 pudiatis,
785 2777 1071 2847 quosdam
1095 2780 1324 2829 tantum
1341 2792 1373 2827 a
1396 2789 1456 2828 se
1475 2772 1720 2829 selectos
1744 2772 2129 2827 honorabant.

483 2868 686 2922 Nonne
741 2865 909 2920 etiam
967 2861 1385 2918 contumeliose
1439 2879 1472 2915 a
1521 2866 1727 2916 senatu
1777 2861 1943 2931 ejecti
1996 2865 2135 2916 sunt

485 2956 630 3010 deus
664 2953 983 3017 Alburnus,
1020 2952 1210 3016 Liber,
1243 2950 1498 3021 Serapis,
1534 2950 1942 3022 Harpocrates,
1975 2951 2133 3003 Anu-

490 3045 604 3108 bis,
636 3049 693 3099 et
741 3047 945 3097 statua
1004 3041 1237 3095 illorum
1286 3040 1544 3095 eversae?
1600 3040 1746 3103 Quid
1781 3040 1894 3094 diis
1943 3038 2134 3094 adhuc

483 3133 669 3203 magis
700 3131 1075 3200 injuriosum,
1111 3146 1287 3200 quam
1320 3130 1447 3184 sine
1478 3128 1987 3184 senatusconsulto
2037 3143 2135 3182 eos
2166 3159 2209 3225 ρ

490 3222 599 3277 coli
634 3238 748 3275 non
784 3219 932 3276 758
970 3219 1186 3289 posse?
1217 3218 1363 3281 Quid
1418 3218 1607 3288 magis
1654 3217 2132 3285 ignominiosum,

492 3326 669 3381 quam
704 3326 736 3363 a
768 3308 988 3379 privato
1011 3305 1273 3377 quolibet
1303 3306 1539 3361 homine
1561 3305 1913 3361 domesticos
1937 3304 2136 3375 pigno-

490 3398 606 3452 rari
661 3398 822 3462 deos,
874 3394 1137 3466 publicos
1195 3410 1326 3449 vero
1376 3395 1434 3448 in
1495 3394 1750 3449 hastario
1797 3391 2133 3448 venditari?

490 3486 640 3553 Quid
672 3485 924 3555 turpius,
950 3500 1125 3554 quam
1164 3500 1265 3553 pro
1288 3482 1488 3554 templi
1524 3483 1668 3551 solo,
1704 3484 1885 3549 aditu,
1921 3481 2133 3553 stipiti-

490 3576 619 3638 bus,
650 3573 817 3628 ostiis
848 3572 999 3643 exigi
1050 3571 1427 3626 mercedem?
1479 3571 1610 3634 Quae
1663 3573 1851 3640 major
1890 3571 2133 3624 deorum

488 3661 752 3727 infamia,
786 3677 963 3731 quam
1016 3677 1216 3715 senem
1270 3660 1328 3714 in
1385 3666 1656 3730 Saturno,
1706 3659 2029 3714 imberbem
2071 3659 2131 3714 in

486 3751 773 3823 Apolline,
828 3750 884 3803 in
936 3750 1119 3804 Marte
1178 3749 1445 3814 militem,
1499 3749 1556 3803 in
1607 3748 1868 3804 Vulcano
1901 3750 2132 3804 fabrum

487 3838 849 3906 consecrari,
906 3855 1080 3907 quam
1137 3838 1249 3893 diis
1310 3837 1582 3893 maximis
1639 3838 1894 3909 aequales
1946 3839 2133 3893 facere

487 3935 752 3985 mortuos
808 3927 1101 3995 homines,
1162 3944 1340 3998 quam
1396 3928 1603 3998 punire
1663 3944 1764 3999 per
1822 3927 1981 3996 deos,
2016 3944 2131 3982 non

485 4035 622 4073 vero
657 4034 758 4089 per
788 4016 1023 4087 genium
1058 4016 1300 4071 Caesaris
1345 4016 1698 4086 dejerantes,
1734 4033 1912 4087 quam
1947 4017 2134 4088 pessi-

486 4124 616 4163 mas
660 4122 927 4178 quasque
972 4106 1343 4159 victimarum
1396 4112 1591 4175 partes
1641 4106 1714 4159 iis
1759 4105 2132 4161 sacrificare?

486 4197 636 4264 Quid
673 4196 908 4251 tandem
937 4195 1178 4249 deorum
1216 4194 1523 4263 majestate
1570 4195 1758 4266 magis
1798 4195 2131 4266 indignum,

485 4302 664 4359 quam
697 4286 768 4340 ab
812 4288 1062 4339 Homero
1109 4282 1361 4351 aliisque
1412 4282 1598 4352 poetis
1648 4282 1890 4354 impune
1922 4283 2130 4337 decan-

483 4378 595 4432 tari
626 4375 909 4429 Venerem
943 4373 1291 4437 sauciatam,
1344 4371 1601 4425 vinctum
1637 4371 1902 4436 Martem,
1934 4373 2131 4427 Jovem

486 4467 557 4519 ab
608 4463 739 4518 aliis
798 4462 910 4517 diis
965 4461 1327 4527 lacessitum,
1393 4460 1649 4526 ﬂentem,
1714 4454 2160 4525 luxuriantem,’

2244 1864 2352 1931 13).
2384 1864 2600 1919 Verum
2634 1864 2887 1936 improbi
2918 1864 3015 1919 isti
3050 1864 3505 1921 calumniatores
3532 1880 3729 1937 negare
3758 1880 3853 1918 non

2242 1956 2552 2023 potuerant
2582 1968 2801 2007 morem
2848 1952 3219 2008 ethnicorum
3272 1954 3457 2009 fuisse
3509 1954 3677 2009 simili
3711 1953 3855 2007 modo

2243 2040 2494 2095 factitios
2544 2041 2681 2096 deos
2723 2058 2863 2097 suos
2914 2041 3210 2113 precandi,
3262 2046 3441 2113 atque
3490 2042 3606 2097 illis
3656 2040 3855 2096 dicendi

2242 2147 2427 2185 unum
2478 2129 2872 2186 Hebdomadis
2926 2130 3105 2198 diem,
3140 2147 3313 2201 quem
3364 2131 3664 2187 Dominico
3695 2130 3857 2202 proxi-

2243 2235 2429 2283 mum,
2458 2218 2628 2288 longe
2659 2219 2887 2274 diverso
2921 2236 2987 2274 ac
3016 2220 3202 2275 Judaei
3238 2220 3376 2289 ritu,
3427 2220 3792 2276 celebrabant.

2313 2308 2464 2362 Tum
2513 2307 2723 2362 deinde
2771 2307 3172 2364 Tertullianus
3220 2309 3435 2365 acriter
3486 2309 3764 2365 invehitur
3811 2307 3857 2360 in

2243 2395 2589 2452 bestiarium
2624 2399 2964 2468 quemdam,
2993 2398 3252 2453 Judaicze
3286 2398 3589 2470 religionis
3632 2399 3859 2453 deserto-

2242 2503 2385 2555 rem,
2430 2485 2531 2556 qui
2583 2486 2642 2540 in
2702 2486 2855 2542 circo
2916 2488 3205 2557 picturam
3269 2487 3364 2543 Dei
3426 2488 3859 2543 Christianorum

2242 2574 2348 2630 sub
2382 2575 2567 2629 forma
2608 2574 2756 2629 asini
2807 2574 3251 2631 circumtulerat
3297 2592 3434 2631 cum
3489 2577 3596 2632 hac
3646 2573 3860 2644 inscrip-

2241 2664 2437 2719 tione:
2469 2663 2801 2721 Onochoetes
2842 2664 2993 2735 (cap.
3048 2664 3157 2735 14).
3210 2669 3355 2719 Nam
3408 2668 3630 2736 quanto
3659 2661 3861 2733 longius

2240 2753 2399 2809 istud
2434 2769 2467 2807 a
2494 2752 2735 2808 veritate
2784 2752 3156 2819 abhorrebat,
3188 2757 3352 2809 tanto
3402 2754 3621 2809 certius
3668 2754 3777 2807 erat
3803 2749 3861 2804 ab

2243 2842 2494 2897 ethnicis
2552 2841 2781 2897 adorari
2859 2843 2998 2898 deos
3056 2847 3367 2913 cornutos,
3430 2843 3761 2916 caprigenas
3810 2853 3861 2892 ac

2244 2930 2526 2987 monstris
2556 2930 2796 2985 omnino
2828 2930 3072 2986 similes.

2312 3020 2469 3075 Nihil
2503 3036 2738 3091 quoque
2769 3019 2974 3075 falsius
3006 3020 3148 3091 ﬁngi
3180 3023 3406 3092 poterat
3446 3037 3621 3093 quam
3652 3037 3682 3075 a
3720 3015 3861 3073 Chri-

2248 3110 2460 3165 stianis
2492 3126 2658 3165 sacra
2687 3109 2839 3163 inter
2871 3111 3148 3181 mysteria
3181 3110 3368 3165 occidi
3399 3110 3705 3177 infantem,
3734 3108 3865 3176 ejus-

2248 3216 2360 3270 que
2383 3198 2732 3269 sanguinem
2760 3198 2966 3269 potari.
2992 3201 3062 3253 At
3084 3198 3255 3270 plane
3286 3199 3599 3255 constabat
3620 3198 3685 3251 ab
3704 3192 3865 3250 ethni-

2244 3288 2329 3343 cis
2362 3290 2563 3342 contra
2592 3287 2749 3359 leges
2781 3304 2921 3343 suas
2952 3304 3153 3343 recens
3186 3292 3354 3343 natos
3384 3286 3667 3343 trucidari
3700 3283 3864 3337 infan-

2244 3381 2354 3445 tes,
2384 3380 2485 3431 aut
2515 3392 2748 3430 summa
2779 3375 3121 3431 crudelitate
3152 3376 3388 3447 injuriis
3423 3375 3579 3431 aeris
3608 3371 3868 3429 necandos

2244 3465 2476 3536 exponi,
2511 3464 2661 3521 759
2708 3469 2810 3520 aut
2857 3465 2987 3520 elici
3036 3482 3234 3521 eorum
3292 3465 3669 3536 sanguinem,
3709 3466 3869 3517 totos-

2244 3571 2357 3625 que
2388 3571 2723 3625 prascoquos
2757 3555 3019 3609 devorari
3050 3555 3200 3626 (cap.
3233 3556 3339 3625 15).

2313 3660 2458 3723 Quid
2490 3678 2625 3715 vero
2677 3660 3084 3731 impudentius
3133 3678 3310 3732 quam
3357 3660 3723 3717 Christianos
3758 3654 3867 3711 falsi

2244 3749 2484 3804 omnino
2518 3750 2786 3804 nocturni
2819 3749 3079 3804 incestus
3128 3750 3201 3805 ab
3236 3750 3308 3805 iis
3354 3750 3645 3819 accusari,
3678 3747 3767 3819 qui
3796 3746 3868 3798 in-

2242 3838 2405 3894 ficias
2435 3838 2518 3893 ire
2549 3838 2868 3908 nequibant
2896 3838 3143 3908 gentiles
3185 3840 3391 3894 Persas
3445 3855 3578 3895 cum
3613 3835 3869 3893 matribus

2244 3927 2369 3982 suis
2401 3926 2594 3998 palam
2627 3926 2800 3995 coire,
2836 3927 3050 3997 quique
3101 3926 3386 3998 OEdipum
3421 3928 3618 3983 scelus
3668 3924 3795 3980 illud
3824 3921 3870 3975 in

2242 4015 2470 4069 theatro
2502 4018 3019 4086 repraasentantem
3054 4031 3266 4088 magno
3290 4032 3428 4071 cum
3456 4015 3740 4087 applausu
3767 4010 3872 4066 lau-

2242 4104 2463 4158 dabant
2486 4102 2948 4175 incitabantque.
2985 4104 3135 4167 Quin
3168 4104 3345 4159 etiam
3380 4105 3483 4160 isti
3521 4106 3633 4177 ipsi
3663 4118 3783 4159 cum
3813 4098 3869 4152 li-

2242 4194 2397 4247 beris
2429 4192 2576 4257 suis,
2620 4209 2791 4263 quos,
2842 4192 2997 4247 sicut
3046 4192 3328 4259 diximus,
3382 4187 3872 4265 exposuerantiu-

2243 4281 2455 4345 fantee,
2492 4296 2596 4334 nec
2649 4280 2905 4351 amplius
2957 4281 3376 4352 agnoscebant,
3432 4282 3651 4354 saepius
3692 4273 3874 4334 infami

2243 4370 2471 4424 incestu
2502 4370 3037 4425 commiscebantur
3077 4371 3224 4441 (cap.
3263 4372 3370 4437 16).
3423 4376 3508 4426 Ne
3540 4371 3669 4441 quis
3699 4372 3871 4424 autem

2242 4456 2388 4511 illud
2412 4457 2594 4529 gratis
2619 4457 2817 4512 ﬁctum
2843 4457 3139 4526 obiiceret,
3160 4458 3231 4513 ab
3257 4460 3516 4515 Auctore
3540 4464 3733 4515 nostro
3758 4470 3875 4509 con-

486 4569 708 4623 suaque
766 4551 1054 4606 adulteria
1120 4550 1657 4606 dinumerantem‘?
1715 4550 1863 4616 Quid
1921 4551 2137 4623 plura?
2172 4537 2211 4599 D
2247 4547 2515 4601 firmatur
2563 4546 2775 4601 celebri
2836 4547 3132 4617 exemplo,
3180 4548 3335 4618 quod
3397 4548 3677 4604 Fusciani
3734 4541 3878 4600 Urbis

488 4642 694 4697 Nonne
725 4640 899 4695 iidem
932 4640 1012 4694 dii
1056 4640 1478 4695 deridebantur
1506 4639 1566 4693 in
1615 4639 1859 4695 theatris
1897 4644 1954 4694 et
1987 4641 2133 4696 Len-

487 4729 750 4786 tulorum
784 4733 958 4798 atque
994 4727 1330 4783 Hostiorum
1378 4728 1700 4793 commdiis,
1751 4730 1872 4797 ubi,
1905 4732 2135 4786 cunctis

489 4816 931 4891 plaudentibus,
967 4816 1131 4870 mimi
1163 4822 1220 4870 et
1262 4816 1578 4873 histriones
1627 4817 1933 4872 ridiculam
1966 4818 2135 4889 plane

489 4907 740 4978 agebant
759 4903 992 4977 Cybeles
1013 4910 1307 4976 pastorem
1328 4906 1683 4977 suspirantis
1708 4906 2135 4977 personam,vel

487 4995 645 5051 Jovis
677 4995 865 5066 elogia
894 5000 950 5049 et
1003 4993 1328 5065 ignominia
1367 4996 2023 5053 decantabant?Nonne
2055 4997 2135 5052 dii

489 5084 930 5140 infamabantur
959 5101 992 5138 a
1024 5083 1267 5154 perditis
1317 5083 1678 5152 hominibus,
1731 5087 1830 5157 qui
1864 5087 1922 5141 in
1964 5103 2137 5143 cavea

492 5172 993 5245 reprtesentabant
1033 5174 1197 5241 Atym
1244 5176 1586 5240 castratum,
1639 5179 1963 5229 crematum
1995 5177 2134 5231 Her-

491 5262 704 5324 culem,
742 5260 930 5314 Ditem
962 5259 1355 5331 gladiatorum
1387 5262 1771 5317 deducentem
1804 5265 2133 5336 exsequias,

490 5368 555 5409 ac
586 5348 934 5405 Mercurium
973 5352 1234 5403 mortuos
1284 5350 1718 5407 examinantem
1744 5352 1772 5408 τ
1814 5353 1953 5417 Quis
2001 5370 2137 5427 ergo

490 5439 843 5496 difﬁtebitur
875 5437 1215 5508 bujusmodi
1266 5438 1425 5507 deos,
1459 5442 1530 5495 ab
1572 5441 1664 5496 his
1695 5441 1861 5513 ipsis,
1910 5445 2009 5516 qui
2041 5462 2141 5501 eos

490 5532 800 5594 tinxerant,
825 5525 1144 5599 gentilibus
1167 5526 1336 5598 longe
1362 5528 1573 5600 magis,
1599 5546 1775 5600 quam
1810 5550 1843 5588 a
1867 5533 2142 5590 Christia-

494 5621 587 5677 nis
620 5616 917 5675 contemni
949 5619 1006 5672 et
1036 5614 1285 5672 derideri
1320 5616 1469 5690 (cap.
1516 5618 1647 5690 10)?

2244 4634 2500 4707 praefecti
2532 4640 2815 4706 tempore,
2849 4652 2952 4689 nec
2985 4634 3158 4707 paulo
3190 4640 3323 4691 ante
3369 4637 3690 4706 acciderat,
3722 4644 3875 4704 quam

2243 4724 2352 4780 hos
2384 4724 2566 4779 libros
2598 4724 2953 4795 scripsisset.

2319 4831 2515 4903 Pergit
2545 4830 2662 4900 ille,
2726 4830 3037 4903 palamque
3081 4832 3216 4887 facit
3271 4831 3645 4887 Christianos
3690 4830 3883 4884 frustra

2250 4919 2514 4992 publicos
2546 4919 2744 4974 hostes
2777 4920 2849 4975 ab
2899 4920 3150 4976 ethnicis
3177 4920 3304 4976 ideo
3356 4918 3731 4991 proclamari,
3764 4912 3883 4986 quia

2245 5027 2362 5065 non
2395 5008 2721 5064 adorabant
2752 5008 3041 5081 imagines
3072 5009 3385 5075 Caesarum,
3421 5026 3532 5064 nec
3568 5026 3670 5080 per
3702 5016 3882 5062 eorum

2246 5097 2484 5169 genium
2538 5098 2822 5167 jurabant
2862 5101 3013 5169 (cap.
3077 5098 3185 5168 17).
3230 5097 3405 5153 Plane
3456 5098 3621 5153 enim
3655 5089 3885 5151 ostendit

2251 5188 2358 5241 hoc
2388 5186 2584 5257 ipsum
2618 5187 2673 5239 in
2725 5186 2943 5241 crimen
2997 5186 3205 5241 merito
3249 5170 3437 5241 vocari
3493 5184 3743 5241 rebelles
3771 5178 3887 5236 illas

2250 5274 2539 5341 nationes,
2590 5290 2715 5345 quae
2765 5275 2836 5328 ab
2887 5274 3342 5346 imperatoribus
3392 5273 3721 5339 debellatae,
3769 5270 3889 5324 Par'

2248 5363 2566 5427 thicorum,
2624 5362 2963 5430 Medorum,
3017 5364 3499 5419 Germanicorum
3556 5356 3889 5435 cognomina

2250 5450 2335 5505 eis
2358 5456 2724 5520 pepererant.
2754 5451 2953 5507 Nonne
2980 5453 3155 5507 etiam
3184 5452 3401 5524 publici
3432 5452 3638 5506 hostes
3673 5449 3890 5504 fuerunt

2254 5538 2522 5603 Romani,
2551 5540 2650 5609 qui
2683 5540 3170 5611 conspiraverunt
3199 5541 3477 5596 adversus
3511 5540 3888 5609 imperatores

2254 5643 2417 5695 suos,
2452 5643 2668 5699 eosque
2693 5628 2753 5684 in
2786 5628 3025 5701 palatiis
3055 5630 3182 5687 suis
3213 5645 3395 5703 nuper
3430 5628 3494 5684 in
3541 5627 3730 5685 Gallia
3758 5621 3895 5681 occi-
