4106 6178
257 302 370 363 8H

848 302 930 364 IN
972 302 1278 368 LIBRUM
1320 307 1425 366 AD
1470 307 1860 370 NATIONES
1905 310 1980 369 D.
2026 309 2126 368 LE
2169 311 2496 373 NOURRY
2542 311 3081 376 DISSERTATIO.

3550 317 3674 381 849

267 434 531 488 derunt?
558 434 761 490 Nonne
791 434 967 491 etiam
1000 435 1218 507 publici
1250 436 1450 494 hostes
1481 438 1711 494 dicendi
1743 442 1901 495 sunt.
1936 440 1989 506 Α
2020 444 2130 507 est,
2158 446 2221 497 ut
2252 444 2548 514 omnibus,
2583 444 2682 516 qui
2717 461 2776 501 se
2828 451 3035 517 sponte
3068 463 3182 502 non
3227 452 3663 520 exemcaverint,

259 523 362 593 qui
420 520 553 577 illos
610 529 898 579 vexarunt
953 524 1113 579 omni
1173 525 1661 582 contumeliarum
1704 544 1913 598 genere

259 612 316 665 in
352 610 511 666 ludis
540 611 921 677 circensibus,
951 612 1037 667 vel
1070 614 1313 669 famosis
1345 614 1560 670 libellis
1597 616 1668 671 ad
1709 633 1911 671 eorum

258 705 489 755 statuas
521 700 844 772 appensis?
875 701 1137 772 Denique
1168 703 1411 773 quinam
1440 703 1655 773 publici
1692 704 1910 772 hostes,

263 805 401 843 num
449 788 789 858 Christiani,
824 790 925 861 qui
974 789 1252 845 nolebant
1295 792 1469 847 deum
1502 809 1698 847 vocare
1729 794 1912 863 impe-

260 882 512 931 ratorem
541 894 554 944 ;
586 876 673 931 vel
706 876 977 948 gentiles,
1012 880 1111 948 qui
1148 885 1349 934 contra
1388 881 1803 936 conscientiam
1836 880 1912 934 il-

256 964 381 1019 lum
410 982 526 1020 non
577 965 705 1021 sine
752 964 1022 1021 irrisione
1071 967 1447 1038 appellabant
1495 970 1669 1024 deum
1714 987 1779 1025 ac
1813 987 1913 1040 per

256 1055 383 1123 ejus
430 1052 667 1125 genium
719 1054 1077 1125 dejerantes,
1136 1057 1394 1126 pejerare
1453 1074 1569 1113 non
1629 1060 1909 1113 vereban-

253 1140 402 1196 tur?

325 1234 551 1285 Novum
588 1248 757 1302 porro
802 1231 862 1286 hi
923 1232 1116 1289 scelus
1155 1233 1506 1289 Christianis
1554 1234 1908 1303 inferebant,

250 1319 586 1376 mirabilem
621 1321 890 1376 videlicet
921 1322 978 1375 in
1013 1322 1377 1392 quibuslibet
1406 1323 1771 1378 cruciatibus
1807 1342 1909 1395 pro

248 1408 559 1480 religionis
617 1426 737 1464 suae
796 1410 1040 1465 veritate
1099 1412 1456 1481 perferendis
1516 1414 1908 1467 constantiam

246 1499 403 1569 (cap.
441 1497 548 1568 18).
610 1498 723 1553 Sed
782 1514 917 1568 qua,
979 1516 1193 1569 quaeso,
1250 1501 1437 1554 fronte
1490 1510 1546 1555 et
1601 1502 1909 1556 audacia?

244 1585 393 1641 Nam
427 1585 541 1656 ipsi
590 1587 864 1642 maximis
904 1586 1182 1642 laudibus
1214 1589 1532 1644 efferebant
1592 1589 1907 1660 Regulum,

246 1674 349 1747 qui
383 1674 609 1744 primus
641 1676 832 1731 erucis
864 1675 1153 1746 supplicio
1181 1694 1193 1740 ;
1231 1677 1491 1747 reginam
1524 1678 1908 1749 lEgypti,quae

260 1762 586 1818 bestiarum
629 1780 827 1819 morsu
857 1781 871 1831 ;
904 1779 1140 1819 uxorem
1182 1765 1507 1831 Annibalis,
1540 1783 1688 1837 quae,
1734 1766 1907 1820 sicuti

247 1854 413 1919 Dido,
447 1851 775 1908 voluntario
799 1852 933 1924 igne
954 1852 1129 1907 vitam
1166 1854 1463 1908 (inierunt.
1498 1853 1699 1908 Nonne
1726 1855 1904 1909 etiam

243 1941 565 1997 laudabant
593 1940 843 1996 Atticam
879 1940 1205 2008 mulierem,
1223 1958 1350 2013 quas
1376 1948 1506 2012 post
1527 1942 1908 1998 acerbissima

240 2034 539 2086 tormenta
593 2028 859 2100 linguam
912 2046 1103 2096 suam,
1140 2047 1211 2083 ne
1266 2037 1556 2085 secretum
1610 2032 1903 2102 proderet,

246 2119 305 2173 in
338 2125 655 2191 tyrannum
686 2118 968 2189 exspuit?
1001 2118 1203 2173 Nonne
1251 2118 1426 2173 etiam
1479 2119 1907 2191 gladiatoribus

242 2207 407 2262 laudi
436 2207 798 2272 tribuebant,
833 2207 987 2278 quod
1029 2224 1062 2261 a
1091 2223 1153 2261 se
1192 2206 1464 2274 invicem,
1507 2212 1609 2261 aut
1640 2224 1674 2262 a
1706 2208 1906 2263 bestiis

246 2296 466 2364 necari,
502 2297 656 2366 quod
693 2295 937 2365 quidam
970 2295 1126 2349 vivos
1160 2311 1221 2349 se
1270 2295 1559 2361 comburi,
1593 2296 1746 2366 quod
1800 2295 1908 2351 La-

244 2400 426 2440 cones
456 2401 519 2439 se
568 2382 767 2455 ﬂagris
819 2383 958 2438 caedi
1004 2382 1333 2453 laniarique
1381 2389 1717 2439 constanter
1748 2390 1906 2455 pate-

250 2479 460 2529 rentur
488 2473 515 2528 ?

324 2567 401 2616 At
430 2565 584 2617 certe
631 2576 697 2616 eo
745 2560 934 2633 magis
984 2559 1279 2614 laudanda
1331 2566 1454 2615 erat
1494 2560 1709 2616 invicta
1738 2561 1904 2616 Chri-

249 2651 583 2706 tianorum
618 2649 677 2704 in
704 2648 1013 2704 horrendis
1039 2649 1399 2704 cruciatibus
1430 2649 1903 2722 fortitudo,quod

244 2739 405 2809 illos,
440 2755 556 2793 non
607 2738 762 2794 sicut
803 2737 1042 2804 ethnici,
1095 2738 1167 2791 ad
1227 2740 1635 2809 aueupandam
1670 2740 1901 2795 inanem

244 2827 561 2883 hominum
592 2826 839 2896 gloriam
889 2824 1236 2892 tolerabant,
1279 2830 1378 2880 sed
1412 2827 1549 2895 quia
1578 2828 1906 2883 certissime

241 2917 667 2988 exspectabant
715 2917 972 2969 futuram
1023 2931 1334 2986 corporum
1392 2915 1902 2983 resurrectionem,

240 3004 528 3060 ultimum
550 3002 653 3059 Dei
678 3002 996 3074 judicium,
1030 3008 1207 3074 atque
1236 3009 1515 3058 aeternam
1549 3000 1651 3075 pro
1682 3005 1904 3059 meritis

242 3094 578 3149 mercedem
628 3093 775 3163 (cap.
812 3092 922 3161 19).
966 3091 1166 3162 Neque
1212 3091 1362 3145 hanc
1412 3100 1648 3163 propter
1696 3109 1901 3163 exspe-

242 3183 567 3237 ctationem
617 3179 969 3236 exsibilandi
1000 3185 1168 3234 erant
1200 3181 1272 3234 ab
1302 3179 1579 3249 ethnicis,
1612 3182 1709 3252 qui
1743 3198 1898 3236 asse-
1932 3168 1975 3234 C

244 3272 461 3325 rebant
494 3270 724 3325 animas
773 3269 1079 3324 hominum
1115 3269 1170 3322 in
1205 3268 1322 3323 alia
1364 3269 1541 3323 etiam
1574 3270 1899 3324 bestiarum

236 3376 487 3432 corpora
542 3358 920 3430 migraturas,
970 3357 1233 3412 futurum
1286 3356 1493 3411 Minois
1552 3374 1617 3412 ac
1669 3357 1899 3412 lthada-

238 3448 470 3504 manthi
497 3448 815 3517 judicium,
849 3463 917 3501 ae
964 3452 1167 3517 postea
1216 3445 1428 3517 impios
1480 3450 1693 3501 aeterno
1747 3447 1898 3517 igne,

236 3537 369 3609 pios
403 3541 601 3592 autem
634 3536 692 3590 in
726 3551 952 3591 amoeno
986 3534 1110 3589 loco
1157 3534 1334 3589 vitam
1384 3538 1657 3590 aeternam
1704 3539 1900 3590 trans-

239 3632 503 3682 acturos.

314 3715 480 3769 760
508 3713 809 3768 Postremo
839 3710 1237 3767 Tertullianus
1278 3726 1346 3766 ex
1379 3711 1662 3767 hactenus
1693 3710 1898 3783 dispu-

235 3803 383 3859 tatis
418 3802 716 3857 concludit
753 3799 1138 3866 Christianos,
1172 3800 1397 3854 eliamsi
1430 3801 1716 3866 eximium,
1752 3818 1898 3871 quo-

235 3909 373 3947 rum
432 3890 572 3945 falso
621 3889 1071 3955 accusabantur,
1123 3888 1438 3942 criminum
1494 3889 1571 3942 rei
1628 3887 1899 3959 fuissent,

236 3997 357 4034 non
416 3978 749 4050 puniendos
797 3982 990 4033 tamen
1033 3977 1443 4047 vexandosque
1500 3977 1569 4031 ab
1627 3977 1898 4042 ethnicis,

234 4069 338 4140 qui
374 4069 582 4123 eadem
616 4072 985 4139 perpetrasse
1037 4084 1235 4121 revera
1275 4067 1701 4121 convincuntur
1751 4076 1896 4138 (cap.

232 4158 349 4229 20).
376 4156 645 4227 Denique
676 4155 944 4227 quamvis
976 4154 1289 4209 Christiani
1323 4172 1382 4209 se
1421 4155 1736 4209 criminum
1773 4171 1899 4209 reos

235 4263 371 4301 esse
435 4244 739 4310 dixissent,
810 4242 1066 4298 maxima
1144 4243 1528 4298 nihilominus
1599 4242 1902 4314 diligentia

231 4333 460 4390 ethnici
498 4332 851 4403 investigare
903 4332 1191 4386 debebant
1224 4350 1295 4384 an
1348 4332 1466 4385 hmo
1518 4347 1652 4385 vera
1682 4336 1899 4399 essent,

235 4439 302 4477 ac
336 4421 640 4493 legitimos
691 4420 913 4485 audire,
966 4419 1299 4473 examinare
1331 4419 1539 4473 horum
1585 4419 1900 4474 criminum

2025 530 2299 587 facillime
2359 538 2726 603 agnoscatur.
2790 534 3141 591 Indomitum
3206 537 3405 608 itaque
3456 539 3669 597 horum

2022 620 2478 677 obstinationem
2517 628 2580 677 ut
2609 624 2838 693 frangat
2856 624 3277 691 Tertullianus,
3310 643 3378 682 ea
3410 628 3667 699 primum

2023 709 2257 777 refellit,
2291 727 2421 781 quae
2446 710 2626 766 Varro
2674 712 2935 766 omnium
2974 714 3065 768 sui
3096 716 3378 785 temporis
3408 718 3665 775 virorum

2022 798 2347 854 eruditione
2398 800 2798 871 praestantium
2832 801 2995 856 facile
3026 802 3317 874 princeps,
3349 806 3408 859 in
3440 806 3565 863 suis
3599 808 3667 863 tle

2023 886 2305 957 religione
2354 888 2522 942 libris
2566 889 2907 944 tradiderat.
2948 891 3179 961 Triplex
3210 898 3407 948 autem
3456 895 3536 950 ibi
3568 896 3665 952 ille

2022 974 2328 1046 distinguit
2359 977 2599 1032 deorum
2632 993 2817 1048 genus
2850 994 2864 1033 :
2898 979 3151 1048 primum
3187 980 3518 1052 physicum,
3543 986 3665 1039 sive

2020 1061 2502 1133 philosophorum
2540 1082 2553 1130 ;
2605 1067 2923 1121 secundum
2960 1067 3299 1138 mythieum,
3328 1086 3432 1126 seu
3464 1077 3665 1142 poeta-

2021 1170 2148 1207 rum
2176 1170 2189 1220 ;
2222 1154 2457 1209 tertium
2489 1154 2835 1225 gentile,seu
2871 1156 3356 1227 populorum.Sed
3381 1162 3659 1230 primum,

2018 1241 2211 1313 inquit
2240 1247 2443 1297 auctor
2473 1247 2691 1308 noster,
2752 1244 2993 1299 incertis
3047 1246 3256 1302 nititur
3284 1249 3655 1317 coniecturis,

2021 1333 2349 1386 secundum
2385 1332 2559 1387 meris
2591 1332 2823 1399 fabulis,
2853 1333 3092 1388 tertium
3124 1334 3386 1393 ridiculis
3418 1339 3661 1395 deorum

2020 1421 2458 1491 adoptionibus,
2502 1421 2783 1493 cultuque
2831 1422 3036 1477 insano
3084 1429 3141 1478 et
3184 1425 3549 1497 turpissimo.
3583 1430 3664 1484 Ea

2020 1525 2157 1580 ergo
2189 1509 2387 1564 omnia
2416 1514 2535 1565 tam
2570 1510 2717 1565 falsa
2746 1516 2905 1578 sunt,
2940 1527 3115 1581 quam
3156 1517 3486 1572 communis
3516 1535 3663 1573 una-

2021 1615 2133 1668 que
2180 1614 2309 1653 esse
2358 1600 2530 1654 debet
2574 1599 2838 1654 omnium
2888 1601 2960 1655 de
3017 1617 3148 1656 vero
3201 1602 3318 1659 Deo
3373 1607 3665 1661 sententia

2019 1687 2435 1757 unanimisque
2464 1704 2807 1744 consensus.

1940 1808 1985 1871 Β
2088 1794 2327 1848 Summa
2360 1794 2575 1865 quippe
2604 1798 2729 1848 erat
2758 1794 3128 1866 physicorum
3154 1813 3254 1851 seu
3290 1798 3663 1870 philosopho-

2016 1898 2145 1936 rum
2192 1883 2263 1935 de
2314 1882 2406 1936 Dei
2458 1886 2667 1936 natura
2719 1882 3029 1952 dissensio,
3071 1900 3195 1955 quaa
3249 1902 3363 1940 non
3402 1886 3659 1956 aliunde,

2017 1986 2193 2041 quam
2226 1986 2293 2024 ex
2322 1970 2508 2040 ipsius
2546 1971 2878 2041 ignorantia
2935 1972 3227 2028 oriebatur
3256 1974 3403 2047 (cap.
3436 1974 3514 2047 2).
3555 1980 3658 2031 8a-

2015 2055 2294 2127 pientiam
2343 2058 2537 2127 itaque
2582 2058 2799 2113 frustra
2847 2060 3291 2132 profitebantur,
3343 2063 3514 2134 cujus
3545 2063 3660 2119 ini-

2014 2146 2161 2201 tium
2192 2150 2281 2200 est
2319 2146 2416 2200 Dei
2451 2146 2645 2202 timor.
2678 2148 2978 2210 Quomodo
3033 2154 3227 2205 autem
3275 2167 3407 2207 eum
3455 2153 3663 2209 timere

2016 2234 2363 2305 potuissent,
2398 2249 2571 2305 quem
2608 2236 2742 2305 quis
2791 2234 3103 2307 qualisque
3158 2239 3235 2292 sit
3264 2239 3663 2308 ignorabant?

2015 2322 2355 2392 Promptum
2406 2326 2598 2377 tamen
2634 2322 2751 2376 illis
2783 2327 2905 2377 erat
2946 2322 3101 2378 hunc
3146 2342 3345 2380 verum
3381 2326 3565 2382 Deum
3597 2345 3666 2383 ex

2015 2411 2199 2465 sacris
2251 2409 2467 2464 nostris
2516 2409 2834 2481 Scripturis
2878 2427 3248 2482 cognoscere.
3296 2413 3404 2468 Sed
3438 2432 3564 2484 qua:
3597 2433 3664 2471 ex

2014 2499 2178 2569 puris
2226 2498 2386 2553 hisce
2431 2499 2691 2555 fontibus
2749 2498 3084 2567 hauserant,
3118 2518 3272 2556 caeca
3302 2502 3497 2574 gloriae
3527 2502 3662 2558 libi-

2015 2588 2149 2643 dine
2191 2588 2368 2655 ducti,
2402 2588 2578 2644 variis
2626 2598 3015 2661 corruperunt
3062 2593 3332 2663 argutiis,
3366 2598 3423 2649 et
3455 2594 3664 2650 exinde

2014 2678 2205 2732 varias
2249 2677 2416 2732 scissi
2458 2681 2598 2732 sunt
2651 2678 2727 2732 in.
2775 2683 2986 2747 partes.
3037 2679 3317 2736 Platonici
3367 2682 3661 2754 siquidem

2014 2766 2304 2820 docebant
2361 2765 2454 2820 Dei
2514 2766 2878 2835 providentia
2935 2767 3131 2823 omnia
3189 2769 3591 2826 administrari
3644 2788 3656 2837 ;

2013 2860 2215 2908 contra
2266 2853 2524 2924 Epicurei
2593 2854 2647 2909 id
2718 2854 2888 2926 plane
2937 2857 3287 2929 penitusque
3344 2861 3657 2931 negabant.

2012 2942 2366 2997 Asserebant
2392 2942 2569 2995 iidem
2604 2941 2883 2997 Platonici
2918 2943 3098 2997 Deum
3139 2944 3311 3009 intra,
3356 2945 3529 3001 Stoici
3560 2962 3657 3000 ve-

2012 3047 2075 3085 ro
2107 3036 2266 3086 extra
2299 3032 2586 3084 mundum
2637 3047 2764 3085 esse
2798 3032 3072 3101 positum.
3109 3033 3421 3088 Fatebatur
3449 3034 3659 3103 Dioge-

2013 3136 2115 3175 nes
2147 3136 2209 3175 se
2240 3121 2465 3175 nescire
2495 3119 2634 3189 quid
2662 3120 2721 3173 in
2754 3118 2895 3174 ecelo
2928 3124 3151 3191 agatur,
3187 3123 3356 3192 quive
3386 3122 3464 3176 dii
3498 3123 3655 3178 sint:

2014 3208 2177 3279 prius
2208 3225 2342 3264 vero
2373 3207 2589 3263 Thales
2622 3208 2889 3263 Milesiux
2915 3209 3102 3263 Crmso
3133 3211 3204 3264 de
3233 3210 3346 3265 diis
3376 3210 3543 3265 illum
3574 3211 3657 3265 in-

2008 3298 2327 3368 terroganti
2361 3296 2507 3350 nihil
2541 3312 2777 3367 prorsus
2818 3298 3173 3368 respondere
3205 3299 3411 3369 potuit.
3456 3304 3658 3354 Socra-

2009 3390 2097 3440 tes
2113 3402 2248 3440 vero
2270 3384 2401 3439 illos
2428 3385 2707 3440 exsistere
2729 3402 2841 3439 non
2867 3386 3102 3456 quidem
3130 3388 3405 3443 credebat
3425 3389 3659 3458 sedjus-

2010 3474 2085 3528 sit
2116 3479 2310 3527 tamen
2335 3473 2555 3543 gallum
2580 3472 2970 3544 gallinaceum
2992 3474 3320 3547 ZEsculapio
3341 3476 3655 3532 immolari.

2077 3562 2225 3626 Quid
2261 3561 2474 3632 plura?
2522 3561 2832 3633 Dionysius
2887 3563 3027 3618 deos
3072 3564 3359 3619 trifariam
3410 3564 3655 3621 divisit:

2010 3650 2199 3722 prime
2245 3651 2303 3703 in
2334 3666 2431 3705 eos
2463 3650 2563 3720 qui
2597 3650 2706 3704 sub
2737 3654 3043 3721 aspectum
3098 3657 3366 3708 nostrum
3415 3654 3653 3722 eadunt,

2011 3743 2075 3793 ut
2099 3737 2183 3793 sol
2215 3744 2273 3791 et
2303 3739 2443 3792 luna
2471 3756 2483 3803 ;
2519 3739 2775 3793 secundo
2805 3739 2865 3793 in
2897 3738 3045 3794 alios
3074 3741 3172 3810 qui
3207 3758 3320 3796 non
3351 3742 3652 3811 videntur,

2010 3832 2075 3881 ut
2108 3831 2430 3897 Neptumus
2456 3844 2468 3892 ;
2502 3827 2674 3881 tertio
2705 3828 2765 3881 in
2797 3827 2941 3882 alios
2972 3830 3073 3899 qui
3102 3831 3389 3899 assumpti
3415 3838 3557 3886 sunt
3586 3848 3653 3886 ex

2013 3916 2155 3969 761
2180 3915 2721 3982 hominibus,sieuti
2744 3917 3016 3971 Hercules
3039 3922 3096 3971 et
3114 3918 3656 3989 Amphiaraus.Tri-

2012 4004 2139 4075 plex
2169 4004 2369 4070 etiam,
2388 4004 2487 4058 sed
2512 4003 2804 4058 diversum
2831 4005 3069 4059 deorum
3101 4022 3289 4077 genus
3309 4009 3658 4080 excogitavit

2007 4092 2360 4157 Arcesilaus,
2403 4091 2681 4145 nimirum
2724 4092 3038 4164 Olympios,
3070 4096 3241 4149 Astra
3272 4100 3327 4149 et
3354 4095 3648 4153 Titaneos.

2010 4180 2366 4234 Posteriores
2395 4195 2525 4234 vero
2558 4185 2791 4235 tantum
2823 4182 2972 4236 duos
3004 4183 3355 4238 Xenocrates
3394 4184 3658 4249 admisit,

2009 4269 2505 4337 quemadmodum
2541 4268 2804 4338 plerique
2828 4272 3077 4342 [Egyptii
3103 4289 3216 4326 non
3241 4272 3455 4342 plures,
3481 4289 3659 4342 quam

2011 4358 2191 4412 solem
2226 4362 2282 4409 et
2315 4354 2537 4423 lunam,
2572 4355 2783 4412 cmlum
2834 4364 2892 4412 et
2940 4365 3177 4414 terram.
3240 4360 3661 4432 Suspicabatur

2012 4452 2205 4500 autem
2268 4444 2635 4500 Democritus
2687 4446 2826 4500 deos
2879 4463 3082 4503 omnes
3129 4453 3290 4503 ortos
3338 4464 3469 4503 esse
3524 4465 3659 4506 eum

235 4515 426 4604 ῖθεςίθε
467 4524 543 4604 ,ειίῖ
597 4507 883 4604 Ροηδξδίοε·
957 4508 1067 4562 Sed
1100 4507 1376 4604 “Olebaflt
1423 4505 1565 4604 hfc.
1677 4506 1902 4576 legibus
1936 4532 1979 4595 D
2011 4550 2264 4604 superno
2295 4533 2451 4604 igne,
2485 4537 2657 4604 cujus
2690 4535 2879 4590 instar
2905 4536 3054 4591 Zeno
3097 4542 3370 4592 naturam
3411 4555 3540 4596 esse
3570 4556 3661 4595 vo-

237 4599 369 4653 suis
428 4599 651 4650 statuta
697 4598 1036 4659 observare,
1071 4612 1141 4649 ne
1192 4595 1390 4665 agnita
1436 4593 1902 4649 Christianorum

236 4684 606 4752 innocentia,
636 4701 735 4739 eos
778 4687 1064 4749 amarent,
1099 4700 1245 4754 quos
1291 4683 1485 4737 odisse
1517 4699 1581 4737 ae
1614 4684 1682 4737 de
1716 4683 1904 4737 medio

234 4776 453 4832 tollere
492 4775 889 4829 decreverant.
949 4772 1294 4829 Voluntaria
1347 4772 1526 4843 igitur
1574 4772 1907 4842 ignorantia

239 4879 482 4920 errores
514 4879 655 4917 suos
682 4863 976 4928 amabant,
1010 4863 1377 4931 oderantque
1400 4858 1725 4913 veritatem.

891 5047 1095 5087 ARTICU
1105 5047 1209 5086 LUS
1242 5048 1303 5085 III

719 5132 973 5204 Analysis
1012 5131 1143 5184 libri
1170 5130 1448 5185 secundm.

309 5260 591 5317 Secundo
615 5257 677 5313 in
710 5257 881 5323 libro,
913 5256 1061 5311 duas
1108 5272 1341 5327 quoque
1368 5256 1427 5310 in
1473 5264 1668 5327 partes
1700 5256 1909 5323 diviso,

239 5352 514 5408 ostendit
543 5347 940 5405 Tertullianus
988 5347 1166 5401 falsos
1213 5363 1341 5402 esse
1386 5347 1694 5418 gentilium
1747 5349 1906 5414 deos,

238 5454 578 5513 pravosque
627 5455 692 5493 ac
745 5436 1092 5507 rejiciendos
1144 5453 1345 5490 eorum
1404 5436 1600 5492 cultus
1658 5437 1782 5508 (lib.
1846 5454 1910 5505 II,

241 5547 379 5603 cap.
449 5528 522 5600 1).
583 5530 937 5597 Quaeunque
1004 5525 1159 5580 enim
1218 5525 1510 5596 majorum
1569 5527 1913 5582 auctoritate

244 5617 519 5678 stabiliti
549 5618 872 5683 videantur,
914 5614 1149 5671 illorum
1182 5613 1409 5672 falsitas
1431 5614 1574 5673 adeo
1605 5615 1917 5673 manifesta

585 5746 851 5806 PATBOL.
896 5742 945 5805 Ι.

2014 4622 2143 4675 luit.
2171 4621 2332 4677 Unde
2354 4626 2534 4677 Varro
2556 4623 2754 4677 docuit
2776 4625 2978 4677 mundi
3005 4625 3266 4681 animum
3290 4643 3419 4683 esse
3439 4628 3661 4701 ignem,

2015 4726 2130 4781 quo
2162 4710 2379 4781 quippe
2408 4712 2691 4765 exstincto
2723 4712 3028 4767 morimur.

2085 4818 2168 4871 Ad
2202 4818 2258 4871 id
2292 4822 2483 4872 tamen
2534 4834 2716 4871 unum
2768 4817 2855 4873 hae
2907 4836 3134 4889 omnes,
3170 4825 3545 4894 quantumvis
3578 4826 3664 4881 di-

2016 4922 2216 4972 versae,
2249 4905 2551 4976 opiniones
2591 4907 2926 4978 conspirare
2956 4909 3250 4981 videntur,
3278 4916 3344 4968 ut
3372 4931 3489 4969 non
3521 4915 3666 4972 alios

2020 4993 2351 5066 philosophi
2384 4992 2470 5047 illi
2493 4994 2633 5050 deos
2654 5010 2784 5050 esse
2817 4999 3166 5067 putaverint,
3216 5017 3395 5072 quam
3457 5005 3665 5059 mundi

2018 5083 2326 5147 elementa,
2356 5086 2456 5137 aut
2486 5098 2614 5153 quae
2646 5099 2712 5137 ex
2743 5084 2814 5138 iis
2848 5086 3121 5141 oriuntur
3150 5089 3301 5159 (cap.
3334 5091 3409 5162 3).
3448 5092 3665 5149 Verum

2017 5170 2414 5226 Tertullianus
2472 5170 2596 5225 hzec
2652 5171 3020 5243 vigilantium
3082 5175 3390 5233 hominum
3438 5181 3673 5237 somnia

2021 5277 2149 5316 esse
2174 5261 2558 5316 demonstrat.
2596 5266 2735 5317 Nam
2773 5268 2923 5319 Deus
2954 5282 3020 5319 ex
3051 5281 3113 5321 se
3143 5266 3270 5338 ipso
3302 5273 3412 5335 est,
3443 5270 3671 5343 ingeni-

2021 5354 2119 5404 tus
2148 5355 2204 5404 et
2234 5356 2511 5415 aeternus,
2546 5350 2643 5420 qui
2690 5368 2795 5406 nee
2848 5352 3080 5409 initium
3130 5356 3325 5427 habet,
3361 5374 3465 5414 nec
3494 5358 3671 5413 ﬁnem

2025 5456 2285 5510 unquam
2320 5439 2579 5494 habebit.
2607 5440 2782 5512 Atqui
2808 5440 3092 5499 elementa
3121 5450 3315 5515 partes
3345 5450 3484 5502 sunt
3506 5463 3672 5500 mun-

2024 5528 2081 5583 di
2115 5544 2287 5598 quem
2322 5527 2482 5583 Plato
2513 5534 2777 5584 ereatnm
2825 5547 2953 5587 esse
2985 5532 3220 5602 fatetur,
3253 5540 3309 5591 et
3339 5534 3502 5590 solus
3536 5533 3671 5605 Epi-

2028 5634 2204 5673 curus
2234 5617 2558 5674 increatum
2590 5634 2719 5676 esse
2749 5620 3163 5679 somniaverat.

3276 5750 3351 5808 27
