4106 6178
514 309 637 371 843

1036 307 1563 372 TERTULLIANI
1606 308 1931 370 OPERUM
1976 310 2178 370 PARS
2222 309 2275 371 Ι.
2302 340 2378 355 --
2406 310 2683 372 SERIES
2726 312 2773 382 Ι,
2822 308 3388 371 APOLOGETICA.

3759 310 3867 371 841

588 442 671 497 Ad
700 440 823 496 haec
849 456 1005 507 vero,
1062 441 1109 496 si
1160 440 1419 496 mundus
1469 445 1527 495 et
1562 439 1853 496 elementa
1899 441 1979 495 dii
2020 440 2157 508 sint,
2191 448 2240 508 Α
2271 439 2354 494 illi
2388 445 2691 511 poetarum
2714 441 2793 496 dii
2815 440 2842 495 ‘?
2864 440 3141 496 Homines
3163 440 3385 511 utique,
3412 438 3636 494 sordida
3655 444 3871 496 autsce-

514 528 795 587 animalia
822 542 951 584 esse
982 530 1214 595 debent,
1236 534 1412 599 atque
1445 528 1697 600 hocipso
1727 528 1994 583 mortalia
2024 533 2162 583 sunt

513 634 580 674 ac
611 616 910 673 divinitate
965 618 1241 674 carentia.
1288 618 1401 672 Nec
1450 618 1779 673 audiendus
1825 622 1916 673 est
1957 617 2161 688 Varro,

515 710 616 779 qui
663 706 960 778 garriebat
1009 723 1077 761 ea
1120 722 1248 762 esse
1293 706 1529 778 quidem
1563 706 1863 772 animalia,
1896 707 1995 761 sed
2034 723 2160 777 quis

514 812 583 851 ex
630 812 692 851 se
729 795 874 867 ipsis
921 800 1248 866 moventur,
1288 801 1346 851 et
1384 795 1597 850 idcirco
1657 796 2020 851 immortales
2080 796 2160 849 dii

516 884 791 939 censendi
852 889 1012 940 sunt.
1070 884 1217 939 Nam
1258 901 1494 955 quoquo
1526 885 1693 938 modo
1725 884 1843 938 haec
1874 882 2162 939 elementa

516 977 879 1039 moveantur,
942 978 1081 1028 sunt
1140 974 1395 1044 profecto
1460 988 1756 1044 corporea,
1806 988 1871 1027 ac
1919 973 2162 1043 proinde

516 1061 736 1118 destrui
786 1077 919 1116 cum
966 1062 1211 1132 possint,
1253 1061 1331 1115 dii
1389 1077 1518 1117 esse
1578 1067 1895 1132 nequeunt.
1951 1061 2162 1117 Deinde

514 1163 670 1218 vero,
701 1149 809 1205 etsi
841 1166 969 1205 sese
998 1154 1319 1215 movereut,
1354 1154 1549 1204 motus
1594 1154 1787 1204 tamen
1820 1151 1911 1204 sui
1945 1149 2162 1221 princi-

514 1237 677 1309 pium
709 1242 1057 1310 acceperunt
1086 1238 1157 1293 ab
1188 1238 1323 1305 alio,
1357 1239 1455 1309 qui
1488 1238 1756 1309 quamvis
1808 1255 1921 1294 non
1972 1239 2161 1293 videa-

512 1329 633 1393 tur,
663 1326 927 1382 omnium
959 1331 1183 1381 motum
1216 1326 1445 1397 primus
1475 1331 1679 1382 auctor
1716 1332 1826 1393 est,
1860 1332 1915 1381 et
1946 1327 2159 1381 idcirco

511 1430 685 1470 verus
715 1414 996 1485 solusque
1025 1414 1201 1470 Deus.

582 1502 699 1558 Nec
732 1503 876 1559 sinit
895 1502 1291 1559 Tertullianus
1322 1503 1435 1560 sibi
1466 1504 1641 1575 objici
1668 1520 1876 1559 nomen
1898 1506 2161 1558 Graecum

514 1588 643 1651 Θιός
674 1607 708 1646 a
736 1607 915 1647 cursu
940 1607 1005 1646 ac
1039 1597 1219 1662 motu,
1253 1608 1365 1663 quo
1397 1592 1686 1647 elementa
1717 1594 1959 1664 praedita
1997 1598 2159 1660 sunt,

514 1678 709 1751 reipsa
738 1680 983 1735 derivari
1017 1681 1163 1751 (cap.
1198 1682 1272 1751 4).
1316 1680 1460 1735 Nam
1509 1698 1645 1736 vera
1691 1682 1787 1736 Dei
1818 1682 2160 1737 denomina-

2270 528 2453 583 lerata
2483 529 2706 600 origine
2737 529 3045 600 procreati,
3080 528 3176 600 qui
3213 544 3313 599 per
3334 528 3456 583 vitae
3490 544 3601 582 sua;
3635 528 3871 583 curricu—

2272 615 2395 670 lum
2452 616 2527 681 in,
2570 618 2727 671 omni
2787 634 2913 673 sese
2963 616 3297 671 volutarunt
3342 630 3545 687 genere
3590 615 3872 671 scelerum.

2272 705 2664 768 Quamobrem
2721 705 2884 761 Plato
2951 711 3148 777 poetas
3207 706 3509 777 ipsumque
3565 704 3875 771 Homerum,

2269 796 2553 861 tanquam
2598 794 2897 865 improbos
2948 795 3186 849 deorum
3222 793 3639 859 criminatores,
3671 793 3879 848 civitate

2272 882 2571 954 pellendos
2619 899 2747 938 esse
2789 883 3037 937 censuit.
3071 883 3219 947 Quin
3252 883 3423 937 etiam
3454 882 3677 948 ethnici,
3710 898 3873 951 quan-

2270 971 2544 1025 tumlibet
2590 971 2980 1043 impudentes,
3017 970 3359 1026 Christianis
3408 975 3623 1025 tantam
3663 970 3877 1025 deorum

2272 1058 2574 1114 infamiam
2608 1059 3267 1130 exprobrantibus,nihil
3296 1060 3451 1114 aliud
3484 1060 3880 1130 respondebant

2272 1147 2385 1203 nisi
2410 1165 2599 1204 meras
2630 1164 2757 1203 esse
2790 1149 3019 1204 fabulas
3049 1154 3374 1220 poetarum.
3398 1148 3607 1202 Verum
3638 1146 3739 1203 etsi
3768 1164 3879 1219 poe-

2272 1236 2347 1290 tis
2380 1252 2440 1291 se
2474 1254 2586 1291 non
2621 1238 2854 1292 credere
2898 1238 3238 1303 clamarent,
3273 1238 3437 1293 ﬁctos
3467 1241 3654 1291 tamen
3687 1238 3752 1291 ab
3779 1237 3879 1291 illis

2272 1325 2411 1380 deos
2436 1326 2727 1397 Cererem,
2761 1328 2972 1382 ldaaam
3022 1339 3292 1393 matrem,
3327 1327 3661 1396 Saturnum,
3688 1327 3879 1382 Hercu-

2274 1412 2389 1469 lem
2421 1432 2532 1468 non
2560 1414 2748 1470 solum
2773 1416 3217 1482 venerabantur,
3245 1416 3345 1471 sed
3365 1416 3649 1471 horrenda
3677 1432 3881 1487 quoque

2272 1501 2355 1557 eis
2386 1503 2671 1558 sacrificia
2703 1504 3011 1559 faciebant.
3047 1505 3187 1572 Quis
3231 1505 3413 1576 igitur
3459 1504 3563 1560 hos
3607 1508 3879 1576 poetarum

2272 1592 2410 1646 deos
2439 1608 2552 1646 non
2586 1609 2820 1649 summa
2857 1594 2982 1649 sine
3016 1594 3313 1665 impietate
3344 1594 3416 1650 ab
3438 1594 3680 1649 ethnicis
3709 1592 3807 1649 coli
3834 1596 3881 1647 et

2268 1678 2555 1734 venditari
2589 1697 2704 1736 non
2737 1681 3063 1737 fatebitur?

511 1767 594 1823 tio
625 1784 740 1824 non
772 1767 1054 1839 aliquam,
1088 1786 1215 1841 quae
1256 1769 1441 1824 oculis
1487 1770 1702 1825 nostris
1742 1770 2153 1841 conspiciatur,

513 1870 626 1879 ..ι-.-
663 1869 832 1879 -..ρηη
857 1872 920 1879 --
946 1872 1149 1879 ---..-.--
1175 1860 1225 1879 ,ι
1249 1860 1441 1879 ..-Δ---
1476 1856 1808 1879 _-_-I:L_L-_.
1850 1857 2136 1879 -2....;Ω--ι

2342 1784 2456 1841 Nec
2490 1787 2687 1842 minus
2718 1796 2870 1843 certe
2920 1789 3210 1845 insulsum
3240 1795 3365 1845 erat
3394 1790 3627 1846 tertium
3666 1789 3877 1844 deorum

513 1870 632 1910 non
661 1869 833 1910 secus
855 1872 923 1910 ac
943 1872 1151 1911 cursus
1172 1860 1227 1910 et
1249 1856 1812 1928 motus,qualitatem
1848 1857 2157 1927 signiﬁcat,

515 1943 617 1998 sed
666 1959 1006 2014 supremam
1054 1946 1422 2015 majestatem
1456 1962 1522 2000 ac
1564 1946 1977 2001 substantiam.
2012 1945 2159 2010 Quid

512 2046 669 2101 vero,
700 2032 849 2096 quod
895 2031 1092 2103 plures
1134 2032 1351 2087 ethnici
1400 2033 1538 2088 deos
1581 2051 1721 2089 suos
1754 2035 1896 2089 bene
1942 2034 2159 2089 multos

512 2117 845 2175 immobiles
866 2136 994 2175 esse
1016 2121 1444 2192 praedicabant?
1469 2122 1650 2177 Nemo
1669 2123 1912 2195 insuper
1933 2123 2159 2179 inﬁcias

512 2224 775 2279 unquam
827 2208 935 2263 ibit
989 2208 1277 2265 elementa
1331 2212 1599 2282 componi
1661 2212 1928 2282 materia,
1978 2227 2157 2282 quam

512 2295 960 2369 simplicissima
992 2299 1089 2353 Dei
1124 2303 1334 2355 natura
1363 2301 1481 2371 pati
1514 2316 1626 2355 non
1662 2305 1869 2371 potest.
1908 2302 1973 2355 Et
2004 2305 2158 2357 certe

507 2385 658 2439 Zeno
691 2386 997 2441 materiam
1032 2386 1235 2441 mundi
1270 2404 1303 2441 a
1335 2392 1447 2443 Deo
1481 2389 1757 2459 sejunxit,
1777 2405 2031 2459 eumque
2058 2405 2159 2460 per

507 2470 694 2539 illam,
724 2478 1007 2545 tanquam
1058 2474 1170 2531 me]
1215 2492 1318 2546 per
1367 2477 1526 2531 favos
1557 2476 1808 2531 transire
1840 2477 2157 2533 arbitratus

508 2565 620 2617 est.
670 2561 781 2616 Sed
827 2563 990 2618 dicas
1020 2563 1216 2629 velim,
1250 2580 1362 2634 quo
1396 2564 1621 2635 physici
1674 2570 1835 2634 pacto
1870 2567 2154 2622 mundum

508 2665 577 2705 ac
623 2650 1047 2721 comprehensa
1089 2651 1146 2705 in
1196 2668 1263 2707 eo
1310 2652 1598 2708 elementa
1647 2654 1786 2708 deos
1832 2670 1958 2709 esse
2003 2672 2154 2710 asse-

507 2738 759 2793 verant?
793 2739 952 2795 Plato
1001 2740 1158 2796 enim
1207 2741 1401 2813 ipsum
1448 2742 1605 2798 hunc
1636 2743 1923 2797 mundum
1958 2750 2157 2799 censet

507 2841 637 2882 esse
676 2829 997 2884 rotundum
1045 2830 1350 2902 capiteque
1381 2835 1697 2886 carentem.
1744 2831 2027 2903 Epicurus
2058 2850 2155 2888 ve-

506 2930 592 2985 ro,
626 2916 760 2985 Quae
785 2934 956 2987 supra
983 2934 1100 2989 nos,
1135 2919 1457 2991 inquiebat,
1492 2921 1640 2975 nihil
1670 2920 1746 2975 ad
1774 2936 1911 2983 nos;
1943 2920 2152 2977 solem-

505 3019 620 3075 que
649 3005 932 3063 duntaxat
976 3008 1241 3079 pedalem
1281 3025 1410 3064 esse
1442 3009 1740 3064 etfutiebat
1772 3028 1785 3065 :
1821 3014 2023 3065 contra
2050 3010 2152 3064 Pe-

504 3093 793 3165 ripatetici
827 3095 992 3152 illum
1026 3102 1146 3152 toto
1178 3102 1469 3153 terrarum
1498 3099 1637 3153 orbe
1665 3097 1837 3170 longe
1868 3100 2150 3170 majorem

499 3198 631 3238 esse
678 3183 1090 3255 opinabantur.
1141 3186 1344 3243 Nonne
1388 3202 1525 3259 ergo
1574 3187 1720 3243 tales
1760 3196 1900 3243 deos
1932 3188 2148 3260 tingere
2180 3176 2223 3245 C

501 3285 739 3325 summa
758 3271 1055 3327 dementia
1080 3272 1207 3327 est?
1233 3274 1491 3344 Denique
1517 3273 1730 3329 Thales
1758 3275 2022 3331 Milesius
2046 3293 2151 3332 cce-

500 3356 625 3412 lum
656 3359 926 3415 rimando
959 3360 1017 3416 in
1051 3367 1292 3432 puteum
1327 3362 1721 3427 cecidit.Quid
1753 3368 1949 3419 autem
1980 3381 2151 3421 casus

501 3444 599 3501 ille
630 3446 871 3519 indicat,
904 3448 1018 3504 nisi
1050 3466 1259 3505 vanam
1305 3449 1488 3506 fuisse
1518 3450 1915 3507 curiositatem
1950 3452 2149 3525 physi-

502 3551 704 3590 corum
723 3536 1048 3608 qui,rerum
1068 3542 1339 3594 naturam
1359 3540 1578 3595 frustra
1594 3541 2066 3609 scrutati,verum
2088 3543 2149 3597 il-

501 3622 619 3679 lius
632 3623 910 3681 artificem
924 3630 1103 3682 Deum
1117 3626 1579 3699 omnipotentem
1595 3644 1708 3683 non
1724 3633 2150 3701 cognoverunt?

574 3730 837 3787 Instabat
876 3732 1051 3787 Varro
1100 3732 1471 3789 tribuendam
1516 3734 1822 3790 elementis
1871 3737 2145 3793 divinita-

499 3820 642 3887 tem,
691 3835 809 3891 qua
838 3820 1106 3877 homines
1147 3827 1249 3877 aut
1278 3824 1531 3879 summis
1562 3823 1860 3880 beneﬁciis
1891 3826 2000 3881 sibi
2042 3828 2143 3882 de-

494 3906 778 3975 vinciunt,
812 3912 913 3963 aut
944 3916 1220 3981 premunt
1247 3910 1639 3968 incommodis
1670 3912 1822 3986 (cap.
1845 3914 2141 3981 5).Verum

492 3997 806 4068 respondet
834 3997 1231 4055 Tertullianus
1262 3999 1553 4056 elementa
1583 4018 1778 4057 rerum
1827 4020 2137 4074 prospera-

488 4099 622 4141 rum
643 4084 732 4142 vel
755 4087 1131 4143 adversarum
1154 4105 1281 4145 esse
1303 4091 1709 4145 tantummodo
1725 4090 2136 4165 instrumenta,

2270 1889 2476 1945 genus,
2501 1877 2651 1947 quod
2674 1880 2855 1932 Varro
2886 1878 3122 1947 gentile,
3150 1895 3247 1934 seu
3276 1878 3570 1950 plebeium
3594 1894 3714 1933 esse
3733 1879 3877 1933 doce-

2269 1961 2368 2016 bat
2399 1964 2543 2034 (cap.
2574 1964 2654 2035 8).
2688 1970 2807 2020 Non
2860 1966 2958 2020 alii
3012 1968 3230 2039 quippe
3279 1972 3445 2023 erant
3497 1968 3553 2022 hi
3599 1968 3695 2032 dii,
3728 1982 3877 2037 quam

2270 2049 2378 2115 illi,
2410 2068 2555 2122 quos
2581 2054 2820 2124 quidam
2846 2054 3041 2125 populi
3064 2057 3134 2111 ad
3168 2056 3482 2111 arbitrium
3514 2074 3577 2111 ac
3609 2056 3877 2111 libidinem

2268 2139 2571 2210 adoptatos
2620 2143 2691 2196 ab
2750 2143 2880 2199 aliis
2941 2159 3044 2198 nec
3103 2144 3251 2215 visu,
3305 2162 3410 2200 nec
3471 2146 3689 2210 auditu,
3720 2160 3778 2199 ac
3822 2160 3880 2197 ne

2268 2228 2504 2284 nomine
2556 2229 2793 2300 quidem
2856 2232 3290 2288 discernebant.
3324 2234 3496 2289 Tales
3522 2232 3881 2288 Tertullianus

2265 2320 2923 2390 memorat'gAtargatim,
2972 2320 3301 2387 leestem,
3336 2322 3723 2389 Versutinam,
3763 2321 3881 2375 Οῠοο

2264 2406 2421 2474 dam,
2452 2408 2740 2476 Dusaren,
2773 2410 3073 2478 Belenum,
3104 2411 3493 2481 Delventium,
3519 2411 3875 2471 Visidianum,

2269 2493 2712 2564 Numentinum,
2764 2499 3139 2567 Anchariam,
3192 2500 3497 2555 Praavcrim
3545 2505 3599 2555 et
3632 2499 3881 2555 Nortiam.

2262 2583 2478 2639 Eadem
2510 2601 2641 2641 vero
2678 2586 2915 2644 licentia
2946 2589 3165 2644 factum
3198 2588 3297 2645 ille
3330 2594 3517 2660 putat,
3556 2594 3616 2643 ut
3661 2586 3877 2658 Egyptii

2264 2674 2365 2743 qui
2398 2674 2613 2730 bestias
2646 2674 2935 2743 colebant,
2956 2677 3352 2748 patriarcham
3380 2677 3593 2749 Joseph
3621 2676 3879 2748 Serapidis

2265 2762 2503 2818 nomine
2552 2766 2723 2819 deum
2777 2765 3088 2821 habuerint
3142 2772 3199 2822 et
3255 2768 3684 2823 honoraverint.
3738 2767 3879 2820 Recte

2260 2847 2447 2920 igitur
2491 2867 2558 2905 ex
2581 2853 2753 2909 dictis
2786 2854 3085 2909 concludit
3111 2855 3468 2911 falsissimos
3498 2872 3622 2912 esse
3646 2854 3765 2909 illos
3792 2870 3874 2926 po-

2263 2938 2535 3008 pulorum
2584 2942 2745 3007 deos,
2797 2944 3279 3014 quandoquidem
3329 2944 3495 2999 solus
3541 2961 3705 2999 verus
3752 2946 3874 2998 Deus

2260 3027 2478 3099 ubique
2507 3046 2762 3100 praesens
2793 3036 2848 3087 et
2879 3034 3143 3088 omnium
3174 3033 3487 3099 Dominus,
3537 3033 3608 3089 ab
3634 3034 3873 3089 omnibus

2263 3118 2484 3187 pariter
2513 3118 2791 3175 colendus
2821 3125 2878 3176 et
2908 3122 3242 3178 adorandus
3272 3129 3383 3178 est.

2332 3224 2601 3280 Secunda
2632 3225 2811 3296 hujus
2843 3227 2977 3283 libri
3009 3233 3171 3299 parte
3201 3229 3601 3285 Romanorum
3631 3229 3759 3284 deos
3794 3225 3873 3280 ille

2262 3313 2564 3383 speciatim
2612 3316 2871 3386 explodit
2900 3322 2956 3371 et
3003 3319 3209 3373 evertit
3255 3323 3411 3390 (cap.
3443 3320 3521 3389 9).
3556 3319 3662 3374 Eos
3708 3322 3871 3372 autem

2262 3400 2440 3456 Varro
2473 3411 2823 3475 praepostere
2863 3406 3062 3462 divisit
3092 3407 3151 3461 in
3196 3409 3431 3477 dubios,
3464 3413 3648 3463 certos
3667 3411 3719 3461 et
3753 3404 3874 3459 elec-

2258 3492 2370 3544 tos.
2402 3490 2547 3545 Nam
2580 3494 2732 3562 quis,
2778 3494 2971 3564 inquit
3014 3499 3218 3550 auctor
3263 3502 3488 3565 noster,
3524 3496 3631 3551 nisi
3679 3509 3871 3559 amens,

2257 3576 2548 3633 incertum
2595 3582 2960 3653 dubiumque
2989 3585 3164 3638 deum
3205 3584 3506 3640 honorat?
3550 3585 3735 3641 Certos
3763 3596 3872 3634 vero

2256 3666 2395 3720 deos
2451 3673 2506 3722 et
2562 3668 2803 3725 selectos
2858 3672 2958 3743 qui
3007 3672 3182 3727 habet
3208 3690 3275 3727 ac
3305 3680 3636 3738 veneratur,
3676 3672 3722 3727 is
3750 3670 3871 3725 alios

2255 3755 2508 3825 profecto
2539 3760 2763 3828 spernit
2791 3778 2857 3814 ac
2890 3763 3180 3831 reprobat.
3217 3762 3422 3833 Inepta
3456 3770 3543 3818 est
3592 3763 3757 3833 igitur
3785 3759 3868 3812 illa

2250 3844 2459 3900 divisio
2485 3847 2854 3920 deorum,qui
2889 3850 3060 3919 paulo
3085 3851 3296 3905 melius
3317 3853 3604 3924 distingui
3639 3851 3869 3922 poterant

2251 3933 2308 3986 in
2367 3951 2710 3991 communes
2759 3943 2817 3993 et
2866 3939 3151 4009 proprios.
3211 3944 3437 3997 Verum
3506 3942 3691 4011 primi,
3747 3939 3863 4001 sive.

2248 4038 2613 4091 communes,
2651 4026 2823 4081 iidem
2859 4033 2999 4082 sunt
3030 4045 3093 4082 ac
3126 4028 3339 4098 publici
3366 4034 3425 4085 et
3453 4029 3761 4095 adventitii,
3782 4025 3865 4096 qui

2248 4110 2421 4178 paulo
2451 4118 2589 4168 ante
2617 4122 2940 4171 memorato
2972 4133 3003 4170 a
3036 4118 3205 4172 nobis
3236 4123 3292 4171 et
3322 4120 3625 4173 confutato
3655 4119 3863 4172 deorum

485 4188 803 4246 verumque
837 4176 987 4233 762
1018 4176 1228 4243 Deum,
1276 4179 1369 4233 cui
1425 4178 1707 4248 serviunt,
1742 4197 1870 4235 esse
1901 4180 2135 4238 illarum

1061 4198 1228 4278 [δυξίξν
1276 4198 1707 4278 θωηδθτνηξίξίν
1742 4198 1870 4235 esse
1901 4198 2135 4278 “mffum
2246 4198 2482 4270 physico
2514 4201 2601 4256 vel
2637 4204 2889 4273 mythico
2920 4221 3130 4274 genere
3161 4208 3756 4277 comprehenduntur.
3780 4204 3865 4257 Su-

482 4266 809 4320 auctorem.
850 4270 993 4320 Nam
1028 4266 1197 4321 sicuti
1230 4267 1427 4339 aegroti
1458 4268 1686 4323 sanatio
1729 4285 1843 4323 non
1875 4271 2132 4326 medica-

654 4290 809 4363 }‘Um-
850 4290 993 4367 1““"1
1028 4290 1197 4367 ἵξουιι
1230 4290 1427 4367 flagro“
1458 4290 1686 4367 δεξοδιιξ)
1711 4290 1843 4366 ,ιιοΠ
1875 4290 2132 4367 ωθξιιίξᾲ·
2243 4293 2483 4355 pereunt
2514 4290 2709 4361 itaque
2763 4294 2912 4347 763
2964 4298 3195 4348 tantum
3246 4296 3469 4367 proprii
3502 4297 3860 4351 Romanorum

484 4353 723 4455 ωεξοξίθι
779 4353 880 4409 sed
919 4355 1166 4455 ωῗάξοξλ
1199 4361 1263 4453 et.
1303 4372 1475 4455 [θυῖε.
1503 4356 1759 4455 δοιῐξλίξλίξ
1791 4359 2131 4455 “(labiale
2239 4353 2341 4445 dii,
2375 4378 2469 4446 qui
2505 4379 2587 4432 vel
2616 4353 2705 4435 -ex
2752 4382 2993 4437 devictis
3043 4353 3309 4437 hostibus
3360 4353 3517 4455 rapti
3550 4391 3606 4440 et
3649 4388 3858 4437 Romam

480 4444 581 4495 aut
632 4441 869 4510 lanceas,
902 4442 1002 4498 sed
1054 4443 1267 4499 latroni
1313 4448 1415 4499 aut
1462 4443 1615 4500 hosti
1664 4445 2011 4517 tribuendas,
2044 4448 2128 4503 sic

2266 4468 2519 4537 .sportati
2550 4476 2737 4536 erant,
2764 4471 2849 4526 vel
2875 4478 3111 4541 penates
3136 4478 3192 4528 et
3214 4474 3387 4540 lares,
3409 4492 3557 4544 quos
3584 4472 3858 4542 unusquis-

477 4543 758 4633 E’Pﬁl‘wm
790 4536 847 4585 6t
874 4531 1119 4633 ξλάξξθῐςεθι
1150 4532 1637 4633 “Oli-919919059:-
1665 4534 1766 4633 send
1799 4534 1936 4633 Βεέοτ
1962 4553 2125 4607 θείῖυο
2158 4543 2202 4607 D
2235 4531 2347 4623 qu-e
2380 4556 2604 4623 privata
2634 4556 2691 4611 in
2725 4531 2899 4613 domo
2931 4576 3033 4613 sua
3065 4531 3469 4633 peculiarique
3493 4564 3605 4616 ritu
3638 4531 3852 4615 colebat.

476 4620 819 4723 fitfit?me
861 4620 1070 4723 άξλάίοίτ
1121 4621 1473 4723 αῗοξίιξθηάσθί
1507 4627 1665 4678 sunt
1708 4623 2123 4723 Comini-‘13”?
2238 4620 2311 4696 Ᾰῐ
2338 4620 2395 4696 hi
2421 4660 2627 4701 omnes
2656 4646 2924 4702 homines
2956 4620 3210 4703 fuerunt.
3248 4652 3346 4721 qui
3372 4620 3452 4706 bb
3477 4651 3701 4723 egregia
3728 4664 3853 4718 qua?-

476 4708 631 4809 ίθνθεξ
660 4704 951 4809 θίθωξηίδ
990 4708 1196 4777 mium:
1231 4711 1575 4809 ίοξθτοίάθτθ
1623 4727 1691 4766 ac
1740 4713 1859 4784 regi
1906 4714 1977 4767 ab
2027 4714 2126 4769 ali'
2236 4730 2370 4785 dam
2403 4732 2662 4789 facinora
2710 4736 2789 4788 dii
2841 4741 2973 4806 post
3004 4704 3708 4809 mortemlinsulsaoplzne
3736 4704 3851 4789 con-

469 4807 583 4897 q'uo
613 4792 764 4865 (cap.
797 4795 874 4865 6).
926 4800 993 4850 Et
1049 4814 1224 4854 verus
1282 4798 1436 4854 Deus
1483 4816 1587 4854 nec
1618 4800 1827 4866 minui,
1872 4818 1972 4857 nec
2006 4802 2125 4873 puti

2266 4821 2559 4876 ecratione
2594 4823 2727 4877 facti
2759 4792 2915 4879 sunt.
2933 4828 3002 4881 At
3032 4844 3324 4897 quasnam,
3349 4829 3432 4883 ait
3463 4792 3851 4887 Tertullianus,

467 4878 691 4951 aliquid
722 4886 940 4954 potest,
972 4887 1291 4958 omniaque
1322 4887 1472 4959 regit
1503 4905 1567 4943 ac
1600 4889 1955 4946 moderatur.

3039 4878 3324 4897 γαπ-η,
3352 4878 3431 4883 w-
3474 4878 3731 4883 νηπίη
3842 4878 3850 4887 .

2266 4908 2409 4964 ,ωἱυε
2456 4927 2523 4964 ex
2572 4914 2678 4980 eis,
2731 4914 2892 4967 verbi
2946 4916 3137 4985 gratia
3185 4917 3395 4984 rEneaz,
3430 4921 3596 4971 erant
3624 4909 3853 4970 merita?

532 4987 771 5044 Transit
801 4989 938 5046 inde
967 4992 1375 5049 Tertullianus
1405 4994 1479 5049 ad
1513 4997 1841 5051 secundum
1876 4998 2117 5054 deorum
2228 4995 2379 5051 Num
2416 4999 2600 5067 pietas
2633 5000 2689 5054 in
2725 5007 2946 5072 patrem
2982 5009 3038 5058 et
3078 5004 3313 5058 filium?
3342 5006 3449 5060 Sed
3486 5004 3537 5060 is
3568 5003 3655 5059 vel
3686 5017 3852 5065 suam,

462 5088 652 5164 genus
681 5077 837 5147 quod
878 5078 1123 5135 Varroni
1174 5081 1502 5149 mythicum
1550 5100 1651 5137 seu
1684 5092 1988 5153 poetarum
2022 5104 2115 5141 co-
2228 5084 2382 5141 sicut
2432 5091 2701 5156 Antenor,
2758 5091 3011 5160 prodidit
3060 5093 3332 5164 patriam,
3376 5094 3462 5148 vel
3495 5110 3645 5159 eam,
3677 5091 3851 5146 relicto

457 5163 802 5251 gnominare
835 5167 1057 5236 placuit
1084 5168 1232 5239 (cap.
1256 5170 1333 5239 7).
1359 5170 1677 5224 Finxerunt
1708 5179 1902 5227 autem
1928 5180 2111 5244 poeta:
2228 5173 2455 5228 Priamo
2483 5180 2539 5229 et
2587 5180 2953 5249 Astyanacte,
2989 5163 3330 5251 flagrantem
3384 5181 3722 5246 deserendo,
3754 5192 3849 5230 non

457 5250 565 5306 hos
596 5252 735 5308 deos
766 5271 893 5308 esse
924 5256 1151 5324 heroas,
1186 5259 1305 5327 qui,
1342 5262 1471 5327 post
1502 5265 1856 5315 transactam
1890 5269 2107 5317 morta-
2217 5261 2483 5318 imitatus
2518 5271 2605 5320 est
2643 5268 2917 5321 feminam
2969 5250 3276 5333 Punicam,
3307 5288 3437 5341 quae
3471 5288 3532 5326 se
3574 5286 3700 5325 cum
3730 5264 3848 5320 liliis

452 5339 568 5430 lem
599 5340 906 5398 hominum
938 5346 1141 5409 vitam,
1177 5347 1471 5417 praeclaris
1518 5348 1683 5403 factis
1734 5351 1931 5421 adepti
1964 5358 2106 5409 sunt
2215 5352 2273 5403 in
2328 5352 2587 5407 ardentis
2638 5356 2837 5425 patriae
2894 5356 3059 5427 ignes
3092 5358 3307 5428 injecit.
3326 5339 3638 5430 'Nuiuquid
3663 5354 3845 5411 melior

449 5428 773 5518 divinitatis
806 5433 1131 5503 praemium.
1179 5436 1435 5491 Pessimo
1468 5442 1660 5492 autem
1696 5438 1805 5494 hoc
1835 5440 2099 5513 exemplo
2214 5438 2624 5511 Romanis,qui
2660 5461 2763 5514 pro
2788 5446 2975 5500 salute
2998 5447 3327 5518 principum
3351 5428 3631 5502 adversus
3653 5446 3841 5499 liberos

448 5516 696 5609 Romani
730 5538 868 5576 suos
924 5538 1111 5593 reges,
1142 5524 1272 5580 aliis
1305 5528 1721 5596 pejerantibus,
1758 5530 1898 5584 deos
1929 5531 2094 5585 simi-
2206 5533 2262 5582 et
2295 5530 2423 5597 conj
2445 5548 2587 5601 uges
2610 5535 2852 5601 jurahat
2878 5534 2903 5587 ‘2
2936 5516 3167 5607 Siquod
3193 5516 3372 5609 porro
3406 5544 3627 5609 patrem
3659 5536 3843 5589 hume-

443 5606 578 5664 liter
607 5611 1041 5668 renuntiarunt.
1071 5615 1140 5671 At
1169 5616 1433 5687 quinam,
1468 5618 1674 5673 amabe
1734 5622 1807 5687 te,
1856 5619 2090 5675 fuerant
2202 5618 2283 5673 ris
2313 5622 2595 5688 gestando
2617 5625 2962 5694 promeruit,
2993 5606 3187 5684 nonne
3208 5606 3221 5609 ⁷
3244 5606 3433 5696 Argivi
3458 5628 3699 5697 juvenes
3728 5638 3838 5678 ma-
