4106 6178
338 286 460 345 845

934 284 1014 344 ΙΝ
1052 284 1355 345 LIBRUM
1395 282 1501 344 AD
1545 282 1937 343 NATIONES
1986 282 2058 339 D.
2106 280 2203 339 LE
2250 277 2581 338 NOURRY
2627 277 3163 340 DlSSERTATIO.

3631 282 3754 342 846

336 423 493 473 trem
528 434 719 485 suam,
750 433 821 470 ne
842 417 902 471 in
936 416 1114 471 sacris
1146 416 1441 487 piaculum
1468 417 1987 485 faceret,tanquam
2022 414 2071 478 Α
2103 412 2280 466 etiam
2314 426 2591 480 suprema
2620 410 2925 467 divinitate
2950 412 3023 466 ab
3044 411 3156 467 alio
3176 411 3373 485 aliquo
3394 412 3593 469 donati
3616 422 3758 471 sunt

327 506 568 578 jugalcs
601 505 926 562 vexerunt?
955 506 1010 558 Si
1034 521 1209 560 suum
1242 505 1339 560 ille
1388 509 1610 577 patrem
1643 504 1812 571 aluit,
1843 519 1991 557 non-

346 613 415 651 ne
453 596 573 650 ﬁlia
605 596 873 666 quaedam
910 596 1116 664 majori
1148 595 1359 666 pietate
1421 595 1569 666 patri
1628 611 1756 659 suo,
1791 594 1847 647 in
1873 609 1995 647 car-

343 701 475 739 cere
508 685 717 755 posito,
742 684 1001 739 admovit
1050 684 1227 738 ubera
1254 689 1274 739 ?
1300 684 1478 755 Magis
1501 700 1637 754 ergo
1668 682 1753 736 illi
1784 681 1995 735 divinis

344 773 674 828 honoribus
705 773 868 845 digni
906 778 1093 839 erant,
1144 790 1321 845 quam
1356 774 1601 845 ignavus
1632 772 1995 840 timidusque

346 864 577 926 .‘Eneas,
612 861 713 931 qui
744 866 876 932 post
903 862 1169 933 prmlium
1233 863 1657 917 Laurentinum
1692 875 1994 929 nunquam

340 950 697 1021 comparuit.
740 951 1039 1022 Numquid
1093 951 1273 1006 etiam
1327 951 1653 1005 divinitatis
1715 950 1994 1003 honorem

342 1040 563 1095 meruit
594 1038 900 1108 Romulus,
928 1040 1026 1110 qui
1061 1039 1356 1094 interfecit
1388 1041 1626 1094 fratrem
1661 1056 1833 1094 suum
1866 1036 1998 1092 alie-

342 1144 572 1199 nasque
595 1128 1067 1199 rapuitvirgines
1094 1132 1115 1183 Ρ
1142 1129 1443 1200 Numquid
1482 1128 1750 1183 Hercules
1767 1133 2000 1199 propter

338 1217 540 1287 Augize
575 1216 777 1271 ﬁmum
813 1216 1375 1288 ejectum,Prnelope
1398 1218 1996 1288 proptercastitatem,

343 1307 599 1361 Sanctus
634 1311 872 1377 propter
895 1306 1353 1377 hospitalitatem
1378 1307 1516 1374 jura
1546 1306 1867 1360 divinitatis
1903 1322 1999 1377 p0-

341 1395 487 1464 tius,
522 1410 694 1465 quam
728 1396 1232 1466 Sterculus,quam
1267 1396 1385 1450 ﬁlia
1419 1396 1619 1465 Fauni,
1652 1411 1828 1466 quam
1862 1394 1998 1466 Uly-

344 1500 449 1539 xes
482 1483 761 1554 consequi
794 1482 1128 1539 debebant?

420 1590 567 1654 Quid
600 1606 731 1645 vero
764 1591 835 1644 de
867 1589 996 1645 aliis
1028 1589 1201 1661 longe
1234 1591 1597 1661 turpioribus
1648 1591 1762 1646 diis
1804 1590 1998 1645 dicen-

344 1680 541 1733 dum?
571 1679 743 1745 Quid,
778 1680 1019 1734 obsecro
1051 1679 1460 1743 te,divinitatis
1491 1679 1654 1735 estin
1692 1679 2001 1734 Larentina

2106 500 2217 555 nisi
2249 498 2474 553 caeteris
2528 500 2806 554 omnibus
2864 502 3015 556 ﬁctis
3073 502 3191 557 diis
3252 505 3592 573 potentiore,
3654 503 3754 576 qui

2105 588 2347 661 proinde
2379 588 2539 643 solus
2570 605 2741 643 verus
2783 589 2935 643 Deus
2981 589 3096 645 dici
3128 591 3317 647 debet.
3356 592 3570 648 Deinde
3593 593 3759 650 nulla

2106 694 2346 749 prorsus
2378 676 2668 749 assignari
2692 694 2869 733 causa
2889 684 3214 749 potest,cur
3238 697 3407 736 verus
3436 681 3589 737 Deus
3610 682 3755 738 alios

2108 766 2307 819 fecerit
2337 766 2495 820 deos.
2529 765 2655 820 Non
2686 765 2922 836 quidem
2960 773 3023 821 ut
3054 768 3166 823 sibi
3199 768 3415 824 auxilio
3440 775 3641 826 essent
3669 770 3757 826 vel

2106 859 2470 908 ornamento.
2510 859 2658 909 Deus
2689 854 2847 909 enim
2883 858 3256 928 omnipotens
3291 857 3513 913 nullius
3545 876 3651 931 ope
3672 859 3758 914 vel

2106 948 2317 998 ornatu
2352 943 2594 1014 indiget.
2659 943 2859 1015 Neque
2911 944 3141 1015 aliquos
3200 946 3472 1002 homines
3521 953 3763 1020 propter

2106 1048 2307 1086 eorum
2341 1032 2550 1087 merita
2580 1032 2718 1086 deos
2754 1032 2905 1087 fecit.
2944 1034 3088 1099 Quid
3149 1052 3395 1105 namque
3429 1038 3764 1092 merebatur

2108 1122 2401 1175 Saturnus
2435 1120 2689 1175 ﬁliorum
2725 1138 2969 1175 suorum
3020 1125 3327 1178 devorator
3361 1167 3373 1192 ,
3407 1130 3509 1179 aut
3535 1125 3766 1197 Jupiter

2111 1210 2292 1281 patris
2325 1210 2657 1264 subductus
2682 1210 2883 1273 furori,
2918 1211 3138 1266 sororis
3165 1213 3524 1285 adulter,qui
3556 1220 3620 1269 ut
3650 1215 3764 1270 alia

2109 1302 2315 1369 stupra
2347 1302 2403 1352 et
2435 1298 2723 1353 adulteria
2757 1299 3017 1353 securius
3049 1300 3285 1369 faceret,
3329 1301 3518 1371 bovis,
3553 1302 3763 1359 imbris

2108 1388 2493 1460 aurei,cygni,
2518 1388 2781 1459 aliasque
2816 1390 3035 1445 formas
3066 1390 3334 1446 induisse
3359 1392 3703 1464 perhibetur
3731 1394 3759 1450 ?

2108 1477 2249 1532 Tam
2282 1476 2446 1548 impii
2469 1494 2605 1549 ergo
2637 1484 2695 1533 et
2716 1476 2985 1533 scelerati
3009 1480 3351 1550 hujusmodi
3386 1481 3655 1537 homines
3674 1481 3762 1536 di-

2109 1567 2409 1621 vinilatem
2443 1583 2744 1637 nunquam
2794 1573 3155 1623 meruerunt.

2183 1673 2380 1744 Neque
2413 1673 2449 1726 ii
2482 1673 2654 1728 etiam
2702 1673 2783 1727 dii
2815 1678 2975 1741 sunt,
3010 1690 3159 1745 quos
3197 1675 3505 1747 Dionysius
3527 1677 3760 1734 Stoicus

345 1766 653 1823 meretrice
676 1767 909 1839 publica
932 1771 990 1823 et
1020 1768 1251 1823 Romuli
1284 1768 1508 1823 nutrice
1530 1768 1722 1834 γρυίά
1759 1767 1999 1835 femina,
2037 1781 2077 1844 Β
2112 1762 2171 1815 in
2205 1763 2429 1817 nativos
2460 1766 2517 1816 et
2550 1764 2733 1817 factos
2763 1762 3076 1834 distinguit
3117 1764 3267 1835 (cap.
3298 1765 3411 1834 44).
3444 1765 3762 1821 Tertullia-

344 1857 558 1927 quzein
591 1856 852 1911 Herculis
876 1857 1087 1912 azdituo
1121 1864 1251 1928 post
1310 1857 1624 1913 ridiculum
1685 1856 1888 1911 ludum
1924 1856 1995 1909 vi-

342 1944 512 2011 tiata,
546 1945 618 1999 ab
650 1945 775 2017 ipso
809 1944 1057 2000 Hercule
1079 1947 1199 2016 jam
1236 1953 1473 2001 mortuo
1506 1963 1568 2001 se
1598 1961 1997 2015 compressam

345 2032 535 2087 fuisse
565 2032 970 2103 gloriabatur?
1003 2035 1143 2100 Quis
1176 2035 1466 2107 patienter
1523 2035 1670 2089 ferat
1720 2035 1999 2089 infamem

346 2123 674 2177 Antinoum
705 2140 738 2178 a
769 2124 1042 2179 Romanis
1082 2125 1255 2179 deum
1292 2123 1534 2179 haberi?
1590 2123 1750 2179 Alios
1802 2128 1999 2178 tamen

351 2227 475 2265 non
507 2211 703 2265 minus
735 2217 934 2283 turpes
961 2213 1101 2268 deos
1131 2214 1187 2267 hi
1208 2214 1521 2268 commenti
1556 2220 1866 2282 sunt,quos
1893 2230 2000 2266 nu-

353 2298 499 2372 ptiis
522 2316 585 2354 ac
608 2301 981 2371 procreandis
1008 2301 1203 2356 liberis
1219 2318 1466 2371 praeesse
1486 2302 1835 2357 stultissime
1858 2318 1999 2369 prae-

355 2388 656 2442 dicabant.
692 2388 861 2443 Tales
894 2395 1034 2443 sunt
1064 2390 1998 2457 Conscrvius,l"luvionia,Viturn-

355 2494 495 2543 nus,
532 2478 829 2543 Sentinus,
863 2477 1170 2549 Diespiter,
1202 2478 1584 2544 Candelifera,
1617 2479 1815 2540 Prosa,
1865 2478 1999 2533 Far-

355 2582 515 2634 mus,
547 2566 790 2631 Albana,
836 2567 1139 2634 Buncinia,
1199 2567 1423 2636 Patina,
1484 2568 1685 2633 Edula,
1742 2569 1998 2635 Abcona,

348 2655 697 2720 Domiduca,
730 2655 1083 2722 Volumnus,
1115 2656 1338 2725 Voleta,
1381 2658 1719 2722 Paventina,
1750 2657 1996 2723 Venilia,

346 2743 622 2815 Volupia.
656 2745 964 2807 Praastilia,
1020 2749 1363 2816 Peragenor,
1422 2746 1671 2813 Consus,
1726 2746 1998 2814 Juventa,

349 2834 626 2900 Fortuna,
667 2833 936 2901 Barbata,
968 2834 1295 2901 Alferenda,
1347 2835 1648 2900 Mutunus,
1706 2840 1996 2902 'I‘utunns,

354 2923 677 2989 Pertunda,
702 2924 980 2993 Subigus,
1033 2927 1259 2980 Prema.
1295 2930 1351 2976 et
1393 2922 1492 2976 alii
1524 2940 1774 2993 quorum
1807 2924 2000 2979 ofﬁcia

340 3011 691 3065 nominibus
712 3011 837 3065 suis
868 3008 1163 3081 appellare
1185 3009 1272 3065 vel
1300 3010 1582 3065 minimus
1606 3012 1847 3081 pudoris
1867 3028 1997 3065 sen-

337 3117 452 3155 sus
482 3100 751 3171 prohibet
776 3100 923 3169 (cap.
964 3100 1047 3168 10,
1084 3100 1192 3169 11).

2110 1868 2221 1905 nus
2252 1851 2542 1922 siquidem
2568 1850 2653 1906 vel
2688 1852 2859 1907 unico
2891 1851 3155 1908 Herculis
3186 1853 3575 1924 exemplo,sed
3601 1856 3759 1925 quod

2111 1940 2282 2012 plane
2327 1942 2572 2007 sufﬁcit,
2630 1942 3093 1998 insulsissimam
3155 1944 3372 1998 hancce
3420 1944 3755 2015 opinionem

2110 2031 2333 2085 evertit.
2366 2030 2490 2085 Non
2523 2031 2678 2084 enim
2719 2030 3023 2086 divinitate
3054 2031 3271 2101 dignus
3303 2037 3427 2088 erat
3456 2033 3752 2101 Hercules,

2111 2119 2249 2188 quia
2280 2121 2430 2173 feras
2462 2119 2778 2183 interemit,
2839 2120 3317 2191 quandoquidem
3376 2122 3574 2192 plures
3604 2122 3754 2177 occi-

2111 2208 2332 2261 duntur
2360 2226 2393 2262 a
2413 2207 3055 2279 gladiatoribus,neque
3085 2208 3259 2264 etiam
3293 2210 3431 2281 quia
3464 2215 3753 2265 terrarum

2111 2298 2473 2365 percucurrit
2502 2297 2702 2351 orbem
2730 2314 2743 2364 ;
2770 2314 2900 2351 nam
2926 2296 3298 2368 Asclepiades
3329 2299 3599 2369 Cynicus,
3624 2299 3751 2370 plu-

2109 2402 2319 2457 resque
2351 2385 2682 2458 philosophi
2717 2388 2924 2455 majori
2946 2386 3340 2443 mendicitatis
3368 2386 3567 2443 labore
3608 2405 3748 2443 cun-

2110 2482 2235 2531 ctas
2266 2478 2659 2530 lustraverunt
2719 2477 2898 2531 totius
2960 2477 3163 2529 mundi
3196 2481 3409 2546 partes.
3456 2476 3751 2548 Numquid

2110 2582 2247 2637 ergo
2269 2568 2412 2622 deus
2435 2573 2543 2633 est,
2580 2567 2718 2638 quia
2760 2566 2857 2621 ille
2888 2583 2949 2622 se
2980 2567 3232 2622 contulit
3263 2567 3330 2622 ad
3363 2566 3753 2624 inferos?Sed

2111 2656 2468 2726 quibusnam
2501 2673 2702 2712 eorum
2729 2656 2821 2711 via
2844 2660 3002 2726 patet
3032 2659 3055 2711 Ρ
3085 2656 3427 2728 Pergamus,
3460 2656 3510 2711 si
3543 2657 3753 2729 placet.
3852 2678 3855 2681 ·

2108 2748 2311 2799 Nonne
2341 2745 2591 2799 eximius
2622 2744 2718 2800 ille
2750 2745 3027 2800 Hercules
3058 2746 3460 2817 constupravit
3482 2746 3761 2802 feminas?

2108 2833 2310 2887 Nonne
2343 2835 2414 2887 ob
2447 2834 2731 2889 amissum
2766 2851 3013 2905 puerum
3049 2834 3322 2890 militiam
3356 2836 3615 2890 deseruit
3652 2838 3761 2891 Ar-

2108 2926 2499 2993 gonautarum
2532 2923 2559 2976 ‘I
2588 2922 2790 2976 Nonne
2850 2922 3075 2977 lascivas
3133 2923 3330 2978 uxoris
3380 2922 3621 2979 venenis
3651 2924 3763 2978 cir-

2108 3016 2479 3076 cumventus,
2513 3027 2757 3066 accenso
2792 3027 2950 3082 rogo,
2985 3028 3185 3067 necem
3231 3012 3341 3068 sibi
3398 3012 3521 3084 ipse
3564 3029 3763 3068 conse-

2105 3099 2233 3154 vit?
2264 3100 2404 3163 Quis
2436 3116 2572 3172 ergo
2596 3100 2809 3155 mentis
2840 3116 2957 3154 suae
2989 3116 3229 3172 compos
3262 3101 3435 3156 homo
3462 3102 3618 3157 hunc
3641 3118 3761 3159 crs.

427 3148 450 3154 -
521 3148 750 3154 πω---
778 3148 923 3169 μ-Γ-
966 3148 1047 3168 --,
1088 3148 1192 3169 -_,-
2212 3148 2224 3154 -
2271 3148 2403 3163 ν--
2440 3148 2487 3154 --
2545 3148 2568 3154 -
2598 3148 2807 3155 --η----
2840 3148 2955 3154 -.-η
2993 3148 3229 3172 --.πεπυ
3262 3148 3433 3156 -.ν-η-
3462 3148 3617 3157 ......-
3643 3148 3760 3159 ν.-.

423 3148 636 3243 omnes
669 3204 841 3258 porro
864 3191 1254 3242 Romanorum
1290 3189 1450 3253 deos,
1493 3193 1557 3242 ut
1586 3187 1761 3242 simul
1823 3194 1879 3242 et
1910 3206 1997 3243 se-
2026 3148 2069 3214 Ο
2109 3188 2209 3242 dat
2240 3204 2369 3243 esse
2392 3148 2567 3242 deurin
2594 3189 2755 3252 ‘IQuo
2778 3186 2953 3242 etiam
2981 3194 3147 3257 pacto
3174 3188 3546 3260 IEsculapius
3566 3188 3760 3261 potuit

343 3276 467 3332 mel
499 3276 899 3331 Tertullianus
930 3277 1421 3348 praacidat,ipsam
1459 3276 1603 3349 petit
1628 3276 1864 3331 illorum
1885 3277 1998 3331 ori-

342 3366 772 3437 ginem,quam
804 3364 983 3419 Varro
1043 3381 1076 3419 a
1120 3368 1280 3429 Jove,
1343 3366 1574 3420 Junone
1629 3370 1687 3419 et
1744 3365 2001 3420 Minerva

343 3454 601 3521 orditur,
635 3454 733 3508 sed
767 3470 896 3523 quae
930 3470 963 3508 a
991 3458 1239 3507 Saturno
1275 3454 1511 3509 illorum
1563 3461 1802 3525 parente
1834 3471 1996 3526 repe-

342 3542 532 3597 tenda
560 3547 647 3597 est
674 3544 825 3613 (cap.
862 3543 966 3612 12).
1000 3542 1124 3597 Non
1159 3542 1252 3597 hic
1311 3548 1528 3611 autem,
1583 3544 1767 3599 multo
1801 3544 1998 3599 minus

343 3632 482 3701 ejus
514 3630 635 3696 ﬁlii,
664 3632 808 3685 deus
842 3646 1099 3702 unquam
1132 3646 1259 3686 esse
1293 3632 1499 3703 potuit,
1534 3633 1632 3703 qui
1667 3650 1696 3689 e
1722 3632 1874 3688 Ocelo
1895 3650 1996 3688 seu

343 3722 580 3776 Chrono
611 3724 667 3774 et
687 3720 866 3774 Terra
896 3720 1151 3789 genitus,
1196 3726 1417 3790 patrem
1479 3739 1653 3776 suum
1708 3728 1998 3777 castrasse

344 3807 710 3879 perhibetur.
739 3806 851 3861 Nec
884 3807 1199 3862 dicendum
1255 3809 1373 3864 haec
1406 3810 1714 3881 allegorice
1760 3812 1830 3865 de
1863 3816 2001 3864 tem-

344 3913 491 3969 pore
522 3902 804 3967 terraeque
837 3898 1196 3952 fecunditate
1236 3899 1537 3970 explicari.
1572 3898 1893 3953 clarissimi
1927 3900 1999 3953 si-

342 3985 589 4057 quidem
615 3984 951 4055 scriptores,
985 3984 1225 4041 Cassius
1258 3988 1527 4051 Severus,
1561 3986 1863 4042 Cornelius
1897 3992 2001 4042 Nc«

341 4091 480 4146 pos,
511 4074 771 4141 Tacitus,
798 4073 1111 4139 Diodorus,
1143 4081 1200 4129 et
1231 4076 1329 4131 alii
1364 4077 1752 4132 disertissime
1784 4094 2002 4131 asseve-

342 4168 487 4218 rant
517 4162 834 4218 Saturnum
870 4180 1067 4218 revera
1100 4164 1399 4220 hominem
1464 4167 1642 4221 fuisse
1671 4168 1792 4236 qui,
1826 4152 2003 4221 variis

343 4250 515 4308 orbis
545 4257 710 4306 terrae
743 4252 1011 4322 partibus
1044 4254 1388 4322 peragratis,
1452 4254 1509 4307 in
1568 4255 1842 4309 OEnotria
1899 4271 2001 4308 seu

336 4339 520 4396 Italia
549 4344 843 4410 exceptus,
868 4341 1054 4394 monti
1084 4348 1139 4394 et
1172 4342 1322 4408 urbi,
1386 4343 1483 4395 ubi
1544 4343 1743 4396 sedem
1779 4344 1999 4411 ﬁxerat,

343 4428 514 4483 784
535 4443 598 4481 ac
630 4427 733 4481 toti
757 4426 933 4480 Italize
958 4443 1133 4481 suum
1167 4428 1448 4498 imposuit
1476 4430 1835 4492 nomen.Qua
1869 4445 2002 4483 vero

2108 3276 2252 3331 deus
2286 3275 2629 3341 renuntiari,
2666 3275 2787 3346 qui,
2823 3282 2886 3331 ut
2917 3281 3116 3331 narrat
3162 3278 3415 3349 Argivus
3462 3278 3757 3343 Socrates,

2107 3370 2268 3436 patre
2291 3366 2509 3420 incerto
2544 3370 2742 3429 natus,
2770 3366 2841 3419 ob
2880 3364 3181 3420 medicinae
3214 3366 3487 3437 peritiam
3514 3366 3762 3423 fulmine

2105 3454 2284 3521 Jovis,
2320 3454 2821 3525 quemadmodum
2871 3454 2998 3523 ejus
3031 3459 3239 3522 mater,
3277 3470 3591 3526 percussus
3625 3456 3758 3510 fuit.

2108 3542 2488 3597 Athenienses
2522 3548 2716 3597 tamen
2779 3542 2947 3597 illum
3011 3549 3377 3615 matremque
3405 3545 3556 3615 ejus,
3605 3544 3762 3601 sicut

2108 3632 2351 3696 Thesea,
2385 3633 2654 3687 adorant.

2180 3721 2293 3773 Nec
2325 3720 2466 3775 «:(elo
2511 3737 2577 3774 ac
2635 3720 2938 3775 divinitate
2994 3721 3186 3793 magis
3245 3722 3409 3792 digni
3471 3726 3759 3791 Castores,

2111 3813 2379 3875 Perseus,
2414 3809 2679 3880 Erigone,
2701 3809 2964 3863 exoletus
2986 3810 3167 3879 Jovis,
3220 3810 3340 3865 sive
3370 3812 3759 3882 Ganymedes,

2110 3899 2281 3953 sicuti
2314 3914 2416 3952 nec
2451 3915 2648 3962 canes,
2682 3896 3019 3966 scorpiones
3078 3903 3135 3952 et
3183 3898 3401 3967 cancri,
3437 3912 3610 3969 'quos
3651 3900 3759 3954 Ro-

2112 3986 2269 4040 mani
2295 3985 2351 4039 in
2386 3990 2547 4039 astra
2604 3984 3051 4039 transtulerunt.
3112 3986 3253 4048 Quis
3310 4002 3445 4041 vero
3476 3987 3604 4041 sine
3634 3986 3757 4040 risu

2112 4073 2212 4128 illa
2243 4074 2443 4128 audiet
2475 4074 2713 4126 nomina
2744 4074 3009 4136 deorum,
3081 4090 3229 4143 quos
3279 4073 3527 4129 Romani
3585 4072 3760 4128 certis

2114 4162 2468 4233 quibusdam
2502 4160 2735 4214 urbium
2773 4177 2837 4215 ac
2872 4162 3180 4215 domorum
3242 4160 3385 4216 locis
3420 4161 3761 4232 praepositos

2114 4251 2556 4305 arbitrabantur
2587 4249 2617 4302 7
2647 4250 2731 4303 Ab
2789 4249 2860 4303 iis
2915 4250 3132 4320 quippe
3190 4254 3474 4305 vocantur
3508 4249 3757 4321 Viduus,

2113 4339 2395 4408 Caeculus,
2429 4339 2682 4401 Orbana,
2717 4337 2950 4409 Arguis,
3015 4338 3183 4404 Lana,
3229 4345 3544 4405 Ascensus,
3600 4339 3760 4393 Levi-

2115 4429 2262 4493 cola,
2286 4428 2585 4492 Forculus,
2636 4428 2875 4492 Cardea,
2931 4427 3317 4492 Limentinus,
3370 4427 3587 4499 aliique
3640 4427 3763 4483 sin-

341 4516 457 4571 ille
488 4520 769 4584 tanquam
829 4530 896 4567 ex
953 4513 1253 4585 inopinato
1285 4516 1610 4587 appulerat,
1658 4534 1758 4571 nec
1790 4518 2001 4588 cogniti
2036 4518 2081 4581 D
2112 4517 2265 4588 gulis
2306 4518 2638 4588 quibusque
2669 4516 2797 4569 vitae
2830 4516 3040 4570 ofﬁciis
3073 4516 3343 4587 praefecti.
3376 4518 3482 4571 Sed
3527 4516 3585 4571 hi
3620 4516 3764 4573 solis

337 4608 526 4660 erant
553 4604 680 4671 ejus
714 4605 1004 4671 parentes,
1038 4604 1108 4655 de
1140 4603 1281 4658 caalo
1314 4604 1516 4675 lapsus
1564 4607 1871 4659 ferebatur.
1926 4611 2005 4659 Ne

338 4690 496 4764 quid
532 4696 725 4745 autem
758 4689 972 4744 ethnici
1007 4692 1220 4745 mutire
1278 4694 1581 4760 auderent,
1629 4693 1736 4749 hoc
1776 4701 2003 4765 recepto

338 4783 431 4837 ab
462 4779 577 4834 illis
599 4778 825 4851 Sibyllae
853 4779 1188 4835 testimonio
1214 4784 1539 4838 conﬁrmat.

430 4892 627 4958 Itaque
657 4902 789 4941 cum
827 4884 1026 4940 nullus
1058 4888 1389 4959 ambigendi
1423 4890 1585 4944 locus
1638 4891 1826 4953 detur,
1862 4890 2002 4961 quin

331 4981 639 5035 Saturnus
664 4974 837 5029 homo
871 4975 1064 5043 fuerit,
1099 4976 1233 5031 inde
1280 4985 1437 5033 certo
1496 4979 1810 5050 colligitur,
1858 4996 2006 5049 quos

333 5065 570 5125 ethnici
599 5069 756 5119 ortos
788 5079 855 5117 ex
886 5062 984 5117 illo
1017 5081 1083 5118 ac
1143 5073 1344 5135 postea
1390 5073 1654 5122 mortuos
1708 5068 2002 5139 sepultos-

335 5171 467 5229 que
500 5153 851 5221 fatebantur,
884 5153 991 5207 hos
1034 5152 1223 5222 reipsa
1284 5155 1465 5209 fuisse
1528 5157 1793 5211 homines
1855 5159 2003 5226 (cap.

342 5246 468 5315 13).
502 5243 673 5314 Atqui
711 5241 925 5297 mortui
960 5242 1227 5297 homines
1262 5262 1375 5299 non
1428 5252 1676 5317 possunt
1716 5264 1844 5301 esse
1903 5246 2004 5314 dii,

341 5332 472 5393 nisi
505 5331 593 5387 vel
625 5349 659 5386 a
681 5328 912 5401 seipsis,
949 5329 1033 5383 vel
1065 5331 1136 5385 ab
1168 5331 1300 5387 aliis
1351 5351 1517 5389 suam
1557 5335 1886 5406 acceperint
1916 5334 2007 5387 di-

338 5424 683 5479 vinitatem.
719 5426 763 5472 A
805 5436 866 5473 se
898 5423 1091 5473 autem
1129 5421 1273 5491 ipsis
1303 5441 1426 5477 eam
1470 5442 1579 5479 non
1614 5425 1849 5479 habent.
1884 5424 2007 5478 Non

345 5512 517 5571 enim
551 5510 826 5566 sivissent
852 5524 912 5563 se
939 5509 1194 5579 primum
1230 5511 1408 5569 fuisse
1440 5514 1728 5581 homines,
1765 5518 1849 5569 tot
1879 5518 2009 5568 tan-

344 5604 557 5675 tisque
603 5597 882 5657 humanis
940 5598 1390 5661 inﬁrmitatibus
1448 5604 1749 5661 obnoxios.
1811 5603 2011 5677 Neque

2118 4622 2262 4676 pene
2296 4604 2568 4658 Romanis
2602 4602 2838 4673 cogniti,
2867 4603 2911 4655 si
2964 4602 3041 4655 dii
3106 4604 3251 4660 765
3297 4603 3572 4673 fuissent,
3597 4611 3763 4659 ciste-

2116 4696 2197 4748 ris
2223 4694 2499 4749 omnibus
2522 4690 2665 4745 nihil
2694 4706 2841 4761 opus
2870 4696 2994 4745 erat
3037 4690 3186 4762 (cap.
3222 4692 3333 4764 l5).

2191 4806 2259 4854 At
2292 4801 2505 4870 ingrati
2534 4797 2705 4870 plane
2735 4814 2965 4862 sumus,
3018 4798 3367 4870 inquiebant
3417 4800 3683 4864 Romani,
3712 4800 3763 4855 si

2114 4888 2439 4945 divinitatis
2470 4888 2721 4942 honores
2754 4886 2824 4941 iis
2856 4887 3232 4960 denegemus,
3274 4889 3374 4960 qui
3408 4889 3533 4943 vitae
3558 4905 3759 4944 neces-

2114 4980 2270 5035 saria
2303 4978 2467 5032 nobis
2496 4978 2859 5031 invenerunt.
2893 4976 3216 5031 Tribuendi
3270 4978 3448 5050 igitur
3489 4982 3648 5046 sunt,
3680 4978 3762 5033 ait

2112 5067 2530 5130 Tertullianus,
2563 5065 2620 5120 hi
2657 5066 2905 5120 honores
2966 5066 3189 5135 Catoni,
3250 5068 3350 5139 qui
3411 5068 3585 5122 ﬁcum
3619 5067 3757 5122 viri-

2116 5159 2270 5227 dem,
2304 5160 2359 5209 et
2390 5155 2659 5225 Pompeio
2691 5154 2789 5224 qui
2824 5170 3021 5208 cerasa
3056 5159 3295 5211 Romam
3341 5155 3516 5227 primi
3550 5155 3759 5212 attule-

2116 5254 2273 5300 runt.
2323 5246 2430 5299 Sed
2484 5244 2625 5297 nihil
2686 5244 2792 5297 har.
2850 5245 3073 5298 ratione
3132 5245 3379 5301 iutilius.
3415 5246 3539 5300 Non
3600 5247 3759 5301 enim

2115 5335 2414 5388 fructuum
2448 5333 2735 5398 inventor,
2793 5333 2890 5385 sed
2947 5336 3150 5387 auctor
3205 5338 3261 5387 et
3309 5339 3537 5389 creator
3590 5350 3761 5389 verus

2117 5426 2268 5478 Deus
2300 5428 2405 5477 est.
2442 5423 2509 5475 Et
2534 5424 2683 5476 certe
2720 5438 2873 5473 nova:
2925 5426 3078 5475 artes
3130 5422 3199 5477 ab
3234 5423 3573 5477 hominibus
3614 5437 3761 5492 qun-

2118 5514 2257 5567 tidie
2288 5512 2697 5580 inveniuntur;
2728 5526 2899 5566 nemo
2940 5516 3135 5566 tamen
3190 5511 3397 5567 harum
3430 5511 3762 5566 inventores

2120 5604 2257 5659 deos
2288 5620 2417 5659 esse
2448 5600 2660 5657 dixerit
2690 5600 2841 5672 (cap.
2867 5600 2975 5673 16).
