4106 6178
426 329 548 390 84⁸7

949 329 1478 392 TERTULLIANI
1524 330 1849 393 OPERUM
1900 331 2096 391 PARS
2140 332 2186 391 Ι.
2221 365 2298 375 -
2336 329 2606 390 SERIES
2650 330 2694 404 Ι,
2747 327 3305 390 APOLOGETICA.

3678 336 3784 394 818

496 461 800 519 Instabant
829 461 1074 517 Romani
1106 478 1168 518 se
1198 478 1306 517 sua
1336 462 1393 515 in
1418 462 1556 517 deos
1588 461 1800 534 pietate
1845 479 1909 517 ac
1935 462 2075 518 reli-
2105 466 2158 532 Α
2187 462 2439 534 legimus
2476 480 2489 518 :
2524 484 2552 511 ››
2585 461 2688 516 Hic
2720 464 2859 516 suut
2886 458 3223 515 Tertulliani
3260 459 3416 515 libri:
3458 462 3529 516 Ad
3559 465 3785 519 nationes

418 552 592 626 gione
624 550 911 605 meruisse
954 550 1137 605 totius
1198 550 1403 605 mundi
1462 550 1853 606 dominatum.
1910 556 2071 605 Itane

420 657 574 703 vero,
600 638 795 709 inquit
824 637 1272 694 Tertullianus?
1326 639 1622 711 Numquid
1684 641 1877 711 turpis
1916 644 2075 694 Ster-

426 728 593 785 culus
624 727 865 782 Romani
898 726 1129 797 imperii
1163 727 1307 781 lines
1350 731 1689 798 propagavit
1721 728 1747 781 ?
1776 728 2072 799 Numquid

428 818 658 889 Jupiter
688 815 839 871 antri
873 815 1028 881 Idaei,
1062 820 1235 871 Creta:
1268 816 1468 887 patria:
1501 834 1639 882 suae,
1675 834 1740 871 ac
1771 817 2079 887 jucundis-

434 904 569 961 simi
606 902 847 958 nutricis
870 920 987 958 suae
1010 903 1205 958 odoris
1237 902 1475 970 oblitus,
1497 904 1588 958 his
1621 904 1874 975 praetulit
1915 903 2079 974 Capi-

436 993 643 1050 tolium
674 992 701 1046 ?
723 992 1021 1062 Numquid
1046 992 1199 1046 Juno
1258 992 1653 1064 Carthaginis,
1686 1010 1862 1062 quam
1905 994 2077 1047 Samo

436 1082 575 1139 olim
603 1085 1018 1152 praaposuerat,
1052 1081 1285 1151 penitus
1334 1080 1664 1151 immemor,
1725 1082 1908 1136 voluit
1950 1098 2078 1136 eam

436 1170 771 1228 aRomanis
802 1170 1108 1224 subverti?
1136 1170 1244 1224 Sed
1305 1169 1515 1225 horum
1570 1170 1934 1240 aliorumque
1976 1170 2081 1223 im-

434 1259 675 1316 bellium
709 1258 950 1313 deorum
982 1274 1085 1312 nec
1121 1258 1238 1313 ulla
1270 1258 1378 1313 fuit
1410 1263 1689 1314 adversus
1746 1260 1864 1313 fata
1895 1263 2082 1328 potes-

432 1356 545 1419 tas,
570 1364 675 1403 nec
708 1352 1025 1419 potuerunt
1080 1363 1220 1401 suas
1278 1347 1451 1402 urbes
1501 1346 1942 1417 provinciasque
1975 1347 2079 1401 ad-

426 1453 632 1493 versus
673 1436 931 1491 hostium
962 1451 1204 1490 suorum
1238 1452 1403 1489 arma
1435 1436 1604 1490 tueri.

500 1526 584 1581 Ad
619 1524 741 1579 haec
765 1540 917 1591 vero,
952 1524 1346 1579 Romanorum
1382 1524 1696 1594 imperium
1753 1527 1920 1577 antea
1951 1521 2080 1576 fun-

437 1615 641 1670 datum
674 1613 784 1669 fuit
811 1629 985 1684 quam
1037 1612 1157 1667 ulla
1215 1614 1456 1667 deorum
1516 1617 1715 1667 essent
1745 1610 2083 1679 simulacra,

440 1702 633 1758 cultus
665 1718 731 1758 ac
757 1717 1079 1772 saera,quaa
1109 1702 1485 1770 postmodum
1520 1718 1553 1755 a
1582 1700 1771 1755 Numa
1800 1699 2086 1770 Pompilio

2185 552 2332 607 liber
2362 551 2378 606 l
2406 568 2419 618 ;
2454 552 2592 605 item
2624 550 2701 605 Ad
2733 551 2981 603 nationes
3004 548 3149 603 liber
3175 547 3246 602 II.
3282 570 3309 597 »
3362 551 3419 603 In
3452 549 3610 621 primi
3629 552 3784 606 etiam

2184 642 2317 697 libri
2354 643 2465 698 fine
2500 660 2565 698 ;‹‹
2598 640 2940 697 Tertulliani
2975 641 3049 694 Ad
3070 642 3319 695 nationes
3347 639 3488 695 liber
3534 642 3575 707 I,
3630 642 3790 713 expli-

2186 733 2283 787 cit.
2316 732 2525 802 Incipit
2577 731 2723 786 liber
2779 731 3069 785 secundus
3127 729 3204 784 Ad
3241 732 3511 785 nationes.
3546 753 3565 777 -
3624 731 3791 801 Hujus

2188 838 2357 893 porro
2389 820 2605 876 codicis
2634 819 2908 874 librarius
2950 819 3008 873 in
3026 819 3215 889 prima
3236 818 3361 887 ejus
3384 819 3586 890 pagina
3604 819 3794 875 litteris

2190 910 2514 979 majoribus
2542 909 2814 979 scripsit:
2852 931 2879 957 ‹‹
2940 907 3107 961 Liber
3137 906 3365 962 oblatus
3417 907 3485 961 ad
3514 906 3685 965 altare
3713 909 3795 962 Set

2189 999 2469 1068 Stephani
2502 1015 2567 1051 ex
2590 1003 2717 1051 voto
2749 996 3037 1067 Agobardi
3072 1012 3185 1067 epz,
3224 1018 3250 1044 υ
3301 995 3356 1048 id
3390 1001 3496 1065 est,
3542 996 3794 1066 episcopi.

2189 1090 2261 1142 At
2294 1088 2367 1151 is,
2397 1086 2691 1158 inquiunt,
2744 1086 2870 1157 ipse
2902 1089 2990 1139 est
3048 1084 3383 1157 Agobardus
3426 1085 3799 1156 Lugdunensis

2192 1176 2691 1247 archiepiscopus,
2717 1174 2815 1245 qui
2849 1173 3035 1229 Caroli
3069 1173 3262 1244 Magni
3313 1172 3671 1243 filiorumque
3690 1173 3802 1243 ejus

2193 1271 2357 1319 {etate
2389 1269 2561 1334 atque
2619 1264 2855 1317 ineunte
2885 1267 3098 1318 saeculo
3157 1279 3308 1316 nono
3368 1262 3619 1316 ﬂorebat.
3671 1261 3801 1316 Tum

2200 1355 2398 1425 itaque
2431 1353 2761 1424 descriptus
2794 1351 2902 1407 fuit
2932 1351 3026 1406 ille
3058 1354 3232 1406 codex
3269 1368 3336 1407 ex
3368 1349 3478 1405 alio
3496 1350 3684 1423 procul
3713 1351 3805 1405 du-

2198 1443 2292 1496 bio
2348 1442 2703 1512 antiquiore,
2750 1440 2806 1493 in
2842 1457 2978 1511 quo,
3040 1444 3215 1509 atque
3275 1439 3405 1494 aliis
3462 1438 3610 1493 haud
3653 1439 3806 1493 dubie

2196 1530 2489 1602 pluribus,
2544 1530 2600 1583 hi
2660 1529 2789 1584 libri
2851 1530 3152 1599 praefixum
3221 1528 3492 1584 similiter
3544 1528 3809 1583 habebant

2195 1617 2538 1675 Tertulliani
2570 1635 2803 1673 nomen.
2837 1618 3179 1672 Communis
3204 1617 3386 1690 igitur
3416 1635 3525 1672 non
3579 1634 3640 1671 eo
3691 1621 3804 1671 tan-

2198 1712 2324 1761 tum
2358 1706 2669 1779 Agobardi,
2721 1707 2819 1761 sed
2882 1706 3285 1778 superioribus
3342 1707 3516 1761 etiam
3581 1703 3806 1767 steoulis,

442 1793 778 1848 introducta
806 1795 964 1846 sunt.
1002 1790 1173 1845 Bellis
1220 1791 1417 1860 itaque
1454 1790 1704 1845 accrevit
1732 1789 1877 1843 illud
1912 1789 2089 1857 impe-
2120 1833 2166 1896 Β
2197 1796 2393 1867 opinio
2442 1800 2566 1850 erat
2632 1794 3057 1850 Tertullianum
3119 1795 3399 1850 horumce
3454 1796 3526 1849 ad
3577 1795 3807 1849 Nationes

446 1882 624 1949 rium,
656 1885 832 1951 atque
872 1879 1088 1934 idcirco
1138 1879 1261 1951 pari
1319 1880 1690 1934 sacerdotum
1749 1895 1815 1933 ac
1874 1876 2085 1932 civium

449 1972 623 2036 caade,
684 1968 809 2039 pari
853 1984 1049 2023 rerum
1104 1983 1400 2023 sacrarum
1473 1974 1652 2038 atque
1710 1968 2086 2038 profanarum

449 2058 644 2123 ruina,
678 2060 878 2126 totque
909 2055 1255 2126 sacrilegiis,
1316 2060 1459 2125 quot
1490 2057 1722 2127 tropaeis
1767 2072 1833 2110 ac
1881 2056 2088 2109 trium-

448 2146 604 2218 phis.
636 2144 895 2215 Denique
927 2144 1059 2215 quis
1095 2144 1281 2199 nescit
1338 2144 1603 2199 funditus
1659 2160 1859 2199 eversa
1908 2143 2089 2198 fuisse

445 2250 625 2306 regna
652 2233 1045 2305 Assyriorum,
1080 2233 1402 2302 Medorum,
1433 2234 1767 2297 Persarum,
1796 2232 2088 2303 zEgyptio-

445 2341 600 2392 rum,
633 2324 733 2396 qui
762 2338 877 2377 non
912 2323 1137 2378 minore
1170 2322 1406 2394 pietate,
1458 2339 1635 2393 quam
1660 2321 1927 2391 Romani,
1954 2323 2091 2375 deos

446 2430 583 2471 suos
614 2410 1125 2469 colebant?Solus
1184 2427 1318 2483 ergo
1365 2416 1536 2478 Deus,
1597 2428 1750 2465 unus
1799 2416 1857 2465 et
1900 2409 2092 2463 omni-

446 2507 675 2575 potens,
708 2518 883 2572 regna
915 2500 1237 2572 dispensat,
1267 2501 1509 2555 minime
1539 2516 1669 2554 vero
1694 2500 2093 2553 Romanorum

450 2598 553 2648 aut.
571 2592 820 2648 aliorum
853 2590 1116 2661 gentium
1144 2590 1245 2655 dii,
1298 2606 1443 2660 quos
1501 2596 1620 2643 tam
1682 2588 1937 2643 factitios
1969 2604 2098 2642 esse

454 2684 701 2747 constat,
736 2694 912 2750 quam
946 2677 1204 2743 illorum,
1237 2694 1271 2732 a
1304 2678 1524 2748 quibus
1575 2677 1868 2744 coluntur,
1919 2675 2097 2732 falsas

454 2784 756 2840 vanusque
786 2766 1097 2839 religiones
1128 2766 1276 2838 (cap.
1312 2767 1421 2837 17).

1060 2916 1372 2956 ARTICULUS
1412 2916 1496 2954 In.
1532 2896 1535 2901 ’

469 2993 641 3050 Variis
672 2992 949 3047 rationum
998 2990 1290 3044 momentis
1336 2987 1640 3044 ostenditur
1702 2987 2103 3042 Tertullianum

533 3065 730 3121 horum
760 3064 1029 3119 ltbrorum
1057 3077 1170 3115 esse
1190 3068 1486 3131 auctorem,
1508 3063 1559 3115 et
1588 3076 1731 3114 nova
1761 3058 2106 3115 Hoornbeelsi

533 3137 593 3193 id
620 3137 873 3205 negantis
898 3136 1087 3202 opinio
1118 3133 1416 3203 refellitur.

532 3254 833 3308 Testatum
867 3248 1036 3303 nobis
1063 3247 1451 3318 Hieronymus
1490 3246 1623 3301 fecit
1653 3246 1838 3301 editos
1862 3246 2043 3300 fuisse
2076 3262 2109 3299 a

464 3339 824 3398 Tertulliano
883 3341 1089 3409 praeter
1146 3336 1553 3405 Apologelt'cum
1608 3334 1755 3390 alios
1809 3336 1882 3389 ad
1925 3334 2114 3389 Gentes

465 3428 749 3495 1ibros,de
780 3426 996 3499 quibus
1029 3424 1099 3479 ad
1131 3424 1405 3495 Magnum
1438 3422 1557 3477 haec
1581 3424 1817 3495 scripsit
1838 3424 1896 3477 in
1920 3422 2112 3476 verba:

472 3517 682 3582 «Quid
739 3513 1096 3570 Tertulliano
1146 3511 1483 3567 eruditius?
1540 3512 1677 3583 quid
1742 3510 2119 3566 accuratius?

477 3605 886 3679 Apologeticus
916 3604 1045 3673 ejus
1070 3606 1127 3656 et
1156 3604 1357 3656 contra
1388 3600 1601 3656 Gentes
1656 3601 1789 3656 libri
1850 3605 2120 3656 cunctam

484 3695 677 3754 saeculi
701 3694 965 3749 obtinent
995 3690 1391 3761 disciplinam.
1427 3711 1454 3739 »
1493 3690 2123 3763 (Hieronym.epist.83,

484 3788 554 3845 ad
593 3786 736 3857 Mag.
770 3799 901 3856 pag.
932 3784 1084 3853 656.)
1107 3782 1247 3847 Quis
1282 3785 1473 3836 autem
1510 3799 1622 3837 non
1674 3782 1867 3837 videat
1897 3783 2024 3851 hos,
2057 3782 2127 3835 de

490 3876 704 3949 quibus
735 3872 987 3944 agimus,
1022 3870 1316 3942 designari
1349 3870 1551 3936 libros,
1602 3877 1658 3926 et
1691 3873 1760 3928 ab
1793 3873 2130 3944 Apologetico

490 3962 821 4036 distingui?
850 3960 1128 4025 Quamvis
1154 3960 1308 4014 enim
1343 3960 1403 4014 in
1462 3962 1750 4032 Agobardi
1795 3962 2009 4031 codice,
2062 3962 2132 4015 de

490 4072 607 4129 quo
667 4052 820 4107 infra
875 4050 1213 4118 dicendum,
1268 4049 1670 4104 inscribantur
1722 4050 1798 4105 Ad
1856 4052 2132 4117 nationes,

488 4143 763 4203 eumdem
794 4144 991 4196 tamen
1015 4143 1191 4210 atque
1223 4139 1301 4193 Ad
1354 4148 1535 4210 gentes
1572 4139 1808 4195 titulum
1841 4156 1969 4195 esse
2000 4138 2135 4211 quis

491 4232 838 4290 diffitebitur
865 4230 893 4283 ?

564 4326 687 4379 Huc
710 4320 931 4377 accedit
985 4318 1373 4390 Augustinus,
1415 4317 1514 4389 qui
1554 4316 1901 4374 Tertulliani
1952 4318 2138 4373 nostri

493 4413 829 4486 opinionem
852 4407 1189 4477 refellendo,
1221 4408 1349 4478 ejus
1408 4406 1643 4461 nomine
1702 4407 1875 4462 hosce
1935 4406 2135 4476 libros,

490 4500 728 4559 tametsi
761 4498 931 4571 paulo
962 4497 1291 4561 obscurius,
1326 4495 1525 4551 citavit
1558 4512 1569 4549 :
1608 4519 1637 4546 ‹‹
1697 4500 1819 4550 Non
1864 4496 2013 4563 dico,
2047 4496 2136 4549 in-

2198 1883 2480 1939 librorum
2505 1899 2632 1938 esse
2655 1887 2975 1939 auctorem.

2269 1989 2544 2053 Quamvis
2571 1993 2763 2044 autem
2799 1989 2943 2043 tanti
2974 1989 3200 2044 roboris
3223 1990 3374 2045 ratio
3398 1989 3562 2045 nobis
3588 1989 3809 2054 deesset,

2200 2080 2410 2134 horum
2444 2083 2636 2133 tamen
2662 2077 2945 2133 librorum
2993 2083 3433 2151 argumentum,
3482 2083 3635 2146 aetas,
3664 2083 3812 2147 atque

2202 2168 2256 2221 in
2293 2166 2495 2238 primis
2527 2165 2661 2235 styli
2728 2166 3183 2238 scriptionisque
3240 2183 3450 2238 genus,
3499 2183 3562 2221 ac
3609 2182 3813 2221 summa

2203 2274 2333 2312 cum
2368 2256 2711 2327 Apologetico
2743 2256 3022 2322 affinitas,
3066 2256 3197 2310 illos
3241 2275 3275 2310 a
3330 2255 3673 2311 Tertulliano
3702 2270 3812 2325 pro-

2204 2346 2385 2401 fectos
2414 2361 2540 2400 esse
2572 2346 2996 2399 demonstrant.
3025 2346 3104 2399 Ex
3137 2346 3264 2417 ipsa
3297 2346 3587 2416 siquidem
3616 2362 3646 2398 a
3673 2342 3816 2398 nobis

2197 2438 2322 2506 jam
2354 2434 2611 2489 exhibita
2667 2450 2865 2488 eorum
2929 2434 3147 2507 analysi
3208 2434 3635 2491 evidentissime
3680 2436 3818 2505 patet

2207 2524 2441 2578 illorum
2475 2523 2817 2594 scriptorem
2850 2523 2907 2578 in
2942 2524 3049 2578 hoc
3082 2540 3210 2579 esse
3268 2529 3479 2590 totum,
3539 2528 3599 2577 ut
3650 2520 3816 2593 palam

2208 2613 2481 2667 omnibus
2515 2612 2685 2667 faciat
2714 2612 3075 2667 Christianos
3119 2621 3321 2668 contra
3363 2614 3550 2685 legum
3584 2610 3817 2666 omnium

2211 2702 2545 2774 praescripta
2577 2700 2647 2755 ab
2678 2700 2928 2756 ethnicis
2976 2702 3353 2773 iniquissime
3382 2700 3591 2766 vexari,
3615 2713 3817 2755 eorum-

2211 2806 2321 2862 que
2355 2789 2669 2845 criminum
2703 2788 2848 2845 falso
2881 2790 3165 2861 accusari,
3214 2806 3463 2861 quorum
3495 2806 3680 2845 revera
3701 2802 3818 2841 con-

2211 2880 2317 2935 scii
2347 2886 2507 2934 erant
2540 2878 2775 2950 ipsimet
2806 2879 3073 2951 gentiles.
3127 2880 3341 2951 Scripti
3406 2884 3544 2936 sunt
3596 2893 3719 2948 ergo
3768 2871 3815 2927 hi

2211 2969 2343 3024 libri
2378 2968 2503 3039 ipsa
2533 2967 2878 3023 Tertulliani
2912 2975 3101 3039 aetate,
3126 2986 3258 3024 cum
3291 2968 3510 3024 ethnici
3542 2973 3653 3023 tam
3675 2980 3817 3028 caeco,

2215 3075 2391 3130 quam
2420 3058 2698 3113 effrenato
2731 3060 2924 3113 furore
2958 3058 3016 3111 in
3047 3057 3418 3113 Christianos
3451 3056 3633 3112 adhuc
3656 3051 3822 3109 saevie-

2214 3149 2378 3203 bant.
2438 3146 2699 3217 Denique
2757 3146 2903 3201 nihil
2934 3146 2991 3201 in
3053 3147 3137 3202 eis
3197 3147 3316 3201 sive
3383 3146 3452 3201 de
3499 3140 3827 3204 Christianis,

2221 3238 2341 3293 sive
2373 3236 2442 3291 de
2474 3236 2741 3306 gentibus
2775 3236 2995 3290 dictum
3030 3236 3302 3307 ost,quod
3341 3230 3673 3290 Tertulliani
3703 3226 3833 3285 (stati

2222 3344 2335 3381 non
2369 3324 2692 3389 conveniat,
2727 3324 3039 3396 ipsumque
3062 3326 3189 3395 ejus
3213 3330 3454 3396 tempus
3481 3340 3591 3378 non
3628 3318 3833 3374 indicet.

2294 3413 2622 3485 Singularis
2653 3430 2884 3485 quoque
2917 3414 3124 3469 horum
3148 3414 3436 3468 librorum
3464 3410 3664 3484 stylus,
3694 3408 3831 3462 inso-

2227 3504 2388 3559 litum
2416 3503 2737 3557 dictionum
2774 3504 3200 3574 verborumque
3246 3518 3462 3573 genus,
3497 3502 3657 3572 plane
3678 3501 3839 3553 osten-

2233 3595 2381 3647 dunt
2400 3591 2821 3647 Tertullianum
2855 3608 2983 3647 esse
3028 3608 3225 3647 verum
3260 3590 3501 3647 illorum
3551 3591 3840 3661 parentem.

2234 3683 2379 3738 Nam
2414 3680 2711 3753 peculliari
2746 3682 2873 3751 ejus
2927 3697 2991 3735 ae
3023 3680 3257 3753 prepria
3314 3678 3653 3748 caeterisque
3695 3672 3842 3729 dissi-

2238 3771 2395 3826 milis
2422 3770 2548 3839 ejus
2581 3769 2828 3824 elocutio
2859 3769 2917 3823 in
2975 3770 3057 3823 eis
3092 3769 3308 3840 ubique
3371 3767 3587 3839 passim
3642 3762 3841 3823 emicat.

2240 3878 2304 3916 ac
2329 3860 2440 3915 cito
2472 3858 2646 3914 citius
2675 3876 2707 3913 a
2733 3857 2990 3929 quolibet
3022 3858 3236 3912 lectore
3285 3855 3747 3928 deprehenditur.
3774 3848 3842 3903 Ad

2240 3950 2359 4005 haec
2383 3963 2535 4010 vero,
2588 3948 2643 4001 in
2704 3947 2819 4001 illis
2879 3947 3092 4019 saepius
3144 3951 3465 4001 occurrunt
3520 3962 3628 4000 non
3682 3939 3843 3997 solum

2242 4039 2444 4093 eadem
2484 4043 2657 4107 atque
2708 4036 2762 4089 in
2816 4036 3157 4106 Apologetz'co
3228 4035 3471 4107 prepria
3535 4030 3847 4098 insolitaque

2243 4124 2585 4181 Tertulliani
2622 4126 2819 4189 verba,
2854 4125 2955 4179 sed
3004 4125 3241 4195 integra:
3288 4125 3470 4179 etiam
3528 4121 3727 4177 eaedem
3773 4132 3847 4186 pe-

2245 4215 2414 4270 riodi.
2448 4218 2645 4284 Neque
2674 4213 2731 4268 id
2773 4213 2947 4285 longa
2986 4214 3325 4268 inductione
3360 4211 3591 4285 probari
3649 4218 3851 4263 necesse

2247 4309 2355 4373 est,
2391 4303 2543 4374 quod
2582 4302 2747 4357 facile
2778 4303 3013 4357 obvium
3046 4308 3219 4373 atque
3267 4319 3335 4358 ex
3399 4306 3599 4374 postea
3626 4293 3851 4352 dicendis

2249 4393 2623 4447 manifestum
2707 4391 2981 4445 omnibus
3053 4392 3169 4445 ﬁet.
3232 4392 3437 4446 Nonne
3492 4394 3678 4445 autem
3719 4386 3854 4439 tanta

2250 4486 2635 4551 utrorumque
2668 4479 2951 4534 librorum
3001 4479 3259 4534 affinitas
3313 4486 3370 4535 et
3427 4475 3696 4534 connexio
3733 4469 3852 4526 satis

496 4557 643 4663 quit,
679 4557 831 4661 quod
866 4586 1108 4643 facetius
1133 4585 1212 4640 ait
1241 4557 1639 4640 Tertullianus
1673 4584 1938 4655 fortasse,
1960 4557 2108 4657 quan

2245 4574 2441 4642 aperte
2471 4570 2835 4623 demonstrat
2877 4568 3006 4623 illos
3066 4570 3137 4623 ab
3200 4586 3316 4623 uno
3373 4570 3685 4635 eodemque
3740 4557 3853 4614 scri-

492 4679 725 4737 verius:
760 4678 819 4732 Si
852 4676 931 4731 dii
965 4675 1295 4744 seliguntur
1327 4678 1390 4727 ut
1440 4674 1624 4740 bulbi,
1687 4675 1889 4746 utique
1946 4673 2138 4729 caeteri

496 4768 728 4841 reprobi
779 4765 1140 4837 judicantur.
1187 4784 1214 4810 η
1272 4763 1544 4833 (August.
1609 4762 1707 4817 lib.
1750 4780 1828 4817 vn
1875 4764 1938 4819 (1e
1967 4764 2133 4819 Civit.

494 4875 622 4929 cap.
656 4857 709 4921 4,
740 4870 871 4927 pag.
908 4852 1065 4922 462.)
1097 4851 1329 4905 Scimus
1360 4851 1594 4921 quidem
1626 4852 1925 4907 nonnullis
1947 4852 2137 4907 visum

495 4947 575 5004 ibi
607 4944 771 5001 citari
800 4943 957 4997 illius
990 4942 1422 5012 Apologetz‘cum.
1490 4940 1595 4995 Sed
1656 4957 2005 5013 persuasum
2039 4941 2139 4996 alii

493 5036 575 5092 ita
604 5035 898 5090 haberunt
942 5046 1056 5085 non
1113 5028 1258 5084 alios
1313 5028 1412 5094 ibi,
1460 5045 1635 5100 quam
1703 5031 1850 5085 766
1911 5031 1985 5086 ad
2034 5035 2139 5085 Na.

497 5126 677 5180 tiones
708 5121 889 5176 libros
920 5117 1086 5174 citari
1115 5136 1127 5185 ;
1161 5121 1224 5171 ut
1257 5116 1388 5172 inde
1418 5118 1649 5173 illorum
1676 5123 1896 5173 textum
1930 5119 2141 5191 corrigi

496 5210 884 5268 voluerint.Et
904 5212 1056 5263 certe
1081 5211 1281 5277 postea
1339 5208 1717 5263 ostendemus
1746 5208 2139 5280 Augustinum

501 5299 581 5355 ibi
614 5300 684 5353 ad
718 5298 825 5353 hos
858 5296 1049 5369 potius
1084 5295 1409 5366 respexisse
1440 5297 1692 5351 auctoris
1726 5297 1911 5352 nostri
1934 5297 2137 5369 libros,

502 5404 679 5462 quam
721 5388 792 5441 ad
824 5386 1259 5458 Apologeticum.

569 5481 854 5531 Praeterea
922 5474 979 5527 hi
1041 5472 1173 5527 libri
1213 5475 1269 5527 in
1306 5478 1536 5527 vetusto
1594 5475 1883 5544 Agobardi
1942 5478 2141 5533 codice

499 5565 902 5636 manuscripto
936 5579 1049 5617 non
1085 5562 1262 5617 semel
1300 5562 1701 5617 inscribuntur
1751 5564 1876 5635 ipso
1908 5566 2139 5621 Tertul-

499 5657 639 5713 liani
669 5655 923 5712 nomine.
958 5653 1217 5710 Secunda
1248 5652 1401 5708 enim
1454 5650 1613 5708 illius
1647 5652 1703 5708 in
1763 5656 1976 5726 pagina
2020 5655 2141 5712 haec

2246 4668 2429 4732 ptore,
2464 4657 2744 4711 nimirum
2777 4656 3156 4723 Tertulliano=
3194 4672 3323 4712 esse
3345 4652 3730 4727 compositos?

2318 4764 2814 4835 Miramuritaque
2872 4763 3245 4819 recentiorem
3298 4763 3637 4835 quemdam,
3684 4748 3855 4823 magni

2247 4860 2398 4910 certe
2429 4854 2581 4926 apud
2618 4870 2756 4909 suos
2790 4853 3047 4908 nominis
3068 4852 3282 4921 virum,
3321 4851 3423 4922 qui
3456 4850 3723 4905 audacter
3750 4854 3856 4912 pro-

2248 4944 2481 4999 nuntiat
2504 4943 2612 4999 sibi
2648 4942 2819 5014 plane
2850 4959 2965 4996 non
2998 4942 3179 4997 videri
3203 4939 3635 4995 Tertullianum
3678 4934 3857 4987 horum

2248 5034 2532 5089 librorum
2556 5050 2751 5087 revera
2784 5048 2910 5087 esse
2942 5038 3259 5086 auctorem.
3320 5029 3429 5083 Sed
3492 5026 3720 5098 quibus,
3768 5032 3861 5089 pu-

2248 5129 2359 5189 tas,
2396 5123 2682 5178 rationum
2720 5120 3082 5176 momentis?
3112 5120 3237 5174 Non
3271 5117 3401 5173 aliis
3435 5131 3580 5187 pene
3623 5123 3782 5183 quam
3804 5104 3862 5158 iis

2248 5212 2413 5284 ipsis,
2462 5211 2678 5283 quibus
2737 5211 2785 5264 ei
2848 5208 3223 5280 potissimum
3283 5205 3611 5261 vindicatur
3647 5218 3712 5256 εί(
3757 5199 3861 5250 NOn

2249 5303 2479 5357 videtur
2504 5300 2668 5363 mihi,
2705 5300 3137 5370 inquit,auctor
3168 5312 3295 5351 esse
3326 5292 3732 5350 Tertullianus,
3765 5296 3861 5336 non

2250 5392 2377 5460 ejus
2410 5389 2595 5459 stylus
2629 5394 2684 5441 et
2716 5388 2981 5457 materia,
3010 5387 3152 5441 767
3214 5400 3342 5455 quae
3375 5382 3491 5438 fere
3530 5379 3723 5435 eadem
3753 5384 3862 5460 quis

2250 5458 2308 5531 in
2337 5458 2677 5531 Tertulliani
2725 5477 3082 5546 .rlpologctz'co,
3142 5474 3273 5527 inde
3315 5470 3511 5542 potius
3540 5467 3760 5523 hausta,
3814 5458 3861 5509 et

2252 5584 2352 5639 per
2380 5566 2633 5637 aliquem
2666 5566 2811 5621 forte
2855 5563 3198 5620 Tertulliani
3252 5558 3546 5625 amulum,
3606 5555 3701 5610 aut
3753 5552 3861 5639 stu-

2252 5634 2492 5712 diosum
2518 5658 2585 5712 ad
2620 5673 2752 5712 eum
2785 5656 3111 5713 etformata.
3141 5677 3167 5703 ››
3206 5647 3564 5721 (Hoombeek,
3623 5643 3720 5699 lib.
3752 5657 3767 5693 ι
3808 5634 3864 5690 de
