4106 6178
296 236 415 298 849

886 243 966 301 ΙΝ
1012 243 1312 306 LIBRUM
1355 246 1460 306 AD
1504 247 1897 310 NATIONES
1943 251 2016 309 D.
2062 251 2157 310 LE
2204 254 2530 314 NOURRY
2576 253 3115 315 DISSERTATIO.

3587 257 3709 319 850

305 369 484 423 Theot.
549 374 705 425 Patr.
767 387 898 444 cap.
972 376 1021 440 1,
1095 375 1122 446 ἒ
1180 378 1266 443 10,
1326 394 1457 449 pag.
1518 380 1666 449 106.)
1724 383 1950 434 Novum
1977 389 2033 454 Α
2064 382 2201 437 est?
2234 384 2373 447 Quis
2406 402 2520 441 non
2553 385 2745 441 videat
2776 386 2847 441 ab
2880 386 3084 440 eodem
3121 385 3421 457 scriptore,
3455 386 3708 443 chrono-

298 474 440 512 sane
498 460 555 512 et
613 457 829 514 mirum
880 467 966 516 est
1016 462 1161 518 illud
1222 469 1675 537 argumentandi
1722 466 1943 539 genusl

297 547 464 600 Idem
496 547 704 618 stylus,
758 548 953 620 inquit
1004 554 1210 609 doctus
1262 555 1357 610 ille
1387 557 1494 625 vir,
1526 564 1583 611 et
1630 557 1832 611 eadem
1864 561 1953 611 est

297 634 637 705 Apologetici
668 642 723 692 et
773 637 1026 696 liberum
1078 646 1152 698 ad
1194 645 1455 700 Nationes
1501 645 1781 711 materia;
1814 661 1951 716 ergo

298 722 361 776 hi
395 720 527 777 libri
560 740 673 779 non
710 742 742 780 a
774 726 1152 796 Tertulliano,
1194 733 1292 787 sed
1326 734 1397 787 ab
1431 734 1558 803 ejus
1606 732 1817 787 aemulo
1849 736 1953 787 aut

299 811 569 867 studioso
599 817 910 887 compositi
943 825 1101 874 sunt.
1137 822 1306 889 Quid,
1341 823 1390 876 si
1440 823 1573 878 inde
1602 840 1709 877 nos
1741 822 1951 878 simili-

299 905 391 954 ter
420 900 844 960 concludamus
879 908 1283 978 Apotogeticum
1323 928 1435 966 non
1469 912 1539 967 ab
1591 911 1712 981 illo,
1744 911 1845 966 sed
1877 911 1949 965 ab

297 988 430 1058 ejus
462 989 673 1046 aemulo
694 997 795 1047 aut
816 996 1075 1052 studioso
1100 1016 1227 1054 esse
1254 1001 1578 1056 confectum
1603 1000 1630 1055 ?
1650 1000 1948 1070 Numquid

298 1079 679 1148 respondebit
711 1081 870 1138 hunc
901 1084 1117 1143 librum
1148 1088 1504 1145 Tertulliano
1536 1090 1607 1144 ab
1651 1088 1782 1144 aliis
1804 1088 1949 1144 scri-

296 1166 572 1236 ptoribus
598 1170 925 1240 adjudicari
950 1176 977 1231 ?
1004 1178 1076 1230 At
1098 1193 1204 1233 nos
1234 1178 1406 1234 etiam
1430 1194 1563 1233 mox
1583 1179 1949 1233 ostendimus

293 1251 413 1325 ipsi
444 1272 679 1329 quoque
709 1262 779 1317 ab
804 1264 935 1320 aliis
966 1267 1178 1322 ascribi
1201 1268 1331 1325 illos
1362 1268 1432 1324 ad
1459 1270 1715 1324 Nationes
1746 1268 1947 1323 libros.

365 1361 584 1419 Deinde
614 1382 747 1422 vero
798 1371 1066 1427 eruditus
1118 1374 1215 1429 ille
1260 1375 1347 1429 vir
1379 1375 1683 1431 nobiscum
1716 1374 1946 1440 fatetur,

295 1451 455 1520 quod
512 1469 724 1523 negare
782 1475 898 1513 non
969 1467 1186 1532 potest,
1232 1465 1503 1519 eumdem
1561 1480 1687 1520 esse
1737 1462 1948 1518 horum

296 1537 585 1595 librorum
637 1549 693 1599 et
739 1547 1074 1619 Apologetici
1120 1552 1356 1625 stylum.
1416 1557 1508 1619 At,
1560 1570 1663 1608 nec
1694 1552 1808 1618 ille,
1843 1566 1948 1604 nec

299 1625 455 1715 alius
489 1646 751 1703 unquam
802 1639 1041 1710 negabit
1085 1642 1429 1697 Tertulliani
1480 1643 1695 1715 stylum
1745 1643 1949 1696 dicen-

298 1714 482 1786 dique
527 1722 769 1779 modum
826 1724 905 1781 ita
962 1727 1072 1799 ipsi
1135 1731 1430 1802 pr0prium
1491 1714 1551 1787 et
1596 1730 1947 1803 peculiarem

300 1817 457 1869 esse,
492 1812 557 1861 ut
586 1809 679 1865 vix
710 1829 774 1867 ac
824 1832 893 1870 ne
940 1817 1031 1872 vix
1080 1820 1315 1889 quidem
1351 1820 1507 1875 ullus
1558 1837 1815 1892 unquam
1850 1836 1951 1891 p0-

297 1894 488 1948 tuerit
520 1894 685 1953 illum
720 1899 957 1971 imitari.
1004 1906 1206 1963 Nonne
1246 1926 1384 1982 ergo
1433 1908 1589 1976 hinc,
1623 1915 1687 1964 ut
1716 1908 1952 1981 peritio-

304 1998 401 2038 res
433 1982 618 2039 critici
650 1986 859 2058 solent,
894 1991 1062 2065 longe
1086 1997 1293 2066 potiori
1316 1998 1452 2068 jure
1484 1998 1951 2055 concludendum

303 2073 398 2124 est
425 2073 699 2129 eumdem
732 2077 1159 2140 Tertullianum
1214 2086 1424 2143 horum
1455 2088 1632 2142 trium
1668 2086 1951 2142 librorum

302 2173 437 2211 esse
470 2176 669 2217 revera
700 2174 998 2235 parentem
1022 2170 1050 2225 ?

379 2246 566 2302 Instat
601 2251 1031 2314 Hoornbeckius
1064 2263 1327 2318 eamdem
1362 2269 1633 2333 praeterea
1668 2279 1797 2319 esse
1826 2261 1954 2317 illo-

300 2349 438 2431 rum
467 2340 779 2431 materiam
839 2343 1114 2419 idemque
1170 2358 1606 2423 argumentum.
1660 2352 1770 2407 Sed
1812 2350 1953 2423 quid

302 2424 442 2477 inde
465 2424 493 2478 ‘I
525 2426 822 2501 Numquid
856 2434 1012 2491 idem
1050 2440 1416 2498 Christianus
1447 2449 1651 2498 auctor
1680 2443 1830 2497 duos
1861 2440 1953 2495 di-

302 2528 504 2603 gerens
537 2516 606 2571 de
664 2522 866 2578 eodem
926 2535 1295 2598 argumento,
1347 2548 1410 2587 ac
1475 2530 1849 2603 potissimum
1893 2529 1953 2583 in

302 2597 654 2661 Christiana
688 2597 1018 2684 religionis,
1038 2617 1110 2670 ab
1147 2618 1397 2674 ethnicis
1430 2597 1592 2675 tanta
1623 2618 1953 2690 iniquitate,

307 2696 528 2759 quanta
560 2698 777 2755 saevitia
829 2710 1062 2776 vexatas,
1114 2708 1513 2765 defensionem
1564 2709 1745 2763 libros
1777 2708 1956 2762 confi-

308 2795 463 2846 cere,
498 2789 597 2839 aut
644 2789 893 2860 scriptos
940 2800 1311 2854 retractando
1362 2802 1616 2865 reﬁcere,
1647 2797 1957 2868 corrigere,

309 2886 547 2942 augere,
582 2877 850 2937 minuere
880 2900 993 2939 non
1018 2888 1204 2957 potuit
1223 2888 1576 2960 ?Nunquam
1604 2895 1755 2945 certe
1778 2889 1959 2961 is,qui

312 2960 436 3061 haec
466 2966 635 3023 nobis
659 2971 1076 3045 objectat,illud
1106 2979 1632 3038 inficiabitur.Nam
1656 2960 1961 3054 ipse,sicut

310 3050 412 3105 alii
446 3070 674 3124 omnes,
706 3060 900 3132 palam
928 3050 1696 3127 conﬁtetur.Tertullianum
1726 3072 1861 3127 libri
1893 3070 1961 3125 ad

312 3140 608 3238 Scapulam
636 3165 838 3207 verum
870 3170 1000 3211 esse
1030 3163 1347 3215 auctorem.
1381 3161 1555 3232 Atqui
1586 3162 1643 3216 in
1675 3161 1782 3217 hoc
1813 3160 1960 3215 libro

504 3240 679 3305 atque
710 3238 766 3292 in
818 3242 1175 3315 Apologetico,
1210 3252 1264 3302 et
1324 3229 1555 3306 duobus
1603 3250 1673 3304 ad
1700 3250 1961 3305 Nationes

312 3316 484 3417 libris
507 3334 1693 3397 argumentum,videlicetChristianorum
1720 3338 1962 3409 iniquis-

312 3422 468 3499 sime
496 3419 828 3473 vexatorum
854 3436 1052 3492 causa,
1084 3425 1184 3479 sed
1209 3442 1335 3496 quis
1369 3426 1599 3483 brevius
1632 3427 1842 3499 agitur.
1876 3427 1961 3481 Ad

315 3493 442 3588 bazc
472 3514 604 3556 vero
629 3501 761 3559 libri
794 3507 864 3562 ad
893 3510 1168 3580 Nationes,
1202 3493 1271 3568 ad
1307 3514 1450 3571 alios
1481 3493 1960 3588 quamuApologe-

311 3585 479 3654 εἰσίω,
512 3593 568 3642 et
598 3589 746 3647 liber
771 3596 843 3650 ad
874 3596 1163 3670 Scapulam
1217 3603 1420 3659 directi
1455 3585 1615 3660 sunt.
1650 3585 1794 3668 Quid
1830 3585 1960 3660 vero

313 3674 475 3765 quod
494 3678 665 3747 paulo
687 3686 1368 3751 postdemonstrabimus
1384 3692 1497 3748 alia
1520 3693 1685 3765 plura
1700 3693 1755 3748 in
1775 3694 1963 3765 Apolo-

312 3763 511 3853 getz'co,
543 3782 720 3836 quam
742 3771 801 3826 in
824 3772 991 3831 libris
1012 3779 1090 3833 ad
1110 3780 1389 3846 Nationes,
1413 3799 1479 3837 ac
1501 3763 1621 3837 vice
1652 3763 1964 3853 versa—per-

313 3852 556 3906 tractari
584 3853 1287 3930 ?Deniquoostendemus
1304 3868 1731 3925 Tertullianum
1756 3852 1964 3925 validis

314 3939 648 4029 rationibus
698 3948 768 4001 ad
819 3949 926 4007 hos
974 3951 1156 4010 libros
1210 3960 1343 4027 post
1390 3958 1794 4029 Apologeticum
1823 3958 1964 4012 scri-

316 4026 545 4087 bendos
576 4037 947 4107 compulsum
981 4043 1181 4099 fuisse.

396 4135 570 4209 Urget
599 4145 793 4200 tamen
826 4146 1265 4207 Hoornbeckius
1297 4156 1593 4209 auctorem
1623 4153 1757 4209 libri
1790 4153 1966 4226 primi

316 4223 392 4278 ad
422 4226 680 4285 Nationes
711 4233 928 4292 dixisse
959 4240 1219 4295 nondum
1253 4240 1483 4313 elapsos
1515 4260 1548 4298 a
1578 4223 1808 4299 Christo
1831 4246 1965 4297 nato

318 4329 509 4371 annos
558 4319 879 4379 ducentos:
940 4326 995 4382 in
1045 4327 1194 4384 libro
1243 4336 1439 4386 autem
1488 4331 1557 4386 de
1600 4331 1968 4404 Monogamia

319 4404 547 4461 circiter
575 4419 796 4467 centum
844 4421 899 4470 et
926 4419 1220 4489 sexaginta
1264 4418 1532 4489 (Tertull.
1566 4420 1668 4476 lib.
1699 4420 1764 4475 de
1794 4422 1970 4476 Mono-

2060 471 2349 543 graphum
2383 491 2497 529 non
2525 479 2751 545 agente,
2785 474 2899 529 dici
2923 490 3121 528 revera
3151 475 3413 545 potuisse
3444 476 3705 531 nondum

2061 576 2094 614 a
2123 560 2352 616 Christo
2384 562 2624 618 ﬂuxisse
2652 564 2757 617 200
2809 580 3013 631 annos,
3048 568 3106 618 et
3136 562 3273 617 alibi
3326 581 3511 620 annos
3541 564 3707 620 circi-

2060 655 2151 706 ter
2206 652 2341 707 CLX
2396 653 2629 725 elapsos
2684 653 2869 709 esse?
2928 654 3035 708 Sed
3092 670 3195 709 nos
3250 672 3404 710 sanas
3464 655 3709 726 puderet

2059 740 2408 811 traderetque
2439 744 2558 796 tam
2604 758 2812 796 vanam
2847 741 3325 814 singularemque
3373 742 3705 814 opinionem

2062 828 2341 898 refellere,
2388 830 2501 885 nisi
2552 829 2792 901 quidam
2846 834 3045 901 postea
3090 830 3244 897 huic,
3298 848 3473 903 quem
3517 831 3706 903 magis

2058 916 2333 973 laudibus
2390 918 2710 985 extollunt,

2057 1005 2416 1062 viderentur.

2788 936 2932 974 novo
3002 921 3224 977 auctori
3282 920 3709 992 subscripsisse

2662 1158 2867 1197 ARTICU
2876 1158 2943 1197 [ιιι
2952 1158 2980 1197 S
3020 1159 3094 1196 IV.

2058 1257 2182 1323 Quo
2205 1238 2335 1328 tem;
2353 1272 2444 1312 ore
2473 1257 2532 1312 hi
2565 1258 2701 1312 libri
2728 1258 3007 1329 publicam
3038 1259 3099 1312 in
3133 1258 3305 1315 lucem
3332 1260 3695 1330 prodierunt.

2131 1398 2253 1461 Quo
2287 1398 2413 1469 ipso
2446 1402 2709 1471 tempore
2756 1398 3153 1455 Tertullianus
3197 1400 3291 1455 his
3334 1400 3406 1455 ad
3450 1402 3706 1457 Nationes

2060 1484 2229 1541 libris
2287 1489 2709 1560 componendis
2766 1505 3001 1560 operam
3059 1489 3319 1559 dederit,
3382 1490 3542 1544 dictu
3598 1506 3703 1547 nec

2060 1580 2394 1647 promptum
2429 1594 2531 1634 nec
2591 1578 2757 1633 facile
2805 1582 2915 1633 est.
2967 1579 3237 1644 Quasdam
3281 1584 3477 1634 tamen
3528 1579 3587 1634 in
3618 1578 3704 1635 eis

2058 1665 2246 1719 aetatis
2304 1671 2449 1721 notae
2499 1670 2676 1737 atque
2736 1666 2953 1722 indicia
3021 1666 3188 1722 nobis
3244 1684 3372 1723 sese
3429 1667 3702 1725 offerunt.

1982 1766 2031 1830 Β
2063 1753 2254 1810 Primo
2285 1757 2500 1811 etenim
2528 1756 2587 1811 in
2618 1756 2766 1811 libro
2793 1755 3045 1827 legimus
3069 1755 3246 1812 latam
3279 1756 3454 1827 paulo
3476 1762 3647 1813 antea
3671 1772 3705 1812 a

2065 1843 2366 1915 Fusciano,
2402 1844 2572 1900 Urbis
2594 1845 2878 1917 praefecto,
2915 1845 3266 1901 sententiam
3298 1845 3358 1900 in
3389 1846 3700 1916 quemdam

2061 1937 2309 2004 patrem,
2343 1934 2439 2005 qui
2472 1951 2605 1990 cum
2638 1934 2825 1989 ﬁlium
2856 1951 3031 1989 suum
3064 1951 3267 1991 recens
3294 1939 3496 1990 natum
3528 1951 3702 2006 expo-

2062 2022 2302 2091 suisset,
2333 2022 2529 2094 elapso
2555 2024 2767 2079 dehinc
2814 2028 3096 2096 tempore,
3137 2024 3250 2079 sibi
3300 2023 3556 2095 amplius
3587 2038 3703 2078 non

2063 2112 2386 2183 cognitum,
2422 2129 2455 2167 a
2487 2130 2665 2183 seque
2695 2118 2985 2184 emptum,
3008 2116 3515 2184 construpraverat
3545 2112 3708 2183 (Ter-

2063 2200 2192 2254 tull.
2243 2199 2397 2257 lib.1
2454 2202 2524 2257 ad
2579 2203 2727 2268 Nat.,
2780 2218 2906 2273 cap.
2959 2202 3068 2271 l6).
3130 2202 3308 2271 Atqui
3348 2200 3707 2272 Capitolinus

2064 2288 2334 2344 meminit
2379 2289 2673 2355 Fusciani,
2725 2290 2895 2345 Urbis
2954 2290 3229 2362 praefecti,
3289 2289 3384 2344 cui
3440 2289 3711 2343 Pertinax

2064 2378 2328 2449 proxime
2379 2380 2665 2435 successit
2710 2379 3038 2451 (Capitolin.
3092 2378 3151 2433 in
3210 2379 3325 2434 vita
3378 2379 3707 2444 Pertinacis,

2065 2472 2197 2537 post
2223 2466 2401 2538 init.).
2437 2468 2605 2523 Initio
2660 2473 2859 2523 autem
2908 2468 3046 2523 anni
3092 2468 3213 2535 193,
3264 2467 3358 2522 hic
3389 2467 3711 2538 imperator

2066 2560 2319 2621 creatus,
2352 2560 2483 2626 post
2506 2558 2627 2611 tres
2657 2554 2885 2610 circiter
2916 2571 3146 2610 menses
3168 2556 3398 2610 occisus
3430 2553 3559 2608 fuit.
3582 2552 3707 2607 Non

2066 2644 2163 2698 diu
2198 2659 2335 2716 ergo
2368 2649 2500 2716 post
2532 2644 2848 2700 Pertinacis
2880 2648 3129 2699 mortem
3178 2642 3576 2700 Tertullianus
3601 2641 3709 2697 hos

2066 2730 2248 2787 libros
2279 2733 2534 2789 edidisse
2564 2733 2847 2788 dicendus
2879 2738 2987 2789 est.

2138 2825 2337 2892 Neque
2366 2822 2611 2892 objicias
2640 2821 2808 2876 illum
2838 2822 2897 2875 in
2931 2822 3133 2876 eodem
3177 2820 3325 2876 libro
3357 2818 3705 2891 scripsisse:

2067 2912 2243 2965 Etati
2269 2920 2467 2966 nostrae
2490 2910 2732 2967 nondum
2761 2912 2900 2965 anni
2925 2911 3051 2978 250,
3074 2909 3130 2965 id
3164 2908 3273 2982 est)
3302 2926 3335 2964 a
3364 2907 3708 2963 Christianas

2070 2998 2370 3071 religionis
2411 3004 2613 3055 exortu
2659 2998 2923 3069 (Tertull.
2981 2998 3082 3053 lib.
3118 3017 3135 3052 ι
3177 2997 3248 3052 ad
3295 2997 3421 3053 Nat.
3472 3012 3598 3067 cap.
3629 2995 3708 3065 7).

2072 3088 2217 3142 Nam
2251 3092 2451 3159 postea
2479 3088 2669 3143 adhuc
2717 3087 2989 3159 scripsit:
3024 3110 3051 3136 ‹‹
3086 3087 3158 3142 Ut
3184 3103 3362 3157 supra
3392 3083 3710 3149 edidimus,

2073 3176 2262 3232 astatis
2286 3180 2494 3233 βοείη-ω
2519 3178 2779 3231 nondum
2808 3176 2946 3231 anni
2966 3176 3230 3231 trecenti.
3254 3197 3283 3224 »
3309 3173 3466 3245 (Ibid.
3482 3189 3609 3244 cap.
3632 3171 3711 3242 5.)

2069 3266 2225 3320 Nihil
2259 3282 2394 3338 ergo
2424 3266 2661 3337 penitus
2691 3273 2914 3321 certum
2945 3269 3003 3320 et
3034 3263 3398 3335 exploratum
3421 3261 3556 3316 inde
3585 3276 3715 3316 con-

2071 3355 2227 3411 cludi
2260 3359 2466 3426 potest.
2500 3355 2778 3425 Majorem
2827 3354 3119 3410 enimvero
3168 3367 3458 3408 annorum
3508 3364 3713 3404 nume-

2072 3461 2202 3500 rum
2226 3443 2531 3515 assignare
2552 3443 2649 3498 ille
2672 3443 2872 3515 procul
2902 3442 3079 3498 dubio
3111 3440 3340 3509 maluit,
3369 3456 3441 3495 ne
3461 3437 3713 3494 ethnicis

2072 3533 2259 3589 ullum
2292 3531 2600 3588 cavillandi
2620 3531 2813 3587 locum
2838 3532 3138 3603 praeberet.
3166 3533 3452 3585 Praeterea
3471 3544 3540 3582 ex
3565 3526 3714 3583 duo-

2073 3624 2183 3678 bus
2214 3621 2332 3677 illis
2389 3621 2669 3687 numeris,
2728 3620 2971 3675 nondum
3016 3621 3154 3675 anni
3205 3619 3311 3672 250
3359 3622 3417 3671 et
3458 3616 3564 3670 300
3591 3618 3713 3669 tam

2072 3711 2432 3782 disparibus,
2472 3708 2611 3781 quid
2663 3713 2886 3765 certum
2936 3708 3131 3779 colligi
3187 3705 3419 3778 potest?
3469 3704 3528 3760 Si
3572 3703 3714 3774 quid

2071 3804 2269 3855 autem
2300 3798 2436 3853 inde
2466 3797 2737 3869 colligere
2766 3796 2928 3866 velis,
2980 3796 3145 3867 prius
3185 3794 3579 3851 definiendum
3609 3789 3717 3846 tibi

2073 3888 2203 3953 erit,
2235 3904 2350 3957 quo
2383 3885 2774 3941 Tertullianus
2806 3901 2958 3941 anno
2990 3882 3379 3955 assignaverit
3406 3898 3530 3937 certe
3559 3877 3718 3934 Chri-

2074 3976 2278 4032 stiana;
2309 3974 2565 4029 initium.

2146 4061 2424 4118 Nonnulli
2446 4063 2643 4133 itaque
2673 4061 3009 4118 existimant
3030 4060 3241 4116 horum
3272 4058 3557 4113 librorum
3580 4057 3721 4109 ista-

2076 4156 2195 4208 tem
2227 4151 2440 4207 certius
2490 4151 2727 4223 agnosci
2776 4166 2947 4221 posse
2995 4166 3064 4205 ex
3112 4147 3244 4205 aliis
3302 4145 3463 4201 illius
3503 4142 3719 4208 verbis,

2078 4240 2294 4313 quibus
2324 4239 2587 4297 ethnicos
2616 4240 2698 4295 sic
2748 4237 3107 4310 alloquitur:
3143 4260 3171 4287 «
3206 4237 3283 4293 Ex
3333 4234 3501 4291 vobis
3533 4231 3722 4287 natio-

2079 4329 2255 4385 nibus
2281 4328 2538 4400 quotidie
2580 4329 2856 4396 Caesares,
2886 4331 2943 4382 et
2991 4325 3266 4395 Parthici,
3321 4328 3378 4380 et
3406 4320 3632 4387 Medici,
3665 4321 3723 4375 et

2077 4418 2406 4475 Germanici
2430 4422 2591 4474 sunt.
2634 4439 2661 4466 »
2685 4417 2849 4484 (Ibid.
2875 4433 2999 4487 cap.
3033 4415 3140 4487 l7.)
3173 4419 3246 4470 At
3273 4409 3717 4483 hac,inquiunt,

319 4506 502 4561 9am,
534 4512 661 4569 cap.
696 4500 770 4572 3).
804 4502 911 4558 Sed
963 4504 1294 4563 levissimas
1343 4508 1600 4564 rationes
1648 4507 1763 4564 alia
1800 4495 2047 4579 longeD
2077 4505 2436 4563 Caracallam
2493 4508 2757 4576 spectant
2810 4503 2948 4575 qui,
2998 4502 3303 4558 Germanis
3367 4497 3720 4569 Parthisque

320 4580 522 4639 leviori
569 4588 914 4648 conﬁrmare
962 4594 1183 4652 frustra
1231 4596 1460 4655 nititur.
1520 4602 1666 4651 Nam
1725 4602 1781 4652 et
1831 4613 1967 4653 con-

322 4676 510 4728 staret
541 4675 770 4735 nullum
794 4680 1166 4740 librariorum
1190 4684 1251 4741 in
1276 4686 1537 4741 numeris
1568 4684 1968 4741 describendis

324 4763 571 4820 subesse
602 4782 878 4838 errorem,
922 4790 988 4828 ac
1037 4779 1259 4830 certum
1293 4775 1439 4830 foret
1484 4773 1717 4829 initium
1758 4774 1970 4832 horum

326 4870 616 4912 annorum
666 4860 738 4914 ab
788 4861 915 4933 ipso
965 4864 1191 4920 Christo
1241 4864 1396 4933 duci,
1444 4881 1558 4919 non
1608 4863 1743 4921 inde
1773 4869 1971 4921 tamen

326 4943 602 5001 concludi
632 4952 823 5020 potest
851 4951 1029 5008 libros
1059 4954 1138 5009 ad
1167 4955 1425 5009 Nationes
1456 4952 1821 5009 Tertulliano
1845 4970 1973 5010 esse

324 5033 774 5104 abjudicandos.
812 5042 872 5096 In
905 5042 1032 5115 ipso
1067 5043 1353 5114 siquidem
1374 5044 1583 5099 horum
1616 5044 1802 5115 primo
1830 5044 1971 5115 legi-

325 5140 499 5182 mus:
539 5149 565 5180 α
596 5130 768 5187 λΕῐαῐὶ
818 5139 1029 5190 nostra:
1060 5136 1321 5190 nondum
1371 5135 1510 5189 anni
1543 5134 1671 5191 CCL
1705 5157 1733 5183 »
1763 5134 1970 5206 (Idem,

325 5210 430 5268 lib.
464 5232 483 5271 ι
514 5216 585 5271 ad
630 5221 862 5277 Nation.
925 5239 1050 5295 cap.
1082 5225 1158 5294 7).
1190 5224 1268 5279 Ac
1317 5238 1432 5278 non
1466 5222 1649 5278 multo
1707 5226 1876 5295 post:
1913 5223 1975 5279 Ut

325 5319 499 5371 supra
529 5307 809 5366 edidimus
838 5313 1015 5367 aetatis
1054 5316 1263 5369 nostra
1292 5312 1536 5369 nondum
1582 5312 1718 5367 anni
1748 5314 1976 5369 trecenti

327 5392 488 5462 (Ibid.
525 5413 651 5469 cap.
685 5400 758 5469 9).
794 5400 1091 5473 Numquid
1146 5417 1282 5474 ergo
1315 5400 1471 5456 hunc
1510 5401 1722 5457 librum
1756 5419 1869 5457 non
1902 5402 1974 5457 ab

330 5498 451 5538 uno
480 5487 806 5558 eodemque
837 5494 1071 5546 auctore
1117 5490 1340 5546 editum
1390 5506 1518 5546 esse
1549 5490 1807 5547 dixeris?
1835 5490 1976 5558 Quis

2080 4595 2349 4661 devictis,
2410 4592 2739 4649 Germanici
2794 4591 3168 4663 Parthicique
3223 4588 3536 4661 agnomine
3564 4600 3718 4642 anno

2077 4684 2184 4739 216
2233 4683 2552 4754 insignitus
2600 4686 2708 4738 est.
2762 4682 2887 4737 Non
2947 4680 3095 4735 male
3143 4679 3403 4753 quidem,
3438 4678 3489 4734 si
3545 4678 3718 4731 Cara-

2082 4772 2240 4830 calles
2272 4771 2383 4827 soli
2413 4771 2533 4827 haec
2562 4771 2800 4827 honoris
2832 4770 3183 4841 cognomina
3212 4770 3348 4825 data
3374 4767 3646 4823 fuissent.

2151 4861 2380 4919 Clarius
2422 4878 2558 4934 ergo
2605 4861 2813 4918 horum
2864 4860 3146 4916 librorum
3195 4862 3422 4913 aetatem
3461 4855 3726 4911 indicant

2082 4952 2202 5007 haec
2236 4951 2655 5022 subsequentia
2706 4949 2957 5005 auctoris
2988 4946 3173 5003 nostri
3220 4946 3430 5001 verba:
3466 4969 3493 4995 «
3527 4943 3727 4999 Adhuc

2084 5042 2257 5114 Syrias
2294 5041 2634 5095 cadaverum
2688 5037 2962 5094 odoribus
3010 5036 3275 5109 spirant;
3308 5035 3501 5090 adhuc
3532 5031 3730 5089 Galliis

2087 5131 2368 5187 Rhodano
2401 5145 2507 5185 suo
2540 5128 2751 5183 lavant.
2794 5149 2814 5175 ι
2853 5126 3040 5197 (lbid.)
3080 5125 3227 5181 Nam
3275 5123 3355 5179 ibi
3389 5120 3590 5194 procul
3622 5120 3733 5175 du-

2087 5220 2183 5275 bio
2218 5220 2599 5287 designantur
2629 5215 2983 5273 Pescennius
3013 5214 3189 5286 Niger
3219 5217 3275 5269 et
3303 5211 3541 5269 Clodius
3570 5209 3735 5265 Albi-

2088 5324 2221 5374 nus,
2256 5307 2351 5377 qui
2385 5324 2517 5363 cum
2552 5325 2585 5362 a
2616 5307 2819 5362 Severo
2852 5304 3201 5375 imperatore
3232 5302 3604 5369 defecissent,
3638 5297 3736 5352 ille

2086 5399 2145 5454 in
2177 5398 2359 5471 Syria,
2394 5398 2487 5454 hic
2514 5399 2571 5455 in
2620 5396 2825 5463 Gallia,
2877 5411 3010 5450 cum
3048 5394 3174 5448 suis
3226 5393 3407 5464 copiis
3438 5384 3737 5463 profligati

2089 5488 2339 5559 cassique
2370 5488 2628 5543 fuerunt.
2661 5486 2842 5558 Atqui
2870 5483 3009 5553 haec,
3042 5498 3169 5553 quas
3214 5481 3273 5535 in
3303 5480 3568 5550 ejusdem
3597 5479 3734 5529 Ter-

337 5571 486 5629 768
518 5591 671 5632 sanae
696 5579 913 5636 mentis
941 5579 1117 5636 homo
1140 5578 1223 5634 ita
1246 5594 1507 5651 unquam
1530 5583 1979 5652 argumentatus
2089 5574 2320 5634 tulliani
2348 5576 2686 5650 Apotogetico
2716 5574 3141 5637 memorantur,
3178 5566 3550 5637 contigerunt
3578 5575 3732 5619 anno
