4106 6178
441 305 555 366 851

963 304 1492 368 TERTULLIANI
1538 304 1863 367 OPERUM
1910 304 2111 365 PARS
2159 305 2305 364 1.-
2343 304 2614 367 SEBIES
2657 306 2704 379 Ι,
2752 305 3315 368 APOLOGETICA.

3683 306 3787 368 852

448 437 573 505 194,
604 435 690 493 vel
751 436 871 507 195,
928 441 1029 491 aut
1086 436 1281 509 potius
1335 453 1487 492 anno
1548 436 1671 502 197,
1704 436 1877 492 sicuti
1908 452 2089 507 supra
2118 444 2170 509 Α
2202 440 2319 492 tam
2352 437 2544 493 valida
2576 438 2744 494 nobis
2794 439 3066 493 videntur
3095 436 3229 504 alia,
3261 453 3384 508 quae
3428 454 3493 494 ex
3541 438 3624 492 his
3666 439 3795 509 ipsis

447 527 639 581 fusius
686 526 1105 598 explicavimus
1162 526 1307 581 769
1360 530 1547 597 (supr.
1595 543 1722 598 cap.
1771 527 1824 591 3,
1874 531 1980 579 art.
2013 525 2090 594 2).

449 615 624 671 Paulo
656 615 840 687 igitur
871 620 1002 687 post
1024 615 1180 671 hunc
1212 632 1432 671 annum
1463 616 1568 671 hos
1599 614 1993 670 Tertullianus
2027 614 2095 668 ad

446 703 702 759 Nationes
732 702 934 773 libros,
985 703 1139 759 sicut
1187 704 1591 775 Apologeticum
1641 703 1973 776 divulgasse
2004 704 2094 757 di-

449 792 673 849 cendus
708 796 817 847 est.

523 880 773 945 Quidam
807 897 937 937 vero
989 897 1056 936 ex
1105 882 1605 952 subsequentibus
1655 881 1814 937 illius
1862 882 2094 937 verbis:

452 993 481 1022 «
511 970 866 1042 Temporum
894 969 1153 1040 qualitas
1186 972 1400 1026 robu...
1452 971 1534 1027 ris
1565 971 1935 1042 antiquitatis
1966 986 2096 1025 exc-

453 1058 604 1131 gerit
633 1057 869 1130 ingenia
912 1058 1182 1115 duriora:
1219 1064 1278 1115 at
1326 1076 1482 1115 nunc
1534 1058 1907 1130 tranquilitas
1938 1058 2099 1130 pacis

456 1151 516 1203 et
573 1146 808 1217 ingenia
862 1147 1117 1217 mitiora,
1169 1170 1195 1198 n
1256 1148 1441 1219 (lbid.,
1499 1166 1627 1220 cap.
1663 1150 1749 1216 18)
1811 1148 2095 1203 arbitran-

456 1239 555 1291 tur
582 1235 787 1290 coniici
838 1252 1008 1306 posse
1052 1236 1171 1291 haec
1229 1237 1302 1291 ab
1356 1236 1455 1292 illo
1487 1238 1721 1304 tradita,
1773 1253 1904 1292 cum
1939 1236 2098 1289 Chri-

458 1323 634 1380 stiani
665 1325 774 1380 sub
806 1323 971 1379 initio
999 1324 1229 1396 imperii
1262 1326 1452 1381 Severi
1497 1330 1693 1397 optata
1725 1325 1882 1398 pacis
1914 1330 1970 1381 et
1999 1324 2100 1380 otii

456 1411 879 1484 tranquillitate
907 1415 1258 1471 fruerentur.
1292 1416 1363 1469 At
1411 1419 1655 1470 Severus
1705 1415 1801 1469 ille
1835 1430 2100 1485 persecu-

456 1501 679 1557 tionem
736 1501 795 1557 in
842 1519 941 1559 eos
999 1503 1268 1560 excitavit
1316 1504 1470 1559 datis
1525 1520 1677 1559 anno
1723 1505 1831 1557 202
1874 1503 2101 1558 edictis.

458 1592 645 1646 Antea
700 1590 881 1662 igitur
924 1592 1321 1648 Tertullianus
1379 1591 1507 1659 hos,
1566 1592 1862 1663 inquiunt,
1924 1591 2104 1647 libros

463 1678 810 1735 confecerat.

537 1768 650 1823 Sed
681 1768 1267 1825 animadvertendum
1318 1774 1408 1826 est
1449 1770 1613 1826 illum
1666 1771 1758 1826 his
1796 1772 1986 1827 verbis
2018 1771 2107 1827 in-

468 1857 709 1912 duxisse
766 1858 1059 1927 ethnicos,
1119 1874 1424 1930 perperam
1473 1859 1815 1931 objicientes
1874 1861 2111 1915 duriora

469 1944 653 2001 fuisse
682 1962 924 2001 suorum
956 1946 1190 2019 ingenia
1239 1948 1549 2019 majorum,
1582 1948 1681 2019 qui
1715 1949 1785 2004 ad
1819 1948 2113 2020 quoslibet

470 2034 648 2089 etiam
699 2034 1110 2091 acerbissimos
1153 2036 1445 2092 cruciatus
1503 2036 1791 2106 patienter
1846 2037 2111 2092 ferendos

470 2122 789 2195 comparati
822 2123 1010 2196 magis
1031 2128 1216 2194 erant,
1251 2141 1426 2197 quam
1455 2124 1552 2181 alii
1582 2126 1767 2181 astatis
1789 2142 1906 2181 sua:
1928 2125 2112 2181 homi-

471 2226 598 2281 nes,
630 2228 882 2284 quorum
913 2212 1150 2285 ingenia
1175 2214 1574 2286 tranquillitas
1591 2216 1751 2288 pacis
1780 2220 1838 2271 et
1868 2216 1967 2270 otii
2003 2214 2111 2269 mi-

467 2302 617 2358 tiora
672 2302 1022 2357 reddiderat.
1106 2303 1165 2359 Si
1222 2307 1418 2359 tamen
1491 2304 1611 2359 haec
1666 2305 1795 2376 ipsa
1861 2304 2115 2360 auctoris

468 2390 653 2447 nostri
708 2391 884 2446 verba
934 2391 1004 2447 de
1056 2408 1192 2447 vera
1247 2392 1587 2448 Christianae
1646 2393 1915 2449 Ecclesia:
1975 2410 2114 2464 pace

464 2478 848 2551 intelligenda
894 2495 1023 2535 esse
1080 2482 1401 2536 contendas
1449 2497 1515 2536 ac
1572 2481 1926 2553 probaveris,
1961 2481 2112 2536 ultro

466 2567 575 2624 tibi
607 2567 1018 2623 assentiemur.
1052 2568 1286 2624 Inﬁcias
1331 2586 1497 2625 nemo
1529 2574 1723 2626 tamen
1778 2570 1885 2625 ibit
1913 2585 1980 2625 ex
2011 2587 2113 2625 su-

469 2656 670 2727 perius
698 2655 870 2711 dictis
900 2654 1115 2711 certius
1148 2656 1345 2729 colligi
1390 2658 1499 2715 hos
1530 2658 1598 2713 ad
1646 2661 1902 2715 Nationes
1932 2658 2114 2714 libros

472 2751 530 2803 et
577 2746 984 2820 Apologeticum
1029 2764 1143 2803 non
1196 2747 1378 2805 multo
1428 2755 1561 2821 post
1611 2767 1830 2806 annum
1876 2750 1975 2804 197
2008 2766 2111 2821 pu-

473 2834 685 2891 blicam
738 2834 965 2891 venisse
1020 2836 1081 2891 in
1131 2836 1342 2893 lucem.
1398 2838 1646 2902 Quinam
1697 2844 1887 2894 autem
1933 2854 1997 2893 ex
2042 2838 2115 2893 iis

474 2924 729 2998 primum
764 2926 1105 2998 prodierint,
1139 2926 1254 2982 alia
1284 2934 1373 2983 est
1400 2928 1555 2985 inter
1596 2929 1856 2985 eruditos
1887 2932 2115 2984 contro-

472 3014 683 3086 versia,
708 3015 836 3087 jam
868 3032 901 3071 a
932 3015 1102 3071 nobis
1134 3017 1504 3073 excutienda.

1089 3202 1406 3243 ARTICULUS
1443 3204 1498 3243 V.

481 3294 667 3350 Utrum
699 3291 759 3345 hi
790 3290 911 3365 duo
941 3291 1011 3365 ad
1061 3292 1316 3365 Nationes
1374 3294 1507 3348 libri
1540 3296 1669 3349 ante
1698 3295 1783 3349 vel
1824 3302 1941 3365 post
1997 3295 2118 3349 Ter-

716 3363 949 3418 tulliani
976 3363 1387 3434 Apologeticum
1415 3366 1613 3437 scripti
1640 3363 1875 3437 fuerint.

550 3494 658 3559 Qui
687 3495 836 3551 duos
864 3495 935 3550 ad
979 3496 1238 3550 Nationes
1291 3495 1473 3552 libros
1513 3503 1644 3569 post
1704 3496 2119 3569 lpologeticum

481 3583 732 3655 scriptos
762 3584 946 3639 fuisse
995 3589 1327 3654 autumant,
1376 3586 1434 3640 hi
1476 3587 1701 3642 ratione
1747 3586 1960 3658 triplici
1992 3587 2123 3657 opi-<

483 3672 719 3730 nionem
750 3688 917 3727 suam
948 3672 1209 3728 stabilire
1235 3678 1539 3730 conantur.
1570 3676 1763 3730 Primo
1785 3676 1941 3730 enim
1976 3683 2123 3746 Δρο-

487 3761 778 3832 logeticum
809 3777 961 3817 anno
1007 3761 1237 3816 circiter
1280 3763 1700 3829 ducentesimo,
1754 3769 1928 3835 atque
1957 3763 2124 3819 initio

486 3854 791 3906 commotis
847 3849 919 3904 ab
969 3848 1575 3933 imperatore.Severo
1632 3854 1910 3909 adversus
1960 3852 2125 3907 Chri-

486 3938 712 3995 stianos
741 3938 1185 4010 persecutionis,
1228 3941 1451 3996 editum
1497 3942 1911 4014 suspicantur;
1947 3942 2128 3998 libros

486 4032 683 4085 autem
713 4029 783 4083 ad
823 4029 1091 4085 Nationes
1130 4030 1256 4100 jam
1290 4036 1557 4100 provecto
1605 4031 1909 4087 Caracallaa
1943 4032 2126 4103 impe-

485 4117 593 4186 rio,
627 4120 683 4173 et
712 4122 1024 4188 postquam
1056 4117 1150 4172 hic
1182 4119 1499 4190 imperator
1548 4120 1800 4175 Parthici
1826 4119 2127 4175 Germani-

486 4206 656 4278 cique
685 4220 898 4261 nomen
943 4206 1284 4277 accepisset.
1339 4207 1548 4262 Verum
1588 4210 1715 4277 jam
1765 4209 2132 4264 ostendimus

2199 528 2275 580 ad
2304 528 2560 583 Nationes
2610 527 2777 583 libris
2824 528 2946 582 erui
2998 531 3259 597 possunt.
3294 527 3353 580 In
3402 526 3487 580 his
3535 525 3796 597 siquidem

2202 633 2316 670 non
2350 617 2528 672 semel
2577 617 2977 672 Tertullianus
3027 616 3314 689 promittit
3361 614 3535 669 multa
3581 632 3636 669 se
3681 615 3801 671 alibi

2203 704 2629 775 explicaturum
2714 706 2795 759 Nc
2853 722 2985 761 vero
3046 704 3264 775 aliquid
3323 704 3477 758 dubii
3531 708 3584 757 et
3622 704 3804 759 incerti

2205 794 2445 865 proferri
2499 796 2736 866 quidam
2798 799 3132 862 causentur,
3184 810 3250 848 ea
3305 810 3416 847 non
3475 792 3804 864 urgebimus,

2206 899 2335 952 qua:
2361 883 2778 950 Tertullianus,
2816 890 3128 955 postquam
3180 881 3441 953 probavit
3476 880 3807 935 Christianos

2206 971 2279 1025 ob
2310 988 2485 1027 suum
2511 973 2794 1028 duntaxat
2818 989 3030 1027 nomen
3051 972 3264 1035 vexari,
3292 970 3639 1026 continenter
3666 969 3808 1024 addi-

2208 1060 2329 1115 dit:
2368 1082 2394 1111 ξ(
2424 1062 2529 1115 Sed
2564 1062 2702 1116 dum
2726 1062 2847 1116 haec
2871 1061 3016 1116 ratio
3038 1078 3144 1116 suo
3168 1059 3290 1115 loco
3313 1058 3644 1113 ostenditur.
3678 1058 3808 1111 770

2206 1166 2329 1216 vos,
2362 1168 2535 1221 quam
2559 1149 2936 1221 insequimini
2958 1151 3025 1204 ad
3047 1149 3526 1221 expugnationem
3563 1147 3811 1211 nominis,

2207 1238 2359 1293 edite
2413 1239 2720 1295 rationem.
2757 1260 2786 1290 ιο
2844 1238 3111 1307 (Tertull.
3148 1238 3248 1293 lib.
3303 1254 3320 1292 ι
3353 1237 3425 1291 ad
3452 1238 3569 1293 Nat.
3604 1252 3719 1306 cap.
3746 1236 3811 1306 3).

2208 1327 2364 1382 Nihil
2395 1328 2551 1384 enim
2610 1328 2687 1383 ibi
2745 1329 2959 1383 diserte
3013 1326 3321 1399 pollicetur
3374 1343 3408 1380 a
3462 1341 3522 1380 se
3571 1323 3814 1394 deinceps

2210 1418 2524 1486 agendum,
2587 1419 2685 1473 sed
2719 1435 2840 1473 rem
2899 1418 3088 1488 ipsam
3137 1434 3169 1471 a
3218 1432 3279 1471 se
3336 1414 3474 1470 satis
3502 1412 3811 1484 explicatam

2212 1505 2578 1576 significasse
2609 1506 2778 1561 nobis
2807 1506 3057 1561 videtur.

2285 1615 2351 1666 At
2394 1612 2740 1669 clarioribus
2790 1612 3039 1684 profecto
3096 1610 3290 1666 verbis
3340 1611 3584 1681 spondet
3634 1608 3740 1663 fore
3767 1612 3821 1661 ut

2214 1700 2353 1757 alibi
2383 1701 2705 1773 longiorem
2754 1701 3027 1757 instituat
3075 1701 3144 1755 de
3176 1700 3374 1755 futura
3427 1714 3721 1769 corporum
3748 1714 3821 1752 re-

2139 1791 2593 1887 Bsurrectione,
2652 1790 3001 1859 aeternisque
3058 1789 3366 1844 hominum
3426 1791 3553 1859 post
3608 1791 3821 1841 mortem

2221 1884 2321 1935 aut
2352 1880 2606 1951 praemiis
2636 1884 2735 1934 aut
2765 1882 2951 1951 pmnis
3000 1878 3479 1949 disputationem.
3508 1876 3661 1931 Hunc
3687 1876 3821 1929 enim

2220 1968 2317 2023 ille
2347 1968 2612 2039 loquitur
2641 1968 2699 2023 in
2733 1968 2970 2023 modum
2999 1985 3011 2021 :
3046 1989 3071 2016 α
3106 1966 3444 2020 Viderimus
3476 1966 3543 2019 de
3575 1964 3677 2017 fide
3704 1963 3822 2017 isto-

2221 2074 2377 2125 rum,
2411 2059 2550 2112 dum
2610 2074 2716 2112 suo
2765 2055 2890 2112 loco
2944 2056 3315 2127 digeruntur,
3350 2077 3373 2107 ι
3433 2053 3588 2125 (Ibid.
3638 2068 3751 2122 cap.
3776 2050 3823 2118 7)

2222 2147 2278 2201 id
2312 2154 2420 2210 est,
2470 2146 2706 2217 scriptis
2763 2145 3049 2200 tradenda
3105 2145 3502 2216 disponuntur
3555 2148 3610 2196 et
3636 2156 3824 2213 praapa-

2221 2241 2447 2291 rantur.
2480 2234 2731 2290 Ubinam
2764 2250 2895 2289 vero
2929 2232 3035 2289 hoc
3068 2233 3165 2288 ille
3196 2234 3477 2288 adversus
3500 2228 3827 2284 ethnicorum

2222 2324 2474 2396 ineptias
2506 2324 2747 2395 digessit
2791 2340 2855 2377 ac
2905 2321 3193 2377 tradidit?
3226 2327 3348 2376 Non
3398 2320 3455 2374 in
3489 2319 3577 2374 his
3625 2316 3829 2388 quidem

2222 2415 2295 2468 ad
2324 2416 2583 2468 Nationes
2630 2411 2818 2477 libris,
2872 2412 2972 2466 sed
3009 2412 3118 2466 sub
3172 2410 3347 2465 tinem
3398 2406 3709 2479 Apologetici
3732 2402 3828 2468 sui,

2224 2519 2397 2574 quem
2430 2502 2627 2573 potius
2651 2518 2823 2572 quam
2859 2500 3039 2555 alium
3072 2499 3286 2554 librum
3339 2498 3670 2569 designasse
3698 2491 3829 2549 haud

2222 2590 2518 2646 immerito
2568 2588 2782 2644 dixeris
2816 2589 3019 2658 (Idem,
3070 2588 3351 2659 Apologet.
3403 2604 3525 2658 cap.
3568 2584 3631 2639 48
3660 2586 3712 2638 et
3738 2580 3830 2650 49).

2296 2699 2445 2753 Tum
2479 2697 2713 2764 deinde,
2745 2695 2843 2750 ubi
2885 2694 3031 2749 alias
3080 2694 3475 2759 ethnicorum,
3508 2689 3831 2747 Christianos

2224 2787 2417 2842 omnis
2450 2786 2694 2857 publica:
2738 2785 2922 2839 cladis
2965 2800 3203 2839 causam
3240 2800 3373 2839 esse
3418 2777 3831 2839 clamitantium,

2226 2876 2550 2931 calumnias
2598 2873 2844 2929 refellit:
2887 2894 2909 2921 ι
2963 2873 3373 2941 Postmodum,
3404 2871 3506 2938 ait,
3536 2867 3832 2926 obtunden-

2226 2969 2319 3023 tur
2349 2963 2706 3035 expositione
2740 2963 2922 3018 totius
2962 2968 3173 3017 nostra:
3220 2960 3564 3033 disciplinas.
3598 2980 3625 3008 ››
3653 2956 3831 3028 (Idem,

2232 3053 2332 3109 lib.
2367 3070 2405 3123 ι,
2437 3053 2505 3107 ad
2560 3053 2779 3108 Nation.
2839 3067 2965 3122 cap.
3028 3051 3138 3122 10.)
3182 3050 3281 3105 Dic
3340 3054 3556 3117 autem,
3603 3046 3832 3111 obsecro,

2230 3143 2468 3198 ubinam
2505 3141 2600 3196 ille
2631 3141 2703 3195 ad
2724 3140 3033 3196 diluendas
3063 3140 3236 3194 hasce
3257 3138 3565 3211 gentilium
3593 3134 3834 3192 crimina-

2228 3233 2421 3290 tiones
2449 3231 2600 3286 banc
2628 3229 3017 3285 Christianam
3052 3227 3382 3283 doctrinam
3425 3224 3699 3298 exposuit.
3730 3220 3833 3276 Non

2231 3322 2290 3377 in
2323 3320 2415 3375 his
2444 3324 2599 3374 certe
2628 3318 2698 3373 ad
2718 3320 2981 3374 Nationes
3009 3316 3199 3382 libris,
3224 3318 3328 3371 sed
3363 3317 3422 3371 in
3456 3314 3705 3387 pluribus
3724 3310 3837 3379 Apo-

2231 3410 2446 3478 logetici
2476 3407 2773 3478 capitulis,
2805 3408 2891 3461 uti
2939 3404 3029 3462 vel
3077 3422 3144 3460 ex
3174 3403 3303 3460 sola
3352 3409 3532 3477 patet,
3565 3415 3726 3473 quam
3754 3413 3836 3453 su-

2231 3514 2338 3569 pra
2366 3495 2656 3562 dedimus,
2688 3494 2867 3564 hujus
2917 3493 3049 3548 libri
3098 3492 3326 3565 analysi
3354 3492 3557 3564 (Idem.
3590 3486 3837 3561 Apologet.

2232 3602 2359 3657 cap.
2392 3584 2479 3653 i7,
2518 3584 2581 3637 18
2613 3589 2669 3638 et
2700 3583 2909 3653 seqq.).

2303 3678 2586 3728 Praeterea
2634 3669 2939 3742 pollicetur
2996 3686 3058 3725 se
3118 3668 3439 3740 aliquando
3498 3666 3841 3740 probaturum

2234 3762 2381 3819 falsa
2410 3778 2537 3817 esse
2570 3760 2641 3815 de
2673 3760 2784 3814 Deo
2808 3776 2920 3813 non
2945 3758 3117 3813 modo
3148 3758 3521 3814 ethnicorum
3554 3759 3842 3828 poetarum,

2235 3852 2335 3907 sed
2397 3847 2699 3905 divinandi
2757 3846 2931 3902 etiam
3007 3853 3190 3902 artem
3251 3845 3646 3917 profitentium
3691 3842 3843 3896 docu-

2236 3944 2468 3995 menta:
2506 3961 2534 3988 u
2584 3935 2904 3992 Delibanda
2960 3934 3141 4000 enim,
3192 3935 3391 4007 inquit
3439 3934 3553 4004 ille,
3606 3945 3747 3986 nunc
3773 3927 3847 3981 est

2237 4027 2461 4100 species
2514 4026 2662 4091 ista,
2722 4025 2892 4095 cujus
2952 4039 3059 4079 suo
3112 4023 3237 4079 loco
3300 4023 3448 4079 ratio
3503 4022 3777 4078 reddetur.
3828 4035 3845 4061 ο

2237 4118 2439 4188 (Idem,
2466 4114 2569 4170 lib.
2603 4131 2666 4182 ii,
2711 4114 2780 4167 ad
2826 4114 2955 4169 Nat.
3014 4129 3141 4183 cap.
3184 4113 3267 4183 5.)
3320 4114 3446 4177 Quo
3476 4127 3608 4183 ergo
3646 4109 3699 4163 in
3728 4104 3852 4159 libro

2238 4206 2421 4272 illam,
2471 4220 2589 4274 qua
2630 4201 2937 4271 gentilium
2981 4200 3191 4273 ineptas
3248 4201 3655 4258 accusationes
3685 4194 3853 4250 redar-

488 4300 699 4351 nutare
747 4294 983 4366 penitus
1029 4294 1277 4365 hujusce
1334 4296 1669 4366 posterioris
1719 4298 1790 4352 de
1842 4296 2134 4352 Caracalla
2241 4299 2498 4368 guantur
2529 4290 2785 4347 reddidit
2815 4290 3148 4346 rationem?
3180 4289 3390 4347 Nonne
3434 4292 3494 4345 in
3523 4282 3853 4360 Apotogetiw,

490 4381 835 4439 assertionis
865 4382 1341 4438 fundamentum.

2246 4382 2344 4438 ubi
2374 4398 2502 4436 eam
2536 4379 2662 4435 fuse
2691 4378 3035 4450 explicatam
3062 4378 3318 4450 legimus
3351 4379 3558 4450 (Idem,
3584 4374 3854 4448 Αροίοσει..

562 4470 1086 4527 Secundaillorum
1117 4472 1263 4527 ratio
1294 4476 1403 4541 est,
1436 4472 1901 4529 Christianorum
1934 4474 2136 4529 defen-
2247 4489 2374 4543 cap.
2406 4471 2470 4524 21
2503 4474 2561 4524 et
2591 4468 2730 4536 22)?

494 4560 744 4628 sionem,
772 4576 899 4630 quas
946 4564 1135 4615 totum
1195 4566 1251 4616 et
1280 4561 1618 4631 Apoloyetici
1664 4568 1720 4616 et
1752 4562 2038 4617 librorum
2067 4562 2142 4617 ad
2166 4546 2213 4612 D
2315 4559 2461 4625 Quid
2494 4556 2709 4629 plura?
2748 4556 2852 4611 Ubi
2903 4555 3002 4611 ille
3049 4572 3257 4611 rursus
3303 4554 3635 4627 gentilium,
3666 4550 3757 4623 qui
3782 4547 3857 4601 in-

493 4649 752 4706 Nationcs
782 4647 1187 4719 complectitur
1227 4656 1657 4720 argumentum,
1690 4650 1920 4721 plenius
1950 4650 2010 4705 in
2042 4651 2135 4706 his

496 4755 670 4811 quam
701 4737 761 4792 in
812 4736 911 4793 illo
959 4737 1320 4807 pertractari.
1371 4738 1483 4793 Sed
1528 4756 1561 4793 a
1609 4739 1776 4794 nobis
1809 4744 2007 4810 postea
2037 4741 2134 4795 de-

494 4826 921 4885 monstrabitur
974 4841 1151 4895 quam
1200 4841 1335 4880 vero
1388 4843 1597 4897 parum
1647 4828 1861 4884 similis
1909 4828 1986 4885 sit
2014 4828 2135 4883 haec

494 4916 850 4986 conjectura.

562 5001 817 5058 Tertiam
848 5000 1131 5056 rationem
1164 5005 1407 5057 sumunt
1437 5019 1505 5058 ex
1535 5004 1725 5060 verbis
1773 5010 1829 5060 et
1858 5005 2134 5076 periodis,

493 5089 596 5162 qui
641 5089 772 5145 aliis
818 5094 1136 5144 occurrunt
1186 5091 1246 5145 in
1297 5091 1485 5161 libris,
1537 5108 1683 5163 quos
1740 5092 2136 5150 Tertullianus

492 5182 626 5249 post
655 5193 823 5232 suam
854 5177 928 5232 ad
962 5176 1351 5233 Montanistas
1383 5180 1765 5236 defectionem
1797 5180 2131 5253 divulgavit.

494 5266 669 5331 Quasi
700 5282 832 5321 vero
866 5282 970 5322 nec
1016 5264 1129 5323 alia
1158 5266 1252 5323 his
1300 5284 1532 5340 quoque
1577 5270 1792 5326 similia
1839 5270 2132 5341 reperian-

495 5360 593 5412 tur
622 5354 682 5409 in
712 5353 844 5410 aliis
874 5354 1002 5426 ejus
1056 5354 1245 5423 libris,
1295 5374 1361 5413 ac
1407 5357 1729 5428 praesertim
1775 5360 2136 5430 Apotogetico,

496 5443 599 5501 ubi
628 5443 797 5515 longe
825 5442 994 5515 plura
1023 5445 1225 5500 eadem
1262 5450 1436 5518 atque
1471 5447 1528 5501 in
1559 5446 1726 5501 libris
1755 5449 1837 5504 ad
1876 5451 2138 5505 Nationes

499 5548 803 5591 occurrere
830 5535 1100 5589 fatentur.

572 5626 757 5692 Quam
788 5623 1023 5680 infirma
1063 5628 1258 5681 autem
1307 5625 1426 5681 haec
1469 5625 1765 5683 rationum
1816 5629 2137 5695 momenta,

2245 4647 2524 4706 fanticidii
2559 4645 2918 4700 Christianos
2940 4644 3463 4715 impudentissime
3490 4639 3854 4715 postulabant,

2246 4739 2550 4795 audaciam
2609 4734 2895 4802 retundit,
2956 4734 3087 4789 illos
3145 4734 3239 4789 his
3297 4734 3609 4806 compellat
3656 4725 3855 4784 verbis:

2250 4852 2277 4881 ‹‹
2310 4829 2416 4884 Vos
2451 4826 2499 4880 si
2531 4826 2601 4879 de
2634 4822 2913 4878 memoria
2951 4821 3220 4877 abierunt
3249 4840 3378 4894 quis
3428 4823 3579 4878 caede
3611 4813 3857 4875 hominis.

2246 4932 2488 4991 quaeque
2518 4912 2904 4969 infanticidiis
2928 4913 3305 4983 transegisse,
3328 4907 3747 4985 recognoscatis
3770 4914 3858 4957 suo

2245 5008 2468 5066 ordine.
2500 5008 2664 5058 Nunc
2696 5002 2849 5057 enim
2882 5001 3210 5058 differimus
3258 5001 3559 5074 pleraque,
3588 5014 3656 5054 ne
3684 4994 3859 5051 eadem

2244 5098 2547 5153 videamur
2577 5092 2794 5162 ubique
2840 5095 3173 5146 retractare.
3204 5111 3231 5139 ››
3278 5090 3429 5161 (Lib.
3470 5091 3540 5155 II,
3568 5087 3640 5143 ad
3666 5083 3859 5140 Nation.

2248 5203 2373 5257 cap.
2410 5185 2515 5249 15.)
2548 5182 2722 5236 Vides
2755 5180 3013 5251 profecto
3044 5180 3124 5235 ibi
3157 5181 3271 5235 duo
3303 5180 3376 5234 ab
3429 5182 3660 5235 auctore
3687 5172 3862 5227 nostro

2247 5275 2460 5330 diserte
2490 5268 2805 5326 enuntiari.
2826 5261 3026 5323 Primo
3057 5268 3296 5340 quidem
3345 5268 3579 5339 plenius
3610 5282 3642 5319 a
3670 5277 3727 5317 se
3754 5258 3861 5328 ipso

2248 5360 2773 5418 demonstrandum
2809 5357 3055 5429 gentiles
3102 5357 3403 5412 homicidii
3456 5360 3628 5426 atque
3656 5342 3867 5403 infanti-

2249 5450 2381 5505 cidii
2414 5462 2541 5503 esse
2573 5463 2721 5501 reos.
2754 5446 2933 5515 Atqui
2986 5446 3043 5500 id
3092 5444 3186 5501 ille
3242 5444 3452 5500 nullibi
3501 5442 3683 5498 fusius
3710 5444 3865 5505 Quam

2248 5540 2306 5595 in
2339 5536 2682 5609 Apologetico
2730 5534 3109 5589 demonstrat.
3159 5533 3421 5589 Secundo
3466 5530 3652 5603 palam
3692 5518 3863 5609 decla-

2248 5632 2339 5685 rat
2368 5607 2557 5683 multa
2585 5640 2648 5681 se
2670 5623 2995 5695 distulisse,
3020 5623 3161 5681 alibi
3183 5640 3216 5680 a
3236 5640 3298 5681 se
3321 5622 3514 5679 fusius
3535 5607 3865 5677 enucleanda
