4106 6178
317 284 433 344 853

314 432 384 471 ne
415 417 619 471 eadem
652 415 781 472 aliis
829 417 885 471 in
933 416 1102 473 libris
1162 421 1447 489 repeteret
1493 434 1559 473 ac
1599 418 1959 472 retractaret.
1990 419 2043 481 Α
2072 416 2259 487 Caput
2284 415 2338 471 9.
2420 458 2434 472 .
2518 458 2530 472 .
2610 455 2625 471 .
2704 458 2717 471 .
2796 453 2811 471 .
2891 458 2904 471 .

312 507 420 560 Sed
457 506 580 571 ubi,
614 522 830 576 quaeso,
882 505 1001 561 hmo
1060 506 1339 562 adversus
1397 506 1644 578 gentiles
1700 504 1963 575 uberius,

315 611 491 664 quam
522 594 581 649 in
615 595 951 665 Apotogetico
983 594 1354 665 disputavit?

386 683 527 747 Quis
555 700 712 755 ergo,
745 684 818 738 iis
849 685 1147 753 omnibus,
1173 701 1301 755 qua:
1336 684 1669 749 retulimus,
1701 686 1965 737 accurate

311 772 607 843 expensis,
641 788 757 827 non
790 772 1066 827 fatebitur
1093 772 1543 841 Tertullianum,
1578 789 1712 828 cum
1747 772 1855 827 hos
1891 770 1966 826 ad

311 861 573 916 Nationes
629 859 809 916 libros
867 862 1162 933 exarabat,
1225 879 1331 917 nos
1364 863 1436 918 ad
1496 878 1670 917 suum
1732 860 1965 916 misisse

306 950 718 1022 Apotogeticum
774 966 949 1021 quem
1009 954 1134 1005 tum
1214 950 1499 1006 conficere
1572 950 1967 1005 meditabatur

304 1039 501 1111 (Supr.
535 1055 663 1111 cap.
696 1039 749 1107 3,
781 1043 891 1094 art.
928 1040 977 1109 1)
1010 1041 1035 1095 τ
1067 1039 1235 1096 Prius
1265 1039 1445 1109 igitur
1477 1039 1609 1095 libri
1670 1038 1741 1094 ad
1772 1038 1965 1093 Natio-

310 1145 432 1195 nes,
486 1143 667 1199 quam
716 1128 1092 1199 Apotogeticus
1139 1129 1211 1183 ab
1256 1127 1355 1183 illo
1411 1128 1552 1183 editi
1600 1132 1760 1184 sunt.
1798 1131 1871 1181 At
1900 1142 1967 1181 ex

308 1217 613 1289 assignate
645 1234 677 1271 a
709 1216 875 1289 nobis
910 1217 1086 1287 hujus
1131 1221 1298 1273 astate
1329 1218 1479 1273 satis
1525 1222 1723 1289 aperte
1773 1214 1966 1287 colligi

311 1287 507 1378 potest
535 1304 727 1371 illum,
760 1306 830 1360 ad
850 1287 1061 1360 'datam
1096 1306 1390 1362 scribendi
1421 1287 1760 1378 Apologetici
1790 1305 1965 1359 ﬁdem

311 1394 703 1459 liberandam,
735 1410 851 1449 non
889 1395 1031 1449 771
1070 1394 1309 1467 longum
1361 1394 1786 1466 interposuisse
1816 1396 1965 1448 tem-

304 1484 469 1555 poris
500 1484 777 1554 spatium,
807 1500 911 1537 nec
938 1500 1159 1538 moram
1197 1484 1326 1555 pati
1350 1482 1779 1555 potuisse,quin
1803 1480 1967 1536 Chri-

308 1572 643 1628 stianorum
667 1589 844 1628 causa
866 1573 1039 1628 sicuti
1063 1574 1216 1643 apud
1254 1575 1557 1628 universas
1588 1570 1969 1636 nationes,ita

323 1662 482 1732 apud
516 1677 715 1716 eorum
750 1661 1050 1732 prusides,
1076 1661 1308 1732 judices
1341 1678 1405 1715 ac
1429 1661 1806 1734 magistratus
1838 1675 1965 1731 per-

319 1757 511 1819 orata,
568 1750 803 1805 illorum
836 1750 1229 1805 innocentiam
1264 1750 1538 1805 omnibus
1597 1750 1964 1821 patefaceret.
1999 1785 2046 1850 Β

326 1839 387 1897 Si
421 1855 557 1911 ergo
582 1839 955 1910 Apoloyeticus
985 1838 1133 1894 liber
1171 1840 1323 1893 circa
1354 1856 1572 1894 annum
1604 1838 1820 1894 Christi
1840 1838 1965 1907 200,

310 1928 817 2001 quemadmodum
849 1926 1129 1995 diximus,
1164 1926 1461 1998 publicam
1493 1928 1551 1982 in
1584 1928 1772 1982 lucem
1792 1926 1968 1981 emis-

308 2035 417 2075 sus
447 2022 556 2085 est,
591 2016 650 2071 hi
683 2017 799 2072 duo
829 2016 908 2071 ad
937 2018 1198 2073 Nationes
1228 2015 1362 2072 libri
1397 2015 1568 2087 paulo
1624 2020 1757 2071 ante
1791 2013 1972 2069 divul-

310 2106 433 2179 gati
467 2106 697 2162 fuerant
730 2105 935 2177 (Ibid.).

935 2256 1132 2295 ARTICU
1143 2255 1242 2294 ωε
1273 2255 1349 2293 VI.

315 2331 392 2385 De
424 2329 621 2383 horum
668 2329 939 2383 librorum
986 2336 1336 2397 argumento,
1371 2335 1420 2382 et
1468 2332 1657 2383 utram
1686 2325 1826 2381 illud
1854 2325 1970 2396 ple-

392 2402 943 2526 niustpterfectiusque
973 2403 1031 2455 in
1063 2402 1163 2468 eis,
1196 2416 1362 2470 quam
1394 2401 1453 2454 in
1480 2400 1818 2471 Apotogetico
1846 2413 1971 2467 per-

401 2489 513 2526 .rac
537 2489 565 2526 e
592 2489 677 2526 ur.

402 2603 571 2659 Plura
602 2602 841 2674 quidem
901 2603 957 2658 in
1020 2603 1308 2675 superiori
1365 2602 1613 2659 articulo
1662 2603 1973 2659 retulimus

321 2692 670 2749 Tertulliani
702 2693 896 2760 verba,
932 2692 1152 2763 quibus
1184 2696 1437 2748 testatur
1469 2709 1529 2747 se
1561 2694 1733 2765 plura
1788 2692 1843 2746 in
1884 2691 1975 2747 his

319 2784 391 2837 ad
425 2783 688 2839 Nationes
727 2781 896 2837 libris
927 2782 1525 2854 praetermisisse,quze
1550 2782 1608 2837 in
1636 2782 1975 2853 Apologetico

320 2871 515 2927 fusius
564 2871 853 2944 explicare
889 2872 1240 2927 decreverat.
1284 2876 1355 2925 At
1414 2871 1534 2927 haec
1584 2872 1755 2943 plane
1804 2888 1976 2944 repu-

320 2965 507 3032 gnant
533 2960 767 3015 illorum
801 2960 1088 3031 opinioni,
1137 2961 1237 3031 qui
1285 2961 1649 3016 contendunt
1697 2961 1976 3017 harumce

318 3048 883 3104 commentationum
917 3054 1332 3120 argumentum
1381 3049 1440 3103 in
1474 3049 1639 3105 libris
1668 3050 1738 3105 ad
1786 3049 1973 3105 Natio-

906 285 983 343 ΙΝ
1026 284 1326 346 LIBRUM
1374 286 1476 345 AD
1524 281 1918 344 NATIONES
1960 281 2033 341 D.
2081 283 2178 342 LE
2222 284 2550 345 NOURBY
2596 282 3135 344 DISSERTATIO.

3608 280 3729 344 851

2981 418 3117 487 Cap.
3148 415 3218 470 40
3247 418 3305 470 et
3334 414 3426 470 41.

2071 507 2256 578 Caput
2287 507 2373 562 10.
2420 549 2432 561 .
2514 548 2526 561 .
2607 547 2620 560 .
2701 546 2713 560 .
2797 548 2809 561 .
2891 548 2905 561 .
2984 504 3121 576 Cap.
3168 505 3253 571 12,
3302 504 3389 575 13,
3443 503 3510 559 14
3541 506 3598 559 et
3629 505 3716 563 15.

2071 598 2256 666 Caput
2288 596 2374 663 11,
2410 596 2495 663 12,
2531 595 2596 650 13
2626 599 2683 649 et
2713 596 2811 649 14.
2890 635 2903 648 .
2982 593 3118 665 Cap.
3152 594 3238 649 16.

2073 684 2258 755 Caput
2292 685 2376 754 14,
2420 684 2487 737 15
2534 688 2589 738 et
2636 684 2722 739 16.
2801 724 2815 737 .
2895 722 2910 738 .
2986 687 3119 755 Cap.
3150 682 3205 738 9.

2072 775 2259 845 Caput
2290 773 2374 827 17.
2420 788 2433 801 ο
2515 811 2529 826 .
2606 813 2621 828 .
2700 812 2715 825 .
2792 811 2808 826 .
2889 810 2902 827 .
2980 770 3116 842 Cap.
3150 771 3239 825 35.

2073 862 2259 933 Caput
2290 861 2374 917 18.
2425 902 2438 917 .
2519 901 2531 915 .
2613 902 2625 915 .
2706 901 2719 915 .
2800 903 2815 913 .
2897 901 2908 913 .
2988 860 3128 931 Cap.
3159 860 3250 915 50.

2073 951 2262 1021 Caput
2294 950 2379 1004 19.
2426 990 2439 1003 .
2519 990 2532 1005 .
2616 990 2629 1003 .
2710 990 2722 1003 .
2804 989 2816 1003 .
2899 988 2913 1001 .
2991 948 3131 1020 Cap.
3167 948 3256 1018 47,
3289 947 3380 1018 48,
3410 947 3499 1003 49.

2074 1040 2245 1095 Liber
2265 1039 2561 1095 secundus
2579 1036 2649 1093 ad
2663 1038 2942 1093 Nationes.
2982 1037 3377 1109 Apotogetieus.

2075 1130 2263 1201 Caput
2292 1129 2378 1183 12.
2497 1168 2510 1182 .
2591 1167 2605 1181 .
2687 1167 2699 1180 .
2783 1167 2795 1180 .
2877 1167 2889 1181 .
2966 1129 3102 1197 Cap.
3136 1125 3226 1181 10.

2076 1217 2260 1289 Caput
2292 1218 2376 1272 17.
2422 1258 2434 1270 .
2517 1257 2529 1269 .
2614 1258 2625 1270 .
2707 1255 2721 1269 .
2799 1256 2813 1270 .
2895 1256 2908 1269 .
2987 1214 3125 1286 Cap.
3155 1216 3246 1269 25.

2147 1306 2323 1362 Vides
2354 1322 2494 1361 sane
2524 1321 2593 1360 ex
2639 1304 2749 1359 hoc
2793 1304 2983 1359 indice
3031 1319 3167 1359 cum
3202 1304 3546 1376 Apotagetico
3576 1320 3719 1359 con-

2076 1396 2316 1452 cordare
2349 1395 2497 1450 772
2532 1394 2786 1465 primum
2818 1392 2894 1447 ad
2914 1393 3175 1448 Nationes
3204 1392 3442 1460 librum,
3463 1392 3514 1447 si
3538 1391 3720 1463 huius

2076 1485 2327 1556 excipias
2358 1488 2535 1554 caput
2563 1482 2858 1553 quintum,
2892 1482 2950 1536 in
2983 1498 3100 1553 quo
3133 1480 3315 1553 petita
3345 1482 3417 1536 ab
3466 1479 3718 1536 ethnicis

2076 1590 2145 1629 ex
2176 1573 2346 1629 malis
2377 1571 2733 1643 quibusdam
2773 1570 3117 1626 Christianis
3170 1570 3598 1641 argumentatio
3631 1568 3720 1624 di-

2075 1661 2259 1717 luitur
2290 1678 2304 1728 ;
2339 1665 2395 1716 et
2424 1663 2600 1732 caput
2626 1658 3083 1730 ultimum,quod
3106 1658 3286 1713 totius
3317 1658 3449 1713 libri
3482 1657 3717 1714 conclu-

2077 1751 2163 1806 sio
2187 1749 2606 1805 est.Secundus
2627 1751 2823 1803 autem
2844 1747 2991 1803 liber
3011 1749 3083 1803 ad
3105 1747 3364 1803 sationes
3387 1747 3445 1803 in
3465 1751 3717 1819 septem-

2077 1839 2265 1895 decim
2298 1837 2553 1909 capitula
2586 1836 2807 1892 divisus
2840 1841 2950 1903 est,
2982 1852 3233 1908 quorum
3265 1836 3600 1909 quindecim
3633 1834 3721 1891 ni-

2078 1928 2163 1984 hil
2193 1945 2328 1984 cum
2360 1928 2706 1999 Apologeticu
2740 1942 3053 1982 commune
3086 1926 3318 1982 habent.
3355 1926 3420 1981 In
3451 1930 3578 1982 octo
3617 1942 3719 1981 au-

2078 2021 2196 2073 tem
2232 2016 2524 2089 prioribus
2555 2033 2623 2071 ex
2650 2015 2744 2071 his
2776 2015 3108 2085 quindecim
3168 2015 3445 2088 capitulis
3499 2015 3724 2071 Tertul-

2079 2106 2275 2162 lianus
2323 2107 2525 2162 fictum
2585 2121 2618 2160 a
2672 2104 2925 2160 Varrone
2972 2104 3185 2176 triplex
3240 2105 3483 2160 deorum
3540 2119 3727 2175 genus

2080 2194 2413 2267 physicum,
2463 2194 2809 2266 mythicam,
2851 2192 3171 2264 plebeium,
3227 2193 3286 2248 in
3335 2197 3562 2265 septem
3592 2208 3726 2248 vero

2082 2284 2502 2355 posterioribus
2528 2282 2858 2338 venditatos
2882 2285 3279 2337 Romanorum
3310 2282 3449 2338 deos
3475 2280 3729 2352 exagitat

2082 2378 2141 2430 et
2169 2371 2444 2444 explodit.

2152 2463 2234 2518 Ex
2289 2460 2720 2532 quinquaginta
2776 2475 2907 2515 vero
2966 2459 3295 2531 Apologetici
3350 2457 3622 2530 capitulis
3653 2474 3726 2515 ne

2082 2551 2278 2607 media
2310 2550 2545 2623 quidem
2577 2567 2713 2621 pars
2742 2566 2876 2605 cum
2908 2549 3138 2605 duobus
3167 2550 3239 2604 ad
3266 2549 3534 2605 Nationes
3559 2547 3725 2605 libris

2083 2640 2374 2711 congruit.
2407 2640 2549 2695 Cum
2602 2639 2823 2695 ceteris
2872 2642 3067 2694 autem
3117 2637 3383 2704 dissidet,
3416 2637 3476 2693 in
3509 2637 3729 2710 quibus

2083 2728 2479 2785 Tertullianus
2526 2728 2778 2799 explicat
2835 2727 3166 2799 asseritque
3221 2744 3395 2797 quam
3443 2743 3579 2783 vera
3611 2727 3732 2784 sint

2085 2818 2551 2874 Christianorum
2583 2818 2953 2883 documenta,
3006 2833 3183 2888 quam
3231 2817 3375 2873 casti
3422 2821 3480 2873 et
3535 2816 3731 2872 incor-

2085 2908 2243 2981 rupti
2275 2906 2509 2962 illorum
2541 2922 2758 2972 mores,
2789 2922 2967 2976 quam
2999 2906 3081 2977 pii
3123 2911 3180 2961 et
3208 2904 3395 2962 sancti
3438 2903 3733 2961 solemnes

2086 3012 2289 3053 eorum
2316 2999 2524 3062 castus,
2556 3011 2622 3050 ac
2668 3010 2845 3065 quam
2906 2993 3188 3067 religiosa
3232 3010 3501 3067 synaxes.
3561 2996 3634 3049 At
3663 2994 3735 3049 de

2086 3085 2180 3141 his
2213 3084 2357 3139 nihil
2389 3085 2449 3138 in
2481 3083 2648 3139 libris
2677 3083 2748 3139 ad
2774 3085 3057 3139 Nationes.
3089 3084 3212 3139 Uno
3258 3084 3434 3140 verbo
3479 3084 3539 3139 in
3571 3083 3733 3139 hisce

318 3154 417 3231 f'“
447 3137 1077 3231 FbEF‘UBtPBWmW»
1112 3136 1457 3231 φθιίφτίξιυθ
1506 3139 1730 3231 “dite,
1791 3155 1968 3231 quin
2005 3145 2048 3212 C
2085 3136 3216 3230 ﬁni;insessis;sinsine“;
3248 3136 3730 3231 nassam};

322 3227 378 3281 in
434 3227 777 3297 Apologetico
832 3227 1193 3298 pertractari.
1247 3226 1522 3282 Animum
1574 3227 1731 3283 enim
1778 3227 1974 3281 nescio

324 3332 447 3387 qua
476 3315 701 3370 ratione
750 3315 1100 3370 induxerant
1149 3331 1299 3385 acre,
1349 3315 1684 3386 vehemens,
1741 3321 1976 3372 acutum

327 3404 589 3459 auctoris
618 3404 944 3475 ingenium,
985 3403 1340 3476 igneumque
1373 3404 1531 3459 illius
1573 3421 1817 3460 acumen
1852 3421 1980 3477 pas-

327 3494 442 3549 sim
480 3493 699 3564 ubique
729 3493 789 3548 in
818 3492 910 3547 his
942 3494 1160 3548 micare
1191 3493 1377 3561 libris,
1422 3495 1523 3550 sed
1557 3511 1685 3549 eum
1724 3494 1978 3549 violento

328 3581 495 3637 illius
532 3582 753 3654 impetu
797 3587 1049 3654 raptum,
1106 3581 1274 3654 plura
1323 3582 1653 3655 scripsisse,
1703 3601 1829 3654 quas
1863 3600 1977 3637 non

330 3670 477 3726 satis
512 3670 810 3737 meditate,
846 3670 1025 3743 polita
1055 3670 1372 3744 limataque
1412 3676 1568 3727 sunt.
1620 3672 1831 3728 Verum
1865 3672 1982 3726 ruit

330 3761 508 3833 plane
540 3760 657 3814 haec
689 3760 906 3832 opinio,
969 3760 1017 3815 si
1058 3761 1445 3832 Apologeticus
1502 3764 1635 3833 post
1681 3760 1863 3817 libros
1909 3760 1982 3816 ad

330 3851 597 3904 Nationes
645 3848 716 3903 ab
765 3865 852 3919 eo,
904 3848 1077 3905 sicuti
1135 3849 1405 3914 vidimus,
1459 3850 1751 3921 profectus
1786 3849 1978 3905 fuerit.

401 3942 691 3992 Praeterea
719 3941 950 3994 constat
984 3938 1151 4010 plura
1191 3938 1390 4010 magni
1422 3955 1558 3994 sane
1589 3939 1871 3994 momenti
1921 3939 1982 3993 in

331 4025 682 4099 Apologetico
736 4027 1052 4099 disputari,
1114 4044 1241 4099 quae
1299 4027 1557 4083 inlibris
1615 4028 1682 4082 ad
1732 4029 1986 4084 Nationes

336 4116 556 4173 omissa
590 4120 749 4185 sunt,
791 4117 1022 4172 tametsi
1057 4115 1341 4171 nonnulla
1394 4116 1449 4170 in
1484 4116 1577 4171 his
1629 4116 1889 4173 vicissim
1922 4116 1989 4171 li-

336 4206 484 4270 bris,
516 4208 572 4260 et
603 4204 944 4276 neutiquam
976 4207 1034 4260 in
1068 4205 1166 4260 illo
1194 4204 1486 4276 legantur.
1521 4205 1759 4260 Cunctis
1790 4210 1987 4261 autem

339 4298 404 4348 ut
436 4293 558 4348 haec
591 4292 782 4365 magis
813 4292 987 4363 plana
1017 4309 1081 4348 ac
1139 4293 1445 4365 perspicua
1493 4293 1658 4363 fiant,
1688 4294 1989 4361 fexhiben-

340 4382 484 4437 dum
518 4381 859 4437 censuimus
889 4380 1143 4436 indicem
1176 4381 1518 4452 capitum,in
1544 4382 1759 4452 quibus
1787 4383 1989 4437 eadem

342 4477 620 4543 aguntur.
657 4470 796 4525 Inde
825 4470 979 4525 enim
1012 4470 1424 4541 unusquisque
1470 4469 1635 4524 facile
1676 4470 1990 4541 judicabit,

341 4560 401 4615 in
425 4560 647 4632 quibus
677 4558 737 4612 hi
767 4558 901 4613 libri
941 4575 974 4614 a
1004 4575 1066 4613 se
1096 4558 1341 4614 invicem
1376 4558 1733 4632 discrepant.

887 4705 957 4760 IN
970 4704 1102 4760 DEX
1142 4704 1227 4759 CA
1239 4703 1462 4759 PITUM

344 4795 403 4848 In
434 4794 631 4865 quibus
660 4792 1069 4865 Apologeticus
1092 4801 1145 4848 et
1177 4792 1413 4875 ti'bri‘ad
1445 4792 1745 4861 Nationes,
1776 4792 1923 4848 inter
1942 4807 1998 4846 se

996 4872 1348 4919 conveniunt.

347 4991 517 5046 Liber
547 4989 779 5061 primus
808 4989 878 5044 ad
907 4990 1185 5045 Nationes.
1264 4989 1667 5060 Apotogeticus.

348 5078 617 5150 Caputl.
697 5098 709 5111 ·
792 5120 805 5133 .
1079 5120 1091 5133 .
1174 5119 1188 5132 .
1266 5078 1494 5148 Cap.1.

350 5167 621 5239 Caput2.
706 5209 718 5222 .
800 5210 813 5223 .
899 5207 1006 5223 ..
1089 5209 1103 5221 .
1186 5207 1201 5221 .

1279 5168 1415 5238 Cap.
1448 5167 1503 5222 2.

355 5257 621 5327 Caput3.
701 5297 715 5310 .
798 5296 810 5310 .
893 5297 905 5310 .
989 5298 1003 5311 .
1086 5298 1099 5311 .
1180 5295 1193 5309 .
1271 5254 1643 5326 Cap.2et3.

356 5346 626 5416 Caput4.
708 5387 720 5399 .
803 5389 815 5401 .
898 5386 910 5399 .
995 5385 1007 5398 .
1089 5384 1102 5397 .
1185 5386 1197 5398 .
1276 5341 1682 5414 Cap.3et46.

360 5432 631 5504 Caput6.
712 5474 724 5487 .
806 5474 817 5488 .
902 5474 914 5487 .
997 5474 1009 5487 .
1090 5474 1103 5488 .
1184 5474 1197 5486 .
1280 5431 1418 5502 Cap.
1453 5432 1505 5487 4.

360 5521 630 5591 Caput7.
713 5562 724 5575 .
806 5564 817 5577 .
899 5562 910 5575 .
995 5563 1007 5575 .
1091 5561 1103 5576 .
1186 5559 1200 5574 .
1277 5519 1652 5590 Cap.7et8.

363 5610 552 5684 Caput
580 5615 635 5668 8.
714 5649 730 5666 .
809 5649 825 5668 .
903 5651 918 5670 .
999 5650 1014 5667 .
1093 5650 1107 5666 .
1189 5647 1204 5664 .
1281 5607 1419 5683 Cap.
1451 5612 1506 5683 8,
1539 5625 1655 5667 non
1686 5614 1899 5671 totum.

2088 3262 2373 3335 quissime
2405 3262 2999 3333 vexata,ethnicorum
3031 3278 3165 3317 vero
3192 3262 3729 3333 injustitia,depra~

2085 3354 2261 3417 vatio,
2307 3350 2639 3422 corruptela
2681 3354 2739 3406 et
2783 3349 3087 3422 religionis
3138 3351 3412 3422 pravitas,
3463 3349 3731 3421 nihilque

2090 3441 2365 3512 amplius.
2398 3444 2613 3495 Verum
2664 3440 2723 3495 in
2756 3440 3096 3510 Apotogetico
3152 3440 3273 3495 base
3331 3440 3568 3511 quidem
3601 3456 3728 3494 om-

2089 3530 2206 3596 nia,
2239 3533 2295 3585 et
2321 3529 2564 3599 insuper
2593 3528 2925 3584 Christianae
2956 3528 3256 3601 religionis
3306 3526 3634 3585 sanctitatis
3664 3544 3730 3583 ac

2087 3618 2320 3676 veritas.
2356 3618 2498 3684 Quis
2549 3633 2685 3689 ergo
2720 3634 2787 3672 ex
2818 3617 2927 3673 hac
2958 3618 3240 3674 horumce
3297 3618 3581 3674 librorum
3613 3615 3737 3673 col-

2089 3708 2306 3764 latione
2339 3722 2548 3778 negare
2580 3706 2792 3778 poterit
2832 3705 3067 3762 illorum
3122 3712 3536 3779 argumentum
3566 3704 3734 3776 longe

2091 3796 2322 3870 plenius
2363 3812 2428 3851 ac
2459 3794 2771 3867 perfectius
2800 3794 2860 3850 in
2882 3796 3238 3867 Apotogetico,
3263 3812 3444 3868 quam
3474 3796 3534 3852 in
3566 3793 3734 3851 libris

2091 3886 2163 3943 ad
2192 3886 2451 3942 Nationes
2480 3882 2760 3956 explicari
2792 3899 2858 3940 ac
2888 3884 3331 3941 demonstrari?

2685 4033 3002 4073 ARTICULUB
3038 4034 3139 4073 νη.

2095 4129 2171 4183 De
2210 4124 2478 4180 librorum
2508 4123 2578 4178 ad
2620 4124 2878 4179 Nationes
2928 4125 3131 4187 titulo;
3160 4141 3265 4181 cur
3306 4141 3341 4180 a
3394 4121 3735 4180 Tertulliano

2166 4198 2376 4267 scripti,
2408 4213 2441 4250 a
2470 4195 2663 4267 quibus
2694 4195 2890 4252 directi
2917 4198 3132 4266 fuerint
3162 4215 3175 4263 ;
3205 4196 3269 4252 de
3296 4197 3458 4251 unico
3510 4196 3740 4251 illorum

2168 4270 2545 4338 manuscripto
2576 4267 2776 4337 codice,
2806 4270 2981 4323 variis
3005 4267 3356 4338 editionibas,
3387 4283 3452 4323 ac
3478 4282 3739 4339 quorum-

2169 4341 2297 4396 dam
2322 4342 2379 4394 in
2405 4356 2496 4396 eos
2524 4341 2668 4396 notis
2695 4343 2746 4396 et
2773 4340 3262 4396 observationibus.

2172 4457 2551 4512 Observatum
2586 4472 2618 4511 a
2650 4455 2819 4510 nobis
2850 4454 2961 4509 fuit
2990 4454 3097 4509 hos
3126 4452 3306 4511 libros
3335 4455 3395 4511 in
3449 4454 3743 4527 Agobardi

2102 4546 2300 4602 codice
2330 4545 2569 4600 inscribi
2601 4544 2671 4599 ad
2700 4545 2960 4599 Nationes
2992 4543 3176 4615 (Supr.
3208 4542 3317 4598 hoc
3347 4560 3473 4616 cap.
3507 4548 3615 4600 art.
3648 4545 3741 4615 3);

2104 4637 2176 4690 ab
2209 4634 2557 4705 Hieronymo
2589 4638 2783 4688 autem
2817 4631 3099 4687 librorum
3131 4632 3206 4687 ad
3264 4630 3452 4688 Gentes
3506 4633 3746 4689 nomine

2107 4723 2292 4789 citari,
2325 4724 2425 4778 sed
2461 4722 2773 4793 utriusque
2802 4720 2961 4777 tituli
2993 4721 3258 4776 eamdem
3290 4737 3418 4778 esse
3447 4721 3747 4793 signiﬁca-

2105 4814 2347 4869 tionem.
2391 4811 2537 4877 Quia
2566 4815 2761 4866 tamen
2814 4810 2900 4865 illi
2948 4811 3019 4865 ad
3051 4826 3200 4881 quos
3257 4809 3318 4865 hi
3376 4810 3510 4867 libri
3541 4812 3747 4868 directi

2108 4906 2250 4957 sunt
2279 4900 2351 4955 ab
2382 4900 2510 4971 ipso
2540 4899 2903 4955 Tertulliano
2934 4899 3193 4955 Nationes
3242 4904 3343 4954 aut
3397 4901 3620 4957 miserae
3647 4907 3751 4957 aut

2106 4990 2434 5045 miserande
2472 4992 2723 5045 nationes
2753 4988 3145 5061 appellantur,
3194 4988 3329 5043 hinc
3378 4995 3531 5045 certe
3561 4989 3754 5061 potior

2108 5079 2335 5134 videtur
2386 5079 2623 5150 praafixa
2687 5081 2744 5133 in
2805 5077 3097 5150 Agobardi
3175 5078 3374 5134 codice
3444 5078 3751 5151 inscriptio

2111 5166 2378 5240 (Tertull.
2410 5167 2513 5223 lib.
2545 5184 2585 5238 ι,
2617 5168 2699 5223 ad
2727 5170 2853 5224 Nat.
2883 5183 3011 5237 cap.
3063 5167 3115 5234 1,
3149 5170 3206 5221 et
3252 5166 3354 5222 lib.
3402 5183 3466 5234 ιι,
3516 5183 3641 5240 cap.
3679 5167 3752 5239 1).

2184 5256 2432 5321 Quidam
2466 5260 2661 5311 autem
2695 5272 2763 5311 ex
2817 5254 2927 5309 hac
2981 5253 3301 5327 epigraphe
3357 5256 3550 5328 colligi
3584 5271 3755 5327 posse

2116 5350 2424 5401 autumant
2452 5345 2561 5401 hos
2586 5345 2767 5401 libros
2800 5344 2870 5398 ad
2904 5342 3269 5399 ethnicorum
3304 5345 3583 5417 populum
3632 5344 3753 5415 ple-

2115 5435 2366 5505 bemque
2406 5434 2679 5502 directos,
2740 5433 3147 5505 Apotogeticum
3197 5450 3331 5489 vero
3380 5432 3450 5489 ad
3490 5432 3755 5502 ipsorum

2118 5524 2523 5595 magistratus,
2548 5523 2781 5595 judices
2812 5538 2877 5577 ac
2926 5520 3241 5594 principes.
3284 5524 3358 5577 At
3387 5520 3458 5574 de
3486 5518 3595 5574 hoc
3626 5517 3756 5589 qui-

2120 5612 2253 5670 dem
2280 5613 2622 5687 Apotogetieo
2670 5614 2829 5670 certa
2879 5625 2971 5669 res
3002 5614 3058 5668 et
3086 5613 3249 5668 extra
3300 5605 3757 5667 controversiam
