4106 6178
434 303 550 363 855

955 307 1474 373 TERTULLIANI
1521 315 1844 376 OPERUM
1894 317 2087 376 PARS
2132 318 2181 375 l.
2217 349 2290 358 —
2331 315 2599 376 SERIES
2646 317 2690 388 Ι,
2746 318 3310 378 APOLOGETICA.

3698 316 3810 374 856

438 435 629 504 posita
659 440 764 489 est.
825 438 970 502 Quid
1030 445 1224 496 tamen
1283 444 1427 498 vetai
1487 446 1804 515 quominus
1863 448 1977 501 duo
2008 447 2076 500 ad
2105 452 2157 516 Α
2192 447 2268 501 sit
2299 447 2756 513 emendationes,
2786 464 3001 519 easque
3032 454 3087 503 et
3133 448 3276 503 alias
3323 447 3508 518 plures
3557 464 3589 500 a
3617 463 3698 512 se,
3729 447 3815 500 vel

439 524 693 582 Nationes
725 525 856 579 libri
890 530 1164 584 omnibus
1210 534 1447 587 omnino
1506 535 1774 600 ethnicis,
1812 553 1944 589 cum
1980 553 2076 606 po-

440 611 612 680 pulis,
648 617 770 668 tum
797 617 1099 683 judicibus
1132 626 1187 673 et
1219 623 1794 694 przesidibus,scripti
1823 626 2082 680 fuerint?

439 699 639 754 Nonne
679 702 737 756 in
789 704 872 758 eis
921 707 1315 764 Tertullianus
1368 728 1480 764 non
1532 713 1722 766 solum
1760 714 1814 766 in
1851 712 2079 783 plebem

438 788 743 858 gentilium
779 792 1089 860 invehitur,
1108 799 1206 852 sed
1237 800 1410 853 etiam
1447 801 1502 853 in
1529 801 1781 870 judices,
1817 803 1912 873 qui
1946 819 2078 856 con-

439 883 533 931 tra
582 882 982 952 praescriptam
1042 887 1334 956 arquitatis
1394 889 1706 960 legumque
1737 896 2079 945 cunctarum

443 966 690 1023 formam
734 968 1096 1028 Christianos
1147 976 1480 1032 indefensos
1530 983 1584 1032 et
1616 980 1914 1034 inauditos
1945 997 2082 1034 con-

443 1054 804 1112 demnabant
826 1060 852 1112 ?
882 1065 1082 1116 Nonne
1102 1079 1238 1134 ergo
1261 1064 1371 1120 dici
1408 1072 1595 1137 potest
1628 1068 2080 1132 Tertullianum,

443 1157 576 1196 cum
598 1144 744 1200 hanc
767 1147 1131 1205 ethnicorum
1152 1152 1504 1222 injustitiam
1525 1173 1936 1226 summamque
1958 1173 2084 1210 cru-

447 1230 745 1288 delitatem
779 1245 1058 1306 cerneret,
1106 1241 1210 1296 hos
1271 1242 1525 1312 primum
1563 1245 1631 1298 ad
1687 1247 1964 1308 Nationes,
2023 1246 2081 1300 id

443 1323 552 1389 est,
579 1337 962 1397 quoscunque
993 1329 1238 1399 gentiles
1273 1332 1550 1387 direxisse
1583 1333 1784 1400 libros,
1805 1339 1866 1388 ut
1895 1352 1994 1388 eos
2010 1337 2078 1388 ad

442 1410 757 1482 saniorem,
788 1414 836 1468 si
871 1416 992 1470 ﬁeri
1026 1424 1245 1487 posset,
1280 1426 1568 1475 revocaret
1599 1428 1849 1477 mentem
1875 1424 1900 1477 ?
1934 1426 2082 1478 773

443 1498 550 1551 Sed
585 1500 724 1570 quia
755 1502 898 1556 nihil
935 1510 1036 1558 aut
1070 1523 1274 1576 parum
1304 1514 1455 1562 certe
1478 1509 1815 1574 profecerat,
1849 1516 1974 1564 tum
2011 1511 2081 1563 ad

438 1585 668 1654 judices
727 1592 1076 1647 nominatim
1154 1596 1549 1666 praesidesque
1613 1615 1789 1652 suum
1851 1599 2084 1654 misisse

445 1677 864 1746 Apologetz'cum,
901 1699 1013 1752 quo
1048 1683 1176 1738 illos
1211 1686 1583 1755 compelleret
1615 1688 1686 1740 ad
1740 1688 2080 1741 examinan-

447 1764 580 1819 dam
613 1767 1074 1826 Christianorum
1109 1789 1369 1839 causam,
1405 1790 1473 1828 ne
1506 1791 1574 1828 ea
1628 1776 1893 1829 inaudita
1941 1792 2083 1829 con-

448 1852 794 1913 demnarent
843 1859 1202 1916 innocentes.
1257 1863 1467 1927 Quanti
1519 1880 1652 1918 vero
1696 1865 1780 1918 hm
1831 1864 2087 1920 rationes

451 1949 732 2003 momenti
767 1950 1241 2023 sint,expendant
1271 1952 1420 2023 aequi
1456 1969 1646 2007 rerum
1682 1954 2084 2019 aestimatores,

446 2051 511 2092 ao
541 2039 943 2108 pronuntient.

515 2144 700 2207 Quam
736 2146 903 2200 multi
929 2163 994 2201 ae
1027 2148 1358 2220 frequentes
1400 2148 1530 2204 libri
1579 2151 1929 2220 Apologetz'ci,
1965 2153 2083 2205 tam

441 2233 553 2287 rari
587 2238 726 2289 sunt
755 2235 962 2290 horum
993 2237 1069 2291 ad
1100 2239 1360 2293 Nationes
1383 2238 1661 2293 librorum
1695 2239 1922 2293 codices
1957 2255 2080 2293 ma-

441 2323 724 2394 nuscripti
755 2326 948 2397 (Supr.
987 2342 1110 2396 cap.
1146 2328 1202 2388 2,
1235 2327 1433 2396 art.i).
1472 2327 1688 2381 Unicus
1721 2327 1876 2381 enim
1911 2327 2080 2382 nobis

437 2417 725 2483 superest,
779 2431 950 2486 quem
1000 2415 1366 2486 Agobardus,
1418 2416 1500 2470 uti
1554 2416 1719 2470 aiunt
1749 2421 1806 2470 et
1847 2434 1878 2470 a
1910 2415 2078 2470 nobis

430 2500 552 2571 jam
588 2506 928 2557 annotatum
980 2508 1088 2569 est,
1142 2504 1616 2576 archiepiscopus
1669 2505 2078 2576 Lugdunensis

438 2590 507 2641 ad
544 2591 732 2645 sancti
764 2591 1040 2662 Stephani
1075 2595 1253 2648 altare
1285 2594 1592 2649 obtulerat.
1633 2593 1848 2649 Verum
1901 2596 2078 2650 codex

436 2675 532 2731 ille
585 2679 640 2732 in
696 2680 1064 2750 marginibus
1114 2682 1407 2753 plerisque
1455 2683 1535 2737 ita
1585 2683 1722 2753 situ,
1783 2683 2073 2754 squalore,

442 2769 543 2820 aut
574 2783 726 2839 aqua
755 2767 950 2838 pluvia
981 2775 1290 2843 corruptus
1321 2777 1428 2838 est,
1475 2777 1535 2826 ut
1565 2779 1833 2827 extremae
1895 2773 2074 2828 linea-

436 2870 568 2910 rum
597 2855 800 2911 littera:
832 2856 943 2929 legi
977 2859 1228 2931 amplius
1263 2867 1576 2932 nequeant.
1627 2862 1850 2932 Saepius
1883 2865 2075 2930 itaque

434 2943 760 3015 depravatis
803 2946 967 3014 locis,
1001 2949 1113 3004 nisi
1173 2951 1537 3006 emendatior
1589 2951 1767 3006 codex
1822 2952 2074 3022 reperia-

432 3036 548 3102 tur,
582 3036 804 3091 medica
836 3054 1047 3093 manus
1079 3039 1268 3094 afferri
1304 3057 1416 3096 non
1450 3046 1661 3112 potest,
1690 3058 1793 3096 nec
1817 3041 2073 3096 auctoris

430 3140 642 3180 sensus
672 3125 843 3196 plane
873 3128 1111 3199 percipi.

501 3217 563 3267 In
612 3216 788 3269 veteri
849 3221 1042 3271 autem
1106 3217 1201 3272 illo
1251 3219 1447 3272 codice
1505 3223 1690 3273 totum
1751 3235 1896 3290 Opus
1955 3235 2068 3274 uno

426 3305 647 3368 tenore,
676 3307 731 3357 et
763 3304 984 3375 absque
1015 3305 1132 3359 ulla
1163 3307 1420 3376 capitum
1454 3307 1735 3361 divisione
1767 3313 2066 3362 exaratum

427 3394 533 3442 est.
568 3390 677 3444 Sed
710 3391 968 3448 Jaeobus
997 3393 1385 3449 Gothofredus
1420 3394 1565 3448 illud
1601 3396 1657 3450 iu
1692 3396 1847 3450 varia
1878 3396 2069 3467 capita

427 3477 712 3546 distinxit,
748 3481 1363 3553 adjecitquelcapitum
1415 3490 1760 3555 argumenta
1807 3501 1871 3538 ac
1903 3501 2066 3539 sum-

430 3565 634 3620 maria.
668 3571 739 3622 At
789 3569 1094 3640 Rigaltius,
1130 3571 1219 3624 his
1278 3572 1536 3641 omissis,
1588 3574 1823 3628 retinuit
1881 3573 2064 3628 solam

428 3655 689 3725 capitum
726 3658 1182 3728 partitionem,in
1209 3663 1471 3732 margine
1498 3662 1621 3716 suis
1652 3663 1933 3718 duntaxat
1965 3681 2065 3718 nu-

431 3742 606 3797 meris
662 3743 1000 3800 indicatam.
1065 3747 1314 3802 Cuilibet
1376 3748 1574 3819 itaque
1627 3751 1917 3821 integrum
1979 3760 2067 3806 est

425 3829 596 3900 hanc,
631 3833 679 3887 si
732 3835 810 3888 ita
861 3835 1237 3904 judicaverit,
1285 3837 1720 3894 distinctionem
1782 3839 2062 3911 capitum,

422 3919 749 3993 horumque
772 3923 1084 3979 immutare
1115 3933 1481 3997 argumenta.

494 4028 772 4085 Omnium
829 4047 962 4086 vero
1013 4033 1242 4104 primus
1307 4033 1460 4088 idem
1510 4034 1897 4090 Gothofredus
1957 4035 2063 4091 hos

419 4115 625 4188 libros,
658 4137 811 4175 anno
855 4122 1012 4187 1625,
1072 4121 1219 4177 tales
1278 4123 1593 4195 separatim
1653 4125 1804 4196 typis
1858 4126 2061 4180 excudi

416 4208 661 4275 curavit,
695 4209 896 4281 quales
927 4211 983 4265 in
1019 4218 1338 4267 memorato
1385 4213 1675 4282 Agobardi
1712 4215 1908 4269 codice
1963 4216 2059 4270 de-

417 4296 616 4368 scripti
651 4302 809 4353 sunt.
843 4303 1053 4354 Postea
1081 4300 1363 4370 Rigaltius
1417 4300 1544 4356 illos
1593 4318 1725 4355 cum
1758 4301 1889 4357 aliis
1920 4304 2056 4357 'I‘er-

418 4384 649 4440 tulliani
689 4388 960 4459 operibus
993 4388 1484 4460 divulgavit,quos
1515 4393 1848 4462 septuagies
1880 4392 2058 4447 octies

418 4489 480 4528 se
511 4476 830 4532 correxisse
858 4483 1173 4534 asseverat.
1205 4481 1310 4535 Sed
1345 4484 1572 4548 gratum
1609 4481 1861 4550 profecto
1891 4482 2059 4536 nobis

418 4564 670 4634 fecisset,
703 4568 752 4624 si
784 4569 1060 4641 dignatus
1090 4571 1298 4626 fuisset
1325 4572 1515 4626 dicere
1540 4572 1694 4625 unde
1724 4571 1828 4626 has
1860 4588 2061 4627 omnes
2089 4556 2135 4620 Π

419 4655 804 4714 correctiones
835 4661 1140 4731 acceperit.
1175 4660 1398 4715 Etenim
1453 4661 1583 4715 illas
1628 4677 1741 4715 non
1789 4661 2061 4716 delibavit

417 4761 486 4800 ex
517 4747 687 4802 unico
733 4749 1023 4820 Agobardi
1071 4751 1286 4817 codice,
1339 4766 1536 4820 quem,
1589 4749 1809 4821 Optima
1864 4750 1976 4805 ﬁde
2025 4767 2058 4806 a

417 4832 771 4892 Gothofredo
824 4837 977 4908 typis
1034 4855 1336 4904 excusum,
1404 4839 1693 4910 ltigaltius
1752 4855 2054 4909 nunquam

413 4921 628 4994 legisse
659 4925 902 4980 videtur.
936 4926 1080 4980 Nam
1116 4936 1174 4981 ut
1208 4925 1374 4997 plura
1405 4932 1724 4993 taceamus,
1765 4927 1913 4982 inter
1935 4929 2055 4982 haec

413 5013 606 5080 verba,
638 5031 738 5068 suo
786 5016 1028 5069 amatori
1075 5015 1219 5085 apud
1253 5031 1359 5084 vos,
1418 5015 1513 5070 ille
1569 5031 1822 5072 va0uum
1882 5016 2052 5071 sicuti

411 5099 801 5157 Gothofredus
857 5103 1117 5174 spatium
1173 5104 1413 5175 reliquit
1488 5112 1769 5176 tanquam
1831 5104 2052 5175 aliquid

411 5187 641 5242 deesset
670 5191 936 5257 (Tertull.
997 5190 1096 5246 lib.
1160 5209 1199 5247 ιι
1255 5193 1328 5248 ad
1359 5195 1509 5261 Nat,
1545 5212 1670 5264 cap.
1707 5197 1810 5262 10).
1871 5196 1936 5248 At
1992 5194 2050 5247 in

408 5277 811 5350 manuscripto
843 5280 1040 5336 codice
1095 5281 1241 5336 nihil
1300 5283 1484 5349 deest,
1544 5288 1598 5338 et
1658 5283 1851 5338 omnia
1908 5299 2052 5337 sana

410 5367 584 5435 atque
616 5366 844 5440 integra
874 5375 1032 5425 sunt.
1066 5370 1190 5426 Non
1218 5371 1370 5426 hunc
1402 5372 1580 5444 igitur
1628 5372 1888 5427 codicem
1921 5389 2048 5443 per-

409 5451 699 5522 lustravit,
735 5459 834 5512 sed
868 5458 1052 5513 solam
1087 5461 1349 5530 ejusdem
1373 5460 1705 5515 Gothofredi
1737 5460 2050 5515 editionem

412 5543 494 5598 Ex
525 5544 700 5616 hujus
731 5547 927 5618 itaque
965 5549 1336 5620 conjecturis,
1393 5566 1567 5619 quam
1621 5549 1679 5604 in
1742 5551 1896 5604 notis
1925 5551 2051 5606 suis

414 5635 680 5692 consulto
713 5639 1023 5709 adjecerat,
1058 5639 1163 5695 has
1192 5638 1495 5710 Bigaltius,
1528 5655 1674 5710 quas
1705 5639 2050 5708 vocat,hau-

2191 537 2355 600 bene,
2392 536 2475 590 vel
2510 538 2724 606 saepius
2758 537 2906 592 male
2939 539 3314 608 excogitatas,
3366 537 3420 589 in
3469 541 3685 588 textum
3720 535 3817 587 ho-

2192 627 2718 689 rumcelibrorum,
2759 626 2995 696 perinde
3032 643 3096 681 ac
3143 627 3195 681 si
3245 626 3334 680 sui
3385 629 3598 692 essent,
3652 625 3825 677 auda-

2191 719 2310 767 cter
2339 715 2594 768 intrusit.
2640 715 2900 783 Longius
2947 732 3087 768 sane
3119 717 3263 769 t'oret
3295 714 3426 768 illas
3481 728 3682 768 omnes
3737 712 3825 766 hic

2192 802 2485 868 exhibere,
2520 820 2667 873 quas
2705 821 2856 857 unus
2885 820 2950 857 ex
2986 804 3200 858 nostris
3231 819 3361 856 cum
3396 817 3542 855 nova
3589 817 3821 869 cperam

2193 891 2536 945 Tertulliani
2570 892 2823 946 editione
2848 896 3264 963 repraesentare
3313 890 3430 944 scio
3491 889 3824 942 meditatur.

2193 979 2396 1034 Plures
2427 985 2643 1047 tamen,
2677 997 2803 1051 quae
2838 981 3078 1050 majoris
3111 979 3393 1035 momenti
3432 985 3593 1042 sunt,
3625 994 3824 1047 oppor-

2193 1067 2409 1122 tuniori
2445 1068 2567 1123 loco
2599 1070 2752 1123 infra
2783 1068 3134 1124 notabimus.
3163 1068 3240 1122 De
3273 1071 3568 1138 postrema
3599 1065 3824 1120 tandem

2195 1157 2401 1212 horum
2438 1157 2716 1212 librorum
2753 1159 3031 1221 editione,
3065 1174 3098 1211 a
3128 1156 3308 1211 Priori
3352 1155 3654 1216 adornata,
3689 1153 3824 1206 nihil

2195 1247 2360 1301 nobis
2394 1246 2645 1316 amplius
2686 1247 2998 1301 dicendum
3031 1245 3327 1316 suppetit;
3364 1242 3826 1314 quandoquidem

2195 1334 2292 1390 ille
2326 1335 2713 1405 Rigaltianam
2748 1333 2881 1387 κατὰ
2910 1331 3080 1394 πόδας
3115 1339 3350 1388 secutus
3380 1338 3488 1387 est.

2263 1424 2348 1476 Ab
2381 1423 2469 1477 his
2502 1440 2692 1493 porro,
2727 1441 2875 1494 quos
2908 1423 3136 1478 illorum
3170 1422 3239 1476 ad
3271 1421 3526 1476 Nationes
3557 1419 3828 1473 librorum

2193 1511 2548 1566 editionibus
2581 1513 2882 1582 praefectos
2918 1511 3393 1572 memoravimus,
3430 1509 3663 1579 scriptae
3701 1514 3826 1562 sunt

2194 1599 2251 1653 in
2285 1600 2414 1654 illos
2446 1606 2592 1656 notas
2624 1605 2679 1655 et
2709 1601 3163 1655 observationes.
3208 1599 3606 1654 Gothofredus
3650 1602 3829 1649 autem

2195 1688 2391 1758 plures
2424 1706 2596 1757 quam
2634 1689 2731 1743 alii
2783 1689 2984 1753 edidit,
3033 1690 3245 1758 quibus
3291 1688 3506 1741 menda
3543 1685 3755 1739 librarii
3785 1691 3833 1738 et

2201 1777 2542 1832 Tertulliani
2589 1780 2782 1846 verba,
2832 1777 3064 1832 tametsi
3129 1777 3484 1847 quandoque
3536 1791 3648 1828 non
3705 1775 3834 1827 adeo

2198 1867 2466 1933 obscura,
2495 1867 2939 1937 explanare,aut
2972 1865 3266 1920 similibus
3289 1864 3477 1935 ipsius
3515 1868 3572 1917 et
3595 1862 3828 1917 aliorum

2198 1954 2368 2008 dictis
2401 1956 2743 2009 conﬁrmare
2792 1956 2941 2008 774
2985 1954 3211 2024 nititur.
3263 1951 3580 2006 Pauciores
3623 1967 3752 2005 vero
3798 1967 3828 2004 a

2198 2043 2445 2112 ltigaltio
2480 2059 2638 2097 more
2679 2049 2967 2112 modoque
3009 2059 3138 2108 suo,
3187 2042 3257 2095 de
3306 2058 3418 2111 quo
3465 2038 3617 2095 satis
3663 2055 3829 2109 supra

2194 2132 2465 2197 diximus,
2497 2131 2724 2203 scripta:
2759 2137 2917 2196 sunt,
2952 2147 3100 2201 quas
3132 2129 3386 2184 Priorius
3431 2128 3663 2184 curavit
3689 2127 3829 2198 typis

2194 2221 2412 2283 recudi,
2446 2223 2646 2291 eisque
2675 2237 2849 2274 unam
2885 2236 2952 2273 ex
2991 2218 3273 2282 Pamelio,
3302 2223 3359 2274 et
3412 2217 3565 2272 alias
3616 2215 3828 2286 preprio

2190 2310 2424 2380 ingenio
2456 2309 2688 2380 adjecit.
2725 2308 2934 2374 Quanti
2965 2312 3159 2363 autem
3194 2308 3316 2362 sint
3362 2306 3673 2374 momenti,
3717 2322 3829 2360 eru-

2190 2399 2294 2452 diti
2329 2398 2434 2452 viri
2469 2415 2579 2453 non
2614 2397 2792 2453 semel
2830 2397 3311 2469 pronuntiarunt.

2847 2541 3074 2596 CAPUT
3111 2543 3172 2594 V.

2479 2634 2553 2688 De
2587 2633 2915 2687 Tertulliani
2946 2632 3087 2686 libro
3118 2631 3188 2685 ad
3219 2630 3540 2702 Scapulam.

2585 2763 3034 2802 ARTICULUS
3111 2762 3433 2801 PRIMUS.

2683 2838 2939 2907 Analysix
2980 2836 3145 2906 huth
3179 2835 3329 2889 libri.

2258 2972 2495 3027 Librum
2529 2971 2683 3025 hunc
2742 2971 2861 3025 sive
2921 2970 3115 3040 potius
3173 2968 3509 3040 supplicem
3570 2965 3819 3022 libellum

2183 3061 2577 3115 'l‘ertullianus
2606 3059 2677 3113 ad
2703 3059 2997 3130 Scapulam
3029 3057 3230 3112 Africae
3278 3055 3693 3127 proconsulem
3739 3054 3817 3108 di-

2185 3151 2350 3216 rexit,
2384 3166 2498 3218 quo
2530 3165 2686 3215 eum,
2716 3148 2763 3202 si
2797 3147 2918 3201 ﬁeri
2955 3163 3211 3214 unquam
3262 3150 3518 3216 poterat,
3577 3161 3610 3198 a
3665 3141 3816 3196 Chri-

2182 3237 2390 3292 stianis
2422 3242 2620 3292 contra
2643 3236 2744 3306 jus
2773 3252 2946 3290 omne
2995 3241 3050 3289 et
3079 3235 3165 3288 fas
3195 3233 3608 3288 excruciandis
3637 3247 3818 3286 excar-

2180 3326 2607 3396 niﬁcandisque
2643 3326 2960 3379 deterreret
2989 3322 3254 3394 (Tertull.
3311 3321 3414 3376 lib.
3473 3321 3553 3375 ad
3609 3319 3814 3391 Scapul.

2178 3433 2305 3486 cap.
2343 3419 2411 3486 1).
2448 3415 2708 3468 Primum
2741 3419 2937 3468 autem
2989 3412 3245 3467 declarat
3291 3411 3449 3464 hunc
3495 3409 3757 3464 libellum
3785 3426 3815 3462 a

2178 3523 2239 3560 se
2269 3509 2579 3575 scriptum,
2629 3521 2742 3558 non
2794 3503 2947 3573 quod
2996 3500 3364 3569 Christianis,
3414 3498 3709 3572 supplicia
3737 3497 3816 3551 lu-

2177 3595 2334 3649 benti
2367 3600 2423 3647 et
2453 3592 2628 3648 alacri
2670 3594 2863 3646 animo
2910 3590 3359 3662 perferentibus,
3411 3589 3673 3657 timeret,
3725 3587 3814 3640 sed

2175 3683 2497 3755 gentilibus
2548 3682 2784 3736 illorum
2831 3679 3103 3745 inimicis,
3166 3696 3312 3749 quos
3383 3676 3472 3732 vel
3539 3677 3648 3732 hoc
3700 3674 3813 3730 solo

2177 3771 2412 3826 nomine
2445 3770 2709 3840 diligere,
2770 3785 2834 3824 ac
2885 3785 2987 3839 pro
3041 3769 3125 3822 eis
3183 3772 3365 3822 Deum
3416 3783 3591 3821 orare
3643 3765 3808 3819 iidem

2173 3861 2486 3916 Christiani
2519 3860 2888 3914 tenebantur.
2919 3857 3307 3921 Quamobrem
3339 3855 3522 3910 ofﬁcii
3571 3854 3660 3910 sui
3692 3868 3809 3908 esse

2174 3951 2339 4006 duxit
2371 3949 2562 4019 palam
2611 3948 2886 4002 omnibus
2937 3948 3125 4001 facere
3182 3946 3531 4000 innocentes
3581 3942 3806 3999 omnino

2173 4056 2300 4095 esse
2333 4038 2716 4103 Christianos,
2742 4053 2806 4091 ac
2837 4035 3085 4108 gentiles
3113 4035 3172 4089 in
3205 4034 3310 4090 hoc
3343 4034 3467 4105 ipso
3503 4033 3810 4089 criminum

2171 4145 2380 4200 genere
2413 4144 2611 4181 revera
2640 4126 2953 4191 offendere,
3003 4128 3060 4180 in
3105 4140 3220 4195 quo
3252 4122 3382 4178 illos
3434 4122 3589 4177 falso
3637 4133 3813 4190 repre-

2171 4217 2524 4273 bendebanL

2242 4307 2366 4361 Non
2398 4305 2634 4359 ﬁctitios
2686 4303 2980 4374 siquidem
3013 4303 3174 4368 deos,
3227 4302 3376 4357 sicut
3427 4298 3544 4368 illi,
3597 4297 3805 4364 colunt,

2169 4397 2269 4452 sed
2299 4411 2498 4450 verum
2536 4394 2897 4463 unicumque
2927 4397 3132 4460 Deum,
3165 4406 3337 4462 quem
3382 4404 3594 4443 omnes
3652 4393 3810 4442 natu-

2167 4485 2365 4540 raliter
2395 4487 2849 4553 cognoscunt,ac
2880 4487 3170 4536 verentur.
3195 4478 3513 4536 Christiani
3545 4478 3718 4547 igitur
3744 4475 3809 4530 ad

2168 4574 2350 4630 alium
2383 4572 2686 4628 colendum
2721 4570 2848 4641 cogi
2881 4587 2996 4625 non
3041 4570 3288 4636 debent;
3337 4565 3807 4638 quandoquidem

2169 4662 2470 4734 religionis
2505 4679 2617 4716 non
2650 4664 2739 4716 est
2768 4676 2968 4727 cogere
3002 4658 3360 4727 religionem.
3405 4655 3610 4727 Neque
3643 4654 3806 4709 etiam

2168 4753 2502 4823 quicunque
2537 4750 2838 4821 ﬁnguntur
2870 4748 2969 4814 dii,
3004 4754 3252 4818 possunt
3277 4747 3346 4801 ab
3388 4744 3588 4798 invitis
3639 4740 3815 4798 sacri-.

2166 4841 2297 4894 ﬁcia
2338 4840 2687 4894 desiderare.
2741 4837 3062 4907 lmpietatis
3111 4836 3307 4906 itaque
3355 4839 3458 4890 aut
3498 4831 3803 4900 sacrilegii,

2165 4935 2266 4983 aut
2317 4929 2472 4994 furti,
2525 4932 2626 4982 aut
2671 4924 2977 4980 seditionis
3029 4924 3364 4988 Christiani,
3414 4922 3554 4976 deos
3629 4919 3807 4975 colere

2164 5021 2521 5080 recusantes,
2573 5013 2745 5086 plane
2809 5013 3105 5068 immerito
3157 5015 3527 5067 accusantur.
3581 5004 3800 5064 Ethnici

2163 5123 2296 5162 vero
2347 5106 2586 5176 impune
2645 5101 2962 5173 spoliantes
3013 5103 3256 5157 deorum
3305 5115 3545 5155 suorum
3593 5093 3800 5166 templa

2162 5194 2295 5249 illos
2331 5196 2716 5249 contemnunt
2746 5207 2811 5246 ac
2844 5189 3128 5245 derident.

2235 5283 2380 5349 Quid
2414 5299 2565 5347 vero,
2603 5281 2756 5352 quod
2791 5279 2848 5333 hi
2882 5277 2991 5334 soli
3021 5279 3079 5333 in
3112 5277 3462 5344 Albinianis,
3513 5271 3800 5345 Nigrianis

2162 5379 2218 5430 et
2248 5372 2540 5428 Casianis
2571 5368 2958 5426 seditionibus
3001 5384 3066 5422 eo
3110 5367 3239 5440 ipso
3289 5373 3550 5437 tempore
3595 5357 3800 5433 reperti

2161 5468 2320 5530 sunt,
2353 5461 2450 5531 qui
2472 5477 2572 5531 per
2603 5459 3019 5529 imperatorum
3045 5457 3329 5526 jurabant
3356 5455 3576 5525 genios,
3611 5456 3668 5505 et
3702 5463 3798 5519 pro

2161 5567 2362 5607 eorum
2397 5549 2584 5604 salute
2608 5545 2998 5602 immolabant
3027 5545 3274 5612 hostias,
3308 5549 3365 5600 et
3394 5539 3682 5600 sacriﬁcia
3725 5536 3797 5590 fa-

2162 5640 2412 5695 ciebant.
2441 5640 2513 5693 At
2542 5635 2858 5694 Christiani
2906 5633 3130 5691 nullius
3162 5634 3335 5707 plane
3392 5633 3590 5689 hostes
3639 5629 3793 5692 sunt,
