4106 6178
235 368 348 429 857

235 499 448 555 nedum
506 498 876 569 imperatoris
902 540 916 564 ,

238 588 449 655 sciunt,
482 594 540 643 et
569 588 784 642 idcirco
816 588 1041 643 sincere
1078 587 1715 660 honorant,voluntque
1746 606 1881 644 cum

236 682 351 731 toto
384 677 645 731 Romano
678 676 924 747 imperio
956 676 1179 731 salvum
1218 694 1347 732 esse
1396 684 1453 732 et
1498 676 1877 733 incolumem.

237 765 355 819 Non
382 766 689 836 gentilium
714 769 909 819 tamen
943 782 1102 820 more
1132 764 1299 819 illum
1333 770 1699 833 venerantur,
1750 772 1884 820 tan-

238 870 408 923 quam
444 854 643 921 deum,
679 854 780 908 sed
814 852 953 923 quia
984 852 1149 909 falsis
1182 854 1461 909 omnibus
1492 856 1607 910 diis
1639 861 1727 910 est
1758 872 1883 909 ma-

228 943 340 1011 jor,
373 941 682 1013 minorque
712 941 835 997 solo
865 958 1001 997 vero
1060 942 1201 1008 Deo,
1265 958 1442 1013 quem
1504 943 1720 998 idcirco
1778 960 1880 1014 pro

236 1030 391 1086 illius
416 1030 605 1087 salute
636 1030 981 1103 quotidiano
1016 1047 1253 1101 precum
1287 1032 1573 1087 sacrificio
1618 1037 1880 1087 exorant.

236 1119 515 1175 Caeterum
552 1119 785 1175 tametsi
818 1118 1074 1175 maxima
1104 1121 1182 1175 sit
1209 1120 1549 1176 eorumdem
1601 1120 1881 1177 Christia-

235 1225 441 1264 norum
502 1208 840 1274 multitudo,
898 1209 1117 1279 singuli
1168 1208 1558 1264 nihilominus
1589 1209 1684 1264 vix
1715 1210 1883 1265 aliter

230 1304 641 1367 agnoscuntur,
673 1314 851 1369 quam
885 1298 1193 1362 modestia,
1227 1298 1461 1353 silentio
1488 1315 1555 1354 ac
1598 1299 1881 1371 pristino-

234 1401 362 1439 rum
396 1385 676 1440 vitiorum
710 1385 1122 1440 emendatione
1153 1386 1300 1457 (cap.
1333 1386 1412 1457 2).

300 1513 416 1569 Nec
447 1514 706 1586 inquieto
748 1520 847 1570 aut
878 1516 1207 1587 impatienti
1240 1516 1435 1572 animo
1465 1517 1721 1589 irrogata
1771 1520 1881 1574 sibi

233 1605 301 1657 ab
362 1604 639 1673 ethnicis,
701 1604 782 1659 ait
838 1604 1258 1671 Tertullianus,
1322 1608 1513 1661 ferunt
1570 1607 1877 1679 supplicis,

233 1709 475 1762 quorum
512 1694 692 1748 aDeo
752 1698 1092 1765 exspectant
1150 1694 1455 1750 ultionem.
1516 1696 1622 1751 Sed
1680 1697 1882 1753 dolent

232 1782 436 1853 utique
454 1783 579 1852 jam
617 1783 921 1853 praemissa
956 1783 1137 1839 fuisse
1173 1784 1331 1839 illius
1356 1786 1474 1853 jam
1514 1785 1879 1842 imminentis

225 1871 471 1940 judicia,
532 1888 754 1928 messes
812 1872 1113 1938 nimirum,
1168 1873 1460 1928 Hilariano
1521 1891 1707 1946 nuper
1738 1867 1959 1946 pra-B

232 1960 375 2029 side,
424 1962 696 2027 amissas,
756 1962 971 2017 nimios
1032 1968 1089 2017 et
1147 1962 1583 2033 intempestivos
1639 1963 1877 2019 imbres.

232 2048 395 2120 ignes
428 2053 745 2105 nocturnos
778 2067 956 2122 super
985 2050 1353 2122 Carthaginis
1383 2052 1600 2107 mania
1630 2054 1881 2124 penden-

234 2140 337 2204 tes,
374 2136 640 2193 tonitrua
670 2138 928 2205 insolita,
962 2144 1136 2210 atque
1168 2139 1686 2195 extraordinariam
1720 2158 1879 2212 pror-

231 2241 328 2281 sus
359 2226 502 2281 solis
533 2226 938 2282 defectionem.
984 2227 1266 2299 Vigellius
1316 2246 1449 2283 vero
1499 2229 1876 2297 Saturninus,

229 2315 325 2385 qui
386 2316 614 2387 primus
673 2315 731 2369 in
794 2316 980 2371 Africa
1036 2316 1399 2372 Christianos
1444 2319 1588 2373 775
1624 2318 1872 2372 interfici

218 2404 499 2473 jusserat,
534 2404 834 2459 oculorum
870 2404 1090 2460 lumine
1121 2406 1379 2476 privatus
1410 2411 1517 2461 est.
1553 2406 1614 2461 In
1650 2408 1873 2477 Cappa-

227 2493 389 2547 docia
422 2509 658 2565 quoque
688 2492 1049 2549 Claudianus
1081 2494 1495 2550 Herminianus
1537 2499 1696 2565 peste
1751 2512 1875 2550 ver-

227 2583 539 2655 mibusque
590 2582 1015 2639 ebullientibus
1075 2584 1236 2649 obiit,
1270 2584 1499 2639 etiamsi
1534 2600 1663 2639 sera
1693 2584 1869 2640 nimis

226 2672 566 2742 paenitentia
595 2672 964 2728 Christianus
997 2690 1142 2743 pene
1166 2674 1354 2727 factus
1379 2673 1872 2744 fuisset.Denique

224 2761 485 2816 Cacilius
516 2761 750 2834 Capella
780 2778 909 2816 cum
957 2764 1015 2816 in
1036 2764 1190 2817 exitu
1215 2762 1334 2816 sive
1356 2762 1529 2816 exitio
1552 2761 1869 2834 Byzantino

223 2850 572 2905 Christianis
604 2850 941 2906 insultando
991 2851 1375 2906 exclamasset
1408 2868 1421 2905 :
1458 2851 1709 2916 Gaudete,
1758 2849 1870 2904 im-

226 2940 518 3009 pudentia
577 2939 1055 3012 crudelitatisque
1086 2957 1203 2995 sua
1233 2956 1433 3011 panes
1463 2939 1652 2994 solvit.
1685 2939 1739 2992 Si
1772 2938 1870 3009 qui

223 3044 352 3081 vero
386 3028 685 3098 ejusmodi
720 3029 999 3100 praesides
1031 3029 1269 3099 impune
1300 3032 1626 3096 evaserunt,
1663 3026 1869 3082 ultimo

220 3114 573 3188 Deijudicio
608 3118 947 3189 punientur.
981 3118 1243 3189 Scapula
1301 3132 1460 3189 ergo,
1520 3116 1713 3187 inquit
1772 3132 1871 3170 au-

220 3209 338 3259 ctor
394 3210 619 3275 noster,
677 3207 807 3262 ideo
845 3211 969 3262 erat
993 3206 1343 3273 timendum,
1378 3206 1516 3277 quia
1535 3205 1869 3261 Adrumeti-

218 3309 347 3349 cum
383 3295 689 3350 Mavillum
725 3295 896 3366 paulo
928 3300 1061 3350 ante
1104 3295 1248 3349 illud
1308 3293 1546 3349 exitium
1603 3293 1869 3365 Byzanti-

218 3400 356 3438 num
388 3384 466 3439 ad
500 3384 720 3439 bestias
750 3385 1133 3439 damnaxerat
1162 3385 1309 3455 (cap.
1342 3384 1419 3455 3).

282 3518 445 3573 Serio
478 3520 673 3571 tamen
707 3516 873 3571 illum
907 3518 1183 3572 admonet
1226 3515 1349 3571 hac
1407 3532 1441 3571 a
1498 3532 1560 3570 se
1608 3531 1869 3570 comme-

216 3606 429 3661 morari
495 3622 609 3660 non
669 3613 976 3677 propterea
1035 3606 1271 3676 quidem
1304 3605 1460 3676 quod
1492 3604 1617 3675 ipse
1648 3603 1868 3675 aliquid

217 3694 514 3763 formidet,
548 3698 647 3748 aut
680 3698 745 3748 ut
785 3694 1057 3748 eumdem
1107 3692 1415 3764 Scapulam
1466 3696 1713 3760 terreat;
1764 3692 1865 3747 sed

217 3784 350 3853 quia
407 3782 538 3836 vult
596 3798 799 3837 omnes
859 3781 1051 3837 salvos
1109 3782 1257 3836 fieri.
1304 3782 1667 3851 Quapropter
1696 3779 1863 3834 illum

216 3872 587 3939 adhortatur,
622 3876 686 3926 ut
712 3888 933 3928 morem
964 3876 1129 3944 gerat
1161 3870 1411 3943 legibus,
1458 3886 1583 3940 qua
1635 3868 1863 3923 nullum

216 3979 398 4032 reum,
467 3961 580 4015 nisi
637 3961 887 4017 crimina
918 3961 1276 4029 confessum,
1311 3962 1411 4014 aut
1440 3973 1639 4013 earum
1670 3956 1863 4012 convi-

214 4056 365 4106 ctum
402 4051 579 4123 plecti
612 4050 973 4121 pracipiunt.
1025 4049 1301 4119 Exempla
1360 4047 1569 4103 deinde
1627 4046 1679 4101 ei
1737 4063 1865 4117 pro-

214 4143 374 4210 ponit
434 4138 621 4194 Cincii
680 4138 897 4207 Severi,
958 4137 1266 4210 Vespronii
1324 4134 1591 4201 Candidi,
1636 4134 1862 4206 Asperi,

211 4228 523 4297 Pudentis,
557 4226 656 4298 qui
687 4226 1029 4282 innocentes
1062 4225 1423 4281 Christianos
1476 4224 1865 4279 condemnare

211 4318 551 4373 noluerunt.
613 4316 914 4381 Quomodo
969 4318 1164 4369 autem
1198 4313 1304 4369 hos
1334 4313 1690 4381 imitaretur,
1726 4328 1864 4385 sugâ€”

212 4422 408 4479 gerere
440 4406 499 4462 ei
532 4410 799 4477 poterant
829 4404 1112 4473 advocati,
1146 4402 1363 4475 quibus
1394 4402 1712 4457 Christiani
1746 4418 1863 4457 non

212 4497 460 4552 minima
496 4512 636 4550 sane
690 4495 974 4550 beneficia
1031 4492 1421 4548 contulerant.
1484 4492 1608 4546 Non
1668 4490 1862 4545 solum

212 4586 363 4641 enim
422 4586 720 4656 ejecerant
780 4581 1068 4637 damonia
1119 4597 1189 4635 ex
1246 4580 1479 4636 illorum
1526 4578 1777 4643 notario,
1810 4581 1941 4662 etD

213 4673 319 4730 alio
365 4688 579 4731 eorum
639 4672 989 4745 propinquo,
1045 4671 1147 4726 sed
1206 4669 1351 4725 alios
1409 4669 1584 4725 etiam
1642 4666 1865 4723 morbis

213 4764 460 4819 afï¬‚ictos
499 4759 850 4817 mirabilitor
882 4763 1250 4816 sanaverant.

277 4888 431 4952 Quin
466 4886 646 4943 etiam
693 4886 937 4941 Severus
985 4885 1323 4955 imperator,
1371 4880 1651 4936 Antonini
1697 4879 1862 4936 Chri-

210 4978 399 5033 stiano
502 4975 654 5031 lacte
710 4973 940 5030 educati
998 4976 1181 5044 pater,
1241 4987 1375 5026 cum
1423 4968 1563 5025 olim
1594 4968 1866 5023 similiter

211 5072 416 5121 senatu
516 5064 725 5119 fuisset
779 5065 935 5128 oleo,
997 5062 1151 5134 quod
1211 5059 1490 5117 Proculus
1545 5058 1863 5128 Torpacien

208 5154 613 5223 Christianus,
670 5152 945 5207 Euhodia
1004 5154 1368 5223 procurator,
1429 5148 1685 5214 dederat,
1745 5162 1863 5201 non

208 5245 375 5299 modo
438 5260 579 5298 eum
640 5242 711 5297 ad
752 5245 999 5297 mortem
1036 5254 1223 5311 usque
1253 5239 1313 5293 in
1343 5236 1552 5310 palatio
1585 5252 1690 5291 suo
1723 5234 1863 5291 reti-

207 5334 351 5401 nuit,
411 5330 516 5387 sed
570 5331 913 5385 clarissimas
966 5330 1211 5400 feminas
1240 5336 1292 5383 et
1323 5326 1662 5381 clarissimos
1696 5327 1859 5395 viros,

208 5420 553 5477 Christiana
587 5418 884 5490 religionis
935 5417 1139 5472 itidem
1195 5420 1510 5472 sectatores
1560 5431 1860 5485 nunquam

208 5508 372 5575 lasit,
406 5508 745 5579 rcstititque
776 5505 989 5578 populo
1019 5505 1077 5560 in
1111 5505 1477 5561 Christianos
1527 5502 1720 5575 palam
1773 5504 1861 5559 fu-

208 5599 374 5655 renti.
441 5597 682 5653 Marcus
740 5611 971 5667 quoque
1002 5592 1271 5650 Aurelius
1296 5594 1356 5649 in
1388 5592 1735 5649 Germanica
1765 5609 1860 5649 ex-

210 5687 512 5758 peditione
541 5685 813 5755 imbrem,
845 5682 1119 5741 exercitui
1150 5699 1257 5740 suo
1303 5682 1539 5755 penitus
1588 5697 1861 5740 necessa-

790 366 869 426 IN
910 365 1210 429 LIBRUM
1253 369 1354 428 AD
1400 366 1814 430 SCAPULAM
1859 370 1930 427 D.
1979 367 2073 427 LE
2117 367 2441 430 NOURRY
2490 368 3037 431 DISSERTATIO.

990 516 1163 572 quem
1223 518 1256 555 a
1314 504 1427 557 Deo
1485 502 1872 557 constitutum
1903 505 1957 569 Î‘
1988 499 2163 567 rium,
2196 499 2532 570 impetravit
2562 502 2833 571 precibus
2898 499 3381 567 Christianorum,
3433 499 3531 568 qui
3583 500 3641 552 et

3518 365 3639 426 858

1993 586 2139 642 alios
2170 589 2229 642 in
2263 606 2399 644 casu
2433 590 2613 644 simili
2642 592 3039 645 obtinuerant.

2066 677 2213 740 Quid
2246 694 2382 749 ergo
2427 678 2714 750 iniquius,
2767 696 2941 748 quam
2988 678 3197 750 jubere
3255 676 3637 743 Christianos,

1991 766 2257 821 sedulam
2292 766 2589 824 virtitibus
2622 768 2901 823 omnibus
2938 783 3173 838 operam
3205 770 3503 827 navantes,
3526 781 3641 819 non

1993 860 2225 909 tantum
2286 856 2501 926 gladio,
2538 858 3035 927 quemadmodum
3068 874 3101 910 a
3124 853 3369 925 legionis
3400 858 3456 906 et
3486 854 3641 908 Mau-

1992 942 2217 998 ritania
2250 946 2619 1016 praesidibus,
2653 962 2721 1000 ex
2760 951 3023 1001 veterum
3055 944 3252 1016 legum
3304 943 3640 1013 prascripto

1992 1032 2172 1098 feriri,
2207 1035 2309 1087 sed
2339 1033 2499 1089 vivos
2530 1034 2705 1089 etiam
2737 1033 3001 1089 comburi
3027 1036 3049 1087 Î¡
3080 1036 3293 1086 Verum
3325 1028 3642 1085 Tertullia-

1992 1139 2103 1178 nus
2162 1124 2355 1195 palam
2416 1126 2723 1195 profitetur
2755 1124 2878 1181 hac
2908 1122 3201 1195 supplicia
3230 1138 3263 1176 a
3294 1119 3643 1175 Christianis

1993 1211 2182 1281 magis
2213 1214 2450 1283 (aptari,
2512 1229 2687 1284 quam
2748 1212 2961 1267 timeri.
3022 1212 3163 1266 Cum
3224 1210 3380 1265 enim
3436 1208 3639 1263 Arrius

1988 1300 2319 1355 Antoninus
2378 1302 2433 1355 in
2492 1318 2591 1356 eos
2652 1301 2952 1355 crudelius
3000 1300 3243 1364 saviret,
3277 1297 3639 1353 omnibusin

1989 1388 2137 1444 Asia
2168 1390 2396 1444 civitate
2427 1407 2555 1445 sese
2582 1390 2663 1444 illi
2695 1390 2849 1444 ultro
2878 1388 3258 1445 offerentibus
3291 1387 3591 1457 respondit
3623 1402 3638 1440 :

1992 1499 2020 1527 Â«
2052 1478 2109 1531 Si
2138 1477 2312 1532 vultis
2336 1478 2543 1549 perire,
2580 1478 2901 1549 pracipitia
2932 1484 3033 1532 aut
3090 1478 3257 1530 funes
3317 1474 3570 1529 habetis.
3608 1494 3637 1521 Â»

1992 1567 2135 1631 Quid
2172 1567 2351 1638 igitur
2379 1566 2629 1637 Scapula
2662 1569 2832 1622 faciet
2863 1564 3188 1620 innumeris
3218 1563 3639 1635 propemedum

1991 1655 2340 1711 Christianis
2397 1654 3000 1725 Carthaginensibus,
3061 1654 3202 1724 quid
3270 1653 3361 1706 sui
3416 1652 3640 1707 ordinis

1991 1744 2351 1811 hominibus,
2385 1745 2522 1815 quid
2558 1744 2901 1815 propinquis
2932 1748 2988 1797 et
3019 1742 3246 1810 amicis,
3280 1740 3380 1811 qui
3431 1746 3639 1809 sponte

1991 1849 2098 1887 sua
2129 1850 2255 1888 sese
2289 1833 2369 1887 illi
2403 1834 2693 1888 necandos
2726 1832 3013 1887 offerent?
3045 1831 3435 1896 Quamobrem
3468 1828 3637 1883 illum

1990 1920 2259 1976 hortatur
2283 1927 2345 1976 ut
2372 1927 2571 1993 pareat
2602 1922 2941 1991 Carthagini
2972 1926 3029 1973 et
3080 1918 3404 1991 provincia,
3460 1934 3636 1987 quam

1991 2010 2247 2064 militum
2281 2016 2338 2064 et
2368 2010 2741 2064 inimicorum
2793 2008 3284 2063 concussionibus
3328 2004 3637 2061 obnoxiam

1987 2097 2308 2153 fecit.Deus
2339 2099 2496 2153 enim
2524 2098 2684 2153 solus
2716 2102 2806 2153 est
2831 2096 3305 2153 Chriatianorum
3341 2093 3642 2165 magister,

1988 2187 2085 2257 qui
2114 2186 2465 2257 anteipsum
2498 2192 2642 2253 erat,
2678 2202 2780 2241 nec
2814 2186 2885 2240 ab
2939 2184 3279 2239 hominibus
3335 2182 3475 2237 mali
3532 2183 3638 2237 ali-

1986 2275 2124 2346 quid
2186 2275 2305 2347 pati
2366 2281 2591 2345 potest;
2655 2280 2859 2329 contra
2888 2289 3019 2328 vero
3051 2289 3196 2343 quos
3229 2269 3481 2342 Scapula
3514 2287 3637 2323 ma-

1983 2364 2199 2433 gistros
2231 2364 2428 2430 habet,
2462 2362 2728 2417 homines
2760 2367 2919 2425 sunt,
2974 2360 3293 2430 aliquando
3342 2357 3635 2412 morituri.

1982 2452 2265 2522 Denique,
2296 2452 2583 2523 quidquid
2617 2450 2713 2506 ille
2744 2456 2898 2523 agat,
2934 2466 3049 2504 non
3082 2447 3313 2503 deï¬ciet
3343 2446 3622 2501 Christia-

1983 2556 2191 2594 norum
2225 2545 2404 2605 secta,
2432 2556 2559 2611 qua
2603 2545 2729 2594 tum
2790 2539 2964 2593 etiam
3021 2534 3249 2604 crescit,
3307 2551 3441 2590 cum
3482 2532 3623 2588 cadi

1980 2628 2230 2683 videtur.
2293 2628 2571 2699 Quisquis
2629 2644 2882 2698 namque
2940 2625 3328 2697 investigatet
3357 2622 3626 2696 agnoscit

1981 2734 2086 2773 cur
2116 2716 2201 2771 illi
2232 2722 2351 2772 tam
2398 2720 2735 2772 constanter
2793 2713 3068 2784 qualibet
3124 2716 3415 2768 tormenta
3474 2710 3624 2766 776

1980 2806 2299 2878 patiantur,
2334 2805 2427 2859 hi".
2457 2811 2595 2860 tunc
2622 2804 2923 2859 veritatem
2954 2801 3273 2874 cognoscit,
3305 2806 3362 2856 et
3390 2799 3625 2856 illorum

1980 2894 2359 2967 amplectitur
2389 2893 2731 2965 religionem
2763 2892 2913 2965 (cap.
2946 2892 3021 2962 4).

2589 3050 2907 3089 ARTICULUS
2948 3051 3009 3089 Î™Î™.

1980 3142 2298 3200 Ostenditur
2326 3142 2723 3197 Tertullianum
2772 3141 2935 3209 hujus
2982 3140 3113 3194 libri
3140 3142 3421 3209 auctorem
3452 3154 3465 3193 :
3497 3137 3619 3207 qui-

2055 3216 2151 3268 bus
2193 3215 2502 3269 rationibus
2558 3213 2627 3267 ad
2688 3208 2847 3267 illum
2905 3221 3019 3282 post
3072 3208 3511 3281 Apologeticum
3567 3216 3621 3263 et

2057 3285 2229 3339 libros
2259 3287 2329 3339 ad
2362 3285 2640 3339 Nationes
2668 3284 2935 3338 edendum
2964 3284 3239 3351 impulsus
3265 3282 3476 3352 fuerit;
3509 3294 3621 3352 quo

2050 3362 2287 3427 tempore
2338 3355 2507 3409 illum
2563 3357 2863 3425 scripserit,
2914 3370 2977 3408 ac
3001 3350 3065 3409 de
3093 3350 3417 3425 quibusdam
3443 3350 3617 3427 eat/ini-

2050 3430 2126 3482 cis
2153 3422 2581 3498 proconsulibus
2609 3422 2682 3481 acâ€™
2698 3428 2992 3497 praefectis,
3043 3422 3141 3496 qui
3196 3429 3293 3479 aut
3344 3422 3623 3478 crudelius

2050 3503 2145 3554 aut
2178 3501 2369 3555 mitius
2399 3512 2524 3554 cum
2557 3499 2895 3555 Christianis
2921 3500 3169 3568 egerunt.

2050 3640 2266 3697 Omnes
2298 3656 2510 3712 magno
2558 3657 2699 3695 sane
2751 3638 3137 3711 unanimique
3190 3652 3480 3693 consensu
3542 3634 3625 3689 fa-

1976 3734 2175 3785 tentur
2203 3728 2629 3785 Tertullianum
2666 3728 2842 3798 hujus
2874 3727 3004 3782 libri
3037 3742 3239 3782 verum
3271 3741 3398 3781 esse
3427 3739 3630 3795 parcn-

1974 3823 2115 3875 tem.
2152 3819 2370 3890 Ecquis
2399 3817 2611 3872 veroid
2651 3833 2861 3888 negare
2893 3816 3123 3885 audeat,
3177 3813 3333 3884 quod
3383 3812 3628 3883 ipsemet

1974 3906 2140 3977 liber,
2195 3911 2351 3961 totus
2401 3909 2659 3977 quantus
2708 3910 2821 3970 est,
2877 3904 3069 3975 palam
3102 3899 3451 3958 attestatur?
3480 3900 3627 3954 Nam

1973 3995 2127 4051 idem
2162 3996 2218 4050 in
2253 4012 2320 4050 eo
2370 3998 2547 4065 atque
2606 3993 2665 4048 in
2721 3992 3077 4065 Apologetico
3135 3998 3191 4046 et
3237 3991 3313 4045 ad
3370 3990 3628 4044 Nationes

1972 4083 2141 4139 libris
2198 4082 2430 4139 dicendi
2486 4098 2696 4154 genus,
2751 4081 2965 4136 eadem
3012 4078 3338 4152 peculiares
3396 4093 3462 4132 ac
3489 4076 3627 4130 Ter-

1972 4170 2218 4227 tulliano
2248 4170 2497 4243 propria
2529 4171 2837 4235 dictiones,
2869 4169 3072 4224 eadem
3133 4167 3308 4223 verba
3360 4162 3624 4236 singula-

1974 4260 2081 4330 ria,
2116 4260 2332 4316 eadem
2366 4258 2714 4331 plerumque
2773 4258 2831 4313 in
2891 4256 3359 4312 Christianorum
3416 4253 3622 4309 adver-

1975 4367 2079 4405 sus
2109 4348 2377 4405 ethnicos
2408 4349 2807 4403 defensionem
2844 4342 3622 4419 argumentationes.Quem-

1973 4438 2295 4495 admodum
2327 4437 2506 4493 etiam
2538 4438 2912 4509 Apologeticus
2944 4440 3000 4490 et
3048 4433 3183 4488 libri
3238 4432 3309 4487 ad
3364 4431 3625 4487 Nationes

1974 4535 2076 4583 aut
2107 4527 2385 4582 omnibus
2416 4526 2667 4581 ethnicis
2699 4531 2799 4581 aut
2828 4541 3030 4581 eorum
3064 4520 3412 4594 prasidibus
3454 4516 3625 4574 missi

1972 4621 2131 4685 sunt,
2194 4615 2274 4669 ita
2337 4614 2511 4685 plane
2569 4618 2799 4669 constat
2855 4615 3009 4667 hunc
3064 4612 3282 4666 librum
3337 4609 3624 4664 directum

1973 4705 2156 4759 fuisse
2186 4701 2470 4774 Scapula,
2504 4702 2877 4773 Carthaginis
2900 4701 3204 4772 totiusque
3232 4698 3433 4754 Africa
3484 4714 3625 4769 pra-

1973 4793 2143 4858 fecto,
2200 4808 2373 4863 quem
2431 4790 2828 4846 Tertullianus
2877 4808 2910 4845 a
2947 4789 3297 4845 Christianis
3330 4786 3498 4859 plane
3530 4785 3621 4840 in-

1975 4882 2323 4937 nocentibus
2348 4879 2689 4951 torquendis
2718 4884 2776 4936 et
2820 4877 3187 4936 trucidandis
3231 4891 3469 4934 avocare
3523 4890 3623 4931 co-

1972 4976 2147 5027 natus
2179 4974 2285 5026 est.

2042 5060 2152 5115 Sed
2185 5059 2328 5130 quid
2359 5057 2745 5125 Tertulliano,
2804 5057 3031 5131 inquiet
3087 5056 3326 5128 aliquis,
3386 5070 3624 5112 necesse

1971 5154 2095 5206 erat
2152 5147 2325 5204 aliam
2386 5147 2665 5202 adversus
2722 5146 2968 5219 gentiles
3032 5152 3091 5204 et
3142 5162 3247 5219 pro
3275 5144 3624 5201 Christianis

1972 5244 2182 5311 prater
2216 5237 2615 5308 Apologcticum
2673 5240 2729 5291 et
2786 5235 2966 5292 libros
3024 5236 3093 5291 ad
3148 5236 3407 5291 Nationes
3464 5249 3622 5289 com-

1971 5327 2395 5383 mentationem
2448 5330 2552 5382 aut
2598 5324 2816 5381 librum
2850 5324 3154 5381 scribere?
3188 5322 3495 5391 Immanis,
3526 5322 3622 5376 in-

1972 5415 2238 5488 quimus,
2272 5415 2555 5487 Scapula,
2586 5415 2792 5471 Airica
2824 5414 3110 5487 prasidis,
3144 5413 3204 5467 in
3254 5411 3620 5467 Christianos

1972 5504 2201 5562 savitia
2232 5503 2401 5559 illum
2436 5505 2506 5559 ad
2538 5504 2697 5559 hunc
2755 5521 2868 5559 non
2928 5504 3165 5573 quidem
3220 5501 3461 5566 librum,
3518 5500 3619 5553 sed

1968 5594 2236 5651 libellum
2267 5592 2593 5665 supplicem
2624 5592 2985 5649 offerendum
3018 5589 3321 5663 compulit.
3345 5586 3619 5651 Quamvis

1956 5684 2128 5763 enim
2160 5684 2430 5753 Severus,
2462 5699 2616 5741 anno
2647 5681 2861 5740 Christi
2903 5680 3008 5737 195
3063 5680 3381 5751 imperator
3428 5675 3618 5731 factus
