4106 6178
401 355 519 416 859

921 352 1447 413 TERTULLIANI
1494 352 1814 413 OPERUM
1868 351 2064 411 PARS
2110 352 2156 410 l.
2191 382 2269 397 --
2301 351 2575 414 SEHIES
2621 355 2668 427 Ι,
2715 352 3282 415 APOLOGETICA.

3686 354 3801 414 860

402 502 507 557 per
563 486 783 557 primos
841 483 1070 555 imperii
1128 484 1220 538 sui
1277 500 1458 538 annos
1514 482 1780 555 impense
1843 482 2400 566 faveritAMartyr.
2435 487 2743 557 cap.85et
2791 486 2979 558 seqq.)
3038 485 3286 549 Quidam
3345 488 3800 555 autemputant

404 573 770 641 Christianis,
808 578 938 645 post
969 572 1290 628 debellatos
1346 578 1544 627 tamen
1603 573 1890 642 Cassium,
1950 570 2046 625 Ni-

404 680 574 737 grum
635 670 691 720 et
748 664 1024 719 Albinum
1079 680 1143 717 ac
1176 669 1306 735 post
1338 680 1509 718 suum
1546 663 1863 717 solemnem
1897 678 2049 717 anno

403 754 508 808 197
538 753 596 808 in
648 754 851 808 urbem
911 752 1153 807 Romam
1214 752 1569 823 ingressum,
1630 752 1825 806 animo
1881 752 2049 822 plane

404 848 673 898 mutatus
718 848 826 897 est.
878 843 1027 896 Tum
1080 840 1235 895 enim
1286 841 1413 912 ipso
1445 842 1699 912 primum
1734 845 2050 904 annuente,

404 940 503 987 aut
530 930 739 987 saltem
772 948 886 986 non
922 930 1694 1002 prohibente,recrudescere
1725 932 1895 1001 cmpit
1925 930 2054 984 dira

404 1020 463 1074 in
495 1020 858 1075 Christianos
907 1020 1257 1091 persecutio.
1314 1019 1517 1073 Iratior
1575 1019 1786 1074 deinde
1843 1019 2049 1086 factus,

404 1125 605 1175 novas,
668 1126 819 1164 anno
863 1109 989 1175 202,
1045 1109 1103 1163 in
1152 1125 1251 1163 eos
1297 1109 1558 1163 condidit
1588 1108 1766 1179 leges,
1801 1124 2049 1179 quarum

402 1198 782 1265 auctoritate,
843 1198 1303 1265 ait‘Eusebius,
1364 1197 1576 1267 ubique
1634 1197 1894 1253 locorum
1952 1212 2054 1267 per

399 1285 689 1341 Ecclesias
721 1288 873 1341 facta
903 1290 1042 1340 sunt
1074 1286 1377 1357 martyria.
1420 1286 1673 1340 Africam
1707 1286 1903 1356 itaque
1936 1302 2048 1339 non

404 1390 574 1430 secus
606 1379 781 1445 atque
813 1373 956 1429 alias
988 1374 1317 1445 provincias
1348 1374 1397 1427 is
1430 1374 1849 1429 crudelissimae
1881 1390 2051 1428 vexa-

405 1462 585 1518 tionis
617 1468 794 1519 aestus
828 1464 1106 1533 depastus
1138 1467 1226 1518 est
1281 1463 1513 1534 (Euseb.
1580 1463 1680 1518 lib.
1738 1481 1790 1519 vn
1849 1466 2049 1521 Eccles.

406 1553 557 1607 Hist.
585 1568 713 1622 cap.
745 1553 800 1619 2,
835 1568 964 1624 pag.
997 1554 1095 1605 201
1122 1570 1134 1619 ;
1173 1553 1401 1607 Hieron.
1436 1554 1687 1623 Catalog.
1720 1556 2055 1625 scriptorum

406 1642 602 1697 eccles.
638 1641 782 1709 §54,
817 1658 948 1713 pag.
988 1642 1130 1713 115).

476 1747 873 1803 Tertullianus
898 1764 1029 1803 vero
1063 1748 1132 1803 de
1162 1748 1625 1804 Christianorum
1658 1750 1846 1807 salute
1900 1770 2053 1810 sem-

2159 588 2258 628 eas
2318 574 2591 645 martyrio
2649 578 2956 629 coronatas
3002 590 3154 629 anno
3198 574 3342 637 202;
3376 572 3471 626 alii
3504 572 3651 639 203;
3684 571 3798 638 alii,

2159 664 2284 732 205,
2323 667 2453 734 post
2483 669 2839 718 commotam
2876 662 3075 734 procul
3105 662 3283 717 dubio
3317 678 3349 716 a
3380 662 3592 717 Severo
3625 662 3797 732 impc-

2163 756 2347 806 ratore
2381 752 2863 823 persecutionem.
2900 757 2976 806 De
3013 755 3298 823 Perpetua
3328 765 3498 821 porro
3529 749 3651 804 haec
3681 749 3800 819 ipse

2159 840 2556 896 Tertullianus
2612 840 2724 896 alio
2784 841 2841 895 in
2901 840 3047 895 libro
3108 840 3403 895 memoria:
3462 837 3799 893 mandavit:

2162 951 2192 980 ‹‹
2219 930 2519 1001 Perpetua,
2541 930 2863 985 fortissima
2894 935 3131 1002 martyr,
3159 929 3267 984 sub
3302 929 3395 983 die
3426 926 3714 999 passionis
3744 926 3803 980 in

2162 1019 2512 1075 revelatione
2545 1020 2799 1091 paradisi
2831 1018 2987 1074 solos
3008 1018 3127 1073 illic
3159 1020 3579 1089 commartyres
3607 1015 3804 1070 vidit.»

2164 1108 2338 1179 (Tert.
2372 1108 2437 1163 de
2471 1110 2679 1163 Anima
2710 1126 2835 1180 cap.
2870 1107 2981 1179 55.)
3007 1107 3296 1162 Discimus
3326 1121 3560 1178 quoque
3590 1105 3662 1161 ab
3691 1106 3805 1159 Au-

2163 1198 2421 1269 gustino,
2442 1198 2543 1269 qui
2578 1197 2738 1253 illius
2770 1202 2828 1252 et
2860 1196 3177 1252 Felicitatis
3209 1196 3423 1267 saepius
3457 1194 3809 1249 mentionem

2164 1286 2325 1353 facit,
2359 1287 2670 1358 utriusque
2702 1287 2914 1342 festum
2947 1285 3099 1341 diem
3153 1283 3469 1355 quotannis
3513 1284 3572 1337 in
3621 1281 3813 1337 Africa

2163 1376 2540 1432 celebratum.
2570 1376 2770 1431 Nonne
2802 1380 2998 1431 autem
3027 1375 3165 1429 inde
3195 1373 3338 1429 satis
3364 1372 3587 1444 liquido
3628 1370 3804 1426 conﬁ-

2165 1466 2316 1520 citur
2346 1466 2453 1521 has
2492 1467 2550 1521 in
2581 1466 2773 1521 Africa
2803 1464 3057 1536 palmam
3093 1462 3299 1518 tulisse
3330 1461 3613 1533 martyrii,
3665 1475 3804 1515 cum

2164 1556 2242 1611 ibi
2278 1556 2613 1612 llilarianus
2648 1556 3012 1627 proconsulis
3041 1554 3230 1609 ofﬁcio
3266 1551 3650 1624 fungeretur?
3678 1552 3811 1621 (Au-

2165 1646 2387 1720 gustin.
2419 1663 2593 1702 serm.
2626 1647 2731 1699 280
2761 1650 2819 1700 et
2848 1660 3009 1715 seqq.
3044 1660 3177 1715 pag.
3216 1643 3349 1697 1134
3381 1648 3438 1697 et
3467 1642 3650 1712 seqq.)

2237 1757 2447 1809 Postea
2476 1750 2872 1807 Tertullianus
2905 1766 2919 1805 :
2953 1772 2981 1799 «
3015 1748 3296 1820 Virgilius
3326 1745 3816 1816 Saturninus,in-

406 1853 509 1909 per
564 1836 874 1903 sollicitus,
938 1842 1071 1892 ante
1129 1838 1293 1893 datas
1325 1837 1501 1893 hasce
1550 1838 1709 1911 leges
1762 1842 2065 1914 Apologeti-
2094 1852 2143 1917 Β
2174 1844 2321 1915 quit,
2354 1842 2454 1912 qui
2489 1840 2710 1910 primus
2736 1839 2831 1894 hic
2862 1839 3125 1910 gladium
3159 1838 3218 1892 in
3249 1854 3354 1892 nos
3404 1837 3543 1909 egit,
3596 1834 3817 1890 lumina

408 1943 535 1982 cum
563 1931 618 1981 et
644 1926 824 1981 libros
853 1928 926 1980 ad
956 1928 1229 1992 Nationes,
1260 1927 1414 1981 sicut
1461 1927 1737 1995 diximus,
1785 1932 2054 2005 divulga-

405 2019 592 2081 vorat,
653 2031 904 2085 quorum
962 2014 1207 2069 lectione
1262 2016 1422 2069 furor
1451 2017 1756 2086 gentilium
1792 2019 1850 2075 in
1883 2022 2054 2079 Chri-

411 2104 658 2170 stianos,
693 2101 1127 2173 quantumlibet
1159 2104 1581 2172 inﬂammatus,
1616 2108 1863 2164 debebat
1918 2128 2052 2182 pro-

410 2191 506 2247 cul
562 2192 740 2247 dubio
801 2193 991 2247 sedari
1051 2194 1283 2260 (Euseb.
1326 2193 1458 2249 ibid.
1495 2210 1619 2264 cap.
1658 2197 1706 2267 1,
1741 2215 1873 2269 pag.
1904 2201 2053 2272 201).

408 2282 516 2336 Sed
550 2280 711 2336 nulla
744 2299 984 2353 prorsus
1023 2281 1143 2336 sole
1201 2282 1376 2337 etiam
1434 2284 1757 2339 meridiano
1812 2287 2057 2343 clariora

410 2371 702 2426 rationum
759 2377 1052 2425 momenta
1101 2376 1413 2441 potuerunt
1453 2372 1620 2427 illum
1672 2374 2055 2447 restinguere,

409 2476 516 2514 nec
576 2459 881 2530 prohibere
940 2461 1255 2531 quominus
1315 2461 1705 2531 iniquissimis
1762 2462 2056 2534 legibusa

409 2548 619 2603 Severo
651 2548 784 2603 latis
814 2548 1126 2603 Christiani
1162 2550 1219 2602 in
1251 2549 1443 2605 Africa
1481 2552 2055 2608 excarniﬁcarentur.

412 2635 801 2699 Quamobrem
842 2636 1238 2693 Tertullianus
1288 2638 1444 2693 hunc
1489 2640 1680 2695 adhuc
1732 2640 2055 2713 supplicem

412 2723 678 2780 libellum
725 2726 1007 2797 Scapulae,
1038 2725 1198 2782 illius
1230 2728 1534 2798 provinciae
1569 2731 1927 2801 proconsuli,
1957 2732 2058 2787 ob-

411 2812 571 2881 tulit,
604 2831 719 2885 quo
749 2830 883 2869 eum
916 2821 972 2869 et
1002 2816 1348 2886 gravissimo
1380 2827 1856 2888 argumentorum
1911 2838 2059 2891 pon-

413 2902 570 2971 dere,
628 2908 685 2957 et
714 2903 1055 2959 domesticis
1086 2904 1529 2978 illustribusque
1557 2909 1802 2964 aliorum
1837 2926 2059 2980 praesu-

414 2991 565 3063 lum,
626 2996 801 3063 atque
860 2993 1035 3047 etiam
1092 2993 1513 3065 imperatorum
1540 2998 1683 3052 777
1723 2997 2064 3069 exemplisa

419 3081 763 3137 divexandis
794 3082 1259 3154 torquendisque
1288 3083 1637 3140 Christianis
1668 3090 1953 3142 avocaret.

2169 1933 2385 1991 amisit.
2420 1954 2448 1979 ‹‹
2482 1929 2747 2001 (Tertull.
2781 1928 2849 1983 ad
2878 1928 3099 1998 Scapul.
3124 1944 3251 1998 cap.
3283 1926 3362 1997 3.)
3394 1931 3468 1980 At
3498 1925 3655 1980 hunc
3680 1938 3814 1979 esse

2164 2022 2508 2080 existimant
2537 2017 2744 2073 Africae
2774 2016 3201 2088 prsconsulem,
3235 2015 3337 2085 qui
3368 2032 3519 2070 anno
3549 2014 3675 2080 200,
3725 2011 3813 2067 vel

2166 2112 2321 2168 sicut
2349 2110 2481 2165 aliis
2511 2107 2722 2180 placet,
2753 2107 2882 2173 205,
2912 2104 3262 2176 Carthagine
3291 2108 3593 2175 Speratum
3638 2100 3814 2157 alios-

2164 2218 2276 2273 que
2307 2197 2615 2255 Scilitanos
2646 2200 2932 2267 martyres
2964 2194 3155 2264 capite
3185 2191 3657 2249 damnavit.Nam
3691 2190 3813 2245 hac

2164 2288 2374 2345 litteris
2405 2285 2749 2356 consignata
2779 2282 3031 2355 legimus
3058 2281 3117 2336 in
3149 2297 3351 2337 eorum
3382 2279 3641 2352 martyrii
3667 2279 3813 2334 actis

2165 2394 2289 2448 qua;
2320 2381 2600 2445 tanquam
2629 2390 2760 2428 vera
2792 2376 2850 2427 et
2878 2372 3106 2427 sincera
3144 2389 3177 2425 a
3220 2369 3469 2426 Baronio
3530 2368 3809 2439 primum,

2166 2484 2232 2523 ac
2263 2470 2461 2520 nostro
2494 2462 2703 2518 deinde
2735 2462 3017 2516 Ruinarto
3050 2465 3221 2515 aucta
3253 2466 3309 2514 et
3339 2459 3668 2523 emendata,
3704 2474 3813 2528 pu-

2166 2556 2379 2611 blicam
2430 2552 2647 2607 emissa
2694 2555 2832 2606 sunt
2880 2550 2939 2604 in
2996 2550 3185 2605 lucem
3245 2549 3476 2620 (Baron.
3536 2546 3609 2602 ad
3669 2562 3809 2601 ann.

2168 2642 2384 2701 Christ.
2414 2643 2540 2706 202,
2574 2642 2665 2713 §2
2694 2648 2749 2695 et
2778 2648 2983 2709 seqqz’;
3036 2638 3299 2694 Ruinart.
3358 2640 3471 2693 Act.
3531 2637 3691 2691 Mart.
3754 2652 3811 2705 p.

2166 2733 2236 2785 77
2294 2735 2352 2786 et
2407 2730 2616 2800 seqq.).
2669 2728 2830 2793 Quod
2865 2731 3057 2781 autem
3086 2724 3480 2781 Tertullianus
3510 2722 3820 2793 subjunxit

2169 2820 2553 2875 Saturninum
2590 2817 2844 2888 primum
2880 2816 2937 2870 in
2967 2816 3159 2871 Africa
3189 2817 3437 2886 gladium
3466 2814 3524 2868 in
3548 2812 3823 2867 Christia-

2172 2926 2279 2965 nos
2339 2910 2534 2977 cgirse,
2595 2906 2674 2960 ibi
2735 2904 2934 2976 procul
2995 2904 3173 2960 dubio
3204 2902 3823 2974 tsubintelligendum,

2174 3000 2376 3069 postea
2406 3012 2584 3067 quam
2617 2995 2866 3049 excitata
2897 2993 3105 3049 fuisset
3135 3010 3169 3048 a
3217 2994 3426 3049 Severo
3472 2991 3826 3063 imperatore

2175 3084 2525 3158 persecutio.
2562 3081 2808 3138 Omnem
2840 3081 3133 3137 enimvero
3164 3085 3328 3136 extra
3372 3078 3828 3136 controversiam

494 3187 874 3284 eameam
900 3187 2065 3284 bi°“_b°’“bissuppeditaturguménta
2096 3216 2139 3284 α
2178 3168 3825 3284 313E923.folittiﬁlﬁfff‘_?“f‘f?ﬂiiifﬁlsf‘f."fﬁiffs;

419 3276 636 3346 quibus
694 3275 860 3331 illum
932 3282 1063 3346 post
1088 3283 1344 3331 exortam
1378 3279 1571 3333 Severi
1604 3280 1975 3351 imperatoris
2006 3280 2063 3333 in

418 3362 783 3419 Christianos
817 3365 1275 3434 persecutionem
1337 3368 1622 3437 scriptum
1686 3368 1865 3423 fuisse
1923 3369 2068 3423 satis

421 3456 621 3521 aperte
652 3451 981 3506 conﬁcitur.
1005 3451 1405 3514 Quorumdam
1440 3455 1597 3510 enim
1630 3455 1707 3509 ibi
1745 3472 2072 3527 proponun-

421 3544 519 3594 tur
548 3539 814 3610 exempla
837 3541 1281 3611 praesidum,qui
1304 3559 1436 3597 cum
1466 3561 1565 3613 per
1587 3544 1643 3599 id
1663 3545 2072 3616 tempusiChri-

424 3629 649 3684 stianos
707 3627 880 3682 variis
936 3627 1241 3700 suppliciis
1296 3631 1645 3698 effecissent,
1708 3633 2074 3689 crudelitatis

424 3732 546 3772 suae
573 3732 774 3786 pennas
796 3717 923 3785 jam
955 3717 1263 3772 dederant.
1296 3719 1381 3774 Ab
1413 3719 1707 3775 Hilariano
1738 3727 1932 3778 autem
1990 3724 2075 3777 sic

425 3803 830 3859 Tertullianus
860 3804 1086 3859 orditur
1120 3808 1307 3863 :«Sub
1345 3808 1637 3865 Hilariano
1668 3811 2074 3881 praeside,cum

428 3894 500 3949 de
531 3892 681 3949 areis
714 3893 1153 3964 sepulturarum
1214 3900 1549 3952 nostrarum
1608 3901 2075 3955 acclamassent:

429 3986 591 4037 Areis
624 3998 738 4037 non
772 3981 910 4047 sint,
946 3999 1092 4038 area:
1120 3983 1382 4055 ipsorum
1420 4004 1532 4041 non
1568 3988 1823 4056 fuerunt;
1858 4005 2079 4045 messes

432 4070 588 4127 enim
622 4086 760 4125 suas
792 4087 905 4126 non
938 4077 1200 4143 egerunt.
1238 4095 1264 4122 »
1299 4074 1539 4145 (Tertul.
1571 4076 1672 4131 lib.
1732 4078 1802 4132 ad
1857 4079 2077 4149 Scapul.

434 4177 562 4231 cap.
622 4160 713 4228 3.)
772 4159 857 4214 Ibi
914 4176 1046 4215 vero
1103 4162 1251 4216 haud
1304 4180 1546 4233 prorsus
1576 4165 1775 4237 inepta
1803 4165 2083 4222 antithesi

436 4265 626 4305 aream
654 4248 774 4304 sive
804 4248 995 4304 locum
1026 4266 1297 4321 vacuum,
1332 4256 1432 4306 aut
1477 4269 1749 4325 campum
1800 4254 2082 4326 sterilem,

438 4338 498 4393 in
532 4354 648 4409 quo
680 4338 891 4393 mortui
926 4339 1379 4409 sepeliebantur,
1413 4343 1651 4413 opponit
1682 4359 1845 4409 areae,
1878 4345 1936 4398 in
1970 4360 2086 4414 qua

442 4426 641 4497 fruges
668 4430 940 4481 teruntur
976 4432 1032 4482 et
1057 4429 1453 4484 excutiuntur.
1485 4430 1641 4485 Dixit
1694 4434 1911 4502 itaque,
1970 4448 2085 4503 quo

440 4518 705 4585 tempore
763 4517 954 4570 acrius
1011 4517 1227 4572 ethnici
1286 4518 1599 4574 saeviebant
1636 4520 1696 4575 in
1722 4520 2085 4576 Christianos

2178 3264 2401 3319 Sensus
2449 3261 2649 3332 itaque
2698 3259 3041 3316 Tertulliani
3087 3265 3177 3315 est
3204 3258 3567 3316 Christianos
3598 3256 3760 3329 prius
3792 3272 3831 3309 a

2177 3350 2514 3416 Saturnino,
2546 3366 2719 3419 quam
2750 3347 3049 3403 Hilariano
3080 3348 3463 3414 excruciatos,
3485 3362 3552 3401 ac
3582 3345 3831 3418 proinde

2177 3439 2345 3497 illum
2378 3440 2458 3494 ibi
2490 3438 2846 3493 recensendo
2876 3437 3085 3492 Africae
3116 3437 3416 3509 praefectos
3464 3434 3828 3491 Christiano-

2180 3548 2310 3586 rum
2350 3528 2674 3596 carniﬁces,
2710 3544 2826 3581 non
2855 3527 3016 3597 sequi
3046 3530 3380 3597 temporum
3410 3525 3696 3580 ordinem.

2252 3620 2444 3673 Minus
2475 3616 2657 3687 igitur
2686 3622 2844 3672 certe.
2871 3616 3099 3670 videtur
3156 3614 3392 3670 illorum
3446 3614 3664 3685 opinio,
3726 3629 3831 3684 qui

2183 3706 2449 3766 arbitrati
2481 3710 2621 3761 sunt
2650 3705 2920 3760 Cincium
2948 3704 3641 3775 Severum,Vespronium
3670 3703 3834 3757 Can-

2184 3798 2412 3852 didum.
2468 3797 2750 3865 Asperum
2812 3810 2876 3847 ac
2929 3793 3249 3847 Pudentem
3284 3793 3502 3847 ibidem
3535 3809 3568 3846 a
3596 3789 3835 3845 Tertul-

2185 3885 2343 3940 liano
2376 3887 2575 3938 nostro
2606 3886 2735 3953 post
2764 3881 3127 3937 Hilarianum
3145 3885 3202 3936 et
3218 3880 3600 3937 Saturninum
3624 3880 3841 3934 eodem

2188 3973 2390 4029 ordine
2420 3969 2844 4042 appellari,quo
2875 3970 3282 4042 unusquisque
3304 3967 3844 4041 proconsulAtricae

2190 4062 2301 4117 fuit
2331 4059 2700 4132 (Tertullian.
2734 4077 2809 4114 an
2838 4059 3058 4131 Scapul.
3088 4076 3212 4130 cap.
3249 4060 3323 4128 4).
3353 4058 3497 4113 Nam
3541 4057 3648 4113 hos
3707 4058 3847 4112 ideo

2190 4153 2631 4212 commemorat,
2665 4149 2763 4219 qui
2795 4153 2959 4202 tanto
2992 4148 3193 4203 mitius
3223 4148 3282 4202 in
3312 4146 3670 4202 Christianos
3702 4161 3849 4217 ege-

2190 4245 2349 4305 runt,
2384 4242 2600 4310 quanto
2632 4237 2717 4292 illi
2747 4238 3065 4293 crudelius.
3097 4238 3239 4293 Cum
3275 4241 3470 4292 autem
3503 4242 3849 4307 temporum

2192 4329 2456 4384 ordinem
2490 4343 2754 4383 servasse
2785 4325 3011 4382 dicetur
3040 4326 3147 4382 hos
3195 4326 3411 4398 potius,
3470 4342 3648 4397 quam
3707 4323 3854 4380 illos

2194 4416 2715 4473 nominando?Ad
2767 4416 2886 4471 haec
2945 4432 3103 4481 vero,
3164 4414 3472 4470 dubitandi
3525 4412 3690 4468 locus
3750 4418 3854 4468 est

2194 4512 2392 4562 utrum
2423 4504 2483 4560 hi
2514 4504 2718 4560 Africis
2752 4504 2965 4559 fuerint
2992 4503 3509 4576 praesides;etenim
3540 4502 3855 4557 Hilariano

444 4583 964 4676 acclamahantque
1014 4607 1343 4678 negandam
1403 4608 1474 4662 ad
1530 4608 1663 4664 ίιιοε
1722 4610 2088 4682 sepeliendos
2122 4583 2164 4647 D
2196 4600 2254 4651 et
2280 4593 2615 4660 Saturnino,
2650 4592 2963 4647 dirissimis
2994 4592 3461 4647 Christianorum
3493 4591 3851 4682 tortoribus,

444 4696 797 4761 aream,tum
828 4693 1037 4748 iisdem
1071 4695 1319 4751 ethnicis
1352 4696 1607 4753 defuisse
1638 4714 1860 4754 messes
1890 4704 1945 4754 et
1969 4698 2088 4753 fru-

448 4786 664 4846 menta,
699 4799 826 4853 quae
859 4783 983 4837 suis
1015 4784 1073 4837 in
1106 4784 1257 4839 areis
1305 4788 1576 4841 tererent.
1633 4789 1835 4842 Palam
1894 4792 2088 4844 autem

448 4872 660 4927 asserit
706 4872 876 4941 hanc)
910 4871 1273 4927 sterilitatem
1308 4874 1648 4945 contigisse,
1677 4893 1811 4931 cum
1840 4876 2092 4931 Hilaria-

448 4978 560 5016 nus
591 4959 794 5016 Africae
828 4976 1042 5031 praeses
1073 4965 1213 5016 erat.
1248 4962 1422 5033 Atqui
1453 4979 1519 5018 ex
1548 4965 1704 5019 Actis
1753 4969 2089 5021 sanctarum

449 5053 774 5122 martyrum
829 5052 1129 5119 Perpetua!
1181 5055 1238 5104 et
1285 5050 1616 5118 Felicitatis,
1652 5070 1777 5124 qua:
1809 5058 2090 5125 tanquam

444 5153 583 5193 vera
639 5143 697 5192 et
727 5137 983 5209 genuina
1014 5156 1046 5193 a
1076 5138 1366 5208 pluribus,
1400 5158 1466 5195 ac
1498 5143 1733 5197 tandem
1766 5160 1798 5198 a
1828 5142 2092 5199 Bollandi

449 5226 650 5292 sociis,
711 5232 767 5280 et
824 5229 1022 5281 nostro
1053 5226 1409 5284 Theodorico
1443 5229 1724 5287 Ruinarto
1754 5231 1907 5303 typis
1938 5232 2095 5289 edita

450 5318 612 5377 sunt,
643 5314 927 5369 discimus
960 5314 1063 5371 has
1094 5316 1502 5373 sanctissimas
1552 5325 1835 5392 martyres
1892 5322 2094 5377 bestiis

452 5402 749 5473 expositas
804 5402 985 5458 fuisse
1033 5405 1206 5475 jussu
1266 5405 1547 5462 Hilariani
1620 5410 2017 5480 procuratoris
2077 5426 2090 5464 :

460 5514 482 5542 ι
512 5491 619 5557 Qui
650 5496 812 5562 tunc,
846 5492 997 5547 sicut
1026 5492 1106 5547 ibi
1137 5492 1372 5566 legitur,
1402 5494 1527 5551 loco
1573 5497 1939 5569 proconsulis
1988 5500 2095 5555 Mi-

456 5582 604 5639 nutii
637 5580 914 5636 Firmiani
945 5581 1205 5637 defuncti
1228 5583 1329 5653 jus
1360 5584 1540 5655 gladii
1570 5587 2093 5659 acceperat.»(Bol-

454 5671 615 5729 land.
647 5671 682 5725 7
713 5672 926 5743 Martis,
956 5686 1087 5745 pag.
1118 5672 1225 5729 633
1272 5677 1330 5729 et
1383 5689 1591 5748 seqq.;
1648 5675 1915 5734 Ruinart.
1975 5676 2092 5735 Act.

2202 4682 2504 4754 subjunxit
2521 4682 2822 4737 Claudium
2840 4682 3279 4737 Hermimanum
3299 4681 3675 4752 Cappadociae
3697 4696 3857 4751 prae-

2200 4773 2438 4827 fectum.
2470 4771 2527 4824 Si
2561 4770 2693 4840 quis
2720 4776 2914 4825 tamen
2947 4771 3018 4825 ab
3052 4776 3286 4825 auctore
3318 4774 3518 4825 nostro
3547 4785 3745 4823 veram
3776 4767 3860 4822 il-

2201 4860 2392 4917 lorum
2426 4860 2483 4914 in
2514 4859 2715 4914 Africa)
2747 4859 3196 4930 proconsulatus
3254 4860 3691 4914 successionem
3749 4873 3863 4913 ex-

2200 4949 2387 5005 hiberi
2421 4947 2769 5020 probaverit,
2801 4953 2860 5003 et
2890 4948 3046 5003 haud
3079 4948 3241 5003 inviti
3273 4948 3688 5003 assentiemur.

2273 5056 2555 5111 Caeterum
2589 5054 2685 5109 ille
2706 5054 2826 5109 haec
2848 5054 3289 5110 clementiorum
3315 5053 3635 5126 prmsulum
3655 5069 3872 5109 exem-

2204 5144 2301 5218 pla
2331 5152 2461 5200 ante
2492 5143 2752 5215 Scapula:
2786 5142 2989 5200 oculoo
3021 5160 3135 5199 non
3170 5143 3345 5199 aliam
3368 5144 3439 5199 ob
3472 5159 3715 5200 causam
3750 5160 3872 5215 po-

2211 5232 2473 5304 suit,nisi
2499 5233 2637 5303 quia
2666 5232 2869 5288 Africa
2902 5232 3177 5305 prasides
3208 5237 3340 5305 post
3364 5232 3522 5305 leges
3572 5233 3877 5287 adversus

2205 5322 2569 5379 Christianos
2602 5339 2635 5378 a
2662 5325 2866 5377 Severo
2897 5322 3246 5393 imperatore
3291 5322 3547 5378 sancitas
3602 5321 3663 5376 in
3722 5320 3876 5377 illos

2207 5410 2475 5466 acerbius
2506 5410 2779 5465 furebant
2827 5414 2885 5466 et
2940 5409 3377 5467 bacchabantur
3406 5410 3569 5482 (Ibid.
3604 5426 3732 5481 cap.
3774 5412 3875 5480 3).

2206 5500 2420 5554 Praeter
2450 5500 2720 5567 prmfatos
2752 5499 3042 5570 siquidem
3074 5500 3460 5556 Saturninum
3492 5504 3549 5555 et
3603 5498 3877 5555 Hilaria-

2207 5604 2371 5653 num,
2406 5586 2653 5659 ipsemet
2682 5587 2953 5660 Scapula,
2986 5587 3139 5645 sicut
3168 5593 3374 5646 auctor
3403 5592 3601 5644 noster
3630 5588 3877 5645 ibidem

2206 5673 2581 5750 testiﬁcatur,
2612 5694 2729 5735 non
2759 5676 2930 5735 modo
2959 5678 3401 5736 Adrumeticum
3429 5675 3734 5735 Mavillum
3783 5678 3880 5735 ad
