4106 6178
240 362 351 423 861

831 361 911 422 IN
953 362 1255 425 LIBRUM
1300 363 1402 422 AD
1449 362 1864 425 SCAPULAM
1912 364 1984 423 D.
2032 364 2129 423 LE
2174 365 2499 427 NOUHRY
2543 364 3087 426 DISSERTATIO.

3532 362 3649 424 862

242 492 460 547 bestias
481 492 884 559 damnaverat,
928 493 1030 547 sed
1094 491 1280 547 Africa
1333 492 1507 547 etiam
1568 492 1895 547 Christiana
1923 498 1977 562 Α
2008 496 2267 565 regnavit
2294 496 2609 551 Macrinus.
2644 498 2853 551 Everso
2880 496 3171 567 siquidem
3214 495 3392 566 hujus
3424 493 3650 566 opinio-

240 581 369 652 ipso
406 596 520 635 non
552 580 881 649 cohibente,
912 581 1302 651 autjubente,
1338 603 1367 631 »
1401 581 1894 652 obnoxia,inquit,

246 670 399 724 facta
428 673 520 724 est
550 669 1061 733 concussionibus,
1121 674 1177 724 et
1210 669 1464 724 militum
1520 669 1895 725 inimicorum

246 775 490 815 suorum
523 759 884 830 cujusque.»
918 759 1104 827 (Ibz'd.,
1136 776 1262 830 cap.
1298 759 1375 829 4.)
1399 760 1675 824 Quamvis
1700 764 1894 813 autem

246 848 492 903 delinire
524 864 637 902 non
670 848 1115 918 possimus,quo
1144 847 1370 919 praefati
1393 848 1771 920 proconsules
1792 864 1897 901 an-

248 954 321 991 no
357 936 610 991 Africam
642 936 919 1004 rexerint,
943 954 1011 992 ex
1036 937 1318 991 hactenus
1353 942 1546 991 tamen
1580 935 1898 1007 disputatis

246 1026 444 1098 colligi
503 1030 695 1098 potest
750 1024 907 1081 hunc
951 1026 1019 1081 ad
1066 1026 1362 1097 Scapulam
1407 1026 1621 1081 librum
1677 1026 1896 1081 editum

243 1115 429 1171 fuisse
486 1133 519 1170 a
571 1113 932 1170 Tertulliano
974 1120 1107 1186 post
1158 1120 1512 1170 commotam
1603 1131 1634 1169 a
1691 1118 1899 1169 Severo

242 1204 595 1276 imperatore
626 1205 906 1259 adversus
939 1203 1306 1259 Christianos
1338 1203 1826 1275 persecutionem.

318 1310 739 1382 Inquirendum
774 1310 958 1381 igitur
986 1318 1250 1382 superest
1284 1316 1481 1366 utrum
1535 1311 1734 1366 statim
1772 1314 1903 1382 post

245 1401 561 1456 excitatum
590 1404 693 1454 aut
722 1399 1076 1455 exstinctum
1107 1398 1268 1455 illius
1311 1399 1651 1454 incendium
1709 1399 1902 1454 editus

248 1489 447 1544 fuerit.
483 1488 730 1551 Quidam
773 1491 966 1543 autem
1026 1488 1346 1559 cpinantur
1396 1487 1561 1542 illum
1600 1488 1656 1541 in
1690 1486 1899 1556 vulgus

247 1578 540 1650 prodiisse
573 1580 704 1648 post
734 1593 954 1632 annum
1013 1577 1119 1631 210
1177 1580 1234 1632 et
1289 1577 1482 1633 Severi
1529 1576 1901 1647 imperatoris

250 1669 525 1721 mortem.
558 1664 960 1721 Tertullianus
991 1664 1209 1720 etenim
1242 1664 1319 1719 ibi
1366 1666 1437 1720 de
1496 1666 1774 1737 quadam,
1806 1665 1900 1720 in-

250 1755 490 1826 quiunt,
525 1753 666 1809 solis
698 1754 899 1826 eclipsi
958 1754 1119 1809 hunc
1175 1753 1440 1825 loquitur
1498 1754 1555 1808 in
1610 1755 1897 1810 modum:

257 1864 279 1892 ι
313 1844 405 1899 Sol
436 1844 492 1898 in
524 1847 818 1899 conventu
845 1842 1126 1909 Uticensi,
1161 1843 1444 1899 exstincto
1478 1861 1624 1916 pene
1654 1843 1898 1911 lumine,
1932 1865 1979 1931 Β

251 1933 400 1988 adeo
430 1935 759 2003 portentum
796 1932 928 1999 fuit,
960 1936 1025 1987 ut
1056 1950 1171 1988 non
1216 1933 1468 2004 potuerit
1498 1950 1564 1988 ex
1606 1934 1899 1990 ordinario

251 2021 513 2093 deliquio
543 2020 651 2075 boc
684 2019 823 2092 pati,
857 2021 1087 2092 positus
1118 2020 1178 2075 in
1213 2039 1318 2077 suo
1342 2021 1684 2094 hypsomate
1713 2026 1767 2078 et
1798 2023 1899 2077 do-

250 2109 498 2165 micitio.
534 2131 561 2160 »
595 2108 759 2180 (Ibid.
795 2126 921 2181 cap.
950 2110 1030 2182 3.)
1062 2114 1136 2164 At
1167 2110 1309 2180 haec,
1344 2112 1508 2166 aiunt
1537 2111 1644 2181 illi,
1665 2111 1899 2182 eclipsis

248 2197 463 2253 accidit
492 2214 644 2253 anno
674 2197 888 2253 Christi
910 2198 1036 2265 210,
1071 2199 1383 2254 undecima
1412 2200 1614 2271 aprilis
1644 2200 1757 2268 die,
1790 2200 1900 2255 ho-

248 2304 435 2358 raque
463 2287 588 2359 ipsa
623 2286 969 2342 meridiana.
1005 2288 1116 2343 Sed
1150 2287 1284 2343 aliis
1343 2289 1581 2343 omnino
1634 2287 1900 2344 vacillare

247 2377 484 2430 videtur
513 2379 699 2431 totum
734 2375 913 2446 hujus
945 2374 1241 2447 opinionis
1297 2376 1753 2432 fundamentum.
1797 2378 1898 2432 So-

244 2464 420 2521 litam
449 2464 660 2536 quippe
682 2463 986 2519 illinotant
1007 2463 1148 2519 solis
1173 2463 1433 2535 eclipsim
1462 2482 1475 2531 ;
1500 2464 1900 2520 Tertullianus

246 2568 390 2609 vero
416 2551 590 2608 aliam
621 2553 859 2608 omnino
920 2552 1467 2623 extraordinariam,
1526 2570 1671 2625 quae,
1727 2554 1900 2609 sicuti

251 2642 359 2708 ait,
390 2650 702 2713 portentum
731 2641 942 2697 fuerat.
974 2641 1123 2696 Tum
1157 2658 1413 2712 namque
1445 2641 1902 2713 sol,inquit,erat

248 2730 312 2786 in
346 2746 453 2786 suo
482 2731 819 2801 hypsomate,
847 2730 904 2784 id
939 2734 1027 2785 est
1057 2730 1423 2797 summitate,
1486 2729 1796 2786 altitudine
1846 2735 1903 2786 et

250 2819 706 2876 cacumine.Hoc
726 2818 881 2874 enim
896 2818 1189 2889 significat
1218 2818 1457 2873 verbum
1471 2820 1730 2873 Graecum
1755 2815 1901 2890 ὕψω-

252 2929 353 2980 μα.
390 2908 567 2964 Nulla
613 2912 809 2964 autem
862 2906 1019 2962 illius
1080 2907 1159 2962 ibi
1186 2907 1361 2978 positi
1405 2907 1527 2962 ﬁeri
1561 2911 1748 2977 potest
1778 2907 1904 2962 ecli-

253 2998 406 3070 psis,
440 3015 618 3070 quam
652 3003 794 3054 tunc
817 3001 1051 3052 tantum
1086 2996 1328 3068 patitur,
1352 3013 1485 3051 cum
1520 2996 1730 3052 transit
1752 2996 1906 3052 circa

255 3086 583 3157 nodos,qni
605 3086 665 3140 in
688 3085 967 3142 Draconis
999 3085 1188 3156 capite
1228 3088 1282 3139 et
1324 3085 1510 3140 cauda
1568 3088 1903 3140 occurrunt.

252 3176 409 3230 779
443 3174 720 3241 Quamvis
749 3178 944 3230 autem
976 3172 1375 3230 Tertullianus
1407 3178 1604 3230 noster
1634 3173 1691 3228 in
1725 3178 1907 3229 astro-

248 3264 420 3336 logia:
452 3264 698 3320 scicntia
723 3264 964 3319 omnino
996 3262 1343 3335 peregrinus
1376 3263 1603 3330 fuisset,
1648 3279 1717 3318 ex
1747 3262 1907 3319 illius

253 3358 460 3410 tamen
508 3353 701 3408 verbis
750 3352 947 3424 colligi
1008 3356 1202 3424 potest
1258 3351 1493 3407 solitam
1552 3369 1669 3407 non
1729 3352 1909 3408 fuisse

254 3443 410 3499 hanc
442 3441 581 3498 solis
604 3440 1003 3502 defectionem.
1064 3441 1163 3496 sed
1217 3440 1299 3496 ita
1355 3441 1907 3508 extraordinariam,

256 3538 326 3588 ut
356 3530 659 3602 astrologi,
691 3530 763 3585 ad
795 3546 943 3601 quos
1003 3528 1098 3584 ille
1160 3544 1265 3584 nos
1312 3530 1509 3599 mittit,
1561 3530 1669 3585 hoc
1702 3546 1911 3602 negare

256 3637 378 3675 non
415 3618 735 3689 potuerint.

330 3725 725 3790 Quamobrem
785 3724 1066 3797 Scaliger,
1123 3724 1462 3797 posthabita
1521 3723 1620 3778 illa
1668 3724 1914 3794 ratione,

253 3815 561 3870 existimat
576 3814 610 3867 h
623 3829 733 3867 unc
748 3811 966 3867 librum
989 3813 1169 3869 fuisse
1192 3813 1519 3885 compositu
1532 3830 1584 3866 m
1621 3817 1752 3883 post
1767 3829 1917 3867 mor-

254 3909 376 3958 tem
410 3899 741 3964 Caracallaa,
766 3901 1011 3971 jamque
1060 3905 1344 3973 regnante
1373 3899 1773 3971 Heliogabalo,
1814 3899 1916 3970 qui

253 4007 467 4046 mense
499 3989 655 4044 maio
679 3989 939 4043 anni218
973 3989 1290 4062 imperator
1347 3993 1578 4044 creatus
1610 3994 1719 4044 est.
1774 3989 1918 4043 Ter-

250 4080 554 4135 tullianus
607 4077 765 4131 enim
824 4077 896 4132 de
940 4078 1145 4133 Severo
1206 4078 1351 4147 haec,
1414 4078 1916 4148 quemadmodum

249 4168 546 4229 vidimus,
578 4166 755 4221 verba
787 4165 924 4220 facit
952 4182 965 4221 :
1002 4186 1029 4215 ‹‹
1065 4167 1371 4222 Proculum
1395 4165 1812 4221 Christianum.
1850 4209 1862 4221 .
1902 4207 1914 4222 .

252 4256 316 4312 in
354 4254 577 4329 palatio
608 4269 712 4309 suo
743 4252 955 4308 habuit
982 4270 1172 4325 usque
1205 4255 1276 4308 ad
1307 4259 1548 4310 mortem
1581 4255 1914 4325 ejus,quem

250 4343 600 4400 Antoninus
622 4340 920 4395 Caracalla
950 4340 1172 4412 optime
1204 4347 1462 4397 noverat.
1495 4363 1523 4391 »
1554 4339 1820 4413 (Tertull.
1848 4340 1917 4395 ad

248 4433 488 4504 Scapul.
519 4447 646 4500 cap.
677 4429 754 4500 4.)
786 4432 856 4483 At
885 4444 1057 4483 nemo
1089 4446 1245 4484 sana:
1278 4430 1611 4499 mentis,ait
1638 4429 1913 4501 Scaliger,

251 4520 566 4594 putaverit
595 4517 743 4573 illud
770 4517 841 4572 de
898 4518 1186 4572 Antonino
1244 4517 1469 4574 Caralla
1499 4517 1689 4573 adhuc
1718 4518 1915 4572 viven-

2007 584 2100 637 nis
2132 585 2535 653 fundamento,
2570 585 2699 655 ipsa
2730 585 2906 638 etiam
2930 584 3166 639 corruit.

2080 673 2320 743 Propius
2350 673 2546 745 itaque
2577 690 2608 728 a
2637 690 2769 728 vero
2801 674 3005 729 abesse
3061 674 3353 740 videntur,
3389 673 3488 745 qui
3540 689 3647 726 nu-

2005 761 2099 830 jus
2130 761 2261 816 libri
2294 766 2521 817 etatem
2556 762 2861 833 assignant
2892 761 3064 833 paulo
3105 766 3238 832 post
3269 777 3487 816 annum
3520 762 3645 828 211,

2007 866 2121 921 quo
2146 854 2390 906 Severus
2423 850 2663 906 Eboraci
2704 851 2761 903 in
2796 850 3017 922 Anglia,
3080 867 3281 905 mense
3335 849 3648 913 februario,

2005 938 2183 992 vitam
2211 939 2645 1011 imperiumque
2700 939 2970 1009 posuisse
3030 939 3391 1011 perhibetur.
3438 938 3519 992 De
3551 937 3651 992 illo

2007 1028 2223 1099 quippe
2254 1028 2362 1083 hoc
2391 1028 2449 1083 in
2484 1028 2633 1082 libro
2656 1027 2809 1081 haud
2842 1028 3018 1083 dubie
3049 1026 3653 1097 Tertullianusloqui-

2006 1115 2229 1185 tur,ubi
2261 1117 2443 1172 dixit:
2480 1140 2505 1165 ‹‹
2544 1116 2669 1186 Ipse
2700 1115 2871 1171 etiam
2906 1117 3150 1171 Severus
3184 1121 3348 1187 pater
3377 1114 3657 1169 Antonini

2008 1205 2311 1259 Caracallaa
2333 1205 2798 1259 Christianorum
2836 1221 3058 1259 memor
3090 1204 3214 1259 fuit.
3249 1226 3277 1255 »
3313 1202 3654 1270 (Tertull.a(l

2008 1293 2229 1363 Scapul.
2266 1310 2392 1364 cap.
2427 1295 2504 1361 4.)
2556 1296 2669 1347 Cur
2735 1294 2913 1357 enim,
2967 1293 3267 1364 inquiunt,
3326 1292 3652 1363 appellatur

2004 1386 2169 1452 pater
2198 1382 2608 1447 Antonini,nisi
2640 1383 2772 1453 quia
2795 1384 2921 1453 jam
2955 1382 3304 1453 migraverat
3332 1398 3398 1435 ex
3431 1382 3542 1435 hac
3578 1380 3658 1433 vi-

2008 1474 2151 1535 ta,et
2184 1471 2239 1526 in
2268 1473 2393 1540 ejus
2421 1471 2613 1526 locum
2639 1471 2741 1525 filii
2774 1474 2901 1542 ejus
2923 1469 3221 1525 Caracalla
3250 1474 3307 1523 et
3327 1469 3468 1524 Geta
3513 1469 3656 1523 sub-

2010 1559 2201 1614 stituti
2234 1559 2465 1614 fuerant
2492 1560 2518 1612 ‘I
2545 1559 2748 1613 Nonne
2781 1560 2954 1613 etiam
3002 1562 3202 1630 postea
3233 1562 3436 1613 auctor
3458 1561 3657 1611 noster

2012 1649 2081 1702 ad
2124 1665 2222 1703 eos
2257 1650 2377 1718 jam
2411 1648 2768 1718 lmperantes
2801 1648 3033 1716 alludit,
3083 1664 3215 1701 cum
3248 1645 3498 1701 asseruit
3526 1648 3658 1699 Sca-

2010 1736 2211 1807 pulam
2264 1735 2539 1791 habuisse
2598 1754 2717 1791 suae
2777 1737 2833 1790 in
2885 1735 3242 1791 Christianos
3292 1734 3653 1789 crudelitatis

2012 1824 2325 1897 magistros
2347 1825 2374 1879 ‘2
2406 1825 2538 1880 Post
2569 1825 2765 1881 Severi
2800 1830 2994 1879 autem
3044 1824 3293 1892 obitum,
3354 1827 3453 1878 aut
3502 1828 3655 1877 certe

2012 1931 2127 1971 non
2150 1913 2333 1969 multo
2365 1919 2585 1985 postea,
2620 1931 2751 1970 cum
2786 1919 3046 1969 cerneret
3074 1912 3471 1968 Tertullianus
3504 1911 3657 1965 miti-

2010 2009 2210 2075 gatum
2243 2004 2502 2075 Scapulae
2535 2009 2712 2074 atque
2745 2003 2992 2059 aliorum
3024 2003 3083 2058 in
3115 2002 3475 2058 Christianos
3496 2001 3656 2055 furo-
3748 2068 3749 2073 η

2011 2091 2245 2159 rem,illi
2278 2092 2432 2147 hunc
2448 2093 2775 2165 supplicem
2810 2091 3072 2147 libellum
3105 2091 3391 2147 obtulisse
3410 2091 3664 2145 videtur.

2009 2181 2133 2236 Non
2168 2181 2324 2235 enim
2359 2180 2525 2235 illum
2560 2182 2918 2237 offerendum
2953 2197 3081 2236 esse
3114 2181 3363 2245 censuit,
3397 2195 3530 2233 cum
3555 2179 3652 2232 Sr-

2008 2286 2201 2339 verus,
2234 2271 2405 2339 cujus
2454 2287 2750 2325 summam
2812 2270 3018 2341 primis
3077 2268 3308 2339 imperii
3367 2267 3539 2322 annis
3594 2267 3651 2322 in

2009 2358 2371 2414 Christianos
2419 2357 2811 2429 clementiam,
2856 2364 2921 2412 ut
2969 2358 3245 2422 vidimus,
3296 2356 3653 2423 laudaverat,

2009 2447 2069 2501 in
2102 2463 2199 2502 eos
2231 2448 2300 2501 ad
2337 2452 2581 2502 mortem
2615 2464 2802 2518 usque
2833 2446 3106 2501 atrociter
3133 2445 3425 2500 saeviebat.
3452 2448 3527 2497 At
3555 2442 3653 2497 illo

2008 2534 2129 2589 vita
2158 2535 2379 2604 functo,
2411 2534 2662 2589 oblatam
2697 2535 2807 2589 sibi
2842 2534 3248 2605 proconsulem
3280 2532 3585 2604 Scapulam
3622 2548 3656 2585 a

2009 2623 2288 2678 vexandis
2336 2623 2681 2678 Christianis
2731 2622 3057 2677 deterrendi
3119 2623 3482 2678 occasionem
3516 2637 3657 2676 con-

2013 2713 2206 2767 festim
2233 2715 2502 2784 captasse
2533 2710 2914 2766 verisimilius
2945 2716 3052 2766 est.

2615 2862 2816 2900 ARTICU
2826 2861 2931 2900 LUS
2962 2861 3024 2898 Ill
3036 2886 3046 2897 .

2015 2940 2092 2991 De
2117 2934 2283 2997 huius
2312 2933 2445 2988 libri
2472 2936 2861 3003 manuscriptis
2918 2942 2969 2989 et
3021 2934 3187 2989 editis
3237 2934 3534 2999 codicibus,
3595 2932 3659 2987 dc

2085 3007 2372 3062 variorum
2398 3006 2458 3059 in
2488 3021 2611 3059 eum
2641 3005 3131 3077 observationibus,
3174 3021 3237 3059 ac
3263 3006 3550 3060 nonnullis
3570 3006 3658 3059 di-

2084 3079 2258 3132 versis
2291 3077 2609 3131 lectionibus
2638 3080 2691 3131 et
2711 3078 2872 3132 notis.

2095 3192 2292 3247 Plures
2332 3190 2666 3246 indicantur
2696 3191 2874 3262 hujus
2918 3190 3098 3246 libelli
3147 3191 3395 3247 codices.
3428 3189 3663 3245 Primus

2020 3286 2109 3337 est
2140 3280 2495 3343 Gorziensis,
2556 3296 2671 3351 quo
2703 3281 2771 3335 ad
2807 3279 2965 3333 illius
3004 3279 3319 3334 editionem
3387 3295 3530 3333 usus
3578 3282 3670 3332 est

2020 3370 2362 3426 Rhenanus.
2398 3369 2556 3423 Alter
2586 3374 2780 3424 autem
2813 3373 3051 3423 vocatur
3082 3367 3418 3440 Angelicus,
3452 3383 3518 3421 ac
3547 3370 3666 3420 tres

2021 3458 2264 3530 insuper
2294 3457 2559 3513 Vaticani
2593 3456 2743 3512 780
2768 3461 3188 3511 memorantur.
3235 3455 3507 3511 Gelenius
3537 3471 3670 3510 vero

2022 3547 2091 3601 ad
2117 3545 2346 3616 prioris,
2380 3550 2436 3600 et
2465 3544 2761 3600 Pamelius
2792 3545 2861 3599 ad
2898 3544 3287 3615 posteriorum
3338 3544 3536 3608 ﬁdem,
3568 3560 3671 3598 su-

2022 3635 2284 3706 periores
2341 3635 2517 3705 hujus
2548 3633 2731 3689 libelli
2777 3633 3062 3688 editiones
3114 3638 3578 3703 recognoverunt
3608 3648 3674 3685 ac

2025 3726 2410 3795 castigarunt,
2446 3722 2736 3794 Rigaltius
2794 3738 2963 3791 porro
3023 3720 3206 3777 alium
3241 3739 3303 3777 se
3342 3721 3560 3776 vidisse
3589 3724 3673 3775 te-

2024 3819 2215 3867 statur
2242 3829 2419 3883 penes
2462 3812 2696 3867 Petrum
2728 3810 3016 3865 Belinium
3045 3813 3103 3865 S.
3155 3811 3196 3866 C
3248 3810 3675 3872 Divionensem,

2026 3902 2198 3971 cujus
2227 3901 2471 3955 diversa:
2502 3900 2573 3954 ab
2599 3899 2775 3954 editis
2803 3897 3081 3954 lectiones
3140 3899 3200 3953 in
3252 3899 3407 3953 Petri
3470 3897 3681 3953 Pithuai

2027 4006 2240 4044 manus
2274 3988 2620 4043 inciderant.

2098 4077 2412 4147 Nunquam
2468 4080 2661 4131 autem
2698 4074 2789 4130 hic
2848 4075 2994 4130 liber
3050 4091 3119 4131 ex
3174 4074 3673 4147 typographorum

2026 4165 2279 4221 ofﬁcinis
2318 4163 2501 4228 solus,
2543 4164 2644 4218 sed
2679 4178 2912 4232 semper
2968 4180 3100 4218 cum
3149 4163 3281 4219 aliis
3331 4160 3682 4218 Tertulliani

2026 4253 2304 4326 operibus
2327 4251 2623 4323 publicam
2654 4251 2712 4306 in
2744 4251 2929 4306 lucem
2966 4252 3288 4322 prodivisse
3317 4251 3675 4324 perhibetur.

2025 4345 2135 4400 Tot
2155 4343 2352 4415 itaque
2386 4343 2548 4398 facta:
2580 4344 2720 4395 sunt
2766 4340 2967 4410 hujus,
3001 4346 3143 4412 quot
3195 4340 3431 4396 illorum
3471 4338 3676 4395 editio-

2026 4449 2151 4488 nes.
2187 4432 2268 4487 De
2301 4431 2394 4485 his
2416 4436 2611 4484 autem
2647 4445 2780 4484 cum
2802 4430 2927 4499 jam
2954 4428 3123 4501 plura
3156 4430 3678 4502 disputaverimus,

2025 4539 2093 4578 ea
2125 4537 2280 4575 nunc
2312 4525 2568 4589 repetere
2591 4518 2733 4572 nihil
2758 4535 2997 4574 necesse
3021 4519 3457 4575 est.Pamelium
3483 4523 3679 4573 autem

251 4614 314 4665 te
347 4610 580 4665 dictum
606 4604 843 4678 (Scalig.
894 4605 1152 4661 Animad.
1186 4608 1246 4661 in
1299 4606 1500 4662 Chron.
1549 4607 1751 4662 Euseb.
1786 4622 1916 4679 pag.
1950 4594 1996 4660 D
2029 4611 2131 4681 qui
2163 4613 2384 4664 veteres
2430 4624 2497 4663 ex
2528 4608 2743 4671 tribus,
2777 4607 2864 4660 uti
2900 4608 2999 4673 ait,
3028 4606 3327 4663 Vaticanis
3377 4606 3684 4663 codicibus

254 4699 416 4768 129).

329 4787 454 4842 Sed
487 4785 702 4855 quibus
734 4802 878 4840 sana
912 4791 973 4841 et
1029 4784 1255 4857 integra
1304 4801 1475 4840 mens
1530 4790 1637 4853 est,
1699 4783 1808 4841 hac
1858 4783 1917 4839 in

255 4873 786 4949 argumentatione
805 4891 1011 4930 sanam
1037 4874 1315 4946 Scaligeri
1333 4880 1589 4930 mentem
1612 4872 1725 4929 non
1750 4890 1923 4945 agno-

255 4962 623 5025 scunt.Quid
657 4962 813 5017 enim
846 4966 1002 5017 vetat
1032 4963 1353 5035 quominus
1384 4962 1925 5034 Caracallajuvenis

256 5058 319 5107 et
368 5051 719 5108 adolescens
750 5051 977 5106 noverit
1040 5052 1374 5119 Proculum,
1424 5057 1678 5123 tuncque
1735 5052 1925 5107 adhuc

254 5141 505 5204 vixerit,
536 5140 772 5211 quando
786 5139 1181 5196 Tertullianus
1205 5140 1327 5196 hinc
1349 5140 1558 5196 litteris
1581 5141 1928 5197 mandabat?

254 5234 348 5288 Ad
388 5231 515 5285 haec
544 5246 701 5297 vero,
734 5229 881 5285 illud
911 5231 1155 5287 verbum
1186 5240 1416 5288 noverat
1457 5231 1583 5287 ideo
1632 5231 1730 5285 ille
1760 5230 1926 5286 adhi-

256 5324 389 5390 bet,
431 5320 571 5391 quia
598 5319 907 5385 Proculus,
940 5338 1054 5376 non
1087 5325 1282 5377 autem
1324 5320 1644 5391 Caracalla,
1678 5325 1803 5374 tum
1836 5336 1927 5375 re-

255 5425 412 5465 vera
445 5412 567 5462 erat
598 5410 889 5462 mortuus.
921 5406 1045 5461 Non
1077 5423 1213 5479 ergo
1262 5406 1302 5462 ii
1361 5406 1617 5478 amplius
1650 5405 1930 5461 audiendi

259 5502 448 5564 sunt,
472 5496 571 5568 qui
614 5510 684 5550 ea
738 5494 999 5551 invalida
1049 5495 1329 5567 Scaligeri
1371 5495 1594 5551 ratione
1651 5495 1802 5562 freti,
1858 5496 1931 5551 ab

260 5590 410 5658 ejus
442 5589 640 5639 tamen
674 5582 948 5654 opinione
980 5583 1287 5655 paululum
1346 5584 1704 5649 recedentes,
1737 5583 1930 5655 suspi-

263 5679 496 5733 cantur
524 5673 750 5728 editum
780 5672 961 5729 fuisse
1018 5672 1175 5730 hunc
1205 5672 1422 5729 librum
1456 5689 1608 5729 anno
1636 5673 1765 5745 217,
1817 5689 1934 5744 quo

2028 4698 2317 4755 editiones
2349 4695 2701 4762 emendavit,
2728 4694 3018 4765 Rigaltius
3050 4694 3269 4769 ubique
3300 4701 3538 4753 secutus
3559 4701 3675 4752 est.

2028 4786 2306 4853 Quamvis
2324 4785 2482 4841 enim
2498 4783 2911 4838 Divionensem
2944 4785 3204 4840 codicem
3234 4787 3685 4855 venditet,unam

2030 4882 2229 4932 tamen
2262 4880 2488 4929 tantum
2525 4872 2750 4927 notavit
2780 4872 3071 4928 diversam
3130 4873 3463 4944 lectionem,
3504 4891 3685 4946 quam

2034 4965 2209 5038 plane
2240 4961 2587 5035 repudiavit.
2620 4960 2707 5016 Ibi
2736 4978 2871 5017 vero
2904 4962 3178 5028 occurrit,
3204 4963 3302 5020 ubi
3336 4965 3406 5021 de
3438 4963 3684 5021 Proculo

2036 5055 2158 5110 haec
2187 5051 2530 5109 Tertulliani
2558 5050 2617 5105 in
2658 5050 3015 5106 editionibus
3074 5053 3351 5109 omnibus
3404 5055 3580 5109 verba
3614 5055 3691 5109 Ie-

2036 5148 2263 5214 gimus:
2305 5166 2324 5189 α
2378 5143 2557 5205 Quem
2614 5143 2672 5193 et
2728 5142 3058 5196 Antoninus
3109 5140 3409 5199 Caracalla
3468 5145 3690 5214 optime

2038 5237 2295 5297 noverat,
2348 5230 2494 5284 lacte
2535 5228 2864 5284 Christiano
2925 5231 3228 5286 educatus.
3263 5252 3293 5284 ››
3324 5232 3588 5305 (Tertull.
3619 5233 3689 5287 ad

2042 5322 2263 5393 Scapul.
2297 5335 2425 5390 cap.
2459 5318 2535 5387 4.)
2570 5316 2632 5371 In
2665 5317 2862 5373 codice
2888 5323 3083 5375 autem
3146 5321 3485 5378 Divionensi
3545 5320 3688 5376 scri-

2041 5416 2206 5483 ptum
2236 5408 2522 5463 habetur:
2558 5422 2715 5476 quem
2736 5414 2787 5461 et
2815 5407 3127 5464 Antoninus
3156 5420 3381 5467 noverat
3414 5410 3688 5465 Christia-

2040 5502 2130 5554 nis
2157 5500 2475 5555 educatum.
2508 5495 2733 5559 Quibus
2764 5495 3133 5568 signiﬁcatur
3163 5499 3321 5554 hunc
3353 5496 3689 5559 Proculum,

2044 5604 2158 5643 non
2190 5603 2323 5642 vero
2352 5583 2718 5640 Antoninum
2745 5584 3126 5652 Caracallam,
3186 5586 3335 5643 lacte
3371 5587 3687 5642 educatum

2046 5676 2229 5733 fuisse
2258 5674 2586 5731 Christiano
2600 5712 2613 5728 .
