4106 6178
417 322 534 385 863

938 322 1464 384 TERTULLIANI
1510 321 1833 383 OPERUM
1875 320 2076 381 PARS
2121 320 2168 381 Ι.
2200 350 2279 365 -—
2310 319 2586 380 SERIES
2632 320 2676 395 Ι,
2724 318 3287 382 APOLOGETICA.

3694 316 3809 377 864

490 455 706 510 Verum
740 454 890 509 hanc
921 455 1289 511 Divionensis
1320 454 1538 510 codicis
1591 454 1899 510 lectionem
1934 454 2065 524 reji-
2088 459 2145 523 Α
2172 453 2388 524 inquit,
2422 452 2481 506 in
2538 449 2902 505 Christianos
2944 448 3226 504 saavitiam
3259 449 3451 505 denuo
3483 448 3811 519 vexabatur,

416 544 493 597 cit
528 543 835 615 Rigaltius,
873 545 1012 614 quia
1041 543 1143 599 illa
1172 543 1509 597 Tertulliani
1542 544 1713 597 verba
1740 542 1937 597 referri
1962 543 2060 595 de-

415 632 555 686 bent
577 632 647 685 ad
681 632 1073 697 Antoninum,
1112 656 1131 679 α
1195 633 1293 702 qui
1328 632 1629 701 septennia
1688 648 1850 703 puer,
1910 631 2062 687 sicut

416 722 616 772 narrat
646 717 1013 788 Spartianus,
1070 733 1206 773 cum
1240 717 1585 772 collusorem
1619 734 1791 772 suum
1813 734 2060 788 puerum

415 806 490 861 ob
518 805 826 861 Judaicam
856 806 1195 877 religionem
1214 808 1450 877 gravius
1469 808 1834 861 verberatum
1864 806 2060 861 audis-

417 900 525 960 set,
562 911 752 966 neque
779 902 999 966 patrem
1026 913 1224 962 suum,
1262 913 1448 962 neque
1470 902 1694 967 patrem
1754 895 1939 965 pueri.
1971 893 2059 949 vel

420 989 687 1039 auctores
711 984 1016 1039 verberum
1051 985 1149 1038 diu
1184 985 1453 1055 respexit.
1501 1006 1529 1034 »
1590 989 1799 1055 (Spart.
1844 984 1901 1038 in
1958 985 2058 1039 Vit.

417 1073 613 1128 Carae.
641 1090 775 1144 pap.
808 1074 937 1138 331,
969 1074 1077 1128 col.
1114 1075 1187 1143 1.)
1222 1079 1295 1127 At
1342 1073 1598 1128 Judaicas
1631 1072 1929 1143 religionis
1966 1090 2062 1127 no-

417 1163 575 1217 mine
607 1161 999 1216 Christianam
1027 1161 1825 1233 Spartianusintelligit,quia
1847 1168 2063 1215 utram-

417 1266 528 1320 que
556 1250 773 1305 ethnici
805 1250 1592 1311 confundebant.Addamus,
1626 1250 1674 1303 si
1708 1247 1887 1317 lubet,
1921 1248 2062 1302 Pro-

416 1339 616 1392 culum
639 1339 810 1408 paulo
842 1342 975 1395 ante
997 1339 1067 1392 ab
1102 1337 1231 1407 ipso
1259 1338 1617 1392 Tertulliano
1666 1336 1886 1392 dictum
1919 1337 2062 1392 fuis-

418 1442 480 1481 se
510 1425 931 1480 Christianum.
966 1427 1367 1496 Repetendum
1402 1424 1581 1497 igitur
1606 1424 1751 1479 illud
1805 1441 1919 1479 non
1942 1430 2065 1479 erat

417 1514 511 1570 his
534 1515 724 1569 verbis
754 1516 1086 1569 Christianis
1122 1514 1429 1581 educatum,
1465 1530 1589 1585 quas
1639 1514 1698 1568 in
1736 1512 2063 1568 Divionensi

417 1603 615 1658 codice
645 1608 921 1674 corrupta
954 1603 1100 1658 satis
1135 1609 1436 1674 apparent.

492 1710 676 1779 Hujus
736 1714 1011 1781 praeterea
1072 1709 1204 1764 libri
1252 1709 1418 1763 initio
1478 1709 1537 1763 in
1570 1710 1891 1765 Pameliiet
1932 1709 2061 1764 aliis

416 1798 693 1868 deinceps
717 1798 1075 1853 editionibus
1111 1798 1225 1853 haec
1278 1797 1566 1867 legimus:
1602 1820 1629 1847 «
1663 1798 1777 1853 Nos
1823 1797 2059 1868 quidem
2092 1832 2139 1896 B

416 1902 605 1957 neque
662 1887 1101 1958 expavescimus
1132 1929 1144 1941 .
1190 1929 1200 1940 .
1248 1927 1261 1941 .
1306 1927 1320 1940 .
1354 1902 1484 1941 cum
1532 1887 1602 1941 ad
1638 1887 1786 1941 hanc
1842 1892 2059 1942 sectam

415 1974 619 2044 utique
650 1980 922 2045 suscepta
954 1976 1287 2030 conditione
1318 1977 1445 2044 ejus
1505 1976 1656 2046 pacti
1704 1976 2059 2043 venerimus,

418 2066 482 2116 ut
510 2062 689 2118 etiam
722 2064 952 2119 animas
983 2068 1215 2119 nostras
1256 2064 1539 2119 auctorati
1587 2064 1645 2118 in
1696 2065 1801 2120 bas
1834 2082 2062 2137 pugnas

418 2151 794 2206 accedamus.
830 2172 857 2201 »
880 2151 1142 2221 (Tertull.
1175 2153 1245 2207 ad
1273 2151 1641 2224 Scapui.cap.
1669 2155 1746 2224 i.)
1772 2157 1844 2208 At
1871 2154 1929 2208 in
1951 2154 2063 2225 pri-

420 2240 532 2294 mis
561 2239 916 2295 editionibus
948 2241 1231 2312 scriptum
1257 2242 1479 2297 fuerat:
1513 2242 1675 2299 «Nos
1708 2243 1943 2313 quidem
1963 2258 2062 2297 ne-

418 2344 531 2399 que
561 2330 1045 2399 expavescimus.
1094 2372 1105 2384 .
1153 2373 1164 2384 .
1211 2372 1223 2384 .
1270 2372 1282 2385 .
1318 2347 1451 2386 eum
1506 2332 1575 2384 ad
1637 2330 1786 2386 hanc
1819 2336 2061 2401 sectam,

415 2418 622 2488 utique
653 2423 928 2489 suscepta
958 2420 1292 2474 conditione
1322 2421 1472 2489 ejus,
1532 2419 1686 2491 pacti
1734 2428 1869 2476 ante
1928 2437 2061 2475 cum

417 2506 615 2561 anima
648 2512 850 2562 nostra
878 2513 939 2562 et
969 2510 1278 2575 auctorati,
1333 2508 1389 2562 in
1422 2509 1527 2564 has
1586 2524 1813 2581 pugnas
1846 2509 2065 2565 accedi-

418 2610 573 2649 mus.
608 2617 635 2644 »
663 2596 832 2651 Solus
863 2600 1057 2651 autem
1095 2598 1450 2653 Laurentius
1481 2598 1550 2653 de
1582 2597 1637 2653 la
1669 2604 1841 2654 Barre
1864 2616 1921 2654 se
1945 2599 2063 2656 haec

416 2684 592 2739 verba
621 2701 688 2739 ex
720 2685 1016 2741 Gorziensi
1054 2688 1250 2742 codice
1306 2688 1653 2743 emendasse
1691 2688 2060 2744 testiﬁcatur.

418 2772 526 2827 Sed
591 2777 847 2829 veterum
891 2775 1212 2829 editionum
1274 2776 1449 2831 verba
1506 2777 1562 2830 in
1628 2776 1781 2831 notis
1840 2778 2067 2850 integra

418 2862 785 2918 conscribere
815 2863 1083 2931 debebat,
1117 2868 1181 2918 ut
1210 2864 1401 2920 cuncti
1422 2865 1649 2921 facilius
1682 2871 2066 2939 agnoscerent

418 2967 562 3005 num
594 2957 744 3007 recte
777 2950 1142 3025 corrigantur
1173 2970 1185 3008 :
1222 2970 1411 3025 neque
1456 2954 1610 3009 enim
1642 2972 1821 3010 sensu
1867 2955 2064 3027 aliquo

421 3042 655 3110 penitus
704 3056 898 3095 carere
951 3042 1244 3097 videntur.
1323 3043 1604 3099 Caeterum
1673 3043 2066 3101 Tertullianus

417 3128 499 3182 ibi
534 3131 721 3184 utitur
752 3131 928 3184 verbo
954 3131 1413 3194 auctorati,sicut
1433 3137 1490 3186 et
1519 3132 1679 3200 alibi,
1707 3155 1735 3185 «
1766 3135 1847 3187 Ad
1875 3135 2060 3205 ignes,

415 3216 515 3282 ait,
543 3218 783 3288 quidam
818 3234 880 3273 se
910 3224 1373 3274 auctoraverunt.
1402 3242 1428 3269 ››
1461 3220 1804 3291 (Tertull.ad
1834 3224 2056 3293 Martyr.

416 3320 544 3375 cap.
576 3307 630 3371 5,
657 3322 711 3376 p.
739 3307 885 3377 158.)
913 3310 984 3362 At
1007 3308 1247 3362 verbum
1273 3316 1564 3363 auctorare
1593 3309 1906 3381 significat,
1940 3315 2063 3366 aut-

418 3393 682 3447 mercede
714 3410 774 3448 se
802 3393 1085 3465 obligare,
1119 3400 1220 3449 aut
1251 3401 1640 3451 sacramento.
1686 3397 1899 3453 Primis
1959 3416 2063 3453 au-

414 3484 532 3535 tem
563 3481 908 3537 Tertulliani
932 3483 1124 3537 verbis
1147 3483 1256 3538 hoc
1284 3484 1523 3538 verbum
1560 3487 1839 3554 secundo,
1866 3492 2064 3558 poste-

416 3568 671 3625 rioribus
711 3572 901 3641 primo
934 3588 1112 3625 sensu
1146 3571 1453 3642 accipitur.
1514 3575 1569 3627 Si
1626 3591 1758 3628 vero
1817 3576 2062 3647 scripto-

416 3673 547 3712 rum
580 3660 973 3729 quorumdam
1006 3659 1343 3715 testimonio
1375 3660 1519 3715 illud
1554 3662 1659 3716 tibi
1706 3664 1939 3734 probari
1963 3682 2063 3736 po-

417 3748 751 3816 stulaveris,
786 3750 1043 3822 primum
1081 3750 1224 3806 78‘!
1276 3751 1411 3805 audi
1446 3751 1812 3809 Ciceronem:
1849 3777 1876 3805 ‹‹
1913 3758 2061 3827 Ipsa,

415 3834 630 3907 inquit,
664 3853 885 3894 merces
917 3845 1424 3895 auctoramentum
1460 3841 1778 3897 servitutis.
1807 3864 1835 3893 ››
1863 3845 2062 3915 (Cicer.

416 3924 519 3980 lib.
553 3943 594 3980 η
620 3928 687 3982 de
716 3928 858 3998 ofﬁc.
894 3946 951 3999 p.
973 3929 1100 3993 274,
1134 3927 1237 3982 lin.
1269 3929 1344 3993 4.)
1369 3930 1683 3986 Suetonius
1719 3940 1911 3987 autem
1939 3950 2066 3988 nar-

416 4018 508 4071 rat
537 4015 833 4071 Tiberium
857 4016 1140 4072 Caasarem
1172 4017 1405 4073 dedisse
1423 4035 1640 4073 munus
1671 4020 2063 4091 gladiatorum

416 4109 830 4161 auctoramento
860 4114 1147 4162 centenum
1192 4107 1731 4181 millium.(Sueton,
1792 4109 1894 4165 lib.
1927 4128 2010 4178 ιιι,
2038 4113 2066 4179 §

414 4192 490 4265 7).
523 4193 679 4249 Dixit
719 4188 974 4267 quoque.
1003 4196 1222 4251 Seneca
1265 4213 1330 4250 ει
1384 4196 1529 4251 Eum
1589 4197 1717 4253 dedi
1779 4196 1954 4254 larvis
2009 4205 2066 4256 et

418 4282 681 4354 proximo
712 4300 927 4355 ponere
958 4284 1112 4340 inter
1153 4301 1333 4340 novos
1387 4289 1737 4343 auctoratos.
1770 4307 1797 4337 »
1840 4288 2061 4358 (Senec.

418 4371 553 4426 Lud.
578 4372 644 4426 de
672 4382 847 4429 morte
880 4373 1073 4428 Claud.
1108 4391 1164 4445 p.
1198 4374 1351 4443 919.)
1406 4374 1615 4430 Milites
1665 4391 1797 4431 vero
1846 4377 2061 4432 addicti

420 4459 643 4516 militiae
674 4466 1042 4518 sacramento
1067 4462 1342 4533 autorati,
1377 4462 1609 4518 dimissi
1658 4468 1853 4520 autem
1886 4482 2059 4521 exau-

417 4548 642 4618 ctorati,
678 4567 711 4606 a
741 4552 892 4607 Livio
924 4551 1172 4622 aliisque
1204 4551 1591 4623 scriptoribus
1621 4554 1836 4626 saepius
1856 4554 2060 4610 dicun-
2090 4558 2138 4624 Β

414 4642 530 4693 tur.
590 4639 838 4696 Caeteras
888 4658 1059 4713 porro
1112 4641 1291 4711 hujus
1322 4640 1457 4696 libri
1490 4642 1752 4698 diversas
1784 4643 2063 4701 lectiones

414 4725 589 4798 infra,
619 4746 753 4785 cum
786 4729 1014 4785 occasio
1046 4746 1107 4785 se
1130 4730 1314 4796 dabit,
1340 4731 1777 4789 annotabimus.

484 4836 664 4893 Notas
687 4840 882 4893 autem
914 4841 974 4891 et
1021 4836 1455 4892 observationes
1513 4838 1571 4892 in
1630 4838 1787 4894 hunc
1840 4839 2059 4897 librum

411 4924 593 4979 iidem
627 4925 952 4994 eodemque
982 4923 1156 4979 modo
1187 4923 1571 4995 scripserunt,
1594 4926 1693 4997 qui
1724 4931 1781 4982 et
1818 4926 1877 4983 in
1906 4930 2058 5001 Apo-

412 5012 751 5085 logeticum.
787 5013 865 5068 De
894 5012 1011 5068 illis
1034 5012 1233 5083 itaque
1263 5013 1539 5070 omnibus
1572 5014 1747 5086 idem,
1782 5017 1935 5087 quod
1961 5035 2059 5073 su-

414 5118 518 5173 pra
549 5101 1403 5170 animadvertimus,judicium
1430 5103 1733 5159 ferendum
1758 5111 1867 5161 est.
1903 5106 2060 5162 Nihil

412 5190 593 5261 igitur
614 5190 1011 5260 adjicendum,
1064 5187 1176 5244 nisi
1233 5190 1386 5260 quod
1447 5190 1540 5246 his
1599 5193 1942 5249 Tertulliani
1990 5196 2060 5251 ad

411 5278 708 5349 Scapulam
740 5279 966 5334 verbis:
1020 5301 1039 5328 ι
1077 5281 1215 5334 Cum
1266 5279 1709 5336 Adrumeticum
1764 5283 2059 5341 Mavillum

413 5367 479 5422 ad
506 5366 725 5422 bestias
756 5368 1122 5438 damnasses,
1147 5371 1202 5423 et
1231 5368 1431 5423 statim
1474 5367 1595 5424 haec
1642 5372 1867 5429 vexatio
1916 5376 2060 5430 sub-

412 5459 614 5512 secuta
643 5460 751 5511 est.
789 5478 814 5506 n
845 5457 1106 5525 (Tertull.
1141 5458 1221 5513 ad
1269 5456 1490 5528 Scapul.
1525 5474 1652 5531 cap.
1687 5461 1743 5531 3)
1774 5462 2061 5534 Rigaltius

412 5546 735 5601 arbitratur
763 5546 1027 5601 denotari
1077 5545 1429 5601 acutissima;
1486 5548 1794 5618 cujusdam
1823 5553 2062 5625 aegritu-

412 5634 569 5691 dinis
624 5635 969 5705 crueiatum,
1017 5651 1132 5708 quo
1190 5635 1315 5708 ipse
1370 5635 1623 5709 Scapula
1677 5638 1741 5695 ob
1781 5641 2058 5713 iteratam,

2168 545 2314 595 Nam
2347 538 2745 595 Tertullianus
2802 538 3168 591 continenter
3197 536 3464 593 addidit:
3501 558 3529 587 ‹ι
3561 536 3630 590 Et
3661 553 3812 592 nunc

2169 646 2236 683 ex
2266 630 2469 683 eadem
2502 644 2681 683 causa
2729 625 3120 697 interpellatio
3170 625 3500 696 sanguinis,
3538 646 3567 673 »
3615 626 3670 679 id
3703 630 3808 683 est.

2171 726 2234 773 ut
2258 719 2408 773 idem
2444 717 2729 788 Rigaltius
2762 715 3057 786 opinatur,
3080 713 3544 770 Christianorum
3570 713 3808 785 sanguis

2170 805 2523 862 clamaverat
2551 806 2622 860 ad
2656 807 2856 871 Deum,
2916 821 2983 858 ac
3040 803 3246 858 divinas
3304 802 3463 857 illius
3522 804 3809 874 patientiae

2171 912 2363 950 moras
2396 894 2884 966 interpellaverat.
2926 893 3036 949 Sed
3088 892 3319 947 nullum
3354 892 3547 963 plane,
3604 908 3674 947 ue
3703 893 3810 947 mi-

2170 983 2397 1037 nimum
2428 982 2899 1052 quidem,auotor
2919 986 3115 1035 noster
3137 970 3413 1049 deprimo
3435 984 3532 1035 aut
3562 980 3812 1035 secundo

2171 1070 2435 1141 Scapulae
2470 1071 2672 1125 morbo
2702 1070 2943 1124 verbum
2994 1069 3148 1123 fecit.
3184 1068 3255 1122 Et
3298 1084 3433 1123 vero
3464 1067 3515 1122 si
3556 1067 3816 1125 acutissi-

2171 1160 2689 1230 ma,quemadmod
2702 1176 2796 1214 cm
2813 1157 3614 1230 vultRigaltius,aegritudine
3636 1157 3813 1214 semel

2172 1255 2230 1304 et
2259 1249 2474 1305 iterum
2504 1250 2909 1307 laboravisset.
2944 1264 3077 1304 eum
3124 1248 3297 1319 longe
3327 1247 3518 1302 acrius
3551 1248 3682 1303 inde
3727 1265 3817 1302 ur-

2171 1344 2355 1410 geret,
2388 1343 2453 1393 ut
2484 1338 2555 1393 ad
2588 1338 2881 1393 saniorem
2937 1345 3191 1391 mentem
3224 1336 3455 1391 facilius
3512 1336 3815 1391 reducere-

2170 1431 2285 1481 tur.
2319 1426 2534 1482 Verum
2567 1426 2675 1481 hoc
2706 1427 2946 1493 omisso,
3008 1427 3190 1480 instat
3247 1430 3304 1479 et
3356 1429 3523 1497 urget
3562 1424 3808 1480 aliorum

2171 1516 2451 1588 exemplis
2482 1516 2798 1588 praesidum
2830 1521 2887 1570 et
2941 1514 3381 1587 proconsulum,
3438 1514 3535 1584 qui
3579 1530 3699 1569 suae
3750 1516 3808 1568 in

2170 1605 2530 1661 Christianos
2552 1605 2911 1660 crudelitatis
2945 1621 3144 1676 poenas
3175 1604 3477 1658 dederant.
3511 1602 3687 1658 Nobis
3709 1602 3814 1658 ita-

2170 1710 2280 1764 que
2302 1694 2534 1748 facilius
2566 1693 3017 1765 persuadebitur
3048 1693 3350 1747 referenda
3381 1707 3508 1746 esse
3564 1690 3662 1744 illa
3681 1691 3815 1745 Ter-

2169 1782 2402 1838 tulliani
2434 1785 2609 1838 verba
2632 1784 2703 1837 ad
2755 1782 3162 1854 Byzantinum,
3222 1781 3392 1851 cujus
3425 1779 3641 1834 ibidem
3693 1796 3816 1833 me-

2172 1871 2767 1942 minit,exitium,quo
2791 1869 3007 1926 ethnici
3040 1871 3111 1925 ob
3142 1868 3583 1941 iniquissimam
3614 1869 3670 1921 in
3693 1884 3820 1923 eos-

2170 1961 2299 2014 dem
2334 1959 2699 2015 Christianos
2730 1958 3134 2014 crudelitatem
3165 1974 3199 2012 a
3250 1958 3365 2012 Deo
3408 1973 3468 2011 se
3501 1957 3813 2012 mulctatos

2171 2048 2352 2103 fuisse
2375 2048 2567 2120 palam
2591 2048 2841 2103 confessi
2874 2052 3032 2102 sunt.

2242 2138 2437 2192 Minus
2469 2142 2664 2194 autem
2696 2155 2729 2192 a
2756 2154 2890 2192 vero
2915 2135 3202 2207 Rigaltius
3235 2134 3547 2191 recessisse
3567 2134 3813 2205 videtur,

2171 2222 2270 2279 ubi
2303 2224 2362 2279 in
2393 2225 2485 2279 his
2530 2222 2874 2279 Tertulliani
2933 2222 3147 2289 verbis,
3196 2224 3498 2277 Proculum
3553 2221 3819 2277 Euhodiw

2167 2323 2585 2386 procuratorem
2642 2313 2846 2384 (Ibid),
2921 2311 3390 2368 emendationem
3469 2310 3816 2383 comprobat

2171 2402 2400 2467 Pithcei,
2433 2403 2535 2474 qui
2564 2400 2738 2457 Euodi
2768 2402 3081 2472 legendum
3114 2401 3454 2471 suspicatus
3476 2405 3584 2455 est.
3616 2403 3689 2454 At
3721 2400 3816 2452 fu-

2172 2491 2295 2547 sius
2328 2494 2398 2547 de
2428 2492 2519 2546 his
2542 2493 2661 2547 sive
2711 2490 2947 2563 Rigaltii
2979 2492 3098 2546 sive
3126 2491 3392 2557 jaliorum
3453 2487 3821 2544 observatio-

2172 2579 2343 2634 nibus
2366 2579 2519 2634 infra
2551 2580 2982 2635 disserendum.

2826 2691 3050 2748 CAPUT
3072 2692 3163 2748 VI.

2173 2783 2329 2837 Novae
2348 2782 2406 2835 in
2437 2782 2761 2837 Tertulliani
2789 2782 3211 2852 Apologeticam,
3253 2780 3386 2835 duos
3427 2779 3496 2834 ad
3552 2780 3815 2835 Nationes

2245 2854 2431 2917 libros,
2466 2858 2517 2907 et
2551 2870 2719 2908 unum
2747 2853 2816 2908 ad
2844 2852 3142 2922 Scapulam
3198 2854 3613 2916 observationes,
3683 2852 3817 2920 qui-

2246 2924 2341 2979 bus
2394 2927 2637 2995 primum
2695 2924 3002 2980 ostenditur
3059 2925 3435 2979 Christianam
3492 2923 3817 2995 religionem

2243 2994 2447 3066 [ultam
2476 3012 2586 3051 esse
2622 3000 2796 3051 sacris
2855 2996 3050 3051 Veteris
3112 2996 3437 3066 Testamenli
3487 2994 3815 3066 Scripturis,

2245 3063 2299 3122 et
2328 3068 2591 3138 quomodo
2619 3068 2701 3123 ἢκ
2728 3068 3024 3139 Scriptura:
3070 3065 3141 3121 ad
3198 3065 3556 3132 Christianos,
3587 3063 3812 3139 (admo-

2245 3136 2372 3193 rum
2399 3156 2752 3209 successores,
2799 3136 3167 3211 pervenerint,
3229 3155 3292 3193 ac
3340 3144 3548 3209 quanta
3587 3136 3813 3192 illorum

2246 3214 2565 3267 auctoritas.

2720 3332 3041 3373 ARTICULUS
3074 3332 3307 3372 PRIHUS.

2173 3405 2445 3474 Quomodo
2478 3404 2845 3461 Tertullianus
2874 3405 3115 3462 ostendat
3155 3404 3525 3459 Christianam
3579 3402 3815 3474 religio-

2242 3494 2388 3546 nem,
2418 3477 2631 3531 Tiberio
2662 3479 2985 3546 imperante,
3028 3479 3087 3532 in
3116 3475 3385 3530 mundum
3416 3472 3815 3538 introductam,

2240 3552 2410 3603 sacris
2438 3548 2630 3619 fulciri
2652 3550 2972 3605 Iudaeorum
2996 3549 3316 3618 Scripturis,
3347 3562 3411 3600 ac
3450 3547 3818 3619 Christianos,

2242 3621 2343 3674 etsi
2371 3615 2446 3675 ab’
2496 3620 2693 3676 iisdem
2746 3620 2947 3676 Iudaeis
3001 3615 3245 3685 nomine,
3278 3615 3639 3688 quorumdam
3666 3615 3817 3670 cibo-

2244 3708 2369 3745 rum
2399 3708 2519 3758 usu,
2550 3693 2703 3761 festis
2733 3691 2923 3746 diebus
2952 3694 3003 3745 ei
3027 3691 3447 3747 circumcisione
3475 3689 3819 3761 discrepent,

2244 3763 2300 3816 in
2333 3778 2519 3817 eorum
2549 3758 2752 3829 tamen,
2783 3779 2855 3817 ex
2883 3763 3060 3833 patrio
3088 3763 3204 3818 solo
3236 3762 3299 3817 ob
3327 3777 3426 3815 sua
3454 3760 3662 3815 scelera
3691 3758 3819 3829 pul-

2243 3850 2445 3897 sorum,
2480 3834 2658 3889 locum
2684 3836 2859 3905 fuisse
2890 3850 3080 3889 revera
3109 3834 3449 3903 subrogatos.

2249 3949 2396 4005 782
2427 3950 2550 4005 Non
2585 3949 2741 4005 aliud
2775 3949 3118 4005 Tertulliani
3152 3950 3210 4004 in
3245 3948 3339 4017 iis,
3360 3948 3430 4003 de
3462 3946 3678 4019 quibus
3700 3944 3827 4015 agi-

2175 4038 2503 4104 mus,libris
2531 4038 2900 4109 propositum
2921 4038 3171 4105 fuit,nisi
3196 4042 3526 4103 ut,causam
3542 4032 3827 4090 Christia-

2174 4144 2384 4182 norum
2412 4128 2658 4199 agendo,
2693 4128 3123 4184 demonstraret
3150 4143 3346 4182 veram
3376 4140 3505 4181 esse
3555 4122 3823 4191 illorum,

2171 4216 2381 4273 falsam
2421 4233 2554 4273 vero
2586 4217 2897 4290 gentilium
2922 4216 3282 4290 religionem,
3304 4216 3530 4286 hosque
3550 4211 3828 4269 omnium

2171 4304 2363 4375 reipsa
2394 4321 2521 4360 reos
2551 4321 2679 4361 esse
2709 4306 3046 4375 criminum,
3081 4321 3333 4376 quorum
3386 4302 3622 4359 eosdem
3648 4300 3827 4357 Chri-

2172 4396 2395 4452 stianos
2426 4397 2570 4452 falso
2601 4397 2977 4453 accusabant.
3012 4397 3125 4452 Sed
3157 4396 3297 4467 quia
3326 4395 3446 4450 haec
3477 4394 3547 4450 ab
3570 4392 3671 4448 illo
3698 4406 3826 4447 non

2170 4486 2315 4541 satis
2338 4485 2617 4542 distincte
2671 4490 2728 4542 et
2783 4486 3095 4542 distribute
3150 4487 3499 4552 tractantur,
3549 4498 3614 4537 ac
3645 4480 3831 4553 plura

2169 4579 2226 4631 et
2254 4574 2516 4631 difﬁcilia
2544 4580 2879 4641 occurrunt,
2901 4592 2969 4632 ea
2999 4592 3103 4647 pro
3124 4573 3281 4631 virili
3311 4577 3514 4629 nostra
3542 4574 3707 4642 parte
3734 4569 3830 4623 in-

2170 4663 2470 4720 meliorem
2494 4665 2759 4720 ordinem
2792 4665 3045 4729 redacta,
3079 4663 3248 4719 solito
3280 4678 3440 4717 more
3456 4663 3655 4716 nostro
3676 4675 3829 4715 exa-

2170 4751 2396 4807 minare
2425 4756 2483 4807 et
2512 4752 2796 4823 explicare
2826 4752 3213 4807 connitemur.

2240 4840 2881 4897 FateturTertullianus
2904 4858 3017 4897 non
3036 4845 3324 4896 vetustam
3349 4837 3664 4895 admodum
3688 4850 3833 4892 esse

2168 4928 2565 4985 Christianam
2596 4929 2964 5002 religionem,
2998 4933 3199 5001 utpote
3231 4944 3356 5000 que
3387 4926 3668 4985 aChristo
3708 4930 3831 4979 Do-

2168 5019 2330 5074 mino
2354 5018 2713 5085 sitfundata,
2748 5025 3027 5091 regnante
3085 5018 3313 5074 Tiberio
3372 5015 3620 5084 Cassare,
3684 5017 3833 5069 ante

2169 5108 2340 5178 cujus
2397 5111 2632 5180 tempus
2664 5124 2970 5179 nunquam
3017 5106 3283 5163 auditum
3324 5105 3515 5161 fuerat
3541 5102 3834 5159 Christia-

2169 5212 2381 5251 norum
2413 5212 2646 5252 nomen.
2672 5218 2700 5245 «
2747 5198 2969 5252 Census
2996 5195 3176 5261 enim,
3216 5194 3413 5266 inquit
3437 5193 3553 5258 ille,
3589 5192 3700 5247 hoc
3729 5194 3834 5246 est

2170 5286 2331 5358 origo
2362 5290 2418 5342 et
2446 5287 2880 5354 initium,istius
2903 5285 3318 5358 disciplinas,ut
3337 5286 3464 5357 jam
3493 5283 3833 5353 edidimus,

2170 5393 2205 5431 a
2234 5374 2467 5431 Tiberio
2490 5379 2596 5431 est.
2633 5396 2662 5425 »
2694 5374 3050 5444 (Tertulliau.
3075 5374 3350 5447 Apologet.
3376 5390 3503 5444 cap.
3532 5373 3614 5443 7.)
3645 5371 3837 5426 Prius

2168 5480 2302 5519 vero
2333 5463 2556 5519 dixerat
2589 5482 2601 5519 :
2636 5487 2664 5514 «
2702 5465 2991 5531 Tiberius,
3052 5465 3223 5535 cujus
3279 5468 3540 5535 tempore
3598 5478 3837 5517 nomen

2169 5550 2569 5608 Christianum
2599 5552 2661 5609 in
2694 5554 2975 5611 saaoulum
3008 5551 3293 5609 introivit.
3324 5574 3352 5604 »
3390 5551 3545 5622 (Ibid.
3583 5567 3717 5623 cap.
3739 5551 3832 5619 5.)

2170 5638 2280 5697 Ubi
2312 5645 2512 5699 autem
2541 5644 2601 5699 et
2629 5644 2865 5716 quando
2887 5641 3033 5701 illud
3063 5640 3673 5715 primointroductum
3696 5640 3837 5698 fue-
