4106 6178
254 338 371 398 865

1161 344 1233 402 D.
1284 341 1380 402 LE
1424 343 1755 404 NOURRY
1799 343 2448 405 OBSERVATIONES
2493 345 2761 408 NOVE.

3547 351 3666 412 866

253 471 327 525 rit
359 470 407 527 si
443 471 541 542 qui
572 472 720 527 scire
747 476 929 542 aveat,
965 488 1032 528 ex
1065 472 1475 544 Apostolorum
1509 474 1747 528 Actibus
1778 474 1896 529 dis-
1928 475 1980 540 Α
2013 476 2069 528 et
2092 474 2314 529 Judzeis
2344 474 2636 530 debebant
2676 493 2803 533 esse
2851 479 3207 545 communia,
3242 480 3289 536 si
3323 480 3509 536 eidem
3545 486 3659 537 Deo

254 564 349 616 cet
390 560 639 614 Paulum
673 565 727 615 et
765 560 1092 615 Barnabam
1145 561 1202 615 in
1255 561 1619 617 Antiochena
1647 561 1904 618 Ecclesia

254 650 529 704 docuisse
560 651 791 705 turbam
828 650 1074 705 multam
1110 667 1121 703 :
1158 674 1184 699 «
1212 652 1295 704 Ita
1325 655 1391 706 ut
1423 652 1904 721 cognominaren-

252 747 351 796 tur
380 742 638 813 primum
663 740 985 795 Antiochia
1018 738 1293 812 discipuli
1328 741 1663 796 Christiani.
1691 764 1717 790 ››
1740 742 1903 812 (Act.,

253 847 381 900 cap.
422 831 507 898 11,
559 847 613 881 ν.
660 830 775 897 25.)
822 829 1209 892 Quamobrem
1259 829 1655 885 Tertullianus
1704 834 1903 886 noster

254 920 366 975 alio
426 922 484 975 in
533 921 729 974 libro:
785 941 813 967 «
847 920 1066 987 ditatis,
1119 920 1327 991 inquit,
1377 926 1587 976 nostra
1639 922 1900 978 nondum

251 1009 390 1064 anni
420 1009 651 1064 ducenti
686 1013 742 1064 et
770 1009 1222 1081 quinquaginta,
1250 1032 1278 1059 »
1301 1027 1366 1065 ac
1398 1014 1596 1082 postea
1630 1026 1642 1064 :
1683 1033 1703 1058 α
1731 1011 1901 1066 {Etati

250 1102 464 1153 nostris
496 1098 757 1153 nondum
792 1098 925 1152 anni
960 1098 1220 1153 trecenti.
1276 1120 1304 1148 »
1355 1099 1597 1154 Tertull.
1654 1100 1724 1155 ad
1774 1101 1897 1155 Nat.

248 1203 377 1259 cap.
421 1188 475 1253 5,
526 1190 585 1242 et
628 1202 755 1256 cap.
807 1187 883 1256 9).
941 1186 1090 1251 Quin
1139 1186 1314 1242 etiam
1361 1187 1420 1241 in
1479 1188 1898 1260 Apologetico:

245 1277 515 1341 Hesterni,
549 1275 650 1340 ait,
681 1290 889 1342 sumus,
921 1274 975 1329 id
1011 1280 1120 1339 est,
1154 1292 1270 1330 non
1320 1292 1353 1331 a
1402 1276 1575 1347 longo
1615 1282 1897 1349 tempore,

243 1365 346 1419 sed
379 1368 663 1435 tanquam
696 1363 992 1429 hesterna,
1026 1364 1073 1418 si
1107 1378 1238 1419 cum
1296 1364 1426 1419 aliis
1467 1380 1898 1436 comparemur,

242 1452 336 1507 die
390 1451 536 1507 nati.
572 1453 653 1507 Ibi
686 1456 883 1507 autem
935 1452 1188 1508 monitos
1221 1470 1328 1508 nos
1373 1469 1500 1509 esse
1548 1454 1751 1526 voluit,
1784 1473 1900 1512 non

240 1557 459 1613 magno
491 1542 619 1596 sine
652 1541 931 1596 miraculo
956 1541 1198 1608 factum,
1223 1546 1289 1597 ut
1315 1542 1899 1609 Cbristiani,tametsi

242 1631 316 1685 ab
348 1631 517 1685 annis
549 1634 668 1685 tam
701 1630 904 1702 paucis
935 1630 1141 1697 exorti,
1163 1632 1362 1687 omnia
1393 1633 1551 1689 orbis
1581 1637 1898 1707 terrarum,

242 1718 500 1790 exceptis
531 1718 674 1774 solis
722 1719 1094 1775 ethnicorum
1148 1721 1406 1792 templis,
1439 1720 1568 1777 loca
1618 1723 1900 1795 impleve-

245 1808 366 1864 rint
394 1808 598 1881 (Idem,
632 1808 853 1880 Apolog.
887 1824 1014 1881 cap.
1047 1809 1159 1879 3’7).

312 1963 388 2015 At
416 1976 757 2032 quanquam
784 1959 1116 2016 Christiana
1138 1959 1359 2030 religio,
1383 1961 1697 2019 fatentibus
1718 1964 1897 2020 etiam

242 2050 374 2120 ejus
401 2051 813 2115 sectatoribus,
847 2050 1012 2115 adeo,
1042 2049 1195 2104 sicut
1223 2050 1304 2104 ait
1334 2050 1764 2121 Tertullianus,
1794 2070 1896 2109 no-

239 2137 392 2193 vella
424 2138 617 2205 fuerit,
652 2143 711 2193 ut
743 2138 1019 2194 Tiberiani
1047 2140 1330 2207 temporis,
1365 2140 1445 2194 ita
1496 2140 1592 2196 ille
1640 2140 1899 2211 loquitur

236 2229 404 2297 (Ibid.
440 2244 562 2299 cap.
599 2228 710 2295 21),
744 2228 850 2283 hoc
881 2232 989 2293 est,
1023 2227 1250 2282 Tiberio
1281 2227 1526 2299 Caesare,
1560 2230 1712 2285 sicut
1764 2247 1898 2287 mox

238 2315 519 2380 diximus,
560 2316 882 2387 imperante
926 2316 983 2370 in
1032 2316 1191 2371 hunc
1226 2318 1511 2372 mundum
1564 2319 1897 2375 introducta

238 2404 336 2470 sit,
373 2409 597 2459 certum
632 2410 824 2459 tamen
872 2409 962 2460 est
1012 2404 1201 2475 ipsam
1249 2407 1672 2476 antiquissimis,
1705 2412 1771 2463 ut
1799 2408 1895 2463 ille

238 2492 434 2548 adhuc
483 2493 581 2559 ait,
630 2495 950 2550 Judaforam
996 2496 1400 2562 instrumentis,
1447 2496 1504 2549 id
1550 2500 1661 2562 est,
1713 2497 1895 2552 sacris

237 2583 467 2636 Veteris
496 2583 852 2638 Testamenti
905 2583 1226 2653 Scripturis
1258 2600 1386 2640 esse
1429 2586 1734 2655 suﬂuttam.
1768 2585 1894 2641 Non

238 2669 313 2724 iis
346 2675 542 2725 autem
576 2675 809 2726 tantum
843 2671 1094 2726 subnixa
1123 2677 1231 2737 est,
1265 2673 1365 2727 sed
1402 2672 1513 2727 illa:
1561 2673 1737 2728 etiam
1777 2691 1893 2729 non

240 2758 445 2814 minus
475 2760 546 2813 ad
586 2759 953 2816 Christianos
993 2777 1148 2815 nunc
1198 2760 1511 2832 pertinent,
1545 2778 1721 2833 quam
1754 2762 1892 2818 olim

240 2848 311 2902 ad
344 2847 602 2904 Judaeos.
627 2848 801 2903 Paulo
828 2848 985 2903 enim
1014 2850 1286 2921 superius
1308 2852 1517 2905 auctor
1538 2856 1737 2906 noster
1758 2851 1895 2906 scri-

240 2941 442 3004 pserat
476 2952 489 2991 :
522 2959 550 2986 ‹‹
585 2936 770 2991 Unius
800 2937 1095 3008 prophetae
1137 2937 1447 3002 scrinium,
1475 2939 1529 2993 id
1565 2943 1651 2994 est
1680 2939 1894 3011 Moysis

238 3022 400 3091 libri,
424 3024 675 3081 aliorum
705 3026 969 3081 omnium
1001 3025 1183 3081 libros
1215 3026 1482 3097 pluribus
1515 3027 1744 3083 saeculis
1772 3029 1895 3083 vin-

235 3112 335 3178 cit,
370 3112 429 3168 in
453 3131 571 3186 quo
601 3115 829 3170 videtur
860 3115 1174 3170 thesaurus
1217 3114 1531 3171 collocatus
1582 3116 1761 3172 totius
1790 3116 1892 3172 Ju-

232 3202 391 3257 daici
421 3204 791 3269 sacramenti,
824 3209 882 3259 et
910 3203 1045 3258 inde
1074 3204 1249 3259 etiam
1283 3205 1468 3259 nostri
1495 3230 1508 3270 ς
1542 3226 1571 3253 ››
1603 3206 1762 3277 (Ibid.
1784 3222 1889 3278 cap
1919 3212 1963 3280 ο

237 3291 327 3359 19)
361 3291 422 3345 in
456 3292 671 3346 nostris
702 3308 835 3347 vero
865 3292 1166 3347 codicibus
1212 3292 1651 3362 manuscriptis,
1684 3299 1733 3349 et
1763 3295 1891 3351 inde

225 3380 349 3449 jam
379 3389 433 3435 et
460 3382 656 3435 nostri.
691 3381 914 3444 Quibus
945 3396 1086 3435 sane
1117 3380 1308 3436 verbis
1352 3380 1754 3438 Tertullianus
1803 3385 1889 3439 si-

233 3467 481 3539 gniﬁcat
509 3468 569 3523 in
601 3468 709 3523 hoc
730 3473 787 3523 et
808 3468 938 3524 aliis
963 3468 1189 3524 Veteris
1218 3470 1578 3525 Testamenti
1613 3471 1778 3527 libris
1800 3472 1886 3527 di-

234 3556 441 3610 vinum
497 3557 704 3622 nostri,
753 3556 905 3612 sicut
953 3556 1092 3612 olim
1132 3557 1493 3625 Judaeorum,
1541 3562 1889 3616 sacramenti

234 3644 583 3700 thesaurum
611 3662 809 3701 revera
839 3644 1140 3701 collocari.

302 3797 523 3852 Contra
587 3800 783 3853 tamen
842 3798 1125 3868 objicient
1177 3796 1393 3852 ethnici
1452 3798 1603 3854 hanc
1664 3799 1888 3857 futilem

233 3902 363 3941 esse
397 3888 455 3940 et
485 3886 805 3941 absurdam
840 3885 1351 3956 presumptionem
1388 3886 1890 3961 jactationemque

233 3974 726 4041 Christianorum,
793 3976 890 4046 qui
946 3974 1045 4030 sub
1098 3975 1421 4029 umbraculo
1496 3977 1890 4045 insignissimae

232 4064 528 4134 religionis
555 4063 758 4132 (Idem,
793 4080 917 4135 cap.
969 4064 1059 4134 31)
1109 4080 1171 4119 se
1221 4062 1494 4119 volebant
1535 4065 1891 4123 abscondere

234 4157 415 4223 atque
438 4151 713 4224 impium,
747 4168 918 4223 quem
951 4152 1176 4207 homini
1209 4152 1487 4209 cruciﬁxo
1519 4153 1887 4222 exhibebant,

234 4240 463 4296 cultum
494 4242 697 4296 tutari.
731 4241 877 4297 Nam
910 4258 1145 4313 magna,
1178 4241 1545 4312 inquiebaut,
1579 4242 1711 4298 illos
1743 4243 1893 4299 inter

233 4335 289 4385 et
317 4331 560 4386 Judaeos
596 4330 745 4386 783
777 4335 918 4398 erat,
964 4347 1081 4385 non
1128 4330 1318 4386 solum
1360 4332 1615 4400 nomine,
1666 4334 1765 4389 sed
1800 4333 1892 4405 ip-

234 4418 317 4473 sis
369 4418 550 4474 etiam
601 4420 774 4474 rebus
819 4420 1232 4491 discrepantia.
1285 4419 1477 4475 Primo
1528 4420 1711 4488 enim,
1743 4421 1894 4477 sicut

235 4524 410 4562 nemo
439 4507 733 4563 nesciebat
755 4514 972 4579 quanta
996 4508 1167 4563 fuerit
1187 4509 1522 4564 Judaeorum
1548 4510 1891 4582 antiquitas,

233 4594 309 4649 ita
342 4594 547 4650 nullus
578 4596 1077 4669 planeignorabat
1096 4597 1393 4652 Christum
1424 4614 1550 4653 esse
1572 4598 1891 4667 hominem,
1929 4582 1971 4646 D

234 4702 412 4755 quem
446 4684 683 4756 ipsimet
710 4685 895 4740 Judaei
928 4704 1043 4742 non
1079 4703 1112 4741 a
1135 4686 1329 4758 longo,
1352 4686 1436 4741 uti
1472 4704 1602 4741 mox
1633 4688 1893 4743 animad-

230 4775 537 4843 vertimus,
571 4779 831 4845 tempore
871 4776 1302 4845 judicaverunt,
1337 4792 1402 4831 ac
1453 4776 1641 4830 crucis
1686 4778 1891 4833 affece-

230 4869 370 4916 runt
407 4862 713 4933 supplicio.
763 4864 979 4918 Deinde
1008 4863 1091 4917 illi
1139 4864 1292 4919 inter
1322 4880 1382 4917 se
1414 4864 1781 4920 dissidebant
1810 4868 1890 4920 vi—

230 4960 342 5006 ctus
372 4952 807 5022 exceptionibus,
838 4952 951 5006 hoc
989 4955 1077 5006 est
1109 4952 1467 5022 quibusnam
1501 4953 1763 5007 ciborum
1794 4970 1890 5025 ge-

228 5041 499 5107 neribus,
523 5040 736 5110 quibus
766 5039 827 5094 hi
857 5040 1256 5111 abstinebant,
1282 5039 1361 5094 illi
1395 5057 1527 5096 vero
1555 5042 1889 5098 utebantur.

230 5132 450 5199 Tertio,
486 5148 685 5187 secum
716 5130 1129 5204 discrepabunt
1157 5133 1597 5187 solemnitatibus
1651 5132 1888 5199 dierum,

232 5237 362 5291 quae
397 5222 551 5292 apud
587 5225 867 5291 utrosque
896 5226 1061 5275 erant
1084 5237 1324 5290 prorsus
1344 5220 1610 5275 diversae.
1632 5220 1891 5291 Denique

235 5310 591 5365 differebant
619 5311 738 5377 ipso
768 5310 1073 5379 signaculo,
1136 5309 1279 5374 sive,
1338 5313 1403 5364 ut
1459 5310 1540 5363 ait
1606 5309 1891 5364 Minutius

235 5399 419 5465 Felix,
479 5401 730 5453 notaculo
758 5405 1026 5469 corporis,
1060 5400 1213 5468 quod
1249 5400 1319 5454 ab
1352 5399 1636 5471 apostolo,
1668 5400 1888 5467 signum

234 5489 700 5553 rircumsisionis,
721 5488 1385 5560 etsignacutumjustitize
1416 5488 1548 5559 ﬁdei
1580 5490 1635 5542 in
1664 5503 1887 5559 purpu-

236 5580 312 5633 tio
335 5583 578 5632 vocatur
609 5578 841 5649 (Minut.
868 5576 1042 5644 Felix,
1078 5594 1209 5649 pag.
1244 5578 1382 5646 376;
1429 5582 1486 5633 S.
1524 5576 1682 5633 Paul.
1716 5578 1886 5648 Epist.

234 5667 303 5721 ad
338 5668 496 5721 Rom.
530 5684 605 5734 IV,
633 5667 693 5721 11
721 5667 925 5738 seqq.).
953 5667 1127 5738 Atqui
1162 5666 1280 5721 haec
1311 5668 1509 5723 omnia
1539 5665 1888 5723 Christianis

2014 563 2452 634 manciparentu
2464 582 2509 618 r.

2082 671 2153 724 At
2185 686 2331 724 nova
2364 687 2477 725 non
2513 672 2620 725 f‘uit
2651 673 2770 728 haec
2822 691 2934 729 non
2969 676 3140 731 modo
3194 679 3525 749 gentilium,
3559 682 3658 736 sed

2012 758 2187 813 etiam
2219 758 2552 815 Judmorum
2586 762 2866 817 adversus
2893 763 3255 821 Christianos
3280 776 3659 839 argumenta-

2009 848 2111 901 tio.
2144 847 2288 902 Nam
2319 849 2589 904 Justinus
2624 850 2840 924 Martyr
2871 852 2927 906 in
2961 871 3067 908 sua
3097 856 3166 909 ad
3202 854 3431 911 Graecos
3461 858 3663 913 cohor-

2012 936 2233 991 tatione
2264 936 2424 992 illam
2483 939 2788 1010 gentilium
2833 943 3069 998 nomine
3115 944 3198 999 sic
3247 955 3416 1016 urget
3451 964 3463 1001 :
3498 945 3557 999 Et
3605 945 3662 1000 δέ

2008 1044 2092 1084 τις
2147 1024 2342 1100 φάσκοι
2417 1030 2525 1079 τῶν
2601 1029 2916 1103 προχείρως
2973 1028 3272 1105 ἀντιλέγειε
3340 1032 3661 1106 εἰθισμένων

2015 1112 2089 1184 μὴ
2122 1115 2257 1185 ἡμῖν
2307 1113 2399 1175 τὰς
2451 1109 2681 1189 βίϐλους
2734 1116 3117 1182 ταύτας,ἀλλὰ
3160 1118 3444 1183 Ἰουδαίοις
3494 1143 3662 1197 προσ-

2010 1202 2183 1273 ήκειν,
2235 1198 2322 1256 διὰ
2376 1204 2437 1257 τὸ
2510 1201 2589 1259 ἔτι
2646 1208 2737 1259 νῦν
2789 1204 2841 1260 ἐν
2894 1213 3013 1269 ταῖς
3077 1215 3414 1285 συναγωγαῖς
3483 1208 3658 1267 αὑτῶν

2009 1291 2297 1358 σώζεσθαι,
2327 1290 2414 1343 καὶ
2482 1292 2653 1363 μάτην
2704 1295 2850 1364 ἡμᾶς
2911 1294 2969 1348 ἐκ
3019 1295 3224 1349 τούτων
3286 1298 3503 1374 φάσκειν
3558 1301 3656 1367 τήν

2008 1373 2304 1431 Θεοσέϐειαν
2371 1380 2739 1452 μεμαθηκέναι
2790 1380 2938 1456 λέγοι
2975 1401 2987 1415 ·
3041 1385 3106 1439 At
3162 1387 3216 1441 si
3268 1373 3391 1457 quis
3445 1405 3655 1456 eorum,

2009 1470 2106 1539 qui
2161 1476 2359 1525 temere
2415 1471 2789 1528 contradicere
2845 1478 3262 1545 consueverunt,
3304 1477 3462 1532 nobis
3520 1478 3657 1550 obji-

2007 1560 2117 1611 ciat
2162 1573 2270 1612 non
2300 1562 2512 1613 nostras
2560 1562 2653 1615 hos
2700 1577 2832 1630 esse,
2866 1563 2957 1617 sed
3010 1562 3330 1619 Iudaeorum
3387 1566 3558 1620 libros
3609 1570 3660 1621 et

2000 1662 2105 1717 per
2138 1648 2429 1702 vanitatem
2459 1665 2557 1703 nos
2585 1649 2807 1719 jactare
2853 1652 3175 1721 religionem
3218 1669 3287 1708 ea:
3333 1655 3410 1708 eis
3439 1655 3654 1709 hausis-

2005 1751 2065 1789 se
2095 1735 2243 1791 dicat
2277 1736 2510 1806 (Justin.
2547 1738 2784 1810 Martyr.
2811 1739 3027 1793 Cohort.
3063 1740 3139 1794 ad
3170 1742 3343 1797 Graec.
3381 1759 3511 1812 pag.
3547 1744 3655 1815 14).

1931 1848 1978 1913 Β
2006 1823 2129 1880 Alio
2159 1830 2355 1881 autem
2388 1825 2444 1879 in
2499 1826 2647 1881 libro
2691 1827 2984 1898 Judaeum,
3031 1829 3231 1882 eodem
3285 1846 3399 1900 quo
3431 1832 3657 1886 Tertul-

2007 1913 2203 1969 lianus
2226 1915 2418 1980 modo,
2443 1914 2790 1971 Christianis
2820 1916 2941 1971 haec
2964 1917 3349 1988 objectantem
3379 1918 3462 1973 sic
3484 1919 3655 1973 indu-

2007 2003 2087 2057 cit
2121 2021 2133 2058 :
2168 2002 2375 2057 Ἐκεῖνο
2409 1999 2465 2056 δε
2499 2001 2806 2078 ἀποροῦμεν
2846 2002 3103 2077 μάλιστα,
3135 2003 3179 2059 εἰ
3214 2006 3368 2078 ὑμεῖς
3422 2002 3657 2061 εὐσεϐεῖν

2008 2086 2278 2165 λέγοντες,
2328 2091 2417 2144 καὶ
2472 2095 2579 2144 τῶν
2641 2088 2827 2145 ἄλλων
2882 2091 3126 2165 οἰόμενοι
3190 2090 3482 2173 διαφέρειν,
3536 2098 3653 2151 κατ’

2007 2176 2157 2232 οὐδὲν
2240 2178 2415 2233 αὐτῶν
2476 2179 2877 2249 ἀπολείπεσθε,
2939 2180 3062 2236 οὐδὲ
3126 2180 3479 2239 διαλλάσσετε
3547 2185 3653 2240 ἀπὸ

2003 2271 2113 2321 τῶν
2145 2266 2307 2330 ἐθνῶν
2340 2269 2430 2322 τὸν
2468 2269 2724 2341 ὑμέτερον
2765 2270 2884 2333 βίον
2918 2269 2966 2323 ἰν
3000 2276 3081 2342 τῷ
3138 2273 3276 2343 μήτε
3316 2274 3410 2335 τὰς
3463 2275 3650 2347 ἑορτὰς

2009 2355 2147 2427 μήτε
2176 2356 2242 2409 τὰ
2297 2351 2538 2410 σάϐϐατα
2579 2362 2786 2431 τηρεῖν,
2828 2358 2964 2428 μήτε
3001 2359 3098 2425 τὴν
3146 2362 3449 2433 περιτομὴν
3508 2358 3651 2436 ἔχειν

2004 2442 2093 2497 καὶ
2149 2439 2224 2497 ἔτι
2298 2442 2380 2498 ἐπ’
2436 2442 2719 2518 ἅνθρωποῦ
2795 2445 3168 2520 σταυρωθέντα
3246 2449 3343 2508 τὰς
3427 2446 3654 2511 ἐλπίδας

2004 2531 2347 2604 ποιούμενοι.
2382 2535 2525 2589 Illud
2553 2542 2697 2591 certe
2754 2537 2973 2608 quidem
3030 2538 3351 2609 ambigendo
3408 2541 3655 2595 maxime

2003 2625 2279 2677 miramur
2307 2640 2420 2690 vos,
2453 2625 2550 2693 qui
2580 2639 2766 2679 veram
2809 2625 3034 2695 jactatis
3065 2628 3415 2697 religionem,
3444 2632 3495 2682 et
3523 2629 3653 2684 aliis

2004 2711 2318 2766 hominibus
2344 2721 2610 2784 pra’stare
2642 2714 2827 2783 vultis,
2860 2730 2983 2769 eum
3014 2715 3166 2770 nihil
3195 2717 3263 2771 ab
3292 2718 3369 2771 eis
3400 2719 3649 2787 variatis,

2003 2803 2055 2855 et
2078 2802 2194 2855 vita
2224 2800 2466 2872 degenda
2492 2802 2635 2856 nihil
2666 2818 2700 2856 a
2727 2803 2977 2872 gentibus
3008 2803 3277 2875 cii/feratis
3299 2822 3319 2866 ;
3354 2808 3538 2875 utpote
3558 2808 3656 2876 qui

2002 2906 2179 2960 neque
2204 2892 2369 2960 festos
2414 2891 2545 2957 dies,
2575 2908 2748 2963 neque
2799 2892 3027 2948 sabbata
3077 2895 3319 2963 servetis,
3343 2910 3514 2964 neque
3541 2896 3648 2949 cir-

2000 2981 2389 3033 cumcisionem
2419 2980 2689 3045 habeatis,
2731 2988 2888 3052 atque
2934 2983 3163 3053 insuper
3192 2983 3247 3036 in
3281 2981 3497 3037 homine
3523 2999 3648 3037 cru-

2002 3068 2169 3137 ciﬁxo
2226 3085 2370 3139 spem
2416 3070 2683 3124 cottocetis
2742 3069 2940 3138 (Idem.
2998 3072 3210 3141 Dialog.
3271 3087 3392 3125 cum
3452 3072 3648 3143 Tryph.

2007 3174 2135 3229 pag.
2168 3158 2318 3225 227).

2070 3264 2401 3335 Respondet
2448 3264 2644 3336 itaque
2690 3265 3089 3321 Terlullianus
3131 3266 3446 3321 maximam
3482 3266 3645 3322 olim.

1996 3352 2333 3408 Judaeorrm
2361 3353 2539 3409 fuisse
2560 3354 2713 3425 apud
2734 3354 2915 3409 Deum
2941 3355 3248 3426 gratiam,«
3266 3356 3336 3410 ob
3358 3356 3650 3428 insignem

1993 3440 2286 3512 justitiam
2312 3447 2368 3497 et
2394 3442 2563 3497 ﬁdem
2589 3442 2961 3513 originalium
2991 3448 3317 3511 auctorum,
3345 3466 3366 3495 ι
3400 3443 3650 3516 (Tertul-

1997 3529 2135 3585 lian.
2170 3529 2447 3601 Apotoget.
2483 3547 2607 3603 cap.
2641 3532 2733 3600 21)
2767 3532 2822 3585 id
2857 3537 2965 3599 est,
3019 3532 3343 3603 primorum
3396 3533 3645 3605 patriar-

1998 3619 2264 3688 charum,
2289 3636 2355 3674 ex
2378 3618 2592 3690 quibus
2614 3619 2897 3692 originem
2922 3636 3091 3676 suam
3116 3622 3646 3687 ducebant.Quam-

1999 3709 2196 3763 obrem
2229 3712 2381 3775 tunc,
2401 3708 2616 3776 felices,
2637 3713 2693 3762 et
2722 3710 2974 3781 generis,
3000 3715 3062 3764 ut
3090 3709 3188 3765 ille
3218 3710 3319 3781 ait,
3344 3711 3649 3783 magnitu-

1999 3797 2153 3866 dine,
2185 3800 2241 3851 et
2287 3797 2445 3867 regni
2495 3797 2855 3852 sublimitate
2916 3798 3259 3854 ﬂoruerunt.
3319 3802 3387 3855 At
3439 3816 3642 3856 eorum

1999 3886 2215 3958 posteri
2271 3885 2492 3954 ﬁducia,
2526 3884 2607 3941 ita
2637 3887 2762 3957 ipse
2803 3888 3195 3958 prosequitur,
3234 3910 3260 3937 ‹‹
3293 3893 3528 3960 patrum
3556 3889 3649 3944 in—

2000 3973 2457 4044 flati,deviantes
2480 3990 2513 4029 a
2546 3974 2857 4046 disciplina
2888 3974 2944 4028 in
2982 3976 3290 4047 profanum
3325 3978 3645 4043 modum,»

2000 4067 2343 4135 spreverunt
2379 4064 2473 4118 Dei
2507 4064 2745 4131 monita,
2779 4080 2844 4119 ac
2874 4063 3231 4119 conculcatis
3262 4067 3389 4135 ejus
3420 4064 3649 4137 legibus

2000 4154 2060 4207 in
2111 4152 2383 4223 quaelibet
2430 4158 2673 4208 ruerunt
2718 4153 2993 4207 vitiorum
3039 4169 3267 4224 genera.
3316 4154 3425 4209 Sed
3471 4169 3646 4225 quem

1999 4242 2182 4298 Deum
2214 4242 2501 4313 optimum
2534 4246 2955 4314 contempsere,
2986 4243 3142 4297 hunc
3189 4259 3451 4297 severum
3480 4241 3647 4313 judi-

2002 4345 2127 4385 ccm
2160 4331 2380 4401 experti
2412 4334 2568 4385 sunt.
2593 4331 2754 4396 Quod
2788 4329 3025 4402 quidem
3059 4330 3495 4386 evidentissime
3518 4346 3649 4402 pro-

2003 4418 2103 4473 bat
2136 4418 2329 4475 exitus
2360 4419 2681 4474 hodiernus
2712 4419 2999 4491 ipsorum,
3039 4436 3152 4491 quo
3203 4442 3231 4469 ‹‹
3267 4420 3540 4491 dispersi,
3570 4418 3652 4474 ait

2004 4512 2207 4563 auctor
2236 4512 2452 4576 noster,
2487 4507 2827 4579 palabundi,
2860 4513 2913 4562 et
2944 4507 3070 4563 coeli
3102 4512 3157 4563 et
3189 4508 3297 4564 soli
3334 4508 3424 4563 sui
3456 4512 3651 4564 extor-

2004 4614 2117 4661 res,
2168 4601 2454 4668 vagantur
2508 4612 2607 4666 per
2654 4597 2852 4651 orbem
2906 4596 3030 4651 sine
3076 4597 3327 4662 homine,
3364 4598 3485 4651 sine
3538 4601 3648 4651 Deo

2003 4700 2207 4755 rege.»
2244 4685 2442 4754 (lbid.)
2477 4685 2689 4739 Totum
2741 4688 2937 4738 autem
2987 4685 3137 4739 hunc
3195 4686 3461 4757 magistri
3500 4684 3651 4739 784

2002 4774 2092 4829 sui
2127 4773 2316 4829 locum
2350 4773 2671 4845 Cyprianus
2719 4773 3029 4845 decerpsit,
3077 4791 3142 4829 ac
3178 4776 3439 4845 quasdam
3475 4773 3651 4829 etiam

2002 4864 2252 4934 ipsamet
2298 4863 2426 4933 ejus
2472 4863 2646 4917 verba
2701 4861 2923 4918 huncce
2957 4863 3015 4917 in
3070 4864 3308 4918 modum
3344 4866 3649 4917 mutuatus

2000 4958 2088 5007 est
2121 4970 2133 5007 :
2168 4974 2195 5001 ‹‹
2228 4952 2445 5007 Judaeis
2478 4951 2730 5022 primum
2760 4956 2885 5006 erat
2916 4952 3070 5022 apud
3109 4957 3287 5007 Deum
3320 4952 3524 5019 gratia.
3558 4950 3650 5006 Sic

2000 5040 2139 5095 olim
2164 5041 2309 5110 justi
2344 5044 2527 5105 erant,
2570 5039 2653 5093 sic
2702 5040 2955 5107 majores
3016 5056 3216 5095 eorum
3264 5038 3651 5110 religionibus

2000 5128 2366 5184 obediehant.
2422 5127 2556 5181 Inde
2603 5125 2723 5181 illis
2770 5130 2826 5181 et
2874 5127 3031 5198 regni
3067 5127 3403 5183 sublimitas
3430 5126 3649 5196 ﬂoruit,

2000 5222 2056 5273 et
2080 5216 2309 5289 generis
2344 5214 2684 5286 magnitudo
2715 5215 2995 5286 provenit.
3022 5216 3129 5272 Sed
3151 5215 3234 5271 illi
3258 5214 3646 5287 negligentes,

1998 5306 2423 5376 indisciplinati
2454 5309 2511 5359 et
2543 5306 2779 5375 superbi
2811 5307 3185 5375 postmodum
3220 5305 3376 5376 facti,
3405 5310 3461 5360 et
3490 5304 3647 5359 ﬁdu-

1998 5397 2088 5451 cia
2120 5400 2351 5467 patrum
2385 5393 2588 5457 inflati,
2622 5394 2764 5447 dum
2814 5394 3008 5448 divina
3055 5399 3343 5466 praecepta
3382 5396 3644 5450 contem-

2000 5489 2169 5556 nunt,
2204 5484 2397 5538 datam
2429 5482 2540 5537 sibi
2572 5484 2819 5553 gratiam
2853 5484 3258 5553 perdiderunt.
3293 5486 3478 5548 Quam
3508 5496 3641 5535 vero

1999 5574 2172 5630 fuerit
2202 5573 2319 5628 illis
2341 5572 2582 5644 profana
2612 5570 2751 5639 vita,
2788 5588 2914 5643 qua:
2968 5576 3269 5628 contracta
3313 5571 3391 5626 sit
3418 5566 3639 5623 violatae

1998 5662 2298 5736 religionis
2326 5662 2567 5729 offensa,
2615 5660 2728 5732 ipsi
2785 5677 3018 5732 quoque
3049 5664 3363 5730 testantur,
3399 5656 3499 5728 qui
3529 5654 3640 5712 etsi
