4106 6178
472 310 593 371 867

996 309 1528 373 TERTULLIANI
1570 309 1898 372 OPEHUM
1942 311 2146 371 PARS
2190 310 2238 371 Ι.
2264 312 2645 374 —SERIES
2690 314 2740 385 Ῑ,
2787 315 3358 378 APOLOGETICA.

3766 316 3888 379 868

469 460 607 502 voce
637 444 1011 514 tacent,exitu
1036 444 1405 500 conﬁtentur.
1433 443 1689 515 Dispersi
1722 448 1779 498 et
1805 443 2123 515 palabundi
2157 446 2206 511 Α
2238 462 2366 500 rum
2399 450 2614 503 terram
2649 449 2945 518 quondam
2994 453 3052 504 et
3090 450 3290 505 urbem
3340 454 3602 506 sanctam
3656 450 3884 519 ingredi

472 538 777 605 vagantur,
828 532 936 588 soli
983 537 1040 589 et
1086 533 1211 588 οωιί
1262 532 1353 587 sui
1409 532 1658 602 profugi,
1705 548 1806 604 per
1864 532 2119 604 hospitia

470 622 661 677 aliena
683 623 1005 692 jactentur.
1043 644 1070 670 ››
1103 622 1395 692 (Cyprian.
1430 621 1493 675 de
1535 621 1733 675 ldolor.
1774 623 1949 674 Vanit.
1984 637 2114 691 pag.

468 712 576 782 15).
610 712 717 766 Sed
751 710 871 765 haec
894 712 1020 781 jam
1052 709 1360 764 retulimus
1392 710 1450 763 in
1476 709 1887 764 dissertatione
1917 714 2119 764 nostra

463 801 533 855 de
580 800 728 855 libro
786 799 1014 854 Minutii
1050 797 1275 866 Felicis,
1310 798 1410 868 qui
1444 799 1575 852 inde
1606 797 1820 852 Caecilii
1856 799 2105 869 pervica-

465 890 615 944 ciam
674 889 935 943 retundit
994 889 1319 958 (Dissertat.
1395 892 1456 941 in
1532 887 1743 941 Minut.
1820 904 1962 957 cap.
2035 888 2111 955 6,

467 982 576 1033 art.
609 978 687 1048 3).

537 1069 610 1121 At
641 1082 753 1120 non
787 1064 977 1120 solum
1019 1066 1132 1119 huc
1175 1069 1234 1120 et
1280 1064 1417 1119 illuc
1466 1081 1569 1135 per
1596 1069 1781 1119 totum
1822 1068 2112 1119 terrarum

464 1156 663 1209 orbem
712 1153 897 1209 Judaei
951 1158 1117 1208 erant
1168 1169 1233 1207 ac
1282 1158 1613 1225 vagantur;
1658 1153 1758 1206 sed
1819 1167 1922 1206 nec
1966 1151 2112 1222 ipsis

464 1258 716 1315 quoque,
749 1242 933 1313 pergit
963 1241 1381 1308 Tertullianus,
1403 1263 1430 1290 ‹‹
1458 1242 1811 1295 advenarum
1842 1241 1973 1308 jure
1994 1246 2111 1294 ter-

462 1347 582 1385 ram
616 1330 861 1401 patriam
893 1330 1096 1384 saltem
1123 1330 1365 1400 vestigio
1396 1328 1648 1384 salutare
1687 1329 2051 1383 conceditur.
2083 1349 2111 1376 »

460 1418 830 1485 (Tertullian.
866 1418 965 1473 loc.
998 1420 1140 1488 cit.).
1179 1418 1295 1473 Ubi
1326 1434 1459 1472 vero
1504 1422 1706 1471 contra
1738 1418 1973 1471 eosdem
2006 1417 2110 1471 Ju-

463 1509 616 1563 daeos
640 1507 985 1562 nominatim
1008 1505 1120 1561 alio
1142 1506 1198 1560 in
1223 1505 1371 1560 libro
1395 1506 1678 1576 disputat,
1705 1505 1894 1576 palam
1920 1506 2112 1560 adhuc

462 1595 672 1652 asserit
700 1595 843 1650 illud
899 1612 1012 1650 non
1066 1595 1238 1649 modo
1286 1595 1371 1649 eis
1420 1610 1533 1649 non
1587 1595 1966 1665 permissum,
2009 1595 2111 1649 sed

461 1687 637 1741 etiam
684 1684 951 1753 vetitum,
1002 1683 1499 1754 quemadmodum
1535 1700 1566 1737 a
1608 1699 1772 1738 sacro
1805 1683 2107 1754 propheta,

458 1773 727 1829 videlicet
770 1772 939 1837 Isaia,
975 1772 1425 1841 praenuntiatum
1476 1771 1644 1839 longe
1685 1776 1857 1826 antea
1897 1771 2106 1826 fuerat.

458 1862 633 1929 Audi,
669 1878 887 1931 quaeso,
920 1861 1047 1931 ejus
1100 1860 1277 1914 verba
1302 1877 1314 1915 :
1339 1881 1366 1909 «
1387 1860 1923 1915 Animadvertimus
1950 1875 2107 1915 nunc

457 1950 750 2006 neminem
799 1950 869 2004 de
927 1965 1136 2021 genere
1190 1948 1366 2003 Israel
1416 1949 1474 2002 in
1507 1948 1736 2003 civitate
1768 1948 2103 2004 Bethlehem

458 2039 834 2104 remansisse,
867 2042 924 2094 et
960 2038 1165 2093 exinde
1195 2038 1349 2107 quod
1386 2037 1760 2092 interdictum
1802 2043 1909 2107 est,
1942 2054 2015 2092 ne
2045 2037 2106 2093 in

456 2128 706 2183 conﬁnio
739 2127 925 2199 ipsius
971 2126 1224 2197 regionis
1272 2127 1608 2180 demoretur
1654 2126 1971 2196 quisquam
2001 2126 2103 2181 Ju-

460 2218 742 2282 daaorum,
776 2214 859 2270 vel
912 2214 1021 2270 hoc
1074 2230 1304 2284 quoque
1352 2220 1508 2269 esset
1560 2214 1949 2285 adimpletum
2002 2232 2105 2286 per

459 2305 803 2378 prophetam
847 2321 859 2358 :
904 2305 1065 2358 Terra
1118 2312 1297 2358 vestra
1333 2302 1565 2369 deserta,
1616 2304 1861 2359 civitates
1904 2314 2104 2360 vestra:

453 2396 572 2464 igni
601 2400 826 2457 exusta,
860 2392 917 2447 id
951 2397 1058 2458 est,
1092 2392 1243 2462 quod
1277 2390 1412 2445 belli
1444 2396 1705 2464 tempore
1734 2392 1818 2446 eis
1850 2392 2104 2447 evenerit

451 2484 577 2552 (Isa.
634 2499 672 2549 ι,
731 2482 809 2548 7),
861 2482 1139 2551 regionem
1198 2484 1428 2534 vestram
1473 2482 1531 2534 in
1587 2484 1871 2551 conspectu
1928 2485 2099 2535 vestro

450 2572 627 2624 exteri
654 2569 932 2625 comedent
977 2576 1030 2624 et
1073 2568 1304 2635 deserta,
1337 2579 1387 2624 et
1429 2570 1687 2643 subversa
1716 2570 1821 2624 erit
1862 2587 1895 2623 a
1921 2586 2102 2641 popu-

454 2658 521 2711 lis
551 2659 776 2713 alienis.
811 2657 877 2711 Et
909 2656 1023 2712 alio
1056 2656 1179 2711 loco
1212 2658 1294 2711 sic
1326 2674 1428 2728 per
1453 2658 1799 2729 prophetam
1832 2658 2052 2712 dicitur
2085 2675 2097 2713 :

450 2748 647 2815 Regem
695 2763 819 2801 cum
865 2747 1119 2801 claritate
1148 2746 1418 2811 videbitis,
1452 2746 1508 2801 id
1541 2752 1649 2815 est,
1681 2746 1980 2802 Christum
2013 2748 2099 2801 fa-

453 2836 699 2891 cientem
730 2835 970 2890 virtutes
1001 2834 1059 2889 in
1090 2834 1275 2905 gloria
1310 2834 1405 2889 Dei
1446 2836 1657 2902 Patris,
1692 2838 1741 2890 et
1768 2836 1914 2891 oculi
1937 2838 2104 2890 vestri

450 2925 703 2979 videbunt
777 2932 993 2978 terram
1063 2922 1127 2978 de
1188 2924 1483 2994 longinquo
1540 2925 1667 2994 (lsa.
1728 2940 1929 2991 xxxm,
1986 2925 2095 2994 17).

444 3014 604 3079 Quod
638 3012 805 3068 vobis
837 3028 939 3082 pro
972 3012 1198 3067 meritis
1222 3013 1431 3067 vestris
1454 3017 1585 3083 post
1605 3013 2095 3084 expugnationem

440 3102 769 3159 Jerusalem
805 3100 1113 3173 prohibitis
1145 3101 1370 3172 ingredi
1403 3102 1461 3155 in
1494 3109 1707 3156 terram
1740 3101 2094 3165 vestram,de

437 3191 757 3262 longinquo
805 3206 935 3245 eam
965 3189 1165 3255 goculis
1215 3196 1450 3245 tantum
1511 3190 1701 3245 videre
1734 3190 2088 3260 permissum
2121 3168 2166 3232 θ

441 3285 532 3335 est
562 3278 765 3347 (Idem,
810 3278 946 3334 Adv.
997 3277 1121 3333 Jud.
1172 3294 1298 3348 cap.
1354 3278 1462 3347 13).
1525 3277 1683 3332 Prior
1730 3294 1960 3348 quoque
1996 3277 2093 3332 ille

444 3368 605 3423 Isaiae
637 3367 800 3421 locus
830 3383 861 3420 a
899 3365 1185 3437 Cypriano
1212 3372 1475 3421 eamdem
1508 3364 1580 3420 ob
1610 3382 1844 3421 causam
1874 3367 2092 3422 citatur

444 3456 635 3527 (Cypr.
670 3453 768 3510 lib.
806 3472 845 3521 ι,
872 3454 995 3508 adv.
1028 3453 1161 3509 Jud.
1193 3454 1220 3520 §
1248 3454 1302 3520 6,
1338 3470 1469 3525 pag.
1502 3455 1614 3521 22).

510 3565 589 3616 Ea
609 3577 781 3633 porro
805 3558 1203 3631 praedictio,ac
1226 3560 1608 3615 subsecutum
1637 3559 1837 3630 patrias
1868 3560 2091 3631 ingres-

442 3666 509 3705 su
544 3648 920 3703 interdictum
949 3646 1019 3701 ab
1041 3651 1277 3701 auctore
1300 3647 1611 3702 Eusebiani
1634 3647 1898 3702 Chronici
1933 3647 2091 3703 hisce

440 3738 634 3793 verbis
674 3736 1059 3791 conﬁrmatur
1091 3752 1103 3788 :
1140 3758 1168 3785 ‹‹
1204 3734 1425 3790 Bellum
1470 3736 1809 3805 Judaicum,
1842 3737 1995 3806 quod
2031 3738 2087 3790 in

446 3826 748 3882 l’alaastina
778 3824 1113 3896 gerebatur,
1148 3824 1320 3878 ﬁnem
1374 3825 1618 3896 accepit,
1652 3825 1829 3880 rebus
1859 3825 2088 3880 Judzeo-

443 3931 573 3969 rum
608 3912 843 3985 penitus
872 3912 1169 3983 Oppressis
1204 3928 1217 3965 ε
1250 3928 1319 3967 ex
1350 3929 1466 3983 quo
1499 3918 1760 3984 tempore
1790 3913 1965 3968 etiam
2001 3914 2088 3967 in-

441 4002 712 4057 trocundi
763 4001 846 4055 eis
892 3998 1255 4071 Jerosolyma
1302 3999 1536 4057 licentia
1583 4001 1797 4068 ablata,
1833 4001 2089 4072 primum

444 4092 544 4146 Dei
597 4094 764 4154 nutu,
799 4090 954 4145 sicut
1006 4089 1298 4159 prophetas
1349 4089 1646 4145 vaticinati
1687 4098 1846 4159 sunt,
1878 4091 2088 4145 deinde

435 4179 716 4234 Romanis
742 4177 1272 4234 interdictionibus.
1309 4198 1334 4229 ι
1372 4180 1602 4247 (Euseb.
1637 4178 1811 4235 Chon.
1844 4180 1913 4234 ad
1946 4195 2085 4234 ann.

438 4268 653 4324 Christ.
690 4268 835 4337 135.)

506 4377 688 4429 Antea
718 4390 851 4429 vero
880 4376 1149 4431 Justinus
1181 4373 1398 4445 Martyr
1431 4376 1576 4428 citat
1599 4374 1865 4428 eamdem
1911 4379 2086 4444 atque

433 4462 849 4532 Tertullianus,
884 4464 1127 4534 priorem
1164 4463 1323 4518 Isaiae
1359 4463 1428 4516 de
1458 4462 1763 4531 ejiciendis
1795 4480 1863 4517 ex
1896 4462 2085 4533 patria

2228 534 2351 607 lege
2382 538 2758 605 permittitur.
2796 559 2818 588 ι
2876 539 3074 607 (Idem.
3129 542 3188 594 in
3235 556 3356 611 cap.
3400 556 3539 595 xvm
3587 541 3777 595 Ezech.
3825 557 3881 606 v,

2230 625 2316 690 16,
2348 641 2402 695 p.
2438 626 2588 695 617.)

2297 731 2418 793 Quo
2450 736 2645 787 autem
2679 737 2960 804 tempore,
2992 740 3101 788 eta
3127 750 3241 805 quo
3273 734 3625 806 imperatore
3656 734 3774 791 lata
3796 737 3874 791 sit

2227 835 2293 874 ea
2316 819 2425 887 lex,
2448 820 2497 875 si
2529 836 2717 891 roges,
2745 838 2813 875 ex
2844 823 3089 877 Eusebio
3116 823 3339 878 discere
3363 824 3598 892 poteris,
3624 825 3725 895 qui
3751 842 3882 879 nar-

2226 912 2314 962 rat
2344 925 2497 963 anno
2528 909 2594 962 12
2627 909 2858 964 Adriani
2889 910 3283 980 imperatoris,
3314 916 3449 982 post
3481 928 3742 967 eversam
3774 930 3868 967 ur-

2228 997 2353 1051 bem
2388 998 2683 1064 Bertbera,
2714 1016 2824 1053 non
2862 1000 3059 1069 procul
3092 999 3506 1071 Hierosolymis
3550 1001 3822 1055 dissitam
3855 1020 3867 1056 :

2222 1084 2291 1137 Τὸ
2323 1090 2425 1137 πᾶν
2459 1078 2612 1147 ἔθνος
2645 1084 2695 1153 ἐξ
2731 1083 2935 1138 ἐκείνου
2964 1087 3053 1138 καὶ
3082 1092 3184 1154 τῆς
3233 1086 3355 1159 περὶ
3408 1087 3473 1140 τὰ
3520 1086 3872 1161 Ἱεροσόλυμα

2222 1179 2326 1245 γῆς
2354 1174 2579 1244 πάμπαν
2614 1168 2903 1227 ἓπιϐαίνειν
2956 1172 3225 1248 εἶ’ργεται’
3270 1173 3442 1245 νόμου
3483 1173 3739 1249 ’δόγματι
3782 1178 3871 1230 καὶ

2224 1258 2517 1333 διατάξεσιν
2580 1259 2889 1334 Ἀδριανοῦ,
2919 1262 2994 1323 ὡς
3052 1260 3114 1316 ἃν
3168 1260 3297 1335 μηδ’
3346 1263 3397 1333 ἐξ
3449 1262 3695 1318 ἀπόπτου
3747 1266 3879 1319 Θεω-

2224 1354 2365 1423 ροῖεν
2410 1350 2473 1403 τὸ
2516 1354 2767 1424 πατρῷον
2824 1347 3019 1424 ἔδαφος
3067 1349 3548 1426 ἐγκελευσαμένου,
3602 1351 3871 1424 Ἀρίστων

2223 1439 2249 1492 ὁ
2284 1437 2555 1500 Πελλαῖος
2587 1440 2811 1513 ἱστορεῖ.
2842 1440 3161 1497 Iudaeorum
3190 1444 3449 1497 universa
3489 1458 3618 1513 gens
3668 1444 3733 1498 in
3783 1460 3873 1497 re-

2219 1532 2436 1601 gionem
2493 1532 2700 1584 circum
2768 1530 3148 1602 Hierosolyma
3195 1532 3367 1586 situm
3420 1532 3613 1602 pedem
3668 1534 3876 1603 inferre

2220 1619 2495 1689 prohibita
2523 1628 2647 1680 est;
2677 1618 2809 1674 adeo
2856 1623 2916 1673 ut
2958 1634 3029 1673 ne
3074 1621 3384 1689 prospicere
3430 1620 3645 1690 quidem
3693 1637 3722 1675 e
3754 1621 3871 1675 lon-

2218 1711 2421 1780 ginquo
2449 1710 2694 1779 patrium
2733 1708 2911 1763 solum
2950 1710 3085 1778 ipsis
3136 1709 3343 1778 liceret,
3375 1717 3435 1764 ut
3466 1709 3655 1764 scribit
3692 1712 3875 1765 Aristo

2141 1812 2186 1877 Β
2220 1798 2453 1853 Pellaeus
2484 1798 2716 1868 (Euseb.
2768 1795 2805 1850 l.
2864 1814 2919 1850 ιν
2967 1798 3168 1852 Hister.
3219 1796 3416 1853 Eccles.
3466 1814 3595 1869 cap.
3645 1799 3703 1865 6,
3740 1814 3871 1869 pag.

2218 1887 2360 1957 118).
2416 1889 2631 1940 Verum
2696 1883 2892 1939 Hilarii
2938 1890 3104 1941 aetate
3162 1885 3431 1940 nonnihil
3500 1887 3571 1940 de
3624 1885 3876 1956 hujusce

2214 1975 2360 2047 legis
2394 1975 2696 2029 severitate
2728 1972 3049 2028 relaxatum
3098 1977 3208 2039 est,
3243 1974 3743 2045 quemadmodum
3781 1975 3875 2030 his

2214 2064 2456 2118 totidem
2514 2061 2708 2117 verbis
2766 2062 3060 2131 signiﬁcat
3120 2080 3133 2117 :
3192 2082 3214 2109 ι
3270 2063 3418 2128 Quin
3480 2063 3655 2117 etiam
3718 2080 3871 2118 nunc

2214 2152 2482 2224 ingressu
2536 2151 2789 2205 civitatis
2839 2151 3105 2220 ejusdem
3164 2150 3351 2206 edicto
3409 2152 3654 2207 Romani
3715 2154 3869 2224 regis

2214 2241 2576 2295 inhibentur.
2623 2240 2692 2293 Et
2732 2255 2865 2293 cum
2914 2239 3144 2293 deserta
3186 2244 3519 2294 sanctorum
3553 2247 3778 2304 sancta,
3810 2247 3865 2296 et

2214 2328 2549 2400 prophetiae
2596 2327 2786 2391 silere,
2818 2331 2875 2381 et
2924 2326 3319 2397 placationum
3359 2327 3584 2383 hostias
3634 2330 3859 2398 deesse,

2213 2424 2270 2474 et
2299 2417 2641 2489 dignitatem
2674 2431 2905 2471 omnem
2937 2416 3320 2471 deformatam
3364 2416 3675 2472 ministerii
3708 2418 3859 2473 Levi-

2212 2508 2310 2561 tici
2364 2506 2764 2570 recordentur,
2828 2504 3090 2559 conversi
3136 2521 3313 2573 nunc,
3372 2510 3429 2558 et
3487 2506 3635 2560 fame
3696 2506 3853 2561 verbi

2213 2598 2311 2652 Dei
2344 2602 2400 2652 et
2429 2596 2542 2651 cibi
2593 2595 2871 2650 salutaris
2920 2595 3131 2661 affecti,
3162 2596 3231 2649 ad
3285 2595 3557 2652 solatium
3603 2613 3854 2667 praesen-

2211 2687 2357 2742 tium
2397 2685 2764 2740 miseriarum
2797 2684 3104 2739 circumire
3124 2689 3266 2739 sunt
3290 2684 3449 2739 soliti
3495 2685 3851 2741 civitatem.»

2210 2776 2411 2843 (Hilar.
2450 2776 2620 2829 Tract.
2656 2776 2713 2828 in
2760 2773 2906 2828 Psat.
2961 2790 3115 2841 LVIII,
3148 2774 3175 2845 Ξ
3203 2774 3258 2837 7,
3293 2790 3423 2845 pag.
3461 2774 3609 2844 130.)
3641 2774 3853 2830 Verum

2208 2864 2407 2919 infelix
2450 2863 2545 2918 ille
2578 2862 2826 2935 populus
2876 2862 2985 2917 hoc
3034 2862 3432 2933 qualicunque
3482 2863 3852 2919 miseriarum

2208 2970 2449 3008 suarum
2484 2951 2691 3007 solatio
2742 2967 2855 3005 non
2897 2951 3080 3023 gratis
3114 2951 3223 3005 frui
3259 2957 3507 3022 poterat,
3540 2953 3641 3007 sed
3677 2953 3858 3024 pretio

2208 3042 2491 3097 redimere
2533 3041 2869 3112 cogebatur.
2904 3039 3122 3095 Audias
3154 3040 3323 3095 velim
3363 3045 3574 3097 testem
3606 3041 3858 3112 hujusce

2208 3134 2287 3187 rei
2339 3130 2868 3202 locupletissimum
2921 3129 3332 3201 Hieronymum
3384 3147 3395 3184 :
3449 3154 3477 3179 ‹‹
3540 3130 3736 3201 Usque
3786 3132 3855 3185 ad

2206 3226 2549 3291 praesentem
2582 3219 2736 3273 diem
2764 3217 3178 3289 perﬁdicoloni
3222 3259 3233 3270 .
3280 3261 3292 3273 .
3347 3261 3358 3273 .
3417 3260 3431 3273 .
3485 3262 3498 3274 .
3541 3219 3861 3290 prohiben-

2203 3313 2300 3363 tur
2331 3307 2555 3378 ingredi
2582 3306 2906 3361 Jerusalem
2943 3322 2955 3360 :
2989 3313 3046 3361 et
3079 3310 3143 3361 ut
3167 3306 3400 3362 ruinam
3433 3324 3550 3363 sua:
3581 3308 3666 3362 eis
3722 3308 3857 3363 ﬂere

2204 3396 2373 3451 liceat
2420 3397 2690 3458 civitatis,
2726 3394 2908 3467 pretio
2940 3395 3273 3462 redimunt;
3323 3401 3387 3450 ut
3417 3397 3517 3467 qui
3548 3398 3855 3468 quondam

2202 3490 2467 3541 emerant
2487 3484 2833 3556 sanguinem
2856 3482 3292 3549 Christi,emant
3312 3484 3600 3556 lacrymas
3644 3501 3854 3539 suas...

2201 3574 2392 3629 adhuc
2424 3574 2597 3628 ﬂetus
2629 3572 2687 3626 in
2738 3573 2926 3643 genis,
2978 3578 3035 3627 et
3070 3571 3245 3627 livida
3285 3573 3545 3640 brachia,
3579 3578 3634 3629 et
3663 3575 3853 3645 sparsi

2201 3665 2412 3726 crines,
2448 3668 2505 3717 et
2535 3660 2702 3716 miles
2736 3663 3061 3716 mercedem
3114 3662 3393 3732 postulat,
3427 3667 3510 3730 ut,
3543 3662 3663 3718 illis
3714 3664 3853 3718 ﬁere

2204 3752 2554 3823 plusliceat.
2592 3772 2619 3800 »
2671 3751 3025 3823 (Hieronym.
3078 3750 3136 3805 in
3195 3768 3321 3823 cap.
3373 3768 3390 3805 ι
3442 3751 3605 3822 Soph.
3656 3769 3712 3817 v,
3768 3754 3852 3816 15,

2202 3858 2331 3913 pag.
2372 3841 2555 3909 1655.)

2276 3946 2447 4017 Atqui
2479 3963 2592 4000 non
2626 3944 2744 3999 bzec
2777 3948 3006 3999 tantum
3039 3944 3244 4013 sacris,
3290 3944 3445 3999 sicut
3494 3944 3717 4000 dictum
3745 3952 3854 4010 est,

2201 4036 2617 4108 prophetarum
2670 4033 2912 4088 vocibus
2962 4034 3238 4105 praedicta
3273 4034 3521 4104 fuerant,
3554 4056 3577 4085 α
3615 4034 3713 4089 sed
3748 4050 3856 4089 eas-

2199 4126 2356 4195 dem,
2388 4124 2468 4179 ait
2497 4123 2924 4193 Tertullianass,
2974 4138 3207 4194 semper
3253 4140 3459 4179 omnes
3507 4122 3859 4195 ingerebant

2199 4216 2340 4281 tore,
2374 4212 2456 4268 uti
2487 4213 2597 4267 sub
2648 4212 2884 4267 extimis
2935 4211 3245 4267 curriculis
3294 4211 3526 4267 saeculis
3573 4228 3642 4267 ex
3690 4212 3852 4265 omni

2189 4303 2315 4372 jam
2350 4305 2539 4373 gente,
2574 4306 2629 4355 et
2662 4299 2906 4371 populo,
2957 4304 3015 4355 et
3068 4300 3192 4355 loco
3247 4301 3522 4355 custodes
3571 4299 3683 4353 sibi
3716 4298 3853 4353 alle-

2196 4395 2357 4461 geret
2386 4390 2539 4443 Deus
2574 4388 2759 4443 multo
2793 4388 3103 4449 ﬁdeliores,
3130 4389 3187 4443 in
3209 4406 3356 4460 quos
3384 4388 3632 4460 gratiam
3665 4392 3852 4441 trans-

2197 4480 2371 4535 ferret
2432 4477 2752 4549 pleniorem
2802 4477 3037 4548 quidem
3091 4478 3163 4533 ob
3215 4477 3538 4547 disciplinae
3597 4475 3853 4531 auctoris

436 4567 545 4605 sua
571 4551 792 4606 Judasis
822 4527 1295 4608 vaticinationem
1329 4527 1563 4622 (Justin.
1609 4551 1823 4607 Cohort.
1856 4527 1929 4606 ait
1957 4556 2082 4621 gent
2115 4527 2159 4590 Ι)
2191 4527 3570 4640 g;,,',;,‘,,;,;;,;,j;,ﬁe‘;{,{1;;,_'g,,,},;,;,“‘;,;,,
3599 4527 3849 4635 ᾗ,ᾖῇ

437 4656 567 4710 pag.
599 4641 709 4711 14),
741 4640 1038 4713 alteraque
1069 4641 1261 4697 adhuc
1295 4642 1351 4695 in
1398 4641 1657 4695 medium
1708 4639 1902 4709 allata,
1942 4658 2077 4695 con-

431 4744 688 4801 tinenter
745 4746 960 4815 adjecit
1006 4764 1018 4799 :
1063 4746 1183 4799 ’Ότι
1246 4741 1301 4797 δὲ
1374 4741 1702 4817 φυλάσσεται
1763 4743 1849 4819 ὑφ’
1903 4743 2077 4815 ὑμῶν,

433 4831 582 4894 ὅπως
639 4830 830 4904 μηδεὶς
890 4833 941 4887 ὲν
1004 4831 1139 4904 αὐτῇ
1196 4833 1456 4907 γένηται,
1515 4832 1604 4886 καὶ
1669 4830 1895 4895 θάνατος
1944 4834 2079 4887 κατά

426 4926 523 4976 τοῦ
575 4915 1133 4993 καταλαμϐανομὲνου
1188 4918 1453 4976 Ἰουδαίου
1511 4920 1771 4982 εἰσιόντος
1825 4920 2069 4997 ὥρισται.

432 5011 629 5066 Cavere
685 5014 876 5065 autem
931 5017 983 5065 et
1038 5027 1254 5065 servare
1309 5027 1420 5077 vos,
1476 5028 1546 5067 ne
1603 5014 1724 5082 quis
1777 5012 1858 5066 ibi
1901 5014 1992 5077 sit,
2024 5016 2077 5067 et

422 5116 639 5171 panum
678 5099 970 5167 capitalem
1015 5102 1365 5153 constitutam
1393 5116 1505 5155 esse
1535 5102 1791 5155 adversus
1820 5100 2074 5155 Judaeum

426 5204 485 5242 eo
526 5188 926 5255 ingredientem
961 5188 1104 5244 785
1141 5188 1301 5258 probe
1330 5192 1485 5244 scitis
1517 5191 1763 5261 (Justin.
1802 5190 2015 5260 Apolog.
2055 5208 2071 5243 1

421 5291 521 5347 pro
553 5275 852 5330 Christian.
888 5293 1017 5347 pag.
1054 5277 1165 5347 84).
1222 5276 1611 5350 Hieronymus
1663 5294 1795 5331 vero
1825 5293 1838 5332 :
1872 5300 1897 5326 ‹‹
1934 5282 2072 5332 Post

423 5368 743 5419 extremam
779 5366 1105 5419 vastitatem
1147 5366 1321 5420 etiam
1374 5366 1528 5437 leges
1580 5366 1821 5435 publicis
1857 5383 2069 5437 pepen-

420 5454 653 5516 derunt,
705 5458 759 5507 et
811 5453 1083 5525 prohibiti
1135 5458 1269 5509 sunt
1319 5455 1497 5508 .ludzei
1553 5458 1793 5518 terram,
1840 5456 1911 5509 de
1959 5471 2069 5524 qua

419 5542 587 5614 ejecti
640 5543 891 5615 fuerant,
942 5542 1189 5615 ingredi.
1239 5564 1267 5593 »
1314 5544 1673 5615 (Hieronym.
1727 5545 1788 5598 in
1838 5560 1958 5615 cap.
1991 5561 2066 5611 VI,

418 5637 528 5689 Isa.
566 5648 616 5702 ν,
652 5634 739 5703 11,
766 5652 822 5706 ρ.
853 5634 965 5705 65.)
997 5636 1063 5688 Et
1093 5650 1301 5689 rursus
1333 5632 1470 5690 alibi
1497 5650 1510 5690 :
1540 5656 1565 5682 ‹‹
1592 5631 1803 5688 Nullus
1835 5633 2065 5689 Judan-

2192 4656 2409 4711 nostris
2439 4655 2741 4710 codicihus
2776 4654 3197 4725 manuscriptis
3240 4653 3489 4727 legimus
3518 4652 3710 4708 eadem
3746 4668 3848 4724 pro

2187 4744 2409 4812 eadem,
2446 4748 2502 4798 et
2534 4743 2797 4798 auctioris
2828 4759 2931 4815 pro
2960 4743 3228 4809 auctoris,
3264 4758 3371 4798 nec
3392 4741 3633 4798 omnino
3663 4740 3839 4795 male.

2188 4833 2515 4905 Cyprianus
2567 4848 2700 4886 vero
2758 4831 2876 4885 haec
2926 4830 3098 4886 sicuti
3146 4832 3469 4903 superiora,
3505 4830 3679 4902 paulo
3712 4834 3847 4884 ante

2188 4940 2221 4977 a
2255 4922 2425 4977 nobis
2477 4926 2823 4988 memorata,
2859 4920 2980 4992 pari
3030 4921 3201 4976 modo
3236 4919 3517 4976 delibavit
3556 4937 3569 4974 :
3618 4943 3645 4968 ‹‹
3694 4919 3848 4973 Deus

2187 5016 2322 5065 ante
2355 5010 2700 5081 praedixerat
2730 5010 2850 5064 fore
2884 5014 2968 5078 ut,
3002 5015 3277 5079 vergente
3308 5008 3541 5076 saeculo,
3586 5013 3644 5064 et
3675 5024 3850 5062 mun-

2186 5100 2241 5154 di
2278 5100 2534 5170 ﬁnejam
2565 5099 2848 5169 proximo,
2885 5114 2953 5151 ex
3004 5098 3165 5152 omni
3218 5106 3394 5171 gente
3443 5104 3498 5153 et
3545 5096 3766 5168 populo
3798 5100 3853 5149 et

2186 5188 2308 5244 loco
2362 5187 2616 5243 cultores
2669 5186 2776 5241 sibi
2845 5185 3119 5257 allegaret
3174 5186 3363 5242 multo
3419 5185 3735 5251 ﬁdeliores,
3795 5189 3849 5238 et

2185 5277 2444 5333 melioris
2502 5276 2789 5347 obsequii,
2845 5275 2947 5346 qui
3009 5275 3435 5348 indulgentiam
3502 5275 3574 5329 de
3631 5272 3845 5328 divinis

2182 5367 2533 5421 muneribus
2564 5366 2888 5434 haurirent,
2923 5381 3102 5436 quam
3134 5371 3430 5436 acceptam
3463 5363 3671 5429 Judaei,
3708 5379 3842 5416 con-

2180 5454 2422 5524 temptis
2470 5453 2875 5525 religionibus,
2924 5454 3338 5524 perdidissent.
3379 5476 3404 5502 ››
3439 5451 3725 5523 (Cyprian.
3777 5452 3839 5504 de

2179 5543 2375 5597 ldolor.
2408 5544 2573 5597 venit.
2613 5559 2742 5615 pag.
2780 5544 2890 5612 15.)
2935 5544 3006 5597 At
3061 5547 3266 5598 neuter
3314 5542 3393 5597 ibi
3454 5540 3673 5596 indicat
3709 5557 3834 5610 quae

2178 5630 2282 5685 illa
2320 5630 2541 5686 fuerint
2601 5632 2751 5687 786
2810 5648 3111 5689 sacrorum
3169 5637 3369 5688 vatum
3409 5628 3685 5687 oracula:
3728 5628 3830 5683 sed
