4106 6178
261 320 381 380 869

1164 322 1237 381 D.
1283 321 1383 382 LE
1425 319 1757 383 NOURRY
1798 317 2458 383 OBSERVATIONES
2502 320 2768 380 NOVAE.

3549 318 3671 380 8'70

263 450 665 507 Tertullianus
696 452 962 523 quaedam
994 452 1107 508 alio
1136 453 1197 507 in
1228 452 1374 508 libro
1405 454 1626 521 citavit,
1659 457 1716 507 et
1740 452 1910 525 plura
1939 456 1989 521 Α
2023 456 2143 505 tam
2176 451 2439 506 omnium
2470 452 3009 523 manuscriptorum
3058 451 3467 522 editorumque
3508 451 3666 506 codi-

264 541 610 613 Cyprianus,
645 546 821 612 atque
850 542 1025 595 etiam
1059 545 1262 612 postea
1310 542 1670 612 Lactantius,
1713 548 1777 597 ut
1805 559 1913 597 suo

262 630 654 685 locoanobis
699 631 1162 685 demonstratum
1227 634 1315 685 est
1368 631 1572 699 (Idem,
1630 631 1756 685 adv.
1815 633 1911 686 Ju-

261 719 426 784 dwos,
457 735 583 791 cap.
618 719 722 787 l2;
754 720 1025 791 Cyprian.
1061 718 1162 774 lib.
1198 736 1216 773 ι
1248 719 1371 774 adv.
1422 721 1549 775 Iud.
1587 723 1614 787 §
1648 721 1734 789 11,
1777 735 1909 790 pag.

262 811 378 877 23;
420 812 707 865 Dissertat.
744 812 805 864 in
833 811 1084 865 Lactant.
1120 827 1246 881 cap.
1282 810 1370 877 40,
1404 815 1514 865 art.
1551 812 1625 881 1).

338 899 686 955 Christianis
726 900 924 969 itaque
955 903 1235 969 tanquam
1280 901 1337 953 in
1382 899 1717 954 Judaeornm
1763 897 1910 970 olea,

262 994 330 1044 ut
359 990 549 1044 adhuc
588 987 851 1059 loquitur
877 987 1294 1054 Tertullianus,
1326 1003 1396 1043 ex
1432 989 1675 1045 oleastro
1703 989 1909 1054 insitis,

257 1084 439 1149 atque
470 1077 528 1132 in
556 1092 758 1132 eorum
802 1076 997 1131 locum
1052 1075 1335 1145 suffectis,
1395 1077 1728 1134 communis
1791 1076 1912 1132 illis

260 1168 452 1223 factus
492 1171 581 1221 est
612 1181 745 1220 cum
788 1165 997 1220 iisdem
1050 1165 1268 1219 Judaais
1328 1180 1631 1220 sacrarum
1690 1164 1910 1221 Veteris

260 1254 621 1310 Testamenti
671 1254 1107 1325 Scripturarum
1166 1253 1483 1308 thesaurus
1541 1254 1803 1324 (Tertull.
1848 1254 1912 1309 de

262 1344 485 1400 Testim.
517 1345 694 1399 anim.
725 1359 852 1413 cap.
884 1343 962 1409 5).
997 1342 1167 1397 Prius
1191 1346 1384 1397 autem
1417 1351 1656 1397 sanctus
1690 1348 1914 1412 martyr

253 1433 537 1489 Justinus
576 1436 982 1487 asseveranter
1031 1432 1424 1486 afﬁrmaverat
1471 1432 1799 1495 doctrinam
1849 1433 1909 1487 in

256 1521 448 1577 sacris
477 1520 703 1577 Veteris
734 1521 1094 1576 Testamenti
1126 1520 1448 1590 Scripturis
1477 1521 1754 1575 traditam
1780 1536 1908 1591 per-

256 1610 454 1665 tinere
483 1610 555 1664 ad
596 1608 980 1674 Christianos,
1025 1609 1093 1663 ad
1151 1625 1299 1679 quos
1357 1626 1472 1664 non
1530 1610 1657 1664 sine
1714 1610 1911 1665 divina

258 1698 630 1770 providentia
659 1698 730 1752 ab
788 1694 1029 1768 ipismei’
1077 1696 1297 1752 Judaeis
1352 1698 1712 1753 transmissae
1770 1702 1910 1754 sunt

255 1787 503 1858 (Justin.
540 1786 757 1842 Cohort.
790 1785 859 1840 ad
887 1794 1035 1855 gent.
1072 1802 1203 1856 pag.
1240 1787 1349 1854 14).

333 1875 612 1941 Quamvis
643 1880 836 1930 autem
867 1874 1086 1931 Judzeis
1116 1879 1173 1930 et
1197 1874 1545 1931 Christianis
1566 1892 1909 1932 communes

257 1965 315 2019 hi
351 1964 486 2019 libri
522 1963 657 2019 facti
688 1964 830 2029 sint,
864 1980 977 2019 non
1010 1964 1146 2018 inde
1172 1967 1368 2019 tamen
1394 1964 1660 2035 sequitur
1683 1965 1754 2019 ab
1778 1965 1909 2021 istis

255 2053 440 2125 recipi
473 2052 747 2108 debuisse
777 2069 982 2108 omnes
1013 2052 1071 2106 in
1118 2052 1280 2108 hisce
1328 2052 1496 2108 libris
1538 2054 1908 2125 praescriptos

256 2143 434 2197 ritus.
466 2148 608 2197 Nam
643 2141 843 2214 plures
866 2143 1000 2213 jure
1029 2143 1239 2197 merito
1268 2141 1536 2197 Christus
1587 2143 1907 2214 abrogavit,

259 2231 763 2303 quemadmodum
796 2230 1068 2297 Sabbata,
1102 2229 1226 2285 dies
1262 2230 1459 2298 festos,
1510 2230 1907 2286 circumcisio-

258 2337 421 2385 nem,
454 2325 509 2375 et
539 2319 974 2390 hujuscemodi,
1004 2337 1130 2390 quae
1164 2319 1498 2375 carnalibus
1520 2320 1738 2375 Judaeis
1766 2339 1907 2392 prae-

258 2410 487 2481 scripta
525 2410 782 2464 fuerunt.
814 2407 960 2463 Nam
993 2408 1115 2462 haec
1146 2408 1344 2463 omnia
1393 2409 1618 2463 umbrae
1661 2415 1827 2464 erant
1855 2415 1912 2464 et

256 2500 487 2570 figurae,
521 2514 587 2552 ac
616 2498 674 2552 in
719 2500 953 2569 signum
1014 2498 1167 2565 data,
1231 2513 1381 2568 quaa,
1441 2498 1523 2552 uti
1585 2497 1912 2554 luculenter

255 2585 659 2642 Tertullianus
690 2586 803 2641 alio
836 2586 892 2640 in
926 2585 1074 2641 libro
1120 2587 1505 2656 demonstrat,
1537 2586 1818 2657 veritatis,
1851 2588 1909 2641 id

256 2681 353 2731 est
381 2674 597 2731 Christi
629 2676 882 2729 adventu
923 2675 1215 2729 debebant
1262 2691 1604 2729 evanescere
1652 2682 1709 2730 et
1757 2675 1909 2731 anti-

255 2764 434 2836 quari
467 2761 734 2835 (Tertull.
758 2762 879 2817 adv.
906 2762 1028 2818 Jud.
1055 2779 1179 2832 cap.
1215 2764 1248 2816 3
1279 2766 1337 2816 et
1370 2763 1444 2833 4).

329 2850 662 2907 Christiana
693 2851 889 2921 itaque
921 2850 1143 2920 religio,
1185 2851 1293 2905 etsi
1343 2855 1623 2922 regnante
1676 2852 1909 2907 Tiberio

253 2941 615 3013 imperatore
647 2940 703 2993 in
756 2939 1048 2994 mundum
1096 2955 1129 2994 a
1176 2938 1407 2993 Christo
1455 2939 1812 3006 introducta,
1848 2942 1906 2996 in

246 3031 515 3087 Judaicae
562 3035 758 3086 tamen
819 3030 1013 3085 locum
1074 3030 1417 3099 substitute,
1460 3030 1688 3086 divinas
1746 3031 1907 3086 illius

247 3120 595 3191 Scripturas
621 3119 986 3174 haereditario
1020 3119 1187 3189 quasi
1212 3119 1346 3189 jure
1385 3120 1630 3191 accepit,
1676 3124 1732 3175 et
1764 3120 1903 3187 illis,

2023 556 2157 595 cum
2190 540 2365 603 fidem
2400 541 2742 611 particulam
2775 543 2870 611 qui
2900 559 3003 613 pro
3034 557 3187 612 quas,
3214 559 3276 595 ac
3300 541 3506 595 deinde
3529 556 3665 611 quas

2022 645 2125 699 pro
2156 644 2281 701 quae
2313 629 2489 684 scribi
2523 629 2681 684 nulla
2712 635 2905 685 tamen
2939 630 3168 684 reddita
3207 629 3429 685 ratione
3460 629 3662 686 voluit.

2022 718 2308 773 Lubenter
2340 724 2536 773 tamen
2569 718 2886 773 fatebimur
2916 736 3029 774 non
3078 719 3317 774 omnino
3368 719 3659 775 infelicem
3750 754 3751 757 η

2020 806 2201 861 videri
2232 807 2382 861 hanc
2419 808 2835 877 conjecturam,
2874 808 2976 863 sed
3028 808 3081 863 id
3135 808 3187 863 ei
3236 808 3457 874 deesse,
3510 809 3663 878 quod

2022 894 2247 951 nullius
2278 895 2448 965 plane
2482 896 2698 952 codicis
2742 898 3086 952 auctoritate
3134 898 3416 951 firmetur.
3458 900 3528 951 At
3558 898 3665 952 He-

2022 984 2245 1054 raldus,
2276 985 2556 1040 audacior
2587 990 2789 1055 postea
2834 986 3042 1055 factus,
3089 986 3147 1040 in
3194 985 3352 1041 verbi
3400 987 3665 1056 producto

2021 1073 2214 1127 locum
2252 1072 2589 1145 suspicatur
2620 1075 3096 1131 substituendum
3136 1076 3411 1148 producto,
3467 1076 3523 1130 id
3554 1079 3664 1141 est,

2020 1170 2334 1232 consumpto
2364 1169 2417 1217 et
2467 1172 2709 1233 peracto.
2770 1164 2948 1219 Suam
3001 1182 3136 1220 vero
3196 1165 3664 1220 emendationem

2022 1250 2271 1321 probare
2300 1256 2546 1306 conatur
2575 1251 2704 1305 aliis
2734 1252 3081 1308 Tertulliani
3113 1253 3277 1319 locis,
3332 1254 3429 1308 ubi
3462 1255 3663 1309 eadem

2021 1338 2450 1408 signiﬁcatione
2484 1340 2813 1411 productum
2842 1341 3075 1413 legitur.
3108 1342 3214 1397 Sed
3248 1347 3474 1412 poterat
3506 1343 3664 1398 insu-

2022 1443 2124 1498 per
2153 1428 2428 1497 quintum
2460 1428 2807 1484 Tertulliani
2840 1430 3023 1485 nostri
3067 1436 3268 1486 contra
3312 1431 3664 1486 Marcionem

2018 1512 2235 1570 librum
2270 1515 2467 1581 citare,
2504 1517 2604 1573 ubi
2636 1518 2840 1573 eodem
2873 1520 3045 1574 verbo
3078 1518 3348 1575 similiter
3379 1537 3521 1575 usus
3552 1524 3662 1575 est.

2018 1599 2235 1656 Verum
2266 1603 2403 1673 quid
2440 1604 2619 1659 facias
2653 1609 2854 1660 contra
2884 1606 3150 1661 codicum
3184 1607 3447 1662 omnium
3480 1607 3660 1662 recla-

2020 1689 2363 1761 mationem,
2397 1697 2455 1747 et
2513 1693 2610 1747 ubi
2665 1699 2867 1749 auctor
2923 1695 3174 1750 barbara
3229 1699 3287 1750 et
3343 1696 3664 1768 impropria

2019 1778 2194 1833 verba
2222 1779 2506 1835 adhibet?
2547 1781 2892 1854 Quicunque
2942 1788 3136 1840 autem
3190 1785 3367 1840 fuerit
3414 1787 3541 1856 ejus
3574 1786 3663 1841 lo-

2019 1867 2235 1937 quendi
2269 1869 2502 1935 modus,
2537 1887 2603 1925 eo
2644 1877 2841 1943 aperte
2890 1872 3184 1945 signiﬁcat
3230 1874 3436 1929 mundi
3487 1874 3661 1931 ﬁnem

2019 1961 2076 2012 et
2107 1956 2325 2012 exitum
2358 1958 2541 2028 (Idem
2575 1958 2675 2015 lib.
2709 1978 2740 2015 v
2770 1962 2985 2017 advers.
3017 1963 3304 2033 Marcion,
3335 1980 3462 2035 cap.
3495 1965 3574 2035 6).

2087 2046 2159 2099 At
2190 2045 2465 2118 appellati
2498 2048 2570 2103 ab
2602 2065 2667 2104 eo
2701 2049 2961 2122 insignes
2993 2051 3205 2122 pietate
3226 2051 3533 2121 etjustitia
3549 2052 3662 2107 viri

2020 2150 2135 2189 non
2168 2133 2360 2190 solum
2388 2137 2796 2206 praedicatores,
2830 2139 2983 2194 sicut
3012 2139 3109 2195 ille
3140 2141 3240 2207 ait,
3276 2141 3535 2209 fuerunt,
3559 2143 3660 2196 sed

2018 2222 2198 2277 etiam
2228 2224 2501 2294 prophetae
2532 2227 2604 2281 de
2633 2228 2819 2297 ofﬁcio
2845 2229 3154 2299 praefandi,
3190 2229 3307 2284 sive
3338 2231 3534 2285 futura
3566 2247 3663 2285 an-

2020 2311 2356 2381 nuntiandi,
2428 2324 2691 2370 vocantur
2758 2317 3125 2386 (Tertullian.
3199 2318 3473 2388 Apologet.
3532 2335 3659 2390 cap.

2025 2400 2128 2470 l8).
2163 2404 2449 2456 Praeterea
2508 2406 2754 2470 virtutes,
2817 2406 2938 2460 sive
2999 2405 3300 2471 miracula,
3352 2408 3423 2460 ad
3486 2407 3660 2462 fidem

2018 2487 2329 2544 divinitatis
2360 2490 2769 2547 stabiliendam
2806 2494 3132 2549 ediderunt.
3166 2494 3426 2566 Denique
3448 2495 3663 2566 Spiritu

2019 2586 2216 2641 divino
2254 2588 2532 2654 inundati,
2566 2590 2694 2660 ipsa
2724 2590 2915 2646 adhuc
2948 2591 3103 2646 illius
3135 2594 3307 2647 verba
3360 2599 3520 2659 sunt,
3554 2594 3663 2649 hoc

2019 2679 2106 2728 est
2137 2675 2216 2729 ita
2247 2674 2401 2746 pleni
2434 2684 2620 2742 erant,
2656 2687 2715 2733 ut
2746 2685 2905 2734 extra
2938 2681 3094 2751 ipsos
3116 2683 3379 2737 efﬂueret
3400 2687 3457 2736 et
3476 2683 3662 2738 effun-

2019 2762 2274 2819 deretur.

2091 2852 2223 2915 Quae
2259 2858 2449 2909 autem
2494 2856 2565 2910 ab
2614 2856 2698 2911 eis
2750 2858 3064 2924 mirabilia,
3107 2864 3165 2913 et
3214 2878 3395 2932 supra
3442 2868 3662 2918 naturae

2019 2940 2283 2996 ordinem
2315 2943 2490 3008 facta,
2526 2962 2591 2999 ac
2622 2945 2817 3001 divino
2868 2947 3104 3002 alﬂante
3152 2949 3398 3020 Spiritu,
3456 2951 3662 3023 praedi-

2017 3037 2107 3083 cta
2136 3036 2295 3097 sunt,
2330 3031 2449 3086 haec
2481 3035 2681 3088 omnia
2728 3037 2791 3089 in
2834 3035 3131 3104 thesauris,
3185 3037 3375 3107 inquit
3425 3057 3660 3096 rursum

2017 3118 2436 3187 Tertullianus,
2475 3123 2788 3177 litterarum
2829 3133 3055 3179 manent
3101 3125 3296 3196 (Ibid.)
3326 3145 3341 3193 ;
3374 3130 3473 3183 sed
3510 3146 3659 3199 qua-

248 3209 432 3265 sicuti
466 3208 742 3275 diximus,
779 3207 925 3263 fulta
956 3213 1011 3263 et
1040 3208 1291 3264 subnixa
1320 3214 1425 3263 est.
1462 3209 1571 3265 Sed
1604 3208 1662 3263 id
1690 3210 1905 3265 clarius
1936 3192 1978 3259 C
2017 3224 2311 3273 rumnam,
2363 3211 2602 3266 obsecro
2661 3218 2737 3278 te,
2796 3192 3122 3269 litterarum
3148 3216 3173 3269 ?
3230 3192 3352 3270 Non
3414 3192 3662 3272 aliarum

248 3300 457 3355 adhuc
490 3297 732 3369 patebit,
766 3304 1079 3369 postquam
1113 3314 1276 3352 more
1318 3302 1517 3352 nostro
1567 3298 1906 3370 expenderi-

250 3404 418 3455 mus,
450 3386 590 3457 quid
624 3387 694 3441 de
724 3386 932 3441 iisdem
964 3386 1146 3441 sacris
1177 3386 1536 3454 Judacorum,
1561 3403 1662 3442 seu
1692 3386 1907 3443 Veteris

251 3476 624 3531 Testamenti
663 3475 1003 3545 Scripturis,
1047 3492 1080 3530 a
1128 3473 1489 3530 Tcrtulliano
1539 3479 1736 3531 nostro
1785 3479 1907 3530 sta-

250 3567 485 3620 tuatur.

884 3696 1089 3735 ARTICU
1099 3695 1202 3734 LUS
1244 3696 1283 3733 ll

245 3768 490 3839 Quando
518 3777 569 3824 et
608 3770 874 3839 quomodo
926 3785 1219 3823 sacrarum
1275 3769 1693 3836 Scripturarum
1750 3769 1905 3834 libri,

316 3841 589 3896 Hebraice
614 3843 859 3912 primum
888 3842 1201 3909 conscripti,
1248 3841 1318 3912 in,
1353 3840 1607 3907 linguam
1656 3843 1908 3895 Graecam

314 3931 348 3967 a
379 3914 747 3983 Septuaginta
776 3912 984 3967 duobus
1010 3911 1399 3980 interpretibus
1429 3913 1714 3971 conversi;
1739 3913 1908 3983 anin

312 3982 558 4039 diversis
590 3984 843 4044 cellulis;
886 3985 985 4038 ubi
1028 3983 1092 4037 de
1140 3983 1375 4051 Aristea,
1429 3982 1719 4038 Ptolemaeo
1767 3982 1903 4037 Phi-

315 4056 612 4125 ladelpho,
648 4056 952 4117 Pisistrato,
996 4055 1296 4125 horumque
1338 4062 1389 4108 et
1420 4053 1781 4125 Attalicorum
1810 4070 1905 4106 re-

312 4144 458 4196 gum
483 4124 845 4193 bibliothecis,
886 4142 949 4179 ac
979 4126 1050 4180 de
1096 4124 1366 4180 Denietrio
1410 4124 1674 4179 Phalereo
1721 4141 1901 4193 gram-

313 4200 666 4253 maticorum
693 4198 1107 4268 probatissimo.

313 4314 608 4369 Observat
638 4311 1037 4368 Tertullianus
1062 4312 1242 4366 Deum
1276 4328 1310 4366 a
1332 4310 1638 4382 primordio
1672 4311 1907 4367 misisse

235 4404 429 4468 viros,
453 4402 693 4474 justitia
722 4407 778 4459 et
808 4401 1142 4457 innocentia
1172 4400 1541 4470 conspicuos,
1591 4400 1691 4471 qui
1737 4400 1903 4455 illum

233 4493 496 4549 unicum
558 4509 688 4548 esse
764 4497 820 4546 et
893 4494 1273 4563 agnoverunt,
1334 4495 1386 4543 et
1446 4489 1906 4560 praedicaverunt

2018 3296 2444 3368 proculdubio,
2468 3316 2642 3370 quam
2670 3301 3107 3357 Hebraicarum.
3127 3304 3271 3358 Nam
3295 3305 3419 3375 ipse
3441 3306 3659 3361 ibidem

2019 3391 2219 3439 narrat
2263 3385 2638 3444 Ptolemaeum
2687 3390 3137 3462 Philadelphum
3186 3410 3220 3447 a
3261 3393 3503 3460 Judaais,
3557 3394 3659 3465 qui

2019 3473 2156 3530 olim
2190 3475 2414 3530 Hebraei
2439 3483 2624 3542 erant,
2651 3479 2942 3549 accepisse
2969 3498 3170 3536 earum
3194 3482 3387 3552 libros,
3406 3486 3659 3554 pr0prias

2019 3579 2083 3617 ac
2113 3566 2435 3621 vernaculas
2468 3567 2683 3622 litteras
2714 3568 2930 3639 (Ibid.),
2988 3570 3106 3625 sive
3166 3570 3402 3626 Hebraea
3457 3571 3661 3644 lingua

2018 3653 2403 3724 conscriptas,
2435 3655 2596 3724 quia,
2632 3661 2693 3710 ut
2725 3655 2824 3711 ille
2857 3658 3049 3712 adhuc
3087 3658 3366 3729 loquitur,
3401 3662 3471 3715 ad
3504 3661 3665 3731 ipsos

2019 3757 2250 3812 semper
2282 3743 2574 3814 prophetae
2607 3753 3016 3814 peroraverant
3048 3747 3265 3816 (lbid.).
3315 3748 3529 3820 Moysis
3556 3750 3666 3805 ita-

2018 3845 2131 3898 que
2158 3830 2522 3901 aliorumque
2574 3848 2873 3886 sacrorum
2938 3841 3133 3888 vatum
3194 3835 3325 3888 libri
3383 3836 3664 3892 Hebraico

2018 3933 2289 3973 sermone
2319 3919 2518 3989 scripti
2550 3927 2957 3976 remanserant
2986 3925 3141 3993 apud
3179 3924 3442 3978 Hebrteos
3473 3930 3529 3979 et
3557 3926 3663 3980 Ju-

2017 4006 2192 4072 dieos,
2228 4008 2327 4077 qui
2359 4024 2456 4062 eos
2497 4025 2732 4063 summa
2784 4015 2938 4064 certe
2989 4028 3130 4065 cura
3178 4012 3439 4083 integros
3488 4020 3663 4082 atque

2017 4094 2386 4165 incorruptos
2417 4102 2927 4152 conservaverunt.

2085 4201 2192 4255 Sed
2229 4219 2301 4256 ne
2331 4206 2531 4257 tantus
2564 4202 2879 4258 thesaurus
2913 4204 3066 4274 apud
3098 4220 3197 4259 eos
3249 4204 3401 4259 solos
3430 4221 3663 4275 semper

2015 4288 2238 4358 lateret,
2300 4290 2679 4345 celeberrima
2744 4292 2994 4347 duorum
3055 4310 3233 4363 supra
3289 4293 3665 4365 septuaginta

2016 4378 2313 4434 seniorum
2349 4379 2825 4450 interpreiatione
2857 4398 2991 4437 cum
3045 4382 3256 4436 Graecis
3289 4383 3566 4453 primum,
3599 4400 3665 4439 ac

2016 4468 2227 4522 deinde
2258 4485 2389 4523 cum
2425 4469 2553 4524 aliis
2585 4472 2859 4540 gentibus
2892 4472 3361 4527 communicatus
3383 4478 3489 4527 est.
3519 4474 3666 4536 Qua-

230 4581 621 4646 (Tertullian.
654 4557 1093 4651 Apologeticap.
1130 4579 1238 4647 18).
1272 4577 1341 4631 Hi
1388 4557 1584 4632 autem
1619 4578 1905 4632 docebant

2023 4564 2250 4628 propter
2302 4559 2749 4614 Tertullianus:
2804 4580 2829 4610 α
2861 4565 2973 4615 Nec
3021 4561 3168 4623 istae,
3220 4560 3433 4632 inquit.
3490 4578 3664 4617 sacrae

231 4672 309 4726 ab
340 4671 457 4726 hoc
500 4669 673 4725 unico
706 4670 819 4725 Deo
853 4675 1047 4724 creata
1077 4668 1292 4735 omnia,
1325 4667 1391 4721 de
1420 4667 1585 4721 humo
1626 4666 1905 4721 hominem

231 4760 595 4825 formatum,
648 4759 966 4830 dispositas
1016 4762 1347 4827 temporum
1401 4755 1576 4823 vices,
1632 4757 1784 4809 edita
1818 4756 1904 4809 di-

142 4856 147 4863 '
228 4851 395 4905 vina
430 4848 764 4919 majestatis
796 4865 915 4903 suae
947 4847 1133 4916 signa,
1168 4844 1432 4900 conditas
1482 4860 1705 4898 morum
1737 4843 1902 4898 vitae-

231 4955 359 5010 que
391 4942 552 4992 reote
583 4937 820 5007 agendae
851 4935 1027 5006 leges,
1063 4950 1126 4988 ac
1156 4932 1413 5004 producto
1448 4948 1564 4987 sive
1597 4949 1787 4987 omnes
1808 4933 1907 4987 bo-

230 5028 443 5083 mines
474 5026 544 5080 ad
579 5025 755 5077 vitam
787 5038 1022 5077 rursum
1054 5021 1413 5090 excitandos,
1445 5021 1901 5090 etjudicandos,

231 5121 302 5169 ut
368 5129 480 5185 pro
540 5111 761 5166 meritis
812 5116 1028 5165 aeterna
1084 5115 1185 5165 aut
1242 5126 1414 5179 paena
1469 5113 1571 5163 aut
1629 5108 1903 5165 felicitate

226 5203 605 5257 afﬁciantur.
650 5202 717 5253 At
750 5200 851 5255 tibi
885 5200 940 5252 in
988 5197 1325 5252 Tertulliani
1379 5202 1536 5251 textu
1590 5198 1709 5251 haec
1756 5198 1900 5268 legi-

226 5308 380 5347 mus
428 5290 641 5345 verba:
708 5312 729 5338 α
764 5289 919 5352 Quas
978 5288 1333 5343 demerendo
1390 5287 1504 5343 sibi
1560 5287 1902 5357 disciplinas

224 5377 747 5441 determinaverit,
781 5395 906 5449 quae
938 5376 1223 5450 ignoratis
1255 5382 1358 5433 aut
1385 5377 1655 5432 deseritis
1682 5394 1695 5442 ;
1722 5399 1748 5425 ››
1772 5392 1900 5445 quin

224 5470 487 5543 quidem
534 5466 781 5521 Heraldo
831 5468 972 5521 adeo
1032 5469 1282 5522 obscura
1337 5470 1727 5535 corruptaque
1778 5464 1903 5520 visa

222 5564 408 5625 sunt,
447 5562 512 5611 ut
543 5556 689 5611 nihil
720 5557 791 5611 de
821 5556 914 5612 his
946 5555 1329 5629 pronuntiare
1359 5556 1592 5609 audeat.
1642 5554 1748 5608 Sed
1784 5570 1898 5609 non

220 5654 411 5706 tanta
444 5646 552 5702 fuit
581 5645 866 5703 timiditas
896 5645 1152 5719 Rigaltii,
1193 5644 1336 5699 787
1374 5644 1474 5717 qui
1506 5647 1708 5699 contra
1733 5659 1898 5715 aper-

2015 4645 2218 4700 litterm
2253 4664 2406 4701 nunc
2436 4646 2637 4701 latent.
2675 4667 2699 4696 ο
2739 4649 2934 4719 (Ibid.)
2962 4652 3149 4720 Atque
3205 4650 3285 4704 ita
3332 4651 3568 4719 quidem
3605 4652 3662 4708 in

2014 4734 2249 4806 Rigaltii
2283 4736 2557 4791 editione.
2590 4740 2659 4791 At
2693 4737 2749 4791 in
2798 4739 3223 4808 antiquioribus
3272 4739 3466 4808 editis,
3518 4746 3573 4795 et
3602 4740 3660 4796 in

2016 4823 2231 4878 nostris
2282 4824 2702 4894 manuscriptis
2762 4826 3062 4880 codicibus
3121 4827 3457 4881 adverbium
3516 4845 3664 4884 nunc

2013 4913 2197 4967 abest.
2230 4917 2345 4967 Nec
2366 4913 2501 4983 jure
2533 4914 2768 4984 quidem
2805 4932 3047 4985 prorsus
3078 4915 3388 4970 immerito.
3438 4917 3658 4972 Tertul-

2014 4999 2203 5055 lianus
2236 5001 2524 5072 siquidem
2549 5002 2845 5073 significat
2869 5003 3001 5059 illas
3028 5022 3140 5059 non
3167 5022 3200 5059 a
3222 5022 3329 5059 suo
3351 5006 3657 5072 duntaxat,

2013 5091 2113 5145 sed
2147 5092 2218 5143 ab
2252 5090 2378 5161 ipso
2410 5092 2763 5156 Graecorum,
2802 5093 2885 5145 uti
2936 5093 3211 5162 diximus,
3265 5094 3656 5165 interpretum

2013 5184 2275 5249 ten'ipore
2310 5196 2421 5231 non
2458 5179 2700 5232 latuisse
2740 5181 3016 5251 amplius.

2083 5285 2325 5350 Quando
2346 5290 2541 5339 autem
2567 5290 2622 5340 et
2654 5288 2945 5356 quomodo
2978 5288 3096 5343 haec
3129 5290 3322 5345 Graeca
3354 5307 3655 5346 sacrorum

2012 5375 2293 5429 librorum
2320 5372 2722 5444 interpretatio
2754 5377 2823 5429 ab
2860 5377 2934 5431 iis
2967 5378 3247 5433 adornata
3276 5379 3469 5445 fuerit,
3502 5380 3658 5435 hunc

2013 5463 2109 5517 ille
2142 5461 2390 5533 explicat
2419 5462 2473 5516 in
2511 5465 2794 5521 modum:
2853 5467 2993 5521 Cum
3030 5468 3394 5535 Ptolemmus,
3441 5483 3657 5537 cogno-

2014 5555 2202 5606 mento
2226 5551 2668 5623 Philadelphus,
2697 5554 3112 5611 bibliothecam
3138 5574 3306 5613 suam
3329 5556 3485 5610 omni
3514 5572 3656 5625 quo-

2015 5659 2139 5696 rum
2151 5657 2379 5712 cunque
2400 5640 2683 5699 librorum
2708 5645 3068 5717 supellectile
3091 5628 3443 5716 ldcuplctare
3463 5643 3655 5712 vellet,
