4106 6178
440 320 555 381 8'1!

960 325 1488 389 TERTULLIANI
1534 326 1859 389 eranum
1902 296 2100 388 ritas
2144 327 2190 388 ι.
2228 359 2308 373 -
2340 324 2617 388 seems
2659 325 2709 397 ι,
2756 324 3323 387 APOLOGETIGA.

3722 326 3840 386 872

452 448 601 505 788
633 449 705 505 ab
755 451 995 520 Judaais,
1056 457 1407 525 suggerente
1447 453 1738 509 Demetrio
1789 454 2088 524 Phalereo,
2123 456 2168 521 Α
2204 453 2541 509 narratione
2572 451 2990 508 continentur?
3021 451 3231 506 Utrum
3291 454 3486 505 autem
3543 451 3662 505 haec
3715 466 3847 507 vera

447 538 714 611 poposcit
743 545 797 595 et
829 542 1162 613 impetravit
1195 558 1391 598 sacros
1424 542 1654 598 illorum
1696 544 1948 611 codices,
1981 543 2092 598 He-

446 628 639 684 braice
676 632 964 695 exaratos,
1021 634 1081 684 et
1137 630 1291 685 viros
1332 632 1700 701 septuaginta
1758 634 1929 699 duos,
1990 633 2090 701 qui

444 715 578 770 illos
609 717 668 770 in
703 718 957 772 Grzscam
992 718 1251 788 linguam
1294 720 1741 776 transtulerunt.
1792 721 1942 775 Tum
1977 720 2089 775 ibi-

443 803 577 859 dem
619 805 832 876 adjecit
884 811 1088 861 auctor
1145 812 1382 862 noster:
1442 831 1469 858 ει
1504 811 1655 875 Quos
1715 810 2089 864 Menedemus

443 909 679 964 quoque
710 893 1095 965 philosOphus
1145 896 1517 951 Providentiae
1566 898 1773 952 vindex
1824 898 1998 969 (male
2029 897 2086 951 in

447 997 565 1036 uno
597 982 792 1037 codice
821 984 1117 1051 Vaticano,
1148 987 1447 1055 provincia
1474 986 1664 1057 iudex)
1695 987 1766 1041 de
1787 986 2087 1041 sententiae

443 1071 854 1126 communione
886 1073 1168 1143 suspexit.
1205 1094 1232 1122 »
1265 1074 1447 1145 (Ibid)
1480 1074 1589 1128 Sed
1634 1074 1773 1146 quid
1824 1074 1918 1129 his
1950 1073 2082 1128 ulti-

442 1157 555 1213 mis
585 1159 793 1226 verbis,
827 1159 891 1214 de
936 1162 1216 1216 sententiae
1236 1178 1614 1218 communione
1632 1165 1881 1233 suspexit
1902 1162 2084 1233 signi-

440 1247 666 1313 ficetur,
701 1265 815 1303 non
851 1249 1098 1305 minima
1128 1255 1217 1304 est
1257 1250 1409 1305 inter
1456 1252 1716 1306 eruditos
1766 1251 1952 1305 astatis
1983 1267 2085 1305 no-

438 1340 569 1391 stra:
656 1338 972 1409 scriptores
1059 1338 1371 1393 dissensio.
1460 1340 1708 1405 Quidam
1791 1341 2085 1395 enimvero

437 1426 755 1497 opinantur
786 1428 856 1483 iis
889 1428 1210 1499 signiﬁcari
1243 1445 1619 1484 communem
1676 1430 1858 1485 fuisse
1888 1433 2084 1484 Mene~

438 1514 595 1570 demi
654 1516 724 1571 de
780 1516 976 1571 divina
1030 1518 1394 1589 providentia
1451 1519 1650 1573 omnia
1721 1520 2086 1591 gubernante

439 1605 816 1660 sententiam.
846 1605 1061 1661 Verum
1095 1606 1510 1674 Tertullianus,
1544 1607 1823 1679 inquiunt
1863 1607 1983 1672 alii,
2014 1609 2085 1662 de

436 1690 547 1748 hac
577 1692 678 1748 Dei
711 1693 1072 1765 providentia
1101 1695 1179 1749 ibi
1216 1711 1331 1751 non
1354 1696 1639 1767 disputat,
1672 1696 1769 1750 sed
1795 1696 1866 1749 de
1888 1695 2084 1750 Graeca

435 1782 847 1837 tantummodo
900 1799 1200 1838 sacrarum
1253 1784 1688 1854 Scripturarum
1744 1784 2081 1855 interpreta-

435 1869 611 1925 tione.
647 1871 938 1934 Quorsum
972 1888 1107 1943 ergo
1138 1872 1295 1927 hunc
1328 1874 1396 1927 de
1428 1872 1528 1927 illa
1559 1873 1657 1927 Dei
1714 1872 2082 1944 providentia

437 1958 796 2014 mentionem
828 1960 1213 2030 interjecisset
1236 1961 1263 2015 ?
1292 1962 1676 2028 Quamobrem
1715 1961 1769 2016 hi
1795 1961 2081 2016 arbitran-

433 2050 533 2102 tur
563 2047 720 2102 hunc
771 2064 899 2104 esse
955 2048 1299 2103 Tertulliani
1359 2065 1638 2105 sensum:
1701 2050 2079 2104 Menedemus

435 2135 765 2191 absolutam
799 2154 977 2192 sacrm
1011 2137 1329 2209 Scriptum
1360 2142 1611 2192 Graecam
1647 2136 2077 2208 interpretatio-

433 2241 569 2280 nem
595 2226 965 2293 examinavit,
1002 2227 1377 2298 suspexitque
1425 2226 1589 2281 illam
1638 2227 1937 2281 communi
1984 2226 2075 2279 in-

431 2318 752 2385 terpretum
786 2316 1173 2370 consensione
1205 2317 1407 2371 eodem
1440 2315 1611 2387 plane
1646 2317 1815 2370 modo
1841 2318 2072 2370 factam.

428 2403 656 2459 Vindex
686 2403 885 2475 itaque
932 2410 988 2458 et
1036 2405 1204 2459 testis
1252 2405 1361 2459 fuit
1409 2405 1620 2459 divinze
1677 2404 2071 2477 providentiae,

429 2493 600 2562 cujus
651 2491 904 2546 mirabili
938 2492 1109 2564 plane
1140 2494 1318 2549 ductu
1365 2493 1715 2548 Hebraicum
1764 2494 2073 2562 Scriptura:

428 2583 649 2636 textum
683 2582 885 2636 eodem
920 2598 1164 2652 prorsus
1192 2582 1362 2636 modo
1397 2583 1466 2637 ab
1498 2582 1706 2636 iisdem
1740 2582 2073 2653 interpreti-

428 2671 539 2725 bus
570 2669 760 2725 Grace
791 2670 1084 2725 redditum
1118 2670 1309 2741 palam
1340 2670 1690 2726 testiﬁcatus
1721 2674 1829 2726 est.

499 2779 572 2830 At
602 2775 731 2844 hoc,
765 2775 1020 2847 inquies,
1053 2776 1134 2831 ita
1169 2776 1290 2832 ﬁeri
1323 2776 1602 2848 nequivit,
1640 2777 1752 2833 nisi
1786 2779 2068 2849 interpre-

427 2866 536 2930 tes,
571 2863 887 2936 separatim
919 2865 1061 2919 etin
1103 2864 1347 2921 diversis
1391 2864 1617 2920 cellulis
1669 2866 1863 2937 positi,
1915 2866 2073 2920 hunc

424 2951 777 3009 Hebraicum
810 2956 1030 3009 textum
1079 2954 1136 3008 in
1188 2954 1447 3010 Graecum
1503 2955 1721 3026 singuli
1771 2955 2068 3011 verterint.

425 3042 601 3113 Atqui
628 3040 772 3097 falsa
809 3047 899 3098 est
929 3042 1029 3097 illa
1061 3043 1130 3099 de
1161 3043 1405 3099 diversis
1439 3044 1553 3099 illis
1585 3044 1812 3100 cellulis
1853 3045 2069 3116 opinio.

424 3129 534 3184 Sed
571 3130 710 3200 quid
739 3129 895 3197 inde,
931 3131 977 3185 si
1009 3131 1404 3187 Tertullianus
1437 3133 1678 3204 praevics
1724 3138 1961 3189 secutus
1994 3134 2071 3189 sit

424 3217 756 3288 scriptores,
791 3220 886 3288 qui
920 3223 1048 3288 post
1076 3221 1381 3275 Justinurn
1429 3222 1762 3293 Martyrem,
1817 3228 1882 3277 ut
1931 3222 2071 3277 alibi

424 3306 811 3379 ostendimus,
856 3308 1003 3363 hanc
1034 3310 1103 3364 de
1135 3309 1251 3364 illis
1282 3310 1664 3381 interpretum
1693 3310 1918 3367 cellulis
1949 3312 2071 3383 opi-

424 3394 657 3450 nionem
692 3401 1026 3451 constanter
1057 3404 1574 3469 propugnaverunt
1610 3401 1796 3467 (Tom.
1838 3401 1855 3453 l
1892 3402 2072 3471 Appa-

424 3491 534 3539 ναι.
569 3483 669 3539 lib.
705 3501 767 3552 ιι,
800 3486 1033 3540 dissert.
1083 3486 1141 3550 2,
1196 3502 1323 3557 cap.
1374 3488 1429 3553 7,
1490 3487 1517 3560 ἕ
1572 3489 1608 3541 5
1664 3504 1793 3559 pag.
1854 3490 1959 3542 390
2017 3494 2073 3545 et

423 3573 656 3643 seqq)?
680 3573 882 3629 Nonne
913 3574 1065 3629 enim
1100 3575 1249 3630 hanc
1282 3576 1354 3631 ob
1396 3593 1637 3631 causam
1692 3577 2071 3634 Menedemus

423 3660 494 3716 ab
526 3659 624 3715 illo
666 3660 995 3732 appellatur
1024 3663 1389 3718 Providentiae
1420 3664 1639 3730 vindex,
1675 3667 1812 3735 quia
1845 3666 1949 3721 bos
1980 3666 2070 3721 in-

423 3753 706 3821 terpretes
737 3750 801 3805 de
837 3753 1131 3809 sementim
1160 3755 1547 3808 communione
1583 3756 1828 3826 suspexit
1869 3760 2070 3826 utpote

422 3839 544 3910 qui,
593 3838 662 3893 ab
712 3838 957 3894 invicem
1011 3841 1284 3911 sejuncti,
1331 3858 1525 3897 sacras
1573 3843 1907 3914 Scripturas
1953 3861 2069 3899 uno

421 3928 745 3999 eodemque
780 3928 948 3984 modo
981 3933 1169 3985 Graece
1200 3930 1539 3986 verterant?

491 4038 707 4091 Verum
744 4052 934 4091 nonne
963 4036 1178 4104 divina,
1226 4042 1431 4108 arguet
1473 4037 1711 4109 aliquis,
1761 4037 2066 4109 providen-

419 4124 503 4180 tia
533 4123 641 4179 hoc
674 4124 816 4180 satis
845 4124 1202 4197 resplendet,
1226 4127 1380 4198 quod
1413 4125 1759 4197 interpretes
1782 4126 1865 4181 illi
1891 4127 2068 4182 simul

419 4213 676 4284 quidem,
712 4213 811 4267 sed
843 4213 1047 4267 eodem
1082 4214 1253 4267 modo
1281 4230 1380 4269 eas
1413 4213 1471 4267 in
1514 4214 1774 4285 linguam
1808 4215 2065 4270 Graecam

416 4300 874 4356 transtulerint?
905 4302 1047 4367 Quis
1080 4301 1266 4357 nescit
1296 4307 1579 4373 quantum
1616 4302 1910 4359 intellectu
1948 4305 2069 4358 sint

416 4388 737 4445 difficiles?
787 4407 851 4445 ac
903 4392 1117 4445 mirum
1169 4392 1426 4463 profecto
1473 4391 1677 4461 videri,
1729 4392 1883 4463 quod
1933 4392 2066 4449 illas

417 4480 605 4535 Graece
636 4481 910 4536 vertendo
943 4498 1060 4536 una
1092 4482 1413 4552 eademque
1445 4481 1620 4537 fuerit
1662 4486 1746 4536 tot
1778 4481 2061 4554 interpre-

2204 541 2378 597 fuerit
2403 541 2741 597 Tertulliani
2786 540 3097 609 sententia,
3148 545 3203 594 te
3252 539 3729 611 pronuntiantem
3781 541 3845 593 li-

2201 631 2407 686 benter
2435 631 2765 685 audiemus.
2800 629 2881 683 De
2917 630 3158 684 Aristeas
3206 645 3375 700 porro
3420 629 3567 683 789
3600 628 3847 683 historia

2201 719 2567 789 diversisque
2597 718 2961 772 eruditorum
2996 718 3065 770 de
3100 718 3197 771 illo
3248 716 3646 787 opinionibus,
3682 732 3748 771 ac
3777 718 3845 771 de

2200 807 2540 862 Menedemo
2564 805 2699 860 alibi
2725 804 3159 876 disputavimus
3182 805 3387 875 (Idem,
3412 803 3513 858 lib.
3542 818 3580 873 ι,
3609 805 3843 859 dissert.

2198 897 2254 963 2,
2287 912 2412 965 cap.
2448 896 2499 960 1,
2532 910 2665 965 pag.
2697 895 2805 948 223
2834 911 2899 948 ac
2930 910 3093 964 seqq.
3128 897 3185 949 et
3231 894 3332 948 lib.
3383 909 3466 961 III,
3523 894 3758 951 dissert.
3787 895 3843 961 2,

2201 1000 2327 1055 cap.
2361 984 2417 1045 3,
2450 988 2558 1037 art.
2589 984 2643 1049 5,
2686 998 2817 1053 pag.
2848 982 2997 1044 922).

2272 1088 2690 1160 Philadelphus
2711 1089 3021 1161 ροισι-ο,ᾳυί
3046 1088 3303 1144 Graecam
3330 1105 3505 1144 sacrae
3531 1089 3848 1160 Scriptura:

2198 1178 2739 1251 interpretationem
2773 1177 3123 1249 procuravit,
3158 1195 3190 1233 a
3211 1177 3569 1233 Tertulliano
3592 1178 3846 1249 appella-

2196 1272 2293 1323 tur
2319 1284 2430 1323 non
2466 1266 2657 1322 solum
2692 1267 3117 1331 eruditissimus,
3151 1267 3251 1321 sed
3282 1267 3459 1322 omnis
3491 1265 3665 1320 etiam
3700 1267 3846 1321 litte-

2196 1359 2411 1414 ratura
2440 1357 2849 1425 sagacissimus,
2883 1354 2981 1410 ubi
3014 1360 3165 1411 certe
3188 1355 3542 1410 subauditur
3566 1355 3847 1410 substan-

2195 1447 2378 1500 tivum
2430 1461 2667 1509 nomen,
2721 1445 2873 1515 quod
2924 1444 3059 1499 huic
3117 1444 3403 1514 adjective
3457 1446 3853 1515 sagacissimus

2196 1534 2545 1606 respondeat
2573 1532 2940 1605 (Tertullian.
2974 1533 3248 1604 Apologet.
3283 1550 3410 1605 cap.
3465 1534 3575 1601 48).
3624 1537 3699 1586 At
3730 1550 3847 1589 non

2195 1624 2352 1682 aliud
2388 1641 2515 1680 esse
2546 1626 3003 1695 videtur,'quam
3036 1624 3358 1697 indagator,
3389 1623 3479 1679 vel
3502 1625 3845 1695 explorator,

2194 1714 2481 1785 sagacitas
2512 1714 2667 1768 enim
2702 1714 2770 1768 ad
2809 1712 3230 1768 inveniendum
3274 1717 3375 1767 aut
3420 1711 3844 1783 explorandum

2194 1803 2425 1857 dicitur.
2460 1807 2536 1857 Ea
2564 1818 2732 1872 porro
2765 1800 3137 1874 Philadelphi
3172 1801 3465 1872 sagacitas
3513 1805 3639 1855 erat
3669 1803 3848 1857 omnis

2192 1892 2536 1955 litteratum,
2570 1891 2627 1945 id
2661 1897 2745 1946 est
2778 1890 3063 1945 librorum
3091 1891 3355 1945 omnium
3380 1905 3735 1960 quacunque
3774 1890 3847 1946 de

2191 1980 2438 2035 materia
2471 1979 2847 2051 scriptorum,
2873 1978 3329 2049 diligentissima
3354 1978 3569 2049 ubique
3591 1978 3845 2050 inquisi-

2188 2069 2286 2125 tio.
2308 2070 2383 2124 Su
2397 2084 2553 2123 mmo
2570 2072 2765 2123 autem
2784 2068 2915 2123 illos
2933 2068 3318 2123 conservandi
3341 2067 3536 2121 studio
3556 2068 3850 2122 bibliothe-

2187 2175 2328 2223 cam,
2360 2158 2441 2211 ait
2475 2160 2679 2212 auctor
2709 2161 2926 2225 noster,
2959 2161 3017 2211 et
3044 2155 3227 2210 simili
3260 2157 3433 2210 modo
3464 2156 3762 2210 Eusebius
3788 2156 3843 2209 in

2185 2246 2468 2302 Chronico
2506 2246 2597 2316 (ad
2633 2262 2770 2300 ann.
2807 2245 2989 2313 1734),
3012 2262 3088 2299 ea:
3108 2246 3262 2300 omni
3281 2260 3481 2314 genere
3502 2246 3846 2301 litteratura?

2184 2340 2627 2406 comparaverat.
2688 2334 2915 2397 Quanto
2974 2336 3172 2388 autem
3247 2331 3532 2386 librorum
3593 2348 3842 2386 numero

2184 2424 2473 2480 instructa
2505 2423 2679 2478 fuerit
2708 2421 2766 2476 in
2812 2422 3080 2491 sequenti
3134 2420 3380 2475 articulo
3429 2420 3835 2476 ostendemus.

2183 2512 2237 2565 Si
2272 2513 2404 2583 quis
2434 2528 2565 2567 vero
2600 2509 2858 2583 postulet
2878 2509 3014 2582 quis
3036 2509 3114 2564 sit
3136 2509 3503 2575 Pisistratus,
3528 2508 3702 2578 cujus
3726 2507 3834 2563 hac

2182 2602 2238 2656 in
2272 2618 2332 2657 re
2363 2601 2625 2656 studium
2660 2599 2968 2654 aemulatus
2998 2598 3417 2670 Philadelphus
3448 2614 3482 2653 a
3519 2597 3833 2653 Tertullia-

2183 2708 2255 2745 no
2288 2690 2591 2759 asseritur,
2623 2688 2767 2743 illud
2802 2688 3025 2743 discere
3056 2687 3267 2759 poterit
3307 2703 3376 2742 ex
3423 2685 3516 2741 his
3564 2688 3630 2741 A.
3662 2685 3833 2741 Gellii

2179 2779 2411 2834 verbis:
2446 2801 2473 2828 ‹‹
2508 2778 2710 2833 Libros
2742 2776 2986 2832 Athenis
3018 2775 3461 2848 disciplinarum
3498 2774 3833 2831 liberalium

2181 2867 2412 2939 publice
2445 2868 2513 2922 ad
2564 2866 2842 2937 legendos
2894 2865 3165 2937 posuisse
3216 2864 3437 2920 dicitur
3484 2864 3835 2919 Pisistratus

2183 2962 2489 3029 tyrannus.
2526 2978 2554 3005 »
2586 2955 2800 3010 Verum
2836 2956 2904 3009 de
2933 2954 3224 3010 Pisistrati
3272 2953 3601 3026 tyrannide,
3654 2969 3849 3024 quam,

2180 3050 2287 3115 ter,
2323 3053 2385 3100 ut
2443 3048 2644 3100 narrat
2702 3044 3053 3113 Herodotus,
3108 3042 3495 3114 recuperavit,
3558 3041 3838 3113 frequens

2185 3135 2337 3206 apud
2413 3136 2609 3190 varios
2687 3134 3024 3205 scriptores,
3086 3133 3401 3198 Laertium,
3459 3131 3838 3195 Pausaniam,

2185 3224 2611 3297 Thucydidem,
2646 3222 2961 3291 fElianum,
3024 3221 3347 3285 Valerium,
3403 3220 3719 3275 Maximum
3785 3225 3841 3273 et

2185 3313 2329 3368 alios
2360 3312 2595 3367 mentio.
2629 3312 2744 3367 Nos
2775 3328 2907 3365 vero
2940 3312 3011 3366 de
3043 3311 3150 3366 hac
3183 3309 3475 3365 Pisistrati
3525 3310 3841 3382 tyrannide

2184 3403 2241 3458 in
2276 3402 2574 3474 superiore
2606 3402 2919 3472 Apparatus
2952 3399 3141 3454 nostri
3187 3404 3346 3454 torno
3396 3398 3645 3471 egimus.
3678 3398 3837 3453 Scri-

2182 3497 2345 3564 ptum
2382 3496 2656 3564 praaterea
2687 3507 2718 3545 a
2750 3490 2926 3545 citato
2962 3488 3253 3544 Pausania
3276 3487 3523 3558 legimus
3544 3486 3839 3559 dissipata

2180 3580 2320 3636 olim
2354 3581 2535 3637 fuisse
2566 3580 2796 3635 Homeri
2831 3580 3114 3649 carmina,
3148 3582 3321 3650 atque
3351 3593 3419 3631 ex
3472 3576 3588 3632 illis
3620 3594 3653 3629 a
3685 3576 3834 3632 Pisi-

2181 3674 2385 3735 strato,
2418 3676 2483 3724 ut
2513 3670 2595 3724 ait
2619 3669 2901 3733 .‘Elianus,
2946 3667 3209 3722 collectis
3239 3665 3562 3721 confectam
3596 3664 3835 3721 Iliadem

2180 3763 2237 3813 et
2296 3758 2605 3831 ()dysseam.
2679 3759 2788 3812 Sed
2870 3762 3108 3828 praestat
3180 3755 3510 3810 Ciceronem
3579 3754 3831 3810 audire:

2185 3868 2211 3900 α
2237 3848 2376 3911 Quis
2393 3847 2634 3913 doctior,
2661 3846 2869 3916 inquit,
2896 3845 3105 3900 iisdem
3130 3843 3511 3915 temporibus,
3533 3849 3636 3898 aut
3656 3845 3833 3913 cujus

2179 3936 2514 4007 eloquentia
2564 3933 2777 3988 litteris
2832 3933 3194 3999 instructior,
3261 3948 3438 4002 quam
3488 3931 3835 3986 Pisistrati?

2178 4026 2276 4096 qui
2330 4025 2556 4095 primus
2610 4022 2841 4079 Homeri
2899 4023 3102 4089 libros,
3159 4021 3435 4076 confusos
3493 4023 3682 4089 antea,
3752 4021 3837 4075 sic

2177 4114 2542 4184 disposuisse
2573 4112 2791 4167 dicitur
2815 4116 2880 4166 ut
2909 4127 3065 4165 nunc
3095 4109 3385 4165 habemus
3405 4108 3432 4162 ‘2
3453 4108 3577 4163 Non
3602 4107 3717 4163 fuit
3738 4108 3838 4163 ille

2178 4202 2414 4274 quidem
2476 4200 2701 4255 civibus
2778 4200 2903 4255 suis
2958 4198 3145 4263 utilis,
3200 4199 3300 4253 sed
3360 4198 3442 4253 ita
3495 4197 3838 4268 eloquentia

2178 4290 2395 4355 ﬂoruit,
2428 4295 2493 4343 ut
2533 4287 2744 4344 litteris
2793 4288 3175 4359 doctrinaque
3222 4290 3546 4359 prasstaret.
3575 4305 3602 4336 ι
3656 4284 3834 4354 (Gell.

2178 4378 2277 4433 lib.
2311 4394 2386 4442 v1,
2420 4379 2570 4433 Noct.
2603 4378 2764 4432 Attio.
2798 4392 2927 4448 cap.
2964 4378 3050 4445 17,
3102 4393 3137 4448 p
3210 4376 3348 4442 393;
3402 4373 3667 4429 Herodet.
3727 4373 3833 4427 lib.

2176 4467 2398 4538 11,3,59
2439 4470 2496 4521 et
2534 4482 2725 4538 seqq.;
2789 4466 2978 4522 Laert.
3038 4465 3097 4520 in
3163 4467 3283 4523 Vita
3337 4462 3591 4530 Solon.§
3641 4462 3718 4516 53
3777 4466 3837 4517 et

417 4571 544 4623 tum
578 4570 884 4625 sententia.
943 4570 1054 4625 Sed
1100 4570 1231 4641 quis
1281 4551 1456 4625 etiam
1508 4570 1853 4625 dit‘titebitur
1904 4551 2071 4640 longe

2187 4573 2343 4627 seqq.
2373 4556 2525 4610 65st
2572 4572 2761 4627 seqq.;
2814 4559 3068 4610 Pausan.
3123 4554 3224 4608 lib.
3258 4571 3298 4618 Ι,
3350 4568 3480 4624 pag.
3533 4552 3566 4606 3
3612 4555 3669 4641 et
3717 4551 3833 4618 2!;

416 4656 748 4713 mirabilius
782 4659 1037 4713 divinam
1091 4659 1517 4730 providentiam
1567 4658 1874 4724 reluxisse,
1926 4657 1975 4712 si
2008 4658 2065 4713 hi

416 4764 449 4803 a
482 4764 544 4803 se
572 4746 819 4804 invicem
848 4748 1097 4819 separati
1130 4748 1675 4820 interpretationem
1707 4764 1875 4803 suam
1909 4764 2067 4802 com-

416 4837 770 4908 posuerint?

488 4927 739 4981 Instabis
763 4925 936 4981 hasce
958 4926 1257 4997 sejunctas
1281 4926 1664 4997 interpretum
1685 4924 1927 4982 cellulas
1952 4943 2065 4981 non

416 5016 684 5071 obscuris
714 5020 945 5069 tantum
978 5014 1172 5069 verbis
1198 5014 1486 5079 denotari,
1523 5017 1620 5070 sed
1679 5019 1891 5070 testem
1925 5032 2065 5085 quo-

414 5118 525 5173 que
566 5102 736 5158 citari
781 5103 1092 5172 Aristeam,
1147 5103 1248 5173 qui
1300 5102 1527 5158 nullum
1576 5104 1647 5158 de
1694 5102 1812 5158 illis
1863 5103 2066 5159 habuit

413 5208 766 5247 sermonem.
843 5193 952 5246 Sed
1036 5193 1377 5263 responderi
1451 5193 1663 5263 poterit
1717 5192 2065 5247 Tertulliani

412 5281 586 5334 verba
637 5280 781 5335 satis
830 5279 988 5335 clara
1046 5280 1231 5335 fuisse
1278 5280 1466 5334 aetatis
1524 5298 1642 5335 suae
1700 5280 2062 5348 hominibus,

412 5384 718 5441 unumque
744 5370 948 5423 vadem
976 5369 1046 5423 ab
1076 5385 1140 5423 eo
1169 5370 1369 5424 datum
1400 5386 1413 5424 :
1447 5370 1586 5439 quia
1628 5374 1768 5424 tunc
1799 5386 2062 5425 commu-

412 5458 525 5527 nis,
559 5462 615 5514 et
647 5458 815 5530 quasi
852 5458 1092 5513 minime
1123 5457 1297 5513 dubia
1330 5462 1454 5513 erat
1496 5458 1618 5513 hinc
1666 5459 1736 5511 de
1769 5458 2062 5515 distinctis

412 5547 649 5605 illorum
697 5548 1083 5620 interpretum
1131 5547 1358 5604 cellulis
1410 5546 1627 5619 opinio.
1688 5548 1829 5612 Quis
1888 5549 2061 5605 etiam

412 5638 772 5695 inﬁciabitur
803 5637 973 5711 plura
1005 5637 1076 5694 ab
1116 5636 1214 5695 illo
1247 5637 1496 5703 narrari,
1530 5651 1704 5707 quam
1739 5636 1797 5691 in
1826 5636 2063 5693 Aristeas

2178 4645 2438 4717 Thucyd.
2474 4643 2575 4699 lib.
2609 4661 2731 4713 vm,
2766 4660 2815 4698 c.
2850 4643 2919 4697 13
2940 4644 3067 4698 Val.
3104 4643 3252 4697 Max.
3303 4642 3405 4696 lib.
3460 4659 3499 4711 ι,
3546 4642 3575 4708 §
3617 4640 3687 4706 2;
3721 4641 3831 4695 lib.

2176 4750 2300 4799 VIII,
2332 4748 2382 4789 ο.
2411 4734 2483 4798 9;
2518 4732 2707 4787 Exter.
2741 4734 2869 4799 §2;
2900 4736 3045 4786 tom.
3078 4730 3099 4786 Ι
3148 4732 3409 4803 Apparat.
3464 4746 3591 4801 pas.
3645 4730 3833 4786 1176:

2177 4820 2426 4875 Pausan.
2463 4818 2562 4873 lib.
2614 4836 2712 4886 v11,
2758 4834 2897 4891 pag.
2957 4817 3065 4873 235
3106 4835 3120 4887 ;
3176 4817 3382 4873 Elian.
3441 4816 3566 4871 Var.
3617 4817 3831 4872 Hister.

2176 4908 2276 4964 lib.
2307 4925 2431 4978 xm,
2460 4924 2587 4979 cap.
2626 4909 2729 4975 14;
2763 4908 2940 4963 Cicer.
2972 4906 3072 4961 lib.
3128 4923 3214 4974 ut,
3265 4907 3338 4962 de
3388 4906 3540 4961 Orat.
3586 4922 3646 4976 p.
3684 4906 3832 4973 194-,

2176 4997 2279 5052 lin.
2312 4999 2427 5066 57.)

2247 5105 2411 5160 Certo
2443 5108 2640 5161 tamen
2673 5103 3073 5160 Tertullianus
3102 5101 3483 5175 pronuntiare
3508 5115 3625 5154 non
3652 5098 3841 5154 audet

2176 5196 2373 5247 utrum
2425 5192 2845 5264 Philadelphus
2894 5192 3074 5263 hujus
3124 5189 3470 5246 instruenda
3527 5186 3841 5243 ditissima

2174 5282 2525 5337 bibliotheca
2558 5282 2818 5336 studium
2869 5296 3070 5336 revera
3116 5278 3427 5334 aemulatus
3477 5276 3675 5341 fuerit,
3725 5276 3838 5331 sed

2172 5371 2317 5425 dixit
2342 5375 2569 5425 tantum
2600 5387 2613 5425 :
2645 5373 2862 5442 opinor,
2913 5370 2969 5424 id
3019 5374 3108 5425 est
3156 5372 3222 5423 ut
3278 5366 3391 5438 ipsi
3442 5365 3840 5419 verisimilius

2171 5460 2494 5514 videbatur.
2556 5452 2819 5515 Vitruvio
2872 5463 3086 5523 autem,
3139 5454 3236 5528 qui
3285 5454 3533 5527 Augusti
3578 5454 3839 5509 Caesaris

2173 5552 2339 5603 aetate
2370 5547 2570 5603 ﬂoruit
2617 5548 2667 5604 si
2715 5549 2940 5616 credas,
2992 5546 3346 5602 Ptolemmus
3393 5541 3837 5614 Philadelphus

2174 5637 2349 5693 hocce
2378 5638 2573 5694 studio
2606 5638 2873 5695 imitatus
2904 5643 2996 5693 est
3032 5652 3196 5709 reges
3244 5632 3550 5690 Attalicos.
3598 5632 3837 5689 Audias
