4106 6178
419 324 538 385 8⁸75
967 324 1068 384 TE
1078 323 1497 387 RTULLIANI
1540 323 1866 387 OPERUM
1908 326 2074 384 PAR:

2192 357 2311 383 .——
2341 322 2619 383 SERIES
2662 323 2710 391 Ι,
2756 322 3327 385 APOLOGETICA.
3392 362 3397 375 ς
3680 330 3786 389 8Ἷ6

420 459 590 515 theca
636 474 741 515 suo
801 458 991 513 adhuc
1035 461 1298 530 tempore
1348 457 1664 514 asservatis
1722 463 1895 529 atque
1982 472 2077 512 ex-
2106 461 2160 527 Α
2263 458 2565 525 Caeterum,
2592 471 2923 528 quanquam
2948 455 3160 527 aliquis
3183 455 3539 513 contrahanc
3562 457 3787 531 Chryso-

422 548 961 605 stantibus.Contra
976 564 1108 603 vero
1138 548 1481 602 Ammianus
1510 547 1971 613 Marcellinus,ut
1990 546 2077 601 vi-
2196 547 2369 602 stomi
2393 545 2759 617 aliorumque
2781 544 3132 600 sententiam
3156 544 3445 601 evidenter
3494 548 3797 617 probaverit

424 635 2080 707 dimus,diserteasseritbancceipsammetbibliothecam
2196 642 2431 691 exustos
2482 634 2663 689 fuisse
2714 633 2820 689 hos
2869 632 3118 701 codices,
3170 648 3377 704 negare
3431 638 3611 690 tamen
3697 654 3796 692 non

426 726 565 782 bello
584 724 957 782 Alexandrino
985 725 1083 781 sub
1114 725 1387 780 dictatore
1444 726 1657 779 Caesare
1711 726 2087 796 conﬂagrasse
2196 724 2413 797 poterit
2444 728 2577 778 ante
2626 722 2770 777 illud
2825 721 3161 776 incendium
3214 721 3595 794 multiplicata
3638 724 3801 781 fuisse

422 814 696 887 (Marcell.
732 814 831 869 lib.
867 829 1007 885 χχιι,
1040 830 1167 885 cap.
1197 815 1281 883 16,
1316 830 1429 886 pag
1483 814 1628 885 344).
1665 813 1849 869 Aulus
1907 814 2083 869 etiam
2195 813 2428 869 illorum
2460 811 2835 883 exemplaria,
2868 828 2933 867 ac
2964 811 3135 883 plura
3192 810 3468 866 Hebraica
3516 829 3547 867 a
3588 813 3800 885 Iudaeis,

420 902 1626 960 Gelliustestamentumfacitincensatum
1650 902 2087 959 fuisseabauxi-
2196 910 2252 958 et
2278 904 2474 959 Graeca
2504 902 2574 957 ab
2609 900 2739 956 aliis
2796 900 3109 972 descripta,
3168 917 3293 971 qum
3352 900 3640 972 diligenter
3687 919 3800 957 con-

418 986 2086 1064 liariismilitibusseptingentafermevoluminummillia
2197 997 2425 1047 servata
2483 994 2641 1046 sunt.
2693 989 2904 1044 Nullus
2950 991 3243 1044 enimvero
3296 990 3591 1045 dubitandi
3663 990 3806 1047 locus

422 1082 587 1154 (Gell.
623 1083 660 1137 l.
695 1100 770 1149 vi,
802 1084 953 1139 Noct.
988 1085 1147 1138 Attic.
1182 1101 1310 1155 cap.
1340 1084 1422 1151 17,
1457 1100 1588 1155 pag.
1638 1084 1784 1155 394).
1843 1083 2085 1154 Utrique
2197 1086 2304 1147 est,
2338 1080 2477 1152 quin
2514 1080 2698 1135 multa
2731 1079 2967 1150 quidem
3019 1079 3088 1133 ad
3145 1078 3503 1135 Christianos
3560 1096 3804 1152 pervene-

420 1173 565 1229 Dion
599 1173 907 1243 suffragari
943 1172 1189 1240 videtur,
1225 1173 1321 1244 qui
1346 1174 1426 1228 ait
1472 1173 1755 1228 Achillam
1791 1176 1946 1227 recta
1988 1188 2083 1227 ve-
2197 1170 2333 1225 rint.
2367 1171 2493 1225 Non
2524 1186 2712 1241 pauca
2743 1168 2956 1223 etenim
2985 1167 3179 1223 Graeca
3213 1169 3549 1224 testimonia
3578 1170 3634 1224 in
3681 1169 3808 1225 Novi

421 1262 581 1319 nisse
619 1261 1051 1332 Alexandriam,
1113 1266 1286 1334 atque
1338 1263 1407 1317 ab
1459 1280 1524 1317 eo
1581 1262 1899 1317 commissa
1950 1278 2083 1317 cum
2196 1258 2745 1315 Testamentilibris
2778 1257 2959 1311 citata
2988 1258 3386 1327 reperiuntur.

421 1353 643 1408 Caesare
673 1350 957 1405 dictatore
980 1350 1143 1405 varia
1174 1350 1394 1422 praelia,
1430 1352 1731 1423 multaque
1787 1352 1940 1406 facta
1996 1350 2083 1403 in-

2270 1370 2551 1421 Praeterea
2572 1381 2703 1420 vero
2725 1364 3008 1420 Hebraica
3028 1365 3365 1437 apographa
3385 1365 3811 1437 diligentissime

420 1440 646 1496 cendia.
704 1440 814 1499 Ta;
875 1435 931 1491 δὲ
986 1438 1265 1508 ἀποθήκας
1325 1439 1414 1492 καὶ
1462 1436 1560 1492 τοῦ
1619 1438 1787 1510 σίτου,
1840 1437 1928 1491 καὶ
1978 1443 2083 1492 τῶν

2199 1458 2269 1511 ab
2303 1456 2515 1510 iisdem
2534 1453 2757 1509 Judasis
2787 1456 3262 1508 asservabantur.
3297 1458 3376 1509 De
3428 1454 3500 1508 iis
3559 1470 3806 1525 namque,

428 1526 632 1607 βίϐλων
695 1529 963 1584 πλείστων
1029 1527 1093 1599 δὴ
1155 1530 1241 1583 καὶ
1290 1530 1547 1605 ἀρίστων,
1607 1528 1679 1583 ὥς
1735 1550 1883 1603 φασι,
1936 1550 2074 1603 γενο-

2199 1547 2300 1617 qui
2351 1561 2456 1598 suo
2526 1549 2784 1614 tempore
2853 1542 3140 1609 vivebant,
3209 1543 3357 1597 dixit
3442 1542 3807 1598 Tertullianus

425 1619 597 1695 μένων
645 1622 934 1689 καυθῆναι.
988 1624 1051 1677 Et
1091 1622 1379 1693 apothecas
1435 1622 1556 1676 sive
1615 1620 1790 1675 cellas
1835 1623 2074 1692 [rumen-

2198 1640 2397 1689 noster
2430 1632 2658 1689 λιιιάωί
2684 1632 2875 1703 palam
2907 1632 3155 1686 lectitant
3185 1649 3203 1685 :
3226 1633 3509 1701 vectigalis
3564 1632 3767 1687 libertas
3798 1647 3808 1686 :

420 1713 464 1768 ti
530 1721 581 1767 et
668 1712 935 1767 librorum
1011 1712 1383 1783 plurimorum
1472 1719 1520 1766 et
1593 1712 1957 1782 Optimorum,
2024 1715 2074 1763 ul

2196 1724 2357 1792 vulgo
2386 1722 2580 1777 aditur
2607 1721 2862 1776 Sabbatis
2892 1721 3439 1776 omnibus.Audisne
3466 1738 3636 1792 quam
3665 1721 3812 1775 lucu-

420 1805 625 1902 ζςςξξλνν
659 1802 1023 1872 conﬂagrasse
1057 1800 1246 1870 (Dion.
1279 1800 1379 1855 llb-
1414 1816 1548 1870 XL":
1584 1800 1733 1856 nam.
1768 1802 1915 1855 θέειν
1950 1814 2082 1871 Ρθὲ·
2115 1836 2163 1902 Β
2197 1812 2382 1868 lenler
2436 1809 2533 1865 illo
2582 1810 2833 1865 afﬁrmet
2885 1810 3136 1878 Judasos,
3202 1809 3455 1881 singulis
3511 1810 3811 1882 quibusque

419 1891 573 1963 228).
2115 1891 2162 1902 ”
2194 1901 2466 1957 Sabbatis
2491 1899 2547 1954 in
2581 1898 2895 1971 synagogis
2917 1899 3043 1953 suis
3076 1904 3485 1971 congregatos,
3543 1898 3722 1971 palam
3766 1903 3813 1954 et

494 1979 642 2043 Ουίη
673 1979 846 2033 etiam
874 1978 1232 2050 Epiphanius
1258 1977 1551 2032 memoria?
1574 1977 1833 2049 Ρνοίῖίάίί
1874 1975 2083 2030 blb'lo'
2195 1988 2568 2044 audientibus
2592 1985 3189 2054 omnibus,lectitasse
3230 1987 3337 2042 hos
3364 2005 3560 2043 sacros
3591 1987 3812 2053 codices,

422 2069 836 2138 thecam’792
861 2068 1057 2139 (Συτθίη
1079 2084 1145 2123 θα
1191 2067 1555 2122 Alexandria?
1577 2066 1740 2121 urbis
1772 2070 1894 2120 erat
1933 2063 2082 2137 ι’εεί-
2192 2078 2505 2134 vernacula
2534 2094 2641 2131 sua
2672 2075 2873 2148 lingua
2904 2076 3311 2148 conscriptos?
3342 2076 3525 2148 Atqui
3565 2093 3682 2131 mos
3732 2074 3813 2129 ille

423 2173 739 2229 one,quan1
772 2156 1092 2213 Bruchium
1126 2158 1651 2225 vocant,desertam
1686 2172 1792 2210 suo
1824 2159 2086 2225 tempore
2196 2172 2330 2222 ante
2357 2171 2412 2221 et
2442 2170 2572 2236 post
2592 2165 2901 2225 Christum
2926 2164 3266 2232 Dominum,
3291 2169 3471 2237 atque
3496 2165 3566 2221 ab
3586 2164 3814 2234 antiquis

425 2247 611 2304 fuisse
631 2246 938 2318 (Epiphan.
963 2247 1027 2301 de
1045 2246 1219 2303 Pond.
1253 2250 1303 2301 et
1332 2247 1568 2301 Mensur.
1605 2245 1632 2315 Ξ
1692 2246 1777 2308 10,
1821 2262 1877 2315 p.
1942 2244 2074 2309 166).

2194 2255 2561 2326 temporibus
2590 2253 2927 2309 inoleverat.
2975 2255 3124 2309 798
3182 2254 3260 2308 De
3323 2253 3503 2310 Paulo
3553 2254 3814 2325 siquidem

422 2339 493 2393 At
545 2336 602 2391 in
652 2352 719 2391 ea
775 2336 1082 2408 repositos,
1138 2335 1222 2389 uti
1282 2335 1555 2400 vidimus,
1626 2333 1851 2388 dixerat
1906 2348 2074 2387 sacra

2195 2346 2442 2417 ejusque
2475 2342 2649 2398 sociis
2682 2344 2739 2398 in
2790 2344 3031 2399 Actibus
3080 2342 3493 2415 Apostolorum
3552 2342 3814 2399 memoria:

420 2425 737 2497 Scriptura:
766 2425 1198 2495 codices.Atqui
1223 2423 1269 2478 si
1298 2423 1416 2477 haec
1469 2422 1824 2479 bibliotheca
1856 2423 2074 2475 deserta

2194 2434 2490 2506 proditum
2550 2436 2684 2489 est:
2737 2433 2830 2488 Illi
2882 2449 3007 2488 vero
3072 2438 3525 2505 pertranseuntes
3607 2435 3814 2501 Pergen,

419 2513 552 2582 fuit,
587 2518 762 2584 atque
794 2514 980 2567 multo
1005 2512 1194 2582 magis
1218 2512 1265 2565 si
1293 2509 2083 2565 Alexandrinmbibliotbecae
2190 2530 2564 2596 μενυεηενπηι
2585 2522 2931 2577 Antiochiam
2963 2523 3216 2592 Pisidiag’
3270 2527 3320 2579 ει
3385 2525 3619 2595 ingressi
3661 2524 3815 2594 Syna.

410 2604 537 2673 jam
569 2602 698 2672 ipsa
727 2602 967 2655 Caesaris
999 2606 1166 2655 atate
1208 2601 1523 2655 combustae
1557 2605 1716 2670 sunt,
1752 2616 1889 2671 qua,
1922 2616 2074 2653 ama-

2193 2630 2387 2684 gogam
2446 2612 2538 2667 die
2605 2612 2960 2667 sabbatorum
3028 2613 3302 2669 sederunt.
3367 2619 3499 2669 Post
3553 2614 3815 2669 lectionem

418 2688 491 2744 bo
522 2694 597 2754 te,
631 2687 852 2742 ratione
883 2687 1282 2742 Tertullianus
1312 2688 1501 2742 dicere
1552 2686 1741 2757 potuit
1774 2705 1786 2742 :
1823 2710 1851 2736 ‹‹
1901 2687 2074 2741 Hodie

2194 2710 2377 2757 autem
2434 2702 2593 2769 Legis
2649 2705 2699 2756 et
2755 2701 3159 2772 Prophetarum
3240 2702 3456 2757 Paulus
3528 2702 3816 2758 Iudaeorum

419 2776 573 2847 apud
605 2780 959 2847 Serapaeum,
994 2774 1294 2829 Ptolemaei
1340 2774 1699 2830 bibliotheca:
1759 2792 1889 2829 cum
1937 2776 2074 2847 ipsis

2192 2803 2380 2858 rogatu
2411 2806 2713 2846 sermonem
2742 2790 2811 2845 ad
2842 2807 2929 2846 eos
2957 2791 3146 2845 habuit
3178 2792 3309 2863 (Aet.
3344 2810 3481 2860 xm,
3513 2792 3577 2846 14
3633 2792 3814 2861 seqq).

2196 2880 2331 2935 Post
2362 2880 2483 2935 haec
2512 2896 2668 2948 vero,
2697 2880 2816 2934 hazc
2848 2880 3061 2935 ibidem
3096 2878 3310 2935 litteris
3343 2881 3627 2936 mandata
3678 2879 3817 2933 inve-

2196 2969 2323 3024 nies
2356 2985 2370 3024 :
2404 2972 2619 3040 Moyses
2650 2987 2681 3023 a
2716 2970 3055 3040 temporibus
3078 2971 3330 3040 antiquis
3366 2972 3532 3026 habet
3562 2971 3618 3024 in
3644 2970 3815 3035 singu-

420 2864 719 2921 Hebraicis
748 2864 956 2919 litteris
1004 2864 1375 2933 exhibentur,
1409 2868 1462 2919 et
1488 2864 1671 2919 Judaei
1696 2864 1889 2935 palam
1924 2864 2085 2919 lecti-

417 2955 590 3011 tant?
611 2955 666 3025 ι)
700 2953 1045 3009 Tertullian.
1076 2954 1353 3025 Apologet.
1389 2970 1516 3026 cap.
1570 2955 1674 3022 18.)
1709 2954 2086 3024 Respondent

418 3044 600 3116 aliqui
651 3044 798 3099 duas
858 3043 1067 3098 saltem
1117 3043 1174 3096 ίο
1221 3059 1285 3097 θο
1336 3042 1517 3097 misse
1549 3042 1957 3131 δίωίοῖῖἱθοδε·
2014 3045 2086 3111 At
2200 3056 2274 3111 iis
2298 3058 2636 3123 civitatibus,
2668 3060 2762 3128 qui
2793 3074 2921 3113 eum
2942 3058 3243 3129 praedicent
3286 3061 3343 3112 in
3392 3059 3698 3131 synagogis,
3738 3054 3817 3110 ubi

417 3150 556 3201 una,
586 3133 882 3203 ίηψλίιιηιι
916 3131 1148 3186 incendi
1197 3132 1408 3202 Ροίυίῒ,
1471 3136 1530 3185 et
1586 3130 1790 3197 altera.
1850 3131 1907 3185 in
1968 3148 2086 3201 qua
2115 3205 2151 3218 Λ
2191 3161 2294 3217 per
2322 3162 2480 3201 omne
2499 3146 2783 3201 sabbatum
2813 3148 3147 3218 lcgitur(xv,
3178 3147 3291 3218 21).
3326 3130 3492 3204 Αίῑά
3529 3130 3673 3203 Certe
3710 3143 3814 3199 fieri

415 3222 551 3277 libri
582 3220 667 3274 illi
694 3220 933 3291 repositi
963 3224 1151 3283 erant,
1188 3220 1418 3289 integra
1466 3235 1708 3290 prorsus
1758 3236 2075 3275 remanere.
2111 3205 2152 3271 C
2191 3205 2309 3290 'non
2343 3235 2557 3307 potuit,
2592 3235 2730 3307 quin
2768 3205 2938 3291 “Msa
2969 3205 3156 3291 διίάεεὶ
3188 3205 3511 3293 habuerint
3541 3237 3644 3292 hos
3681 3232 3815 3290 οοάί.

412 3310 631 3365 Verum
662 3324 730 3363 ea
754 3307 1056 3398 τθεροηβὶο
1089 3308 1428 3398 adversum
1458 3306 1629 3398 plane
1655 3308 1894 3398 ipsimfet
1938 3310 2081 3398 ,Epi-
2192 3341 2307 3392 ces,
2344 3306 2399 3378 et
2421 3306 2733 3379 maximam
2768 3325 2825 3379 in
2861 3325 2931 3380 iis
2964 3325 3321 3397 incorruptis
3359 3332 3539 3398 atque
3584 3326 3814 3395 integerr

411 3398 943 3471 phanio,asserenti
966 3396 1117 3450 hanc
1148 3396 1648 3465 bibliothecam,in
1682 3414 1798 3467 qua
1830 3397 1885 3451 hi
1936 3397 2079 3452 libri
2192 3412 2357 3468 rimis
2390 3413 2805 3469 conservandis
2829 3431 3027 3469 curam
3070 3396 3495 3484 impénderin't.

413 3486 701 3543 reconditi
766 3488 1029 3550 fuerant,
1082 3500 1187 3538 suo
1267 3500 1381 3539 non
1473 3485 1743 3540 existisse
1822 3486 2079 3557 amplius

412 3590 721 3647 tempore:
784 3577 1145 3645 quapropter
1221 3572 1318 3627 alii
1405 3574 1782 3645 respondent,
1850 3575 2081 3630 etiamsi

412 3666 536 3722 haec
568 3663 814 3735 aliisque
845 3678 1049 3717 omnes
1084 3661 1448 3717 bibliothecae
1492 3662 1897 3719 Alexandrinas
1946 3664 2080 3736 igne

416 3755 735 3810 combustis
766 3751 1003 3815 fuerint,
1039 3768 1154 3806 non
1187 3757 1477 3807 crematos
1498 3758 1693 3808 tamen
1745 3770 1949 3809 omnes
2006 3753 2078 3807 li-

412 3845 571 3908 bros,
615 3846 789 3914 atque
824 3842 896 3895 ab
924 3839 1033 3895 hoc
1074 3841 1344 3895 incendio
1388 3846 1618 3913 ereptos
1664 3858 1842 3898 sacras
1883 3842 2077 3915 Scrip-

411 3937 559 3989 tura
589 3930 901 3987 Hebraicos
935 3929 1282 4001 Graecosque
1301 3929 1550 3985 codices.

2261 3519 2406 3584 Quid
2440 3537 2572 3575 vero
2595 3519 2730 3589 sibi,
2756 3521 3008 3592 inquies,
3041 3519 3166 3576 vult
3218 3521 3645 3589 Tertullianus,
3702 3535 3817 3574 cum

2192 3608 2335 3664 dixit
2363 3608 2580 3664 Judazis
2612 3608 2957 3680 vectigalem
2992 3610 3172 3665 fuisse
3203 3614 3392 3666 coetus
3425 3626 3563 3666 suos
3595 3605 3817 3680 singulis

2192 3698 2463 3753 Sabbatis
2496 3697 2726 3769 agendi,
2763 3704 2819 3753 et
2843 3697 3024 3755 libros
3054 3716 3195 3755 suos
3228 3698 3304 3753 ibi
3358 3698 3617 3773 legendi,
3663 3697 3817 3751 liber-

2187 3791 2367 3842 tatem
2392 3788 2419 3842 ‘I
2449 3787 2695 3849 Quidam
2728 3792 2924 3843 autem
2958 3789 3296 3843 existimant
3344 3789 3444 3844 his
3494 3787 3683 3843 verbis
3733 3786 3816 3839 de-

2190 3876 2409 3947 signari
2449 3876 2781 3932 facultatem
2820 3877 2903 3932 eis
2949 3894 2983 3933 a
3030 3876 3417 3949 Philadelpho
3480 3890 3817 3938 concessam,

2189 3965 2361 4019 modo
2396 3982 2657 4019 annuum
2682 3965 2927 4037 vectigal
2992 3966 3287 4021 modicum
3352 3966 3672 4022 solverent.
3720 3962 3815 4017 Sed

2187 4071 2302 4124 quo
2331 4058 2675 4123 argumento
2714 4054 3053 4124 probabitur
3088 4053 3228 4108 illud
3266 4056 3520 4127 vectigal
3577 4058 3820 4109 exactum

2187 4140 2653 4213 aPhiladelpho,
2712 4141 2811 4213 qui
2863 4142 3008 4197 tanti
3059 4142 3307 4198 faciebat
3361 4161 3565 4199 sacros
3621 4138 3820 4196 Veteris

2183 4231 2539 4287 Testamenti
2586 4230 2787 4302 libros,
2842 4248 2906 4287 ac
2956 4230 3192 4287 illorum
3251 4232 3610 4305 interpretes
3674 4228 3822 4285 donis

2184 4320 2455 4375 maximis
2485 4318 2885 4375 cumulaverat
2912 4319 2939 4375 ‘l
2971 4321 3165 4394 Longe
3218 4321 3421 4392 itaque
3468 4317 3821 4377 verisimilius

485 4040 548 4095 In
581 4038 760 4109 hujus
795 4039 991 4091 autem
1043 4035 1340 4107 opinionis
1389 4036 1895 4093 confirmationem
1944 4053 2076 4107 pro-

413 4129 550 4187 ferri
605 4130 798 4200 potest
833 4126 1084 4191 Senecas,
1146 4142 1211 4179 ac
1275 4130 1405 4196 post
1436 4125 1631 4197 ipsum
1666 4125 1826 4181 Pauli
1888 4125 2076 4181 Orosii

411 4218 843 4283 testimonium.
874 4213 973 4286 qui
1007 4214 1438 4285 quadringenta
1468 4215 1756 4269 duntaxat
1789 4214 2075 4270 librorum

410 4308 597 4366 millia
613 4311 739 4362 tum
766 4308 1117 4374 consumpta
1139 4306 1466 4357 memorant
1490 4303 1779 4374 (Senec.de
1802 4305 2071 4377 tranquil.

407 4400 609 4463 anim,
642 4412 769 4466 cap.
802 4395 857 4459 9,
892 4408 1020 4465 pug.
1047 4392 1189 4456 663;
1240 4391 1403 4446 Oros.
1459 4390 1559 4446 lib.
1620 4409 1720 4461 vn,
1778 4410 1905 4465 cap.
1964 4395 2069 4466 15).

2192 4408 2314 4463 aliis
2369 4409 2599 4464 videtur
2660 4427 2692 4463 a
2747 4390 3125 4464 Tcrtullianov
3178 4390 3451 4465 deuo—tari
3531 4409 3823 4469 tributum,

407 4485 583 4558 Ᾱίίίυί
616 4484 662 4538 εί
694 4480 1026 4569 Μανεθηίηο
1058 4486 1114 4534 et
1139 4479 1342 4569 Genio:
1376 4497 1408 4533 ³
1439 4480 1610 4535 Doms
1655 4486 1825 4536 antea
1882 4483 2073 4538 οίίδῖίε
2182 4499 2336 4569 quod
2374 4498 2618 4553 Romani
2655 4498 3035 4568 imperatores
3075 4498 3298 4553 Judssis
3360 4499 3713 4561 indixerant,
3769 4498 3823 4547 ut

409 4572 726 4636 Credimus:
788 4568 998 4660 illum“
1036 4567 1399 4660 PibliOthec‘f
1448 4570 1823 4660 septingenta
1895 4571 2156 4636 ῐΠίῙῙίᾶΙ)
2188 4567 2271 4643 eis
2304 4604 2462 4642 more
2504 4586 2673 4642 solito
2724 4567 2978 4658 singulis
3031 4586 3303 4642 Sabbatis
3366 4586 3710 4660 congregari
3762 4581 3820 4636 li-

406 4661 686 4718 libml‘um
737 4658 971 4748 εοῖῖἀίῖθ
1030 4656 1279 4711 memnt-
1335 4658 1619 4748 Τι’θοθοῗξι
1667 4658 1847 4730 igitur
1892 4660 2076 4716 mima
2187 4683 2356 4733 ceret.
2387 4676 2631 4741 Quidam
2663 4693 2795 4732 vero
2826 4656 3038 4748 putant
3060 4677 3130 4732 de
3162 4677 3271 4732 hoc
3340 4656 3821 4733 tributo'intelli-

406 4746 1295 4838 ῧᾶωῐηίείδᾲυδδυθῗδᾲδυοῖν-ΕΚ
1335 4746 1548 4838 horum
1583 4747 1778 4838 imque
1828 4766 2073 4806 numero
2185 4768 2372 4838 genda
2404 4783 2531 4822 esse
2562 4766 2720 4821 istaec
2754 4746 3039 4832 Suetonii,
3068 4766 3138 4821 de
3196 4766 3534 4821 Domitiano
3589 4766 3822 4837 impera-

408 4839 565 4896 haud
597 4836 771 4892 dubie
802 4851 967 4890 eram.
998 4834 1139 4904 haec,
1192 4835 1306 4889 Deo
1341 4834 1419 4889 ita
1458 4837 1816 4907 providente,
1853 4838 2072 4893 Hebra-

2192 4861 2306 4911 tore
2338 4856 2588 4928 agentis,
2639 4856 2814 4910 verba
2849 4874 2861 4911 :
2902 4879 2922 4904 ι
2976 4859 3191 4910 Prester
3248 4858 3496 4909 caeteros
3554 4852 3821 4909 Judaicus

410 4930 498 4985 ica
539 4928 854 4996 Graecaque
912 4924 1224 4995 Scriptum
1256 4940 1431 4980 sacras
1462 4925 1783 4981 volumina.

479 5035 627 5104 Quid
658 5049 813 5100 vero,
847 5032 1002 5104 quod
1033 5030 1484 5102 Chrysostomus
1523 5036 1859 5089 constanter
1917 5051 2070 5090 asse-

405 5131 565 5184 verat
605 5126 861 5183 Grmcam
913 5119 1390 5194 propheticorum
1439 5121 1723 5180 librorum
1782 5125 2069 5195 interpre-

405 5217 687 5275 tationem
735 5214 805 5269 ad
851 5228 1026 5268 suum
1078 5226 1265 5281 usque
1322 5214 1555 5282 tempus
1632 5214 1691 5268 in
1780 5214 2068 5284 Serapazo,

405 5308 619 5375 sive,ut
648 5305 772 5377 ipse
796 5298 1373 5374 loquitur,Serapidis
1399 5301 1616 5374 templo
1640 5306 2063 5359 conservatam.

402 5399 535 5456 Hac
595 5398 791 5451 autem
854 5394 993 5447 sunt
1050 5393 1247 5446 Graeca
1297 5389 1460 5448 illius
1548 5394 1754 5452 verba:
1819 5392 1916 5447 Καὶ
1980 5388 2068 5463 μέ-

404 5507 502 5565 χρι
532 5489 623 5540 νῦν
657 5483 767 5540 ἐκεῖ
813 5485 921 5536 τῶν
962 5483 1259 5556 προφητῶν
1314 5480 1369 5534 αἱ
1416 5479 1825 5557 ἑρμηνευθεῖσαι
1880 5478 2063 5558 βίϐλοι

409 5578 625 5652 μένουσι
684 5573 1002 5648 (Chrysost.
1063 5574 1208 5628 orat.
1266 5571 1317 5639 1,
1376 5574 1508 5629 adv.
1565 5573 1689 5629 Iud.
1740 5590 1875 5646 pag.
1935 5574 2062 5635 595,

405 5673 548 5725 tom.
584 5666 657 5738 1).

2184 4944 2364 5001 ﬁscus
2395 4945 2770 5000 acerbissime
2795 4949 2962 5000 actus
2994 4949 3102 5015 est,
3136 4944 3205 4999 ad
3253 4960 3434 5015 quem
3498 4941 3818 4999 defereban-

2182 5039 2294 5102 tur,
2328 5034 2449 5105 qui,
2484 5033 2569 5089 vel
2606 5034 2691 5089 uti
2738 5034 2981 5106 professi
3038 5034 3345 5089 Judaicam
3407 5033 3570 5088 intra
3632 5030 3821 5086 urbem

2179 5126 2437 5181 viverent
2467 5124 2667 5190 vitam,
2700 5122 2786 5178 vel
2814 5122 3187 5179 dissimulata
3238 5121 3491 5194 origine,
3558 5117 3821 5191 imposita

2180 5215 2336 5286 genti
2355 5213 2576 5268 tributa
2608 5229 2720 5268 non
2757 5212 3192 5285 pependissent.
3230 5234 3256 5261 ››
3293 5211 3566 5284 (Sueton.
3601 5209 3818 5275 lib.viu,

2179 5305 2237 5359 in
2270 5304 2386 5360 Vita
2408 5305 2603 5359 Domit.
2644 5301 2813 5375 Ξ12.)
2841 5303 2911 5356 At
2957 5301 3039 5357 ibi
3099 5300 3395 5373 significat
3455 5299 3704 5363 Judaais,
3761 5297 3818 5349 ut

2178 5392 2423 5449 liberam
2508 5396 2675 5448 secta:
2753 5409 2871 5447 sua:
2960 5391 3379 5462 professionem
3450 5388 3819 5449 redimerent,

2177 5482 2523 5538 solvendum
2585 5481 2824 5552 quidem
2884 5480 3198 5548 tributum,
3252 5480 3351 5535 sed
3387 5478 3552 5550 quod
3589 5482 3817 5531 auctum

2177 5577 2316 5626 tunc
2348 5569 2543 5641 potius
2575 5570 2782 5638 luerat,
2814 5586 2991 5641 quam
3025 5570 3213 5640 primo
3243 5568 3620 5641 impositum.
3684 5567 3819 5618 Nam

2175 5660 2235 5717 in
2268 5659 2466 5718 Dionis
2497 5658 2760 5733 Epitome
2785 5657 3125 5731 Xiphilinus
3156 5663 3354 5717 narrat
3382 5656 3594 5714 Titum
3642 5655 3820 5725 impe-
