4106 6178
257 347 379 409 8Ἱ7

1172 342 1245 402 D.
1293 341 1390 401 LE
1436 338 1765 401 NOURRY
1806 335 2463 398 OBSERVATIONES
2508 338 2773 431 NOVIE.

3551 337 3673 400 878

259 484 509 536 ratorem
567 480 699 549 post
745 480 976 547 captam
1027 472 1496 545 Hierosolymam
1546 470 1801 543 jussisse
1846 473 1910 524 ut
1942 472 1993 539 Α
2026 467 2272 540 potestis
2313 469 2635 541 Scripturis
2683 469 2905 525 nostris
2957 470 3234 541 derogare
3265 468 3463 525 fidem.
3523 469 3671 526 Nam

253 568 458 636 Judaai,
489 568 583 639 qui
617 566 837 639 patrias
880 563 1039 635 leges
1096 563 1543 634 proﬁtebantur,
1597 559 1913 632 quotannis

260 659 629 725 didragmam
682 654 809 710 Jovi
884 652 1209 725 Capitolino
1287 652 1608 723 penderent
1668 647 1910 721 (Xiphil,

259 750 400 819 Epit.
422 761 443 807 ;
479 746 643 813 Dion,
710 744 768 798 in
825 744 924 798 Vit.
994 742 1323 813 Vespasian.
1384 756 1511 812 pag.
1566 738 1713 810 318).
1741 738 1914 793 Visne

256 840 451 891 Greca
498 834 667 889 illius
714 834 888 888 verba
926 831 1175 886 audire?
1229 831 1308 885 En
1364 828 1494 901 ipsa
1542 831 1682 884 sunt
1732 844 1745 882 :
1808 823 1911 879 Καὶ

252 924 344 978 ἀπ’
395 922 599 978 ἐκείνου
663 918 964 997 ὃίδραγμον
1017 916 1187 993 ἐτάχη
1252 914 1380 978 τοὺς
1440 916 1507 969 τά
1565 914 1765 989 πάτριαι
1812 912 1914 967 αὖ-

251 1018 359 1069 τῶν
401 1006 496 1083 ἔθη
568 1008 1028 1086 περιστέλλοντας
1093 1012 1171 1080 τῷ
1234 1002 1566 1078 Καπιτωλίῳ
1638 1003 1720 1058 Διὶ
1794 1014 1912 1057 κατ’

253 1099 374 1163 ἔτος
407 1099 719 1176 ἀποφέρειν.

323 1193 407 1246 Ad
440 1190 585 1246 illud
617 1206 787 1261 porro
831 1188 1119 1244 tributum
1160 1189 1372 1260 putant
1418 1184 1511 1240 his
1565 1181 1909 1239 Juvenalem

252 1281 531 1337 allusisse
560 1278 828 1335 versibus
864 1296 877 1334 :

344 1415 498 1463 Nunc
521 1414 656 1462 sacri
686 1412 849 1461 fontis
880 1424 1089 1468 nemus,
1122 1414 1173 1459 et
1208 1408 1427 1457 delubra
1458 1408 1699 1456 locantur

345 1476 566 1538 Judmis,
599 1487 827 1538 quorum
858 1475 1136 1538 cepghimus
1167 1469 1765 1538 fcenumquesupellex.

347 1532 776 1587 Omnibus'enim
808 1532 1001 1598 papulo
1026 1534 1328 1584 mercedem
1366 1532 1601 1598 pendere
1644 1532 1796 1595 jussa
1825 1532 1907 1579 est

350 1602 544 1659 Arbor,
572 1606 625 1649 et
652 1600 834 1663 ejectis
865 1597 1133 1647 mendicat
1162 1598 1312 1661 sylva
1342 1597 1622 1645 cammuis.

726 1679 985 1741 (Iuvenal.
1017 1678 1165 1729 eatir.
1200 1690 1275 1738 ιιι,
1308 1691 1357 1725 v.
1396 1679 1451 1726 13
1483 1686 1652 1739 seqq.)

250 1821 428 1871 Recte
458 1830 594 1887 ergo
624 1813 747 1868 bazc
781 1830 812 1867 a
841 1811 1201 1867 Tertulliano
1233 1808 1561 1882 appellatur
1617 1808 1905 1881 vectigalis

254 1906 507 1971 libertas,
540 1903 679 1975 quia
712 1919 825 1957 non
858 1905 1148 1973 poterant,
1186 1899 1298 1954 nisi
1338 1897 1529 1953 soluto
1588 1899 1751 1969 prius
1803 1896 1901 1950 tri-

252 1996 418 2059 buto,
452 2008 656 2065 cogere
689 2008 828 2047 suas
861 2005 1129 2063 synaxes,
1163 1994 1219 2044 et
1267 1989 1322 2042 in
1380 1987 1693 2059 synagogis
1753 1985 1899 2051 suis,

253 2083 476 2154 ubique
507 2080 812 2153 dispersis,
845 2077 1287 2133 accuratissime
1308 2080 1678 2132 conservatos
1708 2090 1906 2129 sacros

258 2189 399 2228 suos
434 2170 662 2226 codices
687 2169 878 2242 palam
912 2168 1281 2224 lectitare.Ab
1314 2166 1406 2220 his
1436 2165 1633 2235 itaque
1665 2163 1905 2229 Judaeis,

260 2259 686 2317 infensissimis
719 2258 842 2314 suis
876 2257 1167 2322 hostibus,
1199 2255 1518 2311 Christiani
1569 2256 1911 2324 acceperant

258 2350 393 2405 illos
427 2349 653 2404 Veteris
683 2345 1043 2402 Testamenti
1077 2346 1325 2412 codices,
1360 2345 1429 2399 de
1461 2358 1709 2415 quorum
1760 2341 1910 2396 veri-

262 2444 381 2494 tate
413 2442 471 2492 et
501 2435 835 2508 integritate
855 2451 1022 2489 nemo
1046 2433 1173 2488 sani
1208 2432 1415 2505 capitis
1441 2432 1616 2488 homo
1648 2446 1912 2502 unquam

264 2526 575 2583 dubitabit.
609 2529 777 2594 Nam,
830 2528 895 2577 ut
938 2522 1216 2593 antiquus
1248 2522 1379 2577 libri
1431 2530 1622 2577 contra
1673 2521 1914 2593 quinque

266 2617 520 2680 Mreses,
543 2613 680 2670 olim
710 2611 1032 2685 Augustino
1079 2610 1339 2682 ascripti,
1390 2615 1593 2666 auctor
1625 2615 1779 2665 recte
1809 2610 1915 2663 ad-

266 2722 476 2761 versus
507 2702 771 2759 ethnicos
801 2704 1246 2772 argumentatur
1277 2716 1290 2754 :
1329 2701 1481 2756 794
1506 2721 1533 2749 ‹‹
1565 2699 1831 2754 Codicem
1856 2696 1915 2752 in

268 2811 391 2866 quo
420 2793 540 2847 bare
572 2791 791 2863 scripta
822 2789 1119 2862 leguntur,
1150 2789 1207 2843 in
1268 2789 1519 2844 armario
1568 2787 1755 2843 Judmi
1815 2787 1916 2842 ha-

266 2885 428 2938 bent.
481 2880 760 2936 Inimicus
809 2894 977 2933 meus
1034 2877 1202 2932 testis
1235 2882 1342 2933 est.
1402 2878 1485 2931 Ab
1518 2878 1646 2948 ipso
1705 2891 1916 2948 quaero,

269 2971 455 3045 aperi,
492 2970 636 3041 lege,
664 2969 893 3024 crede.»
929 2989 955 3016 »
996 2965 1332 3038 (Augustin.
1364 2964 1918 3036 Append.‘.om.VIll,

264 3062 369 3116 lib.
404 3060 586 3116 Contr.
620 3060 809 3130 quinq.
836 3058 1036 3112 meres.
1070 3073 1120 3111 c.
1147 3058 1202 3122 7,
1248 3073 1302 3127 p.
1335 3055 1415 3123 9.)
1447 3054 1618 3109 Tales
1650 3069 1785 3125 ergo
1813 3053 1921 3108 bos

1938 1859 1983 1923 Β

2025 579 2053 608 ‹‹
2084 557 2284 624 unius,
2318 558 2510 631 inquit
2549 558 2963 625 Tertullianus,
3026 557 3317 629 propheta:
3385 558 3671 616 scrinium

2019 645 2152 714 (hoc
2183 650 2293 710 est,
2328 646 2460 701 libri
2513 648 2748 720 Moysis)
2798 646 3026 702 saculis
3058 646 3240 702 vincit
3298 662 3500 703 omnes
3530 648 3668 703 sub-

2022 736 2267 791 stantias
2300 740 2356 791 et
2413 736 2677 792 materia.
2723 779 2735 791 .
2783 779 2796 793 .
2840 780 2854 792 .
2898 738 3184 808 cujusque
3228 736 3483 791 veterani
3533 738 3669 810 styli

2019 824 2219 891 vestri,
2250 844 2275 875 ιι
2315 825 2504 897 (Ibid.)
2534 842 2632 880 seu
2658 841 2860 881 omnes
2886 826 3125 880 omnino
3148 826 3669 882 commentationes

2019 916 2266 984 vestras,
2302 930 2623 985 eorumque
2654 918 3021 986 argumenta.
3044 914 3194 979 Quin
3218 914 3396 970 etiam
3428 919 3669 986 superat

2020 1004 2287 1076 origines,
2320 1003 2533 1075 inquit,
2554 1002 2674 1059 sive
2702 1004 2872 1059 initia
2902 1007 2959 1059 et
2988 1020 3218 1069 causas,
3252 1003 3472 1059 ordines
3502 1007 3667 1059 eive-

2017 1110 2139 1162 nas,
2183 1093 2302 1149 sive
2340 1099 2565 1150 meatus
2598 1098 2654 1151 et
2682 1095 2936 1167 canales,
2975 1095 3193 1168 quibus
3223 1095 3294 1149 ad
3339 1112 3443 1151 vos
3475 1109 3668 1168 usque

2020 1188 2433 1254 pervenerunt.

2092 1290 2371 1345 Praeterea
2400 1293 2687 1346 vetustate
2716 1307 2825 1346 sua
2846 1291 3199 1347 antecedunt
3222 1294 3424 1362 gentes
3454 1291 3670 1364 pleras-

2019 1395 2153 1451 que,
2182 1396 2308 1450 quas
2337 1384 2541 1451 postea
2570 1384 2708 1435 ortas
2766 1385 2929 1451 sunt,
2993 1402 3021 1431 ι(
3056 1383 3112 1435 et
3170 1379 3347 1435 urbes
3406 1380 3667 1452 insignes

2017 1468 2421 1538 historiarum,
2455 1474 2511 1523 et
2557 1486 2732 1525 canas
2789 1468 3229 1525 memoriarum.
3292 1490 3319 1518 »
3352 1473 3436 1524 Ita
3465 1468 3524 1523 in
3571 1486 3668 1524 no-

2016 1558 2155 1613 stris
2198 1556 2500 1613 codicibus
2531 1558 2944 1631 manuscriptis
2997 1562 3054 1614 et
3083 1557 3515 1630 antiquioribus
3545 1558 3665 1614 edi-

2015 1647 2296 1719 tionibus,
2342 1649 2454 1704 nisi
2514 1651 2670 1721 quod
2735 1667 2837 1721 pro
2896 1666 3080 1707 canas
3134 1650 3193 1704 in
3246 1650 3330 1705 eis
3376 1650 3663 1722 scriptum

2015 1741 2101 1792 est
2131 1754 2339 1792 causas.
2373 1738 2663 1809 Rigaltius
2704 1756 2836 1795 vero
2885 1756 3059 1810 quem
3104 1738 3203 1793 alii
3263 1738 3540 1810 deinceps
3571 1755 3664 1794 sc-

2016 1826 2131 1880 cuti
2164 1831 2324 1895 sunt,
2357 1828 2598 1882 retinuit
2628 1827 2864 1899 quidem
2898 1845 3112 1884 nomen
3143 1845 3332 1893 canas,
3366 1829 3467 1883 sed
3500 1832 3664 1883 ante-

2016 1916 2229 1972 cedens
2285 1917 2643 1972 historiarum
2701 1917 2956 1989 prOpria,
3018 1918 3103 1971 uti
3160 1916 3412 1982 videtur,
3457 1916 3669 1972 delevit

2015 2004 2385 2061 auctoritate.
2421 2005 2656 2063 Nullam
2680 2006 2837 2061 enim
2864 2023 2968 2062 nec
3000 2005 3096 2061 ille
3128 2022 3233 2062 nec
3254 2004 3354 2061 alii
3379 2006 3669 2061 dederunt

2017 2093 2196 2165 hujus
2228 2093 2565 2150 omissionis
2599 2096 2905 2150 rationem.
2939 2096 3048 2150 Sed
3096 2096 3155 2150 in
3209 2095 3474 2150 animum
3507 2094 3662 2149 haud

2020 2182 2193 2237 dubie
2226 2184 2583 2239 induxerunt
2640 2185 2719 2239 ibi
2750 2185 3168 2257 gravissimum
3198 2201 3327 2240 esse
3384 2185 3662 2240 adversus

2019 2272 2415 2343 grammaticae
2441 2272 2673 2345 regulas
2706 2273 3027 2346 ἁμάρτημα,
3072 2273 3169 2328 ubi
3224 2273 3659 2328 substantivum

2021 2378 2231 2416 nomen
2263 2378 2367 2433 pro
2399 2361 2706 2431 adjective,
2738 2365 2795 2417 et
2841 2360 3192 2432 adjectivum
3229 2378 3328 2431 pro
3390 2361 3667 2417 substan-

2023 2449 2136 2504 tivo
2168 2449 2425 2521 ponitur.
2460 2451 2571 2505 Sed
2618 2467 2808 2506 nonne
2839 2450 3190 2506 Grzscismus
3220 2455 3308 2505 est
3340 2467 3454 2505 non
3487 2450 3669 2506 semel

2025 2556 2058 2594 a
2082 2538 2335 2594 melioris
2366 2538 2677 2595 latinitatis
2699 2539 3038 2595 auctoribus
3068 2544 3391 2611 usurpatus
3418 2542 3440 2594 Ρ
3466 2543 3671 2594 Nonne

2026 2629 2183 2683 enim
2242 2628 2518 2684 Horatius
2570 2629 2760 2683 dixit:
2795 2652 2822 2678 «
2886 2629 3115 2700 Integer
3166 2629 3292 2683 vita:
3352 2628 3675 2700 scelerique

2030 2720 2259 2789 purus?
2288 2738 2313 2769 η
2362 2719 2580 2773 Sensus
2638 2718 2832 2789 itaque
2890 2718 3145 2775 auctoris
3206 2721 3389 2775 nostri
3420 2723 3529 2784 est,
3561 2717 3676 2774 He—

2030 2806 2214 2861 braeos
2244 2823 2371 2861 esse
2401 2805 2747 2862 vetustiores
2776 2807 3189 2877 urbibusque:
3219 2808 3482 2878 insignes
3512 2810 3681 2863 erant

2029 2896 2399 2951 historiarum
2454 2896 2876 2964 monumentis,
2936 2900 2993 2951 et
3049 2897 3212 2953 canis
3244 2896 3564 2964 memoriis,
3617 2896 3676 2951 id

2030 2988 2118 3039 est
2147 2984 2608 3051 commentariis,
2668 3002 2795 3056 quae
2838 2985 3051 3041 canitie
3108 3002 3216 3040 sua
3272 2989 3329 3041 et
3384 2988 3677 3042 vetustate

2031 3073 2316 3145 originem
2351 3073 2571 3128 caeteris
2605 3075 2881 3129 omnibus
2914 3074 3304 3147 antiquiorem
3339 3090 3450 3146 prie
3484 3090 3547 3130 se
3594 3074 3680 3130 fe-

265 3151 453 3206 libI‘OS
484 3146 799 3203 ῧδτῖείίαοί
841 3145 1191 3236 δαδυθ-ῐξηῖιίν
1219 3144 1429 3236 (Νώθὲ
1474 3144 1588 3199 Sibi
1635 3161 1667 3198 δι
1703 3142 1922 3198 δυάθθίε
1963 3228 1994 3236 _
2032 3142 2259 3219 reb'ant.
2293 3163 2383 3219 Sic
2415 3164 2591 3219 etiam
2650 3163 3011 3236 Theophilus
3058 3142 3218 3222 ‘795
3283 3142 3681 3221 Antiochenus

273 3238 611 3294 transmissi
670 3237 918 3291 fuerant
977 3234 1128 3288 Nihil
1199 3234 1357 3289 enim
1387 3233 1474 3325 gi“
1527 3250 1729 3325 egorlm?
1760 3236 1920 3325 ίίῗῖξῖυ
1955 3228 1996 3294 C
2035 3253 2258 3308 dixerat
2288 3254 2524 3308 eosdem
2556 3254 2827 3308 Hebraeos
2860 3254 3222 3325 antiquiores
3253 3272 3383 3311 esse
3414 3254 3680 3325 urbibus,

276 3328 601 3403 quidquam
633 3325 950 3380 immutare
981 3328 1270 3397 poterant,
1303 3323 1442 3395 quin
1477 3340 1508 3377 a
1538 3320 1923 3393 Judaeis,illo-

278 3434 409 3474 rum
471 3415 745 3483 inimicis,
810 3419 865 3468 et
920 3430 1018 3469 eos
1075 3412 1339 3484 quotidie
1392 3412 1745 3485 legentibus,
1795 3410 1929 3465 falsi

279 3505 589 3561 confestim
621 3503 1123 3559 convincerentur.
1148 3503 1282 3567 Quae
1305 3506 1503 3556 autem
1537 3505 1824 3572 quantave
1854 3497 1931 3553 sit

282 3594 517 3649 illorum
569 3596 908 3658 auctoritas,
952 3592 1077 3661 jam
1128 3607 1264 3645 cum
1318 3589 1680 3646 Tertulliano
1732 3590 1929 3644 nostro

289 3682 726 3755 investigemus.

898 3812 1107 3851 ARTICU
1117 3811 1219 3850 LUS
1242 3812 1318 3850 ιν.

290 3904 560 3975 Quomodo
590 3901 974 3959 Tertullianus
1004 3917 1183 3959 sacrae
1209 3902 1519 3975 Scriptura
1542 3902 1937 3957 auctoritatem

356 3994 425 4032 ex
454 3978 708 4031 maxima
740 3976 859 4045 ejus
906 3975 1242 4046 antiquitate
1291 3974 1644 4041 demonstret,
1679 3989 1804 4046 quae
1826 3974 1939 4027 sint

355 4048 679 4104 substantiae
708 4056 757 4102 et
785 4045 1311 4103 materiaveterani
1339 4047 1487 4116 styli,
1506 4046 1664 4100 urbes
1696 4045 1938 4113 insignes

362 4121 748 4176 historiarum.
781 4125 836 4174 et
866 4120 995 4173 cani
1018 4120 1437 4173 memoriarum.

361 4258 667 4308 Summam
702 4268 878 4307 sacrae
909 4249 1220 4321 Scripturae
1271 4250 1676 4306 auctoritatem
1712 4247 1941 4304 Tertul-

294 4342 490 4399 lianus
522 4340 743 4414 duplici
775 4343 1124 4412 argumento
1155 4344 1349 4410 aperte
1378 4340 1652 4394 vindicat.
1684 4339 1942 4393 Primum

296 4438 492 4487 autem
526 4430 669 4503 petit
699 4446 767 4484 ex
822 4429 1080 4484 maxima
1110 4429 1238 4499 ejus
1295 4429 1666 4501 antiquitate,
1701 4428 1771 4482 de
1830 4444 1947 4499 qua

296 4539 399 4577 nos
432 4520 650 4592 saepius
701 4518 761 4572 in
794 4517 1082 4589 superiori
1145 4524 1459 4589 apparatus
1520 4517 1703 4573 nostri
1733 4521 1895 4572 tomo
1930 4532 1943 4571 :

2039 3360 2168 3414 quas
2192 3347 2359 3398 erant
2380 3345 2533 3415 apud
2551 3343 2851 3416 [Egyptios
2866 3343 3273 3399 famosissima
3293 3343 3682 3416 (Theoph.lib.

2039 3448 2101 3487 ιιι
2132 3432 2201 3486 ad
2232 3432 2618 3504 Autolycpag.
2645 3432 2919 3503 130).Non
2952 3432 3465 3490 dissimulabimus
3490 3439 3687 3489 tamen

2040 3520 2099 3576 in
2133 3520 2244 3576 alio
2277 3520 2626 3577 Tertulliani
2660 3522 2806 3576 libro
2838 3522 3125 3594 scriptum
3165 3540 3176 3578 :
3215 3545 3241 3573 ‹‹
3274 3523 3383 3589 Qui
3430 3522 3689 3596 antiqui-

2041 3614 2228 3665 tatum
2263 3626 2440 3665 canos
2472 3609 2850 3682 collegerunt.
2888 3633 2917 3660 »
2949 3610 3216 3682 (Tertull.
3258 3611 3361 3668 lib.
3396 3628 3437 3668 ιι
3469 3612 3539 3667 ad
3567 3612 3692 3668 Nat.

2044 3716 2170 3770 cap.
2208 3700 2319 3771 12.)
2351 3700 2463 3755 Sed
2496 3700 2674 3770 hujus
2706 3699 2840 3755 libri
2892 3700 3102 3757 unicus
3145 3702 3561 3759 tantummodo
3592 3718 3694 3758 su-

2045 3792 2238 3861 perest
2269 3787 2449 3843 codex
2480 3788 2946 3859 manuscriptus,
2980 3791 3315 3861 Apotogetici
3332 3808 3464 3846 vero
3497 3808 3702 3863 quam-

2047 3876 2268 3948 plures.
2302 3876 2597 3947 Quidquid
2630 3882 2826 3933 autem
2860 3881 3110 3945 statuas,
3150 3879 3303 3933 idem
3338 3895 3570 3950 semper
3591 3880 3701 3935 erit

2049 3965 2466 4021 SCDSUS.POPPO
2482 3969 2679 4021 autem
2702 3966 3022 4021 abauetore
3046 3971 3244 4021 DOSU‘O
3261 3984 3473 4022 nomen
3497 3983 3700 4022 memo-

2049 4055 2263 4107 riarum
2300 4058 2623 4124 usurpatur
2644 4070 2747 4124 pro
2772 4055 3705 4127 monumentorum,quemadmo-

2049 4142 2190 4197 dum
2222 4158 2288 4196 ex
2311 4141 2634 4212 Augustino
2668 4140 2833 4196 facile
2863 4142 3194 4197 conﬁrmari
3228 4143 3699 4215 potest(August.

2051 4231 2118 4286 (te
2151 4230 2278 4285 Cur.
2321 4246 2420 4299 pro
2474 4234 2635 4285 mort.
2697 4229 2893 4298 agend.
2960 4246 3085 4301 cap.
3121 4231 3173 4298 4,
3225 4248 3281 4303 p.
3335 4232 3462 4298 519,
3497 4235 3538 4285 t.
3580 4230 3702 4300 VI).

2053 4321 2267 4375 Eadem
2290 4336 2497 4375 rursus
2514 4320 2944 4391 signiﬁcatione
2970 4320 3093 4391 ipse
3123 4318 3701 4389 il‘ertullianusdibro

2057 4425 2191 4464 mox
2221 4410 2421 4475 citato,
2456 4409 2603 4463 dixit
2636 4427 2648 4463 :
2690 4432 2709 4457 ι
2743 4413 3033 4465 Saturnus
3082 4410 3138 4465 in
3208 4410 3383 4465 terris
3429 4410 3706 4466 humanae

2057 4497 2357 4569 qualitatis
2404 4499 2559 4569 apud
2612 4503 2831 4554 veteres
2891 4498 3204 4554 memorias
3279 4503 3641 4556 recensetur.
3678 4519 3707 4548 ››

297 4610 622 4667 secundum
654 4623 787 4662 vero
819 4623 886 4662 ex
917 4606 1078 4661 illius
1112 4606 1439 4671 divinitate,
1489 4607 1607 4662 sive
1653 4622 1721 4661 ex
1750 4606 1946 4660 divino

2055 4587 2321 4659 (Tertull.
2354 4588 2456 4643 lib.
2492 4606 2530 4642 ιι
2563 4588 2633 4643 ad
2666 4589 2785 4643 Nat.
2821 4588 2929 4644 loc.
2956 4588 3078 4657 cit.)

298 4699 535 4771 Spiritu,
569 4698 740 4768 cujus
772 4696 974 4750 afﬂatu
1008 4711 1213 4750 omnes
1232 4697 1356 4764 ejus
1386 4694 1516 4749 libri
1546 4695 1755 4750 litteris
1782 4711 1949 4749 man-

301 4788 419 4843 dati
451 4788 712 4841 fuerunt.
750 4785 920 4839 Prius
952 4789 1147 4839 autem
1198 4784 1613 4856 argumentum
1647 4799 1713 4838 eo
1745 4782 1949 4837 luben-

304 4877 422 4933 tius
451 4876 735 4931 adversus
784 4873 1050 4929 ethnicos
1096 4878 1283 4945 urget,
1319 4873 1494 4944 quod,
1541 4872 1701 4927 illius
1747 4872 1861 4926 vim
1896 4875 1954 4926 et

306 4966 535 5039 pondus
569 4967 977 5036 agnoscentes,
1010 4962 1144 5017 inde
1177 4962 1517 5033 religionem
1551 4978 1739 5028 suam,
1766 4978 1953 5032 quan-

306 5056 524 5110 tumvis
557 5052 782 5118 falsam,
842 5051 994 5107 tueri
1054 5068 1120 5106 ac
1179 5051 1527 5106 confirmare
1568 5052 1953 5107 conabantur.

310 5145 416 5200 Eos
478 5143 632 5199 enim
713 5157 918 5197 omnes
960 5139 1067 5224 .his
1149 5139 1245 5195 ille
1321 5140 1634 5213 compellat
1687 5140 1877 5196 verbis
1939 5154 1954 5196 :

309 5256 335 5285 κ
367 5233 537 5307 Apud
570 5248 672 5287 vos
731 5230 1033 5303 religionis
1092 5233 1181 5285 est
1225 5229 1413 5286 instar
1471 5230 1646 5286 fidem
1681 5231 1751 5286 de
1808 5238 1959 5285 lern-

1832 5336 1959 5391 cap.

312 5323 553 5395 poribus
612 5335 891 5377 asserere.
948 5341 977 5368 ››
1040 5319 1405 5391 (Tertullian.
1492 5320 1726 5392 Apolog.

318 5413 428 5483 19,)
480 5411 539 5467 id
606 5414 715 5479 est,
804 5407 1146 5479 religionem
1218 5413 1469 5466 vestram
1560 5408 1962 5481 falsorumque

319 5502 560 5558 deorum
592 5497 818 5557 cultum
861 5498 990 5570 ejus
1039 5497 1391 5570 antiquitate
1426 5515 1797 5572 propugnare
1827 5515 1963 5555 con-

322 5590 582 5647 tenditis.

394 5679 571 5754 Atqui
605 5678 652 5738 si
686 5675 965 5736 momenti
1026 5677 1278 5752 alicujus
1336 5679 1415 5738 sit
1470 5679 1589 5738 hac
1646 5678 1816 5750 ratio,
1852 5695 1968 5736 non

2132 4698 2280 4751 Tum
2328 4696 2537 4752 deinde
2584 4696 2642 4751 in
2686 4696 3028 4766 Apologetico
3074 4696 3224 4768 (cap.
3258 4696 3348 4769 49)
3398 4696 3612 4768 adjecit
3640 4695 3714 4750 1i-

2062 4784 2198 4838 bros
2230 4786 2441 4858 Moysis
2463 4790 2633 4840 aetate
2654 4785 2846 4839 adhuc
2870 4802 2978 4841 sua
3000 4788 3219 4841 anteire
3240 4811 3266 4837 ‹‹
3303 4788 3464 4859 ipsas
3489 4786 3714 4859 efﬁgies

2063 4872 2390 4928 litterarum
2427 4874 2671 4941 indices,
2705 4874 3096 4945 custodesque
3138 4892 3355 4942 rerum,
3399 4897 3428 4925 »
3460 4876 3570 4932 hoc
3601 4879 3716 4941 est,

2065 4963 2314 5034 scriptos
2342 4980 2470 5018 esse
2520 4962 2957 5018 characteribus
3003 4968 3059 5017 et
3106 4963 3319 5020 litteris
3369 4969 3712 5021 cieterorum

2067 5054 2333 5109 omnium
2394 5053 2563 5124 plane
2624 5054 3077 5124 antiquissimis.
3150 5056 3295 5112 Nam
3347 5055 3520 5128 paulo
3582 5061 3716 5112 ante

2070 5144 2391 5215 scripserat
2421 5160 2519 5198 eos
2564 5147 2830 5198 exaratos
2883 5142 3068 5199 fuisse
3123 5142 3333 5200 litteris
3393 5145 3715 5213 Hebraicis,

2072 5250 2220 5307 quas
2252 5233 2487 5305 quidem
2520 5231 2651 5287 aliis
2682 5232 3045 5303 quibuslibet
3075 5234 3420 5291 vetustiores
3449 5251 3578 5291 esse
3612 5252 3717 5307 pro

2072 5326 2228 5378 certo
2278 5321 2550 5376 habebat.
2607 5320 2783 5376 Addit
2830 5325 3026 5377 autem
3078 5321 3305 5380 litteras
3372 5340 3500 5381 esse
3547 5326 3722 5381 custo-

2072 5412 2165 5467 des
2195 5427 2405 5476 rerum,
2437 5414 2637 5483 utpote
2666 5427 2792 5484 quas
2842 5427 2934 5467 res
2968 5411 3128 5483 ipsas
3180 5430 3504 5486 earumque
3536 5413 3720 5467 histo-

2075 5500 2224 5556 riam
2256 5501 2329 5556 ab
2360 5499 2603 5556 interitu
2635 5499 2953 5556 vindicant.
3006 5501 3115 5558 Sed
3169 5501 3288 5558 haec
3320 5501 3510 5558 fusius
3540 5497 3719 5569 expli-

2078 5594 2285 5645 cantur
2315 5606 2348 5646 a
2404 5589 2675 5663 Josepho,
2724 5590 2893 5662 cujus
2942 5590 3136 5660 verba,
3183 5590 3355 5664 paulo
3408 5586 3721 5662 prolixiora

2081 5696 2259 5752 quam
2293 5684 2356 5739 ut
2387 5681 2483 5740 hic
2515 5680 2861 5751 referantur,
2904 5679 2964 5738 in
3004 5679 3164 5739 illius
3203 5681 3352 5738 libro
3402 5682 3460 5738 te
3505 5675 3720 5751 legisse
