4106 6178
431 308 549 372 879

952 300 1481 365 TEBTULLIANI
1528 301 1849 362 OPERUM
1898 300 2103 361 PARS
2148 299 2197 360 Ῑ.
2230 333 2309 345 -
2350 301 2627 364 SERIES
2670 303 2720 379 Ι,
2766 303 3334 365 APOLOGETICA.

3682 311 3782 374 880

434 457 551 499 non
583 438 775 513 pigeat
801 436 1057 509 (Joseph.
1105 435 1234 492 init.
1278 434 1381 490 lib.
1428 452 1446 490 1
1485 442 1679 490 contra
1734 435 1872 506 App.
1935 447 2068 505 pag.
2103 434 2158 500 Α
2187 433 2628 503 Mansthanem,
2694 440 2862 493 textu
2931 436 3308 493 describenda
3356 454 3563 495 errasse
3612 444 3782 513 procul

435 531 574 588 1034
604 544 773 600 seqq.

500 620 803 681 Postremo
844 614 1149 686 subjunxit
1216 611 1615 669 Tertullianus
1670 629 1683 667 :
1742 634 1762 661 α
1814 611 1878 666 Et
1922 614 2083 681 puto,

431 710 620 767 adhuc
642 708 839 764 minus
867 705 1141 775 dicimus,
1174 704 1355 775 ipsos,
1390 702 1810 775 inquam,deos
1840 704 2084 765 vestros,

425 799 559 872 ipsa
585 795 805 868 templa
835 798 891 850 et
921 793 1179 858 oracula,
1209 796 1265 848 et
1296 808 1486 862 sacra,
1522 813 1549 841 ››
1584 790 2083 861 (Tertull.lac.cit,)

426 888 487 944 id
517 890 627 952 est,
660 885 839 941 libros
870 883 1087 953 Moysis
1117 881 1425 954 gentilium
1477 880 1614 949 diis,
1665 877 1926 950 templis,
1958 893 2085 932 ora-

429 976 600 1045 culis,
634 979 693 1030 et
749 974 934 1029 sacris
991 988 1121 1028 esse
1177 970 1349 1043 longe
1398 969 1769 1025 vetustiores.
1836 967 2087 1022 Deorum

429 1065 725 1123 enimvero
757 1062 1061 1135 originem,
1096 1060 1249 1116 sicut
1276 1061 1433 1115 infra
1463 1059 1749 1126 dicemus,
1772 1073 1805 1111 a
1834 1056 2086 1111 Saturno

429 1153 806 1227 repetendam
838 1166 966 1207 esse
1021 1149 1315 1220 opinatur.
1362 1149 1485 1203 Non
1539 1147 1755 1201 mirum
1788 1146 1984 1216 itaque
2036 1146 2086 1201 si

429 1243 540 1299 hos
568 1243 708 1298 deos
738 1239 905 1297 libris
933 1238 1146 1311 Moysis
1177 1237 1528 1310 posteriores
1558 1237 1831 1292 affirmet.
1864 1237 2084 1289 Verum

430 1332 526 1388 his
554 1329 671 1386 illis
694 1328 906 1397 verbis,
941 1328 1118 1384 adhuc
1157 1328 1343 1382 minus
1393 1326 1648 1392 dicimus,
1704 1322 1952 1379 ethnicis
1984 1338 2084 1377 ex—

429 1421 710 1494 probrare
736 1418 968 1474 videtur
1011 1418 1164 1490 quod
1220 1418 1360 1472 deos
1400 1432 1541 1471 suos
1580 1429 1902 1484 eorumque
1960 1410 2084 1466 cul-

429 1513 559 1566 tum
592 1508 761 1565 libris
790 1507 1006 1580 Moyeis
1040 1506 1392 1562 vetustiores
1443 1521 1590 1575 esse,
1640 1508 1762 1559 tam
1814 1501 2084 1574 imperite

437 1614 617 1673 quam
659 1597 805 1654 falso
836 1596 1225 1653 venditarent.

1047 1752 1367 1792 ARTICULUS
1405 1752 1459 1791 V.

440 1852 619 1921 Quam
653 1847 953 1921 luculenter
980 1844 1372 1921 Iertattianus
1399 1842 1719 1921 probaverit
1771 1839 2079 1921 antiquita-
2111 1816 2157 1881 Β

506 1929 613 1976 tem
661 1920 929 1975 librarum
972 1918 1180 1989 .‘llaysis~
1220 1932 1292 1970 ea:
1319 1912 1667 1989 ejasimtate,
1718 1912 1813 1983 qui
1836 1926 2079 1989 facetius

503 1992 866 2065 fuitlnacho,
902 1996 953 2045 et
1006 1984 1256 2065 pturiaus
1301 1984 1515 2065 saeculis
1568 1988 1791 2065 Danaa,
1834 1984 2076 2065 Trajanae

503 2055 649 2120 cladi
680 2069 731 2118 et
760 2055 1275 2131 Homer'a'prmivit,
1317 2059 1417 2113 ubi
1472 2058 1538 2111 de
1594 2055 1929 2131 Manethane,
1980 2056 2078 2109 Be-

501 2151 645 2207 rosa,
676 2138 877 2202 Iromo,
910 2148 1005 2188 seu
1030 2129 1388 2201 Hieronymo,
1419 2136 1468 2185 et
1486 2129 1744 2200 Josepho.

499 2259 681 2316 Nemo
712 2263 866 2316 certe
898 2255 1546 2313 difﬁtebiturlibrorum
1579 2252 1790 2326 Moysis
1821 2250 2071 2322 antiqui-

424 2352 605 2406 tatem
639 2366 755 2405 non
786 2363 958 2420 posse
990 2346 1414 2418 clarius,quam
1449 2360 1517 2399 ex
1548 2343 1708 2399 illius
1740 2345 1905 2398 aetate
1935 2358 2073 2412 pro-

423 2439 570 2495 bari.
597 2438 988 2503 Quamobrem
1010 2435 1409 2492 Tertullianus
1431 2438 1690 2490 veterum
1715 2432 2071 2502 scriptorum

422 2528 763 2584 testimonio
794 2527 998 2593 fretus,
1032 2541 1148 2596 quo
1195 2524 1294 2581 ille
1333 2529 1619 2595 tempore,
1665 2526 1721 2577 et
1765 2524 1896 2576 ante
1926 2536 2071 2591 quos

422 2616 650 2683 vixerit,
701 2616 863 2671 hisce
904 2614 1154 2687 explicat
1200 2613 1442 2670 verbis:
1478 2635 1507 2663 «
1567 2613 1797 2683 Argivo,
1848 2609 2066 2680 inquit,

422 2708 640 2764 Inacho
670 2706 886 2780 pariter
901 2711 1067 2762 tetate
1084 2709 1173 2761 est
1207 2722 1220 2763 :
1252 2701 1702 2777 quadringentis
1726 2717 1871 2774 pene
1894 2700 2067 2756 annis

423 2798 585 2869 (nam
616 2801 674 2854 et
697 2800 920 2869 septem
942 2796 1159 2867 minus)
1188 2796 1447 2851 Danaum
1474 2796 1530 2849 et
1557 2792 1751 2864 ipsum
1781 2791 1935 2863 apud
1962 2806 2066 2845 vos

420 2887 897 2945 vetustissimum
954 2884 1249 2958 praevenit,
1325 2882 1485 2939 mille
1543 2880 1769 2938 circiter
1821 2879 2063 2951 [cladem

423 2977 643 3035 Priami
674 2976 1251 3049 antecedit:possem
1285 2973 1464 3030 etiam
1496 2972 1687 3027 dicere
1726 2968 2064 3042 quingentis

422 3067 680 3140 amplius
709 3066 1046 3123 Homerum.
1082 3088 1102 3115 ι
1139 3062 1403 3136 (Tertull.
1445 3061 1726 3134 Apatoget.
1776 3076 1905 3131 cap.
1949 3058 2062 3127 19.)

417 3156 682 3215 Primum
712 3156 909 3256 itaque
938 3155 1105 3254 docet
1138 3154 1287 3256 7‘96
1332 3152 1566 3221 Moysen
1620 3148 1831 3251 Ipacho
1881 3147 2062 3203 fuisse
2092 3188 2135 3256 Ο

419 3262 699 3302 coasvum.
731 3246 804 3300 At
832 3244 892 3299 in
924 3242 1115 3315 priore
1141 3243 1451 3314 Apparatus
1480 3239 1665 3295 nostri
1686 3242 1845 3294 tomo
1879 3241 2059 3292 osten-

419 3334 615 3391 dimus
640 3334 793 3389 hanc
820 3348 1184 3389 communem
1217 3330 1400 3386 fuisse
1418 3332 1678 3384 veterum
1705 3327 2058 3398 scriptorum

418 3424 488 3480 ad
538 3421 851 3478 Eusebium
904 3436 1092 3492 usque
1141 3418 1514 3484 sententiam,
1565 3432 1741 3488 quam
1772 3414 2059 3483 Enonnulli

416 3512 595 3569 etiam
641 3510 751 3567 hoc
801 3508 1013 3565 saeculo
1059 3522 1433 3580 propugnare
1482 3505 1596 3561 nisi
1645 3508 1783 3560 sunt
1836 3504 2061 3575 (tom.[

414 3602 675 3673 Apparet.
710 3615 842 3671 pag.
875 3597 1005 3664 385,
1030 3598 1155 3664 531,
1189 3596 1313 3665 836,
1355 3596 1460 3650 909
1506 3598 1563 3651 et
1608 3594 1764 3649 1342.
1814 3598 2059 3649 Asseve-

415 3694 614 3749 ranter
647 3704 781 3746 vero
825 3691 1028 3745 auctor
1075 3690 1273 3742 noster
1329 3685 1587 3741 affirmat
1646 3700 1707 3740 se
1763 3682 2059 3755 opinionis

415 3798 535 3839 suae
566 3779 762 3852 plures
802 3777 1080 3834 habuisse
1138 3792 1452 3848 sponsores
1510 3780 1567 3831 et
1622 3777 1917 3846 patronos.
1978 3773 2059 3828 Ne

414 3871 548 3943 quis
578 3873 771 3927 autem
818 3870 1051 3941 putaret
1088 3864 1233 3921 illud
1284 3865 1354 3921 ab
1397 3879 1463 3921 eo
1512 3863 1696 3937 gratis
1741 3865 2055 3931 assertum,

411 3961 520 4017 hos
550 3961 733 4033 ipsos.
766 3962 833 4013 ut
864 3956 1038 4030 paulo
1072 3960 1202 4028 post
1229 3953 1583 4025 videbimus,
1632 3951 1975 4025 singillatim
2000 3957 2057 4007 et

411 4049 650 4108 nomine
679 4064 787 4106 suo
820 4046 1096 4120 appellat.

481 4141 763 4195 Praeterea
809 4137 1091 4193 horumce
1149 4134 1504 4205 scriptorum
1562 4130 1906 4187 auctoritate
1936 4129 2053 4185 ful-

406 4234 528 4299 tus,
564 4230 859 4286 asseverat
894 4228 1128 4298 Moysen
1179 4223 1283 4277 393
1329 4221 1500 4277 annis
1550 4220 1914 4292 praevertisse
1943 4219 2053 4274 Da-

408 4335 610 4376 naum.
670 4320 745 4371 At
792 4316 1081 4379 animum,
1132 4326 1346 4383 quaeso,
1417 4310 1650 4365 adverte
1692 4312 1889 4363 utrum
1933 4307 2053 4362 haec

404 4406 802 4465 Tertullianus
832 4399 1173 4457 delibaverit
1202 4415 1269 4454 ex
1297 4396 1574 4469 Josepho,
1608 4395 1708 4467 qui
1742 4395 1959 4451 ibidem
1980 4396 2051 4450 ab

404 4498 535 4569 ipso
565 4498 699 4566 post
729 4491 874 4548 alios
906 4490 1187 4561 scriptore
1216 4487 1450 4543 citatur.
1483 4486 1788 4540 Enimvero
1822 4488 2050 4556 postea-

406 4558 585 4658 quam
610 4581 905 4652 Josepbus
935 4558 1150 4635 editam
1182 4595 1216 4633 a
1244 4575 1596 4632 Manethone
1648 4574 2050 4647 ZEgyptiorum
2081 4558 2129 4625 D

406 4670 843 4741 chronologiam
885 4668 1195 4735 recensuit,
1228 4682 1357 4721 eam
1392 4665 1480 4720 his
1520 4663 1771 4720 absolvit
1817 4662 2048 4719 verbis:

407 4763 475 4820 Ol.
528 4756 861 4830 καλούμενοι
916 4756 1171 4827 ποιμένες
1247 4753 1505 4825 ἡμέτεροι
1574 4746 1836 4827 πρόγονοι
1906 4751 2049 4827 τρισί

405 4851 496 4908 καὶ
535 4847 887 4917 ἐννενήκοντα
936 4844 1025 4899 καὶ
1072 4841 1404 4919 τριακοσίοις
1461 4839 1688 4915 πρόσθεν
1750 4837 1942 4907 ἔτεσιν,
1993 4841 2052 4895 ἐκ

401 4941 503 5007 τῆς
579 4936 860 5012 Αἰγύπτου
935 4932 1383 5007 ἀπαλλαγέντες,
1436 4930 1534 4998 τὴν
1608 4930 1794 5005 χώραν
1849 4929 2050 5000 ταύτην

402 5030 715 5103 ἔπῲκησαν,
755 5026 791 5095 ἢ
851 5025 1049 5080 Δαναὸν
1093 5022 1170 5085 εἷς
1220 5024 1426 5097 ’Ἄργος
1468 5020 1773 5096 ἀφικέσθαι,
1824 5018 1913 5076 καί
1963 5042 2048 5076 τοι

399 5125 589 5179 τοῦτον
651 5115 1009 5194 ἀρχαιότατον
1066 5115 1299 5190 Ἀργεῖοι
1366 5109 1671 5185 νομίζουσι.
1734 5113 1838 5181 Qui
1893 5129 2049 5169 vaca-

413 5216 616 5271 bantur
639 5213 909 5283 pastores,
963 5206 1020 5263 id
1066 5213 1142 5263 est
1197 5205 1377 5261 nostri
1411 5205 1809 5276 progenitores,
1853 5218 1923 5258 ex
1952 5205 2047 5259 ΑΞ-

398 5309 567 5378 gypto
596 5300 820 5357 liberati
846 5305 980 5353 ante
1011 5300 1120 5353 tres
1151 5299 1202 5351 et
1229 5296 1534 5366 nonaginta
1577 5297 1737 5366 atque
1787 5296 2047 5350 trecentos

399 5408 574 5452 annos
613 5390 756 5446 hanc
796 5388 1147 5461 provinciam
1190 5384 1570 5441 inhabitavere
1607 5401 1773 5456 quam
1819 5385 2049 5441 Danaus

398 5484 471 5542 ad
495 5484 662 5555 Argos
699 5478 1000 5544 accederet,
1035 5478 1160 5532 licet
1199 5477 1343 5531 hanc
1386 5474 1831 5545 antiquissimum
1858 5475 2047 5545 Argivi

401 5573 679 5646 conﬁdant
733 5567 996 5643 (Joseph.
1048 5567 1151 5623 lib.
1204 5566 1354 5623 Cant.
1401 5565 1637 5636 Appian.
1691 5581 1825 5635 pag.
1864 5565 2041 5636 1041).

402 5668 465 5723 In
494 5658 804 5733 Theophili
834 5658 1031 5730 itaque
1054 5653 1422 5726 Antiocheni,
1454 5653 1556 5725 qui
1598 5653 1871 5711 eumdem
1902 5654 2044 5711 citat

2198 522 2375 578 dubio
2405 523 2637 580 videtur
2661 524 3072 598 librarius,qui
3102 526 3347 598 scripsit
3373 543 3615 600 egressos
3637 531 3791 589 fuisse

2196 627 2262 667 ex
2293 612 2534 685 Egypto
2588 615 2882 680 Hebraeos,
2940 614 3047 681 πρὸ
3102 613 3235 669 ἐτῶν
3292 615 3605 689 τριακωσίων
3655 616 3787 674 δεκα-

2193 703 2377 773 τριῶν,
2426 710 2551 757 ante
2615 708 2883 760 trecentas
2930 709 2981 760 et
3023 704 3282 760 tredecim
3340 721 3503 761 annos
3543 707 3788 779 (Theoph.

2196 787 2299 844 lib.
2334 806 2396 844 ιιι
2455 792 2525 846 ad
2568 792 2817 864 Autolyc.
2891 811 3025 866 pag.
3084 796 3230 865 131),
3292 812 3461 866 quam
3507 801 3716 853 Danaus
3741 797 3789 853 in

2196 877 2473 934 Greciam
2493 882 3070 951 pervenerit.Etenim
3096 883 3539 955 Theophilus,ut
3565 902 3626 940 ex
3645 886 3793 942 dictis

2194 970 2371 1039 patet,
2404 969 2560 1024 haud
2595 971 2770 1026 dubie
2802 971 3117 1043 scripserat
3144 969 3470 1046 τριακοσίοις
3498 973 3580 1027 καὶ
3609 970 3791 1043 ἐννενή-

2194 1075 2358 1110 κοντα
2385 1055 2550 1131 τρισί,
2580 1062 2841 1116 trecentis
2895 1065 2947 1117 et
2993 1064 3295 1133 nonaginta
3325 1062 3515 1117 tribus.
3570 1063 3668 1118 Sed
3698 1079 3794 1119 non

2196 1146 2340 1202 satis
2370 1148 2554 1218 perito
2587 1149 2790 1205 scribae
2850 1150 3103 1222 proclive
3162 1151 3273 1205 fuit
3329 1168 3428 1223 pro
3488 1148 3798 1221 ἐννενήκοντα

2195 1235 2450 1291 scribere
2481 1232 2625 1292 δέκα.
2658 1243 2737 1294 De
2769 1238 2877 1295 hac
2908 1239 3295 1296 nihilominus
3335 1241 3797 1311 conjecturajudi-

2195 1324 2349 1378 cium
2400 1324 2650 1382 aliorum
2708 1329 3199 1400 exspectabimus.
3257 1333 3331 1384 At
3388 1334 3536 1385 certe
3602 1346 3665 1385 ex
3722 1329 3800 1385 his

2193 1412 2497 1485 Theophili
2518 1416 2713 1471 verbis
2746 1416 2911 1473 facile
2960 1434 3242 1491 agnosces
3294 1435 3400 1476 cur
3445 1418 3798 1475 Tertullianus

2190 1508 2458 1559 Danaum
2489 1507 2643 1577 apud
2676 1506 2943 1563 ethnicos
2970 1507 3440 1565 vetustissimum
3472 1508 3687 1564 dixerit.

2263 1610 2412 1666 Tum
2444 1611 2541 1667 ille
2570 1623 2771 1684 postea
2803 1631 2815 1669 :
2851 1614 3079 1686 Moyses
3122 1615 3296 1686 mille,
3328 1614 3539 1687 inquit,
3589 1616 3796 1681 circiter,

2189 1699 2362 1754 annis
2389 1700 2602 1756 cladem
2645 1703 2887 1773 Priami,
2931 1702 2989 1758 id
3023 1708 3113 1760 est
3169 1704 3485 1773 Trojanum
3541 1703 3798 1759 excidium

2189 1790 2459 1845 antecedit
2491 1791 2855 1862 (Tertullian.
2891 1794 3173 1865 Apataget.
3200 1810 3326 1865 cap.
3384 1794 3488 1865 19).
3524 1794 3601 1849 lbi
3630 1797 3797 1848 autem

2190 1894 2398 1934 rursus
2429 1879 2674 1951 vestigia
2706 1881 2918 1951 premit
2942 1882 3205 1954 Josephi,
3233 1882 3334 1954 qui
3368 1885 3651 1939 asseverat
3678 1882 3798 1936 adeo

2187 1966 2499 2038 antiquum
2529 1986 2658 2024 esse
2685 1969 3058 2025 Hebraeorum
3100 1987 3168 2026 ex
3209 1975 3455 2043 ngypto
3507 1986 3795 2043 egressum,

2186 2054 2261 2115 ὡς
2315 2054 2468 2129 ἐγγύς
2521 2077 2626 2111 που
2683 2057 2946 2132 προτέραν
3006 2058 3171 2127 αὐτὴν
3230 2064 3336 2114 τῶν
3390 2057 3628 2117 Ἰλιακῶν
3680 2054 3797 2111 ἔτεσι

2185 2142 2415 2217 χιλίοις,
2449 2151 2511 2201 ut
2540 2150 2704 2203 annis
2735 2164 2870 2219 pene
2906 2150 3066 2205 mille
3108 2151 3344 2206 Iliacum
3397 2151 3594 2206 bellum
3618 2164 3798 2221 praece-

2183 2233 2277 2289 dat
2304 2235 2562 2307 (Joseph.
2595 2236 2697 2292 lib.
2729 2244 2940 2294 icantr.
2988 2240 3219 2310 Appian.
3265 2256 3404 2313 pag.
3458 2239 3627 2310 1042).
3658 2237 3798 2293 Uter-

2184 2338 2296 2393 que
2324 2340 2457 2379 vero
2488 2325 2830 2382 adverbium
2864 2327 3079 2399 adjecit
3099 2328 3321 2383 circiter
3353 2346 3368 2397 ;
3407 2344 3510 2385 nec
3542 2325 3801 2382 immerito

2183 2428 2343 2467 sane.
2378 2413 2590 2486 Magna
2618 2415 2910 2487 siquidem
2950 2422 3037 2472 est
3068 2417 3137 2472 de
3188 2417 3296 2473 hoc
3329 2416 3609 2490 temporis
3640 2416 3797 2470 inter-

2181 2500 2353 2571 vallo,
2398 2507 2462 2557 ut
2509 2504 2646 2559 alibi
2671 2505 2952 2575 vidimus,
2981 2507 3416 2562 sententiarum
3444 2507 3695 2562 varietas.
3722 2507 3801 2571 At,

2181 2607 2544 2663 quaecunque
2575 2611 2606 2648 a
2638 2611 2769 2650 vero
2801 2597 3042 2667 propius
3082 2596 3255 2666 absit,
3307 2601 3465 2652 certo
3496 2595 3698 2651 certius
3725 2596 3801 2648 est

2178 2682 2409 2753 Moysen
2442 2682 2634 2738 Iliacis
2664 2685 3031 2757 temporibus
3060 2684 3233 2757 longe
3262 2702 3397 2743 esse
3438 2684 3795 2756 antiquiorem

2177 2770 2361 2841 (Tom.
2397 2773 2417 2826 Ι
2445 2772 2711 2844 Apparat.
2747 2790 2876 2847 pag.
2904 2776 3061 2843 1345,
3093 2774 3275 2848 1347).

2249 2878 2433 2951 Major
2487 2879 2677 2935 adhuc
2734 2884 2823 2937 est
2882 2880 3172 2938 dissensio
3204 2882 3275 2938 de
3326 2881 3561 2939 Homeri
3626 2882 3789 2941 aetate.

2175 2982 2350 3037 quem
2401 2967 2570 3024 annis
2615 2973 2747 3042 post
2790 2972 3056 3027 eamdem
3105 2971 3329 3027 cladem
3380 2971 3609 3027 Iliacam
3641 2968 3790 3041 quin-

2174 3057 2363 3127 gentis
2392 3062 2449 3114 et
2478 3058 2754 3131 amplius,
2787 3064 2962 3131 atque
2994 3061 3207 3117 idcirco
3261 3062 3406 3117 1500
3456 3077 3520 3116 ac
3550 3058 3790 3133 pluribus

2174 3148 2346 3202 annis
2376 3153 2508 3220 post
2535 3151 2788 3221 Moysem
2806 3148 3078 3205 ﬂoruisse
3100 3154 3302 3205 auctor
3331 3155 3536 3206 noster
3555 3163 3789 3221 pronun-

2172 3236 2298 3291 tiat.
2334 3237 2600 3294 Diversae
2648 3243 2843 3294 autem
2889 3238 3063 3295 hasce
3108 3241 3471 3310 scriptorum
3517 3237 3793 3311 opiniones

2172 3331 2433 3382 recenset
2463 3327 2742 3383 Tatianus
2786 3329 2930 3383 797
2967 3328 3147 3401 (Orat.
3208 3337 3387 3386 contr.
3452 3329 3617 3386 Gra’c.
3676 3340 3791 3397 pag.

2172 3414 2275 3468 166
2306 3420 2361 3471 et
2404 3419 2576 3488 seq.),
2623 3420 2679 3472 et
2732 3418 2833 3490 qui
2882 3418 3058 3474 verba
3105 3419 3232 3489 ejus
3283 3418 3490 3475 retulit
3536 3414 3794 3472 Eusebius

2170 3504 2298 3576 (lib.
2323 3524 2380 3575 x,
2412 3512 2666 3580 Praepar.
2698 3511 2968 3582 Evangel.
3002 3527 3051 3565 c.
3084 3510 3191 3578 ,11,
3226 3527 3284 3582 p.
3335 3512 3447 3566 492
3476 3509 3679 3581 seqq.),
3710 3520 3798 3561 nec

2170 3611 2284 3651 non
2316 3597 2493 3653 etiam
2521 3598 2789 3656 Clemens
2820 3598 3250 3655 Alexandrinus
3286 3599 3416 3670 (lib.
3450 3617 3470 3655 ι
3501 3599 3699 3655 Strom.
3749 3611 3796 3667 p.

2167 3684 2272 3738 326
2321 3689 2377 3741 et
2424 3686 2639 3758 seqq.),
2698 3686 2915 3760 aliique
2960 3692 3019 3744 et
3060 3688 3289 3761 antiqui
3336 3694 3400 3745 et
3448 3688 3797 3755 recentiores,

2168 3772 2268 3844 qui
2300 3774 2370 3829 de
2402 3775 2691 3832 veteribus
2734 3777 3139 3850 scriptoribus,
3192 3782 3294 3834 aut
3350 3779 3427 3835 de
3456 3774 3798 3845 chronologis

2166 3866 2223 3916 et
2252 3863 2458 3934 poetis,
2490 3881 2555 3920 ac
2586 3865 2935 3922 nominatim
2996 3868 3066 3922 de
3114 3869 3387 3939 ejusdem
3436 3868 3665 3925 Homeri
3700 3865 3800 3919 vita

2164 3951 2253 4005 vel
2283 3957 2447 4008 aetate
2478 3953 2927 4026 disputationes,
2959 3958 3078 4013 sive
3108 3958 3244 4013 data
3273 3974 3477 4029 opera,
3510 3958 3627 4014 sive
3655 3952 3795 4010 aliud

2165 4049 2423 4112 agentes,
2458 4043 2981 4101 instituerunt.Nos
3012 4062 3247 4119 quoque
3278 4048 3347 4103 de
3384 4049 3481 4104 his
3513 4050 3796 4103 auctorum

2164 4130 2429 4187 dissidils
2466 4130 2603 4187 alibi
2637 4134 3028 4191 disseruimus
3081 4138 3261 4207 (Tom.
3300 4137 3321 4192 Ι
3375 4139 3635 4210 Apparet.
3679 4147 3797 4205 pag.

2166 4219 2323 4287 1-278,
2364 4221 2497 4275 1347
2526 4226 2581 4277 et
2612 4225 2800 4295 seqq.)

2233 4310 2517 4364 Caeterum
2595 4328 2826 4383 quoquo
2877 4316 3138 4385 tempore
3189 4314 3456 4370 ﬂoruerit
3514 4315 3797 4374 Homerus,

2163 4397 2334 4470 plane
2365 4404 2615 4469 constat,
2650 4403 2733 4457 uti
2780 4403 3072 4475 Josephus
3110 4403 3233 4476 (lib.
3268 4422 3307 4473 ι,
3344 4406 3536 4463 Contr.
3585 4402 3799 4476 Appian.

2161 4504 2295 4561 pag.
2326 4490 2483 4560 1034)
2516 4495 2671 4547 recte
2701 4492 2917 4564 arguit,
2952 4492 3178 4549 nullam
3227 4496 3388 4566 apud
3431 4500 3657 4551 Grecos
3686 4504 3801 4548 esse

2161 4579 2673 4651 conscriptionem,
2705 4598 2835 4653 quae
2866 4582 3045 4653 hujus
3076 4587 3258 4654 poeta}
3305 4584 3587 4653 aperibus
3616 4582 3688 4639 sit
3716 4595 3799 4635 ve-

2164 4668 2394 4723 tustior.
2444 4669 2593 4733 Quin
2645 4671 2844 4739 etiam,
2903 4671 2953 4727 si
3029 4672 3221 4728 eidem
3280 4673 3543 4746 Josepho
3595 4671 3801 4737 credas,

2161 4762 2431 4828 poemata
2476 4758 2633 4815 illius
2675 4777 2789 4815 non
2842 4760 3057 4817 litteris
3120 4764 3471 4835 consignata
3520 4767 3679 4833 sunt,
3708 4758 3799 4815 sed

2161 4851 2335 4901 cantu
2380 4846 2642 4915 recitata,
2695 4865 2821 4919 quae
2868 4850 2939 4904 ab
2972 4849 3104 4905 aliis
3154 4867 3289 4906 cum
3324 4852 3666 4907 memoriter
3694 4856 3803 4905 tan-

2158 4939 2286 4991 tum
2317 4935 2559 4992 collecta
2589 4937 2824 5008 fuerint,
2858 4938 3046 4994 multa
3067 4940 3126 4994 in
3158 4939 3242 4995 eis
3261 4939 3638 4997 dissonantia
3658 4952 3801 4993 com-

2160 5026 2493 5097 periuntur.
2546 5027 2628 5081 Ad
2681 5026 2799 5083 haec
2830 5044 2985 5099 vero,
3037 5028 3136 5085 ille
3186 5030 3361 5101 paulo
3410 5036 3548 5087 ante
3595 5029 3805 5084 dixerat

2160 5114 2307 5170 alias
2340 5115 2606 5171 nationes
2636 5115 2873 5188 gloriari
2907 5133 2968 5173 se
2992 5134 3025 5174 a
3056 5118 3436 5200 Phganicibus
3482 5124 3542 5175 et
3573 5118 3799 5179 Cadmo,

2158 5208 2223 5259 ut
2240 5203 2380 5260 alibi
2396 5204 2570 5261 etiam
2591 5206 3314 5277 adnotavimus,habuisse
3325 5207 3803 5280 antiquissimum

2157 5292 2487 5351 litterarum
2557 5311 2730 5350 usum
2783 5300 2944 5363 (tom.
2997 5298 3038 5366 Ι,
3088 5298 3354 5370 Apparet.
3409 5315 3549 5371 pag.
3605 5297 3709 5351 385
3755 5295 3805 5347 et

2158 5401 2322 5457 seqq.
2358 5388 2396 5456 ).
2426 5386 2500 5440 At
2530 5385 2729 5441 nullus
2759 5390 2977 5454 tamen,
3012 5387 3203 5460 pergit
3229 5388 3801 5461 Josephus,demon-

2156 5476 2341 5529 strare
2373 5474 2581 5545 poterit
2611 5474 2846 5546 aliquod
2880 5477 3188 5551 scriptum,
3221 5478 3377 5549 quod
3411 5494 3445 5533 a
3482 5476 3677 5549 prisco
3706 5471 3799 5528 illa

2155 5567 2432 5635 tempore,
2458 5562 2549 5619 vel
2579 5563 2639 5619 in
2687 5565 2947 5638 templis,
2996 5568 3085 5624 vel
3145 5567 3206 5622 in
3254 5565 3511 5640 publicis
3562 5562 3796 5622 anathe-

2155 5653 2414 5712 matibus
2437 5656 2734 5713 servatum
2760 5656 2955 5715 fuerit.
2987 5656 3202 5731 Moysis
3230 5673 3367 5731 ergo
3392 5656 3535 5713 libri
3566 5657 3793 5712 caeteros
