4106 6178
331 346 444 405 881

1245 351 1321 409 D.
1369 350 1463 409 LE
1506 348 1834 411 NOURRY
1880 346 2531 411 OBSERVATIONES
2576 348 2834 411 NOVE.

328 494 534 534 omnes
563 478 736 551 longo
788 480 1088 553 temporis,
1139 480 1258 536 imo
1307 485 1364 537 et
1411 481 1752 538 saeculorum
1792 479 2060 548 inter-A
2090 482 2189 552 qui
2242 498 2275 536 a
2333 482 2698 539 Tertulliano
2753 481 3205 555 cognominatur
3252 482 3461 535 [ramus
3510 479 3741 534 Phania:

325 566 477 623 vallo
516 573 980 626 antecesserunt.

397 703 556 761 Nihil
588 709 805 774 autem,
839 705 920 760 ait
968 710 1171 761 auctor
1214 709 1431 773 noster,
1464 705 1710 777 probatu
1743 708 1866 760 erat
1888 704 1977 760 fa-

322 792 495 850 cilius
528 794 886 865 (Tertullian.
918 796 1198 867 Apologet.
1240 813 1367 867 cap.
1405 795 1516 867 19).
1548 795 1659 850 Sed
1700 794 1837 866 quia
1866 794 1975 849 hoc

317 879 559 955 longius
590 887 732 953 erat,
762 901 867 940 nec
898 889 1125 956 poterat
1173 885 1298 941 sine
1333 884 1585 941 maxima
1615 902 1646 940 a
1678 883 1974 956 pr0posito

317 988 427 1027 suo
450 972 817 1044 digressione
840 972 988 1040 ﬁeri,
1013 973 1140 1030 ideo
1165 974 1394 1030 censuit
1414 990 1542 1030 esse
1561 974 1968 1029 differendum.

313 1065 407 1116 An
441 1078 572 1117 vero
604 1062 697 1118 his
744 1063 936 1119 verbis
989 1063 1164 1119 aliam
1215 1080 1284 1120 ea
1314 1064 1384 1119 de
1415 1080 1475 1118 re
1530 1062 1971 1118 commentatio-

314 1167 451 1206 nem
505 1151 829 1223 promittat,
862 1168 927 1207 ac
986 1152 1296 1223 promissis
1354 1151 1599 1218 steterit,
1652 1150 1785 1223 quis
1816 1154 1971 1207 certo

311 1257 650 1296 asseverare
686 1241 929 1296 audebit
954 1241 978 1296 ?
1007 1242 1089 1298 Ne
1121 1242 1254 1314 quis
1286 1246 1481 1297 tamen
1512 1240 1657 1296 illud
1689 1242 1761 1295 ab
1792 1257 1858 1296 eo
1888 1245 1971 1296 te-

313 1345 480 1385 mere
512 1329 802 1401 prolatum
835 1329 1070 1399 diceret,
1105 1332 1301 1403 palam
1351 1331 1625 1387 omnibus
1658 1330 1783 1402 ipse
1810 1329 1968 1399 facit,

313 1420 478 1475 unde
503 1424 559 1475 et
591 1436 624 1473 a
653 1420 869 1491 quibus
895 1420 1246 1476 nominatim
1265 1420 1647 1493 scriptoribus
1677 1419 1972 1474 evidenter

312 1509 620 1580 probetur.
683 1509 946 1565 Primum
1006 1510 1301 1566 enimvero
1353 1511 1495 1565 citat
1551 1507 1971 1580 antiquissima

313 1596 745 1668 Egyptiorum,
780 1598 1205 1665 Chaldaeorum,
1234 1599 1573 1653 Phoenicum
1596 1597 1820 1653 archiva
1850 1596 1969 1652 sive

314 1685 559 1753 scrinia,
586 1686 646 1741 in
693 1687 909 1758 quibus
963 1689 1264 1760 scripturae
1306 1688 1429 1743 sive
1478 1688 1612 1743 libri
1640 1704 1842 1743 eorum
1876 1702 1967 1741 re-

310 1776 709 1847 ponebantur.
762 1780 973 1833 Gentes
1026 1782 1221 1833 autem
1270 1777 1416 1833 istas
1458 1777 1587 1833 ideo
1627 1776 1965 1832 nominibus

309 1864 441 1920 suis
472 1870 659 1935 vocat,
716 1866 854 1938 quia
903 1866 1107 1935 Graeci,
1147 1870 1293 1922 teste
1341 1865 1597 1937 Josepho
1646 1865 1828 1937 (ιὺίιι.)

304 1955 587 2010 tebanlur
639 1954 1111 2026 antiquissimam
1162 1972 1358 2011 rerum
1403 1954 1779 2009 traditionem
1811 1954 1965 2025 apud

304 2057 408 2097 eos
445 2041 669 2098 haberi.
701 2045 795 2112 At,
845 2043 984 2115 quia
1034 2042 1157 2098 haec
1201 2042 1573 2115 investigatio
1621 2042 1968 2098 difficillima

308 2131 507 2187 adhuc
557 2131 741 2187 videri
787 2136 1051 2205 poterat:
1086 2154 1115 2182 «
1164 2133 1498 2188 Advocandi
1547 2136 1708 2198 sunt,
1749 2132 1964 2204 inquit,

312 2219 649 2287 municipes
680 2237 907 2287 eorum,
941 2237 1044 2292 per
1089 2238 1236 2293 quos
1269 2221 1475 2277 notitia
1522 2220 1969 2277 subministrata

312 2314 427 2365 est.
465 2332 486 2361 ι
524 2310 897 2377 (Tertullian.
947 2310 1111 2381 ibid.)
1161 2310 1484 2383 Municipes
1532 2315 1729 2366 autem
1760 2310 1799 2365 ii
1832 2327 1970 2382 pro-

314 2398 448 2470 prie
478 2398 753 2471 appellati
787 2404 947 2467 sunt,
977 2399 1078 2471 qui
1108 2400 1167 2455 in
1200 2400 1490 2455 civitatem
1525 2400 1849 2455 Romanam
1881 2416 1968 2455 re-

315 2488 495 2560 cepti,
530 2489 875 2545 muneribus
904 2493 1300 2545 Romanorum
1337 2490 1699 2544 fruebantur.
1729 2490 1839 2545 Sed
1874 2488 1968 2544 ille

322 2593 391 2633 eo
424 2577 663 2634 nomine
695 2578 939 2637 abusive
968 2577 1260 2651 signiﬁcat
1290 2579 1551 2649 ejusdem
1584 2578 1839 2650 regionis
1876 2580 1969 2633 in-

319 2666 503 2722 colas.
536 2667 685 2724 Nam
718 2672 775 2723 et
805 2673 1029 2740 gentes,
1062 2672 1118 2724 et
1145 2667 1461 2740 scriptores
1488 2667 1833 2723 nominatim
1864 2685 1967 2724 vo-

317 2760 435 2827 cat,
468 2773 537 2812 ex
566 2757 849 2830 Egyptiis
898 2757 1331 2823 Manethonem,
1382 2762 1659 2814 Berosum
1691 2774 1759 2813 ex
1797 2756 1968 2813 Chal-

317 2844 486 2913 daais,
520 2864 553 2901 a
585 2846 863 2919 Josepbo,
890 2852 954 2901 ut
980 2846 1153 2919 paulo
1178 2851 1309 2919 post
1330 2847 1689 2917 notabimus,
1716 2847 1925 2902 citatos
1952 2865 1965 2914 ;

311 2938 490 3006 atque
525 2952 593 2991 ex
628 2936 1000 2992 Phoenicibus
1041 2942 1299 2991 Iromum
1332 2937 1467 3010 Tyri
1499 2954 1716 3009 regem,
1749 2938 1819 2992 de
1850 2954 1966 3008 quo

311 3028 521 3093 postea
553 3025 744 3081 fusius
776 3026 1091 3097 agendum.
1112 3026 1322 3081 Sivero
1344 3026 1403 3081 hi
1437 3043 1549 3082 non
1574 3026 1967 3095 sufﬁciebant,

309 3114 517 3184 adjicit
544 3114 805 3187 ipsorum
830 3120 1147 3171 sectatores
1169 3115 1547 3171 Ptolemaeum
1581 3116 1962 3185 Mendesium,

2094 571 2231 640 Tyri
2259 588 2376 627 rex.
2408 576 2555 628 Nam
2588 572 2646 627 in
2681 572 2896 629 nostris
2940 568 3359 641 manuscriptis
3408 566 3733 638 codicibus,

2086 664 2143 716 et
2198 660 2629 732 antiquioribus
2700 660 3031 734 Rigaltiana
3088 659 3440 717 editionibus
3498 656 3729 729 legitur.

2087 752 2447 821 Hieronymus
2502 752 2738 807 Phania:
2794 752 2921 823 Tyri
2974 767 3093 806 rex.
3145 751 3255 806 Sed
3312 747 3452 821 quia
3499 746 3727 803 nullum

2086 840 2267 897 fuisse
2298 841 2585 911 putabant
2615 842 2749 913 Tyri
2781 857 2975 913 rogem
3020 840 3256 896 nomine
3287 839 3723 909 Hieronymum,

2084 933 2142 985 in
2174 935 2333 987 textu
2362 931 2703 987 Tertulliani
2734 931 2911 987 scribi
2944 931 3279 988 maluerunt
3320 929 3557 997 Iromus,
3591 927 3724 983 Cor-

2082 1020 2355 1076 rectionis
2386 1024 2581 1077 tamen
2622 1020 2799 1092 hujus
2849 1019 3071 1076 nullam
3120 1019 3407 1076 rationem
3441 1016 3728 1072 dederunt

2084 1109 2197 1165 nisi
2246 1111 2512 1181 quaedam
2573 1111 2769 1177 verba,
2822 1126 2889 1165 ex
2942 1109 3286 1181 fragmentis
3335 1103 3658 1170 Menandri,
3692 1120 3727 1159 a

2080 1199 2371 1271 Scaligero
2404 1199 2599 1267 editis,
2654 1199 2929 1256 delibata.
2977 1200 3084 1254 Sed
3138 1198 3309 1271 longe
3355 1195 3565 1269 potiori
3590 1195 3726 1265 jure

2082 1288 2263 1344 citare
2294 1289 2583 1345 debebant
2612 1289 2997 1362 Theophilum
3045 1288 3494 1356 Antiochenam,
3530 1301 3562 1340 a
3608 1298 3723 1355 quo

2081 1395 2196 1433 non
2230 1378 2423 1433 solum
2453 1380 2657 1434 eadem
2689 1378 2789 1434 illa
2818 1379 3015 1435 Graeca
3043 1378 3218 1433 verba
3239 1378 3492 1432 citantur
3515 1373 3721 1445 (Theo-

2079 1467 2223 1540 phil.
2260 1485 2342 1536 111,
2376 1468 2445 1523 ad
2474 1470 2723 1541 Autolyc.
2759 1485 2887 1542 pag.
2946 1469 3039 1522 131
3097 1467 3311 1540 seqq.),
3355 1465 3455 1521 sed
3486 1467 3725 1519 vocatur

2078 1556 2255 1613 etiam
2312 1558 2575 1632 Ἱὶρωμος
2625 1555 2831 1631 Τυρίων
2897 1554 3186 1632 βάσιλεύς.
3246 1558 3561 1622 Hieromus,
3621 1552 3720 1622 Ty-

2077 1647 2290 1701 riorum
2319 1663 2440 1703 rex.
2485 1648 2633 1703 Eum
2680 1652 2876 1703 autem
2909 1664 3037 1703 esse
3084 1649 3353 1713 testatur,
3388 1643 3488 1715 qui
3521 1641 3720 1715 plures

2077 1736 2148 1790 ad
2181 1735 2574 1804 Salomonem,
2604 1740 2660 1792 et
2686 1736 2945 1792 vicissim
2967 1735 3241 1792 Salomon
3272 1734 3343 1789 ad
3366 1748 3502 1788 eum
3533 1729 3720 1801 scrip-

1838 1819 1966 1921 wf;
1996 1851 2045 1917 B
2076 1830 2232 1880 serat
2285 1824 2509 1882 Ῑίίίθτθιε
2533 1868 2547 1894 ν
2608 1842 2733 1897 (ἰυω
2805 1826 2959 1897 apud
3020 1824 3225 1897 Tyrios
3293 1819 3510 1879 servari
3567 1819 3720 1873 fere-

1838 1906 1851 1931 ’
2083 1916 2093 1931 ι
2204 1918 2213 1931 ι
2348 1915 2394 1931 ιν
2520 1914 2531 1926 .
2601 1916 2641 1931 ,γ
2708 1918 2718 1931 ι
3066 1914 3152 1931 ῃ)
3224 1915 3392 1931 (il-Al
3437 1909 3593 1931 Lai-
3628 1922 3685 1931 η

2081 1916 2313 1970 bantur.
2348 1915 2473 1970 Non
2517 1914 2653 1970 inde
2704 1918 2900 1970 tamen
2949 1914 3158 1970 confici
3206 1915 3396 1985 potest
3437 1909 3596 1965 hunc
3627 1922 3722 1962 re-

2077 2020 2209 2076 gem
2241 2003 2463 2076 aliquid
2497 2005 2566 2061 de
2588 2003 2939 2076 antiquitate
2960 2004 3335 2060 Hebraeorum
3356 2000 3573 2073 scripto
3602 2001 3721 2053 tra-

2076 2092 2319 2150 didisse.

2150 2246 2351 2301 Nonne
2382 2244 2557 2301 etiam
2588 2245 2649 2300 in
2681 2243 3025 2301 Tertulliani
3057 2246 3219 2300 textu
3249 2240 3564 2313 legendum
3596 2252 3725 2293 esse

2079 2334 2414 2407 Hieronymi
2462 2351 2675 2390 nomen
2734 2334 2871 2390 hinc
2919 2333 3114 2405 colligi
3163 2336 3372 2405 potest,
3434 2329 3588 2401 quod
3618 2327 3723 2382 Jo-

2079 2423 2300 2495 sephus
2350 2424 2408 2478 in
2458 2423 2646 2494 primo
2694 2423 3102 2495 Antiquitatum
3147 2420 3503 2478 Iudaicarum
3550 2416 3720 2482 libro,

2080 2514 2178 2568 ubi
2223 2514 2294 2568 de
2341 2513 2517 2585 longa
2566 2513 2893 2584 primorum
2944 2510 3410 2585 patriarcharum
3455 2506 3572 2562 vita
3602 2504 3721 2561 dis-

2077 2602 2240 2671 serit,
2271 2602 2352 2657 ibi
2383 2606 2515 2674 post
2544 2606 2896 2658 memoratos
2927 2620 2959 2657 a
3002 2618 3087 2670 se,
3118 2596 3617 2673 quemadmodum
3647 2594 3719 2651 ab

2078 2696 2314 2747 auctore
2366 2695 2589 2760 nostro,
2649 2691 3057 2747 Manethonem
3114 2694 3171 2745 et
3225 2690 3537 2754 Berosum,
3598 2684 3721 2739 haec

2079 2780 2350 2853 scripsit:
2406 2783 2613 2854 Μῶχος
2665 2778 2753 2833 καὶ
2812 2780 3105 2849 Ἑστιαῖος,
3136 2777 3226 2833 καὶ
3282 2776 3418 2852 πρὸς
3473 2775 3657 2836 αὐτοῖς
3694 2772 3721 2825 ὁ

2077 2868 2375 2945 Αἰγύπτιος
2424 2869 2777 2945 Ἱερώνυμος,
2829 2870 2880 2922 οἱ
2927 2868 2993 2923 τὰ
3042 2865 3271 2922 Φοινικᾶ
3314 2863 3720 2937 συνταξάμενοι,

2078 2962 2425 3033 συμφωνοῦσι
2474 2962 2588 3019 τοῖς
2642 2958 2730 3013 ὑπ’
2778 2957 2914 3031 ἐμοῦ
2954 2957 3298 3033 λεγομένοις.
3350 2956 3583 3022 Mochus,
3615 2954 3722 3008 He-

2074 3050 2283 3118 stiwus,
2316 3059 2370 3105 et
2400 3050 2772 3120 Hieronymus
2804 3049 3111 3120 Egyptius,
3158 3049 3255 3120 qui
3281 3046 3602 3101 Phoenicum
3633 3058 3722 3098 res

2077 3140 2351 3210 prosecuti
2376 3146 2521 3206 sunt,
2566 3138 2856 3193 nobiscum
2898 3145 3205 3193 consonant
3254 3134 3516 3209 (Joseph.
3544 3132 3645 3187 lib.
3680 3148 3719 3197 1,

310 3202 415 3300 (ἐξλί
449 3205 747 3300 “fiam”:
774 3205 968 3300 ίηίίξιίῖ
994 3204 1262 3300 (“9me
1287 3204 1886 3300 _§lex?‘_9_drinus_(1ib-
1923 3224 1963 3276 Ῑ»
1994 3214 2038 3286 C
2076 3202 2349 3299 iinlz'quit.
2395 3202 2520 3300 cap;
2574 3228 2627 3297 4,
2682 3244 2811 3300 pag.
2864 3227 2971 3298 11).
3006 3227 3171 3282 Hunc
3214 3202 3719 3293 autem-Hierony-

306 3290 559 3364 Strom.),
591 3310 657 3348 ac
705 3299 836 3366 post
882 3294 1079 3365 ipsum
1136 3293 1419 3350 Eusebius
1450 3295 1573 3367 (lib.
1628 3313 1685 3365 x,
1715 3298 1962 3365 Praepar.

307 3382 532 3450 Evang.
563 3398 689 3454 cap.
744 3383 831 3449 12,
867 3398 999 3453 pag.
1056 3383 1200 3453 497),
1231 3399 1433 3455 regum
1482 3385 1705 3456 Egypti
1746 3402 1837 3441 res
1864 3401 1964 3457 ge-

308 3473 437 3526 stas
467 3470 658 3525 tribus
690 3468 858 3525 libris
897 3470 1045 3524 798
1070 3472 1374 3541 exposuit:
1401 3472 1541 3527 item
1572 3472 1959 3528 Menandrum

308 3558 655 3631 Ephesium,
689 3576 722 3615 a
751 3576 866 3631 quo
917 3565 1084 3615 actus
1125 3564 1182 3615 et
1236 3560 1538 3617 historiam
1590 3580 1792 3635 regum
1824 3564 1960 3635 Tyri

310 3649 648 3720 conscripta
677 3665 804 3705 esse
832 3649 1124 3720 Josephus
1180 3648 1301 3720 (lib.
1338 3668 1377 3719 1,
1408 3654 1581 3707 contr.
1632 3653 1866 3725 Appian.
1901 3670 1959 3724 p.

312 3738 470 3806 1042)
520 3744 578 3793 et
622 3738 979 3811 Theophilus
1031 3738 1429 3795 Antiochenus
1478 3741 1785 3812 perhibent
1834 3742 1959 3815 (lib.

306 3843 375 3882 ιιι
408 3826 479 3881 ad
506 3828 755 3900 Autolyc.
788 3844 921 3900 pag.
958 3825 1103 3897 132).
1156 3826 1259 3882 His
1292 3829 1561 3901 adjungit
1608 3832 1961 3888 Demetrium

306 3915 683 3983 Phalereum,
748 3934 782 3972 a
832 3915 1087 3988 Josepho
1147 3916 1337 3972 adhuc
1391 3918 1665 3987 citatum,
1726 3930 1962 3994 tresque

304 4004 477 4076 alios,
529 4022 727 4078 regem
774 4005 1015 4073 Jubam,
1063 4005 1389 4077 Appionem
1441 4012 1499 4062 et
1542 4008 1835 4079 Thallum,
1891 4012 1960 4066 de

306 4095 526 4166 quibus
558 4112 684 4164 nos,
718 4095 777 4150 in
810 4095 1001 4167 primo
1033 4098 1365 4167 Apparatus
1406 4098 1590 4152 nostri
1622 4102 1779 4155 tomo
1812 4104 1869 4156 et
1900 4100 1960 4155 in

306 4183 715 4256 superioribus
748 4183 1285 4256 dissertationibus,
1320 4186 1772 4256 disputavimus.

378 4316 685 4389 Denique:
722 4336 750 4371 ιι
798 4317 866 4373 Et
896 4316 998 4389 qui
1055 4316 1221 4383 istos,
1272 4317 1354 4374 ait
1404 4320 1802 4378 Tertullianus
1836 4322 1960 4395 (loc.

307 4406 453 4478 cit.),
484 4407 695 4478 probat
728 4410 830 4463 aut
860 4406 1125 4475 revincit,
1174 4407 1415 4463 Judaaus
1458 4409 1773 4483 Josephus,
1808 4413 1962 4468 anti-

308 4494 607 4566 quitatum
656 4494 1042 4551 Judaicarum
1089 4495 1321 4565 vindex,
1364 4519 1393 4547 υ
1443 4497 1504 4553 in
1551 4500 1963 4571 Antiquitatum

2074 3334 2238 3372 mum
2284 3318 2343 3372 in
2401 3333 2602 3373 eorum
2662 3333 2906 3371 numero
2940 3314 3153 3388 posuit,
3204 3315 3305 3387 qui
3354 3314 3424 3369 de
3468 3307 3719 3383 longiori

2072 3405 2189 3461 Noe
2244 3410 2301 3461 et
2372 3405 2742 3478 superiorum
2819 3404 3285 3477 patriarcharum
3348 3402 3467 3457 vita
3530 3398 3714 3470 scrip—

2070 3496 2197 3549 tum
2230 3494 2450 3566 aliquid
2483 3494 2858 3566 reliquerant.
2910 3494 2970 3549 In
3014 3494 3202 3565 primo
3229 3496 3426 3548 tamen
3457 3489 3714 3545 adversus

2069 3584 2368 3655 Appionem
2424 3583 2573 3639 libro
2643 3587 2818 3656 (pag.
2881 3584 3037 3654 1050)
3107 3584 3375 3638 observat
3432 3580 3712 3652 Hierony-

2070 3687 2236 3726 mum
2268 3688 2336 3726 ex
2391 3671 2465 3727 iis
2512 3671 2898 3743 scriptoribus
2956 3688 3142 3727 unum
3186 3687 3336 3738 esse,
3396 3670 3497 3742 qui
3530 3669 3713 3724 histo-

2071 3759 2188 3815 rias
2220 3761 2526 3817 scribendo
2555 3761 2812 3818 Judaicaa
2840 3760 3031 3832 gentis
3064 3778 3179 3815 non
3212 3760 3520 3815 meminit:
3544 3758 3719 3833 Ἱερώ-

2070 3868 2241 3919 νυμος
2270 3848 2371 3923 γὰρ
2404 3846 2646 3923 οὐδαμοῦ
2676 3849 2811 3903 κατὰ
2841 3849 2939 3916 τὴν
2984 3847 3227 3922 ἱστορίαν
3265 3850 3412 3905 799
3463 3846 3716 3920 ἐμνημόο

2070 3957 2240 4008 νευσε,
2303 3936 2392 3991 καί
2438 3958 2523 3992 τοι
2573 3924 2765 4013 σχεδὸν
2819 3936 2869 3991 ἰν
2924 3942 3040 3999 τοῖς
3086 3936 3278 3999 τόποις
3338 3934 3714 4012 διατετριφώς.

2070 4028 2434 4099 Hieronymus
2461 4030 2612 4084 enim
2639 4044 2983 4099 nequaquam
3029 4029 3210 4083 nostri
3254 4029 3315 4083 in
3346 4027 3577 4083 historia
3606 4042 3717 4081 me-

2071 4118 2259 4182 minit,
2290 4118 2415 4172 licet
2457 4132 2593 4188 pene
2640 4118 2775 4187 ipsis
2806 4118 2937 4172 locis
2986 4118 3239 4171 nutritus
3268 4123 3430 4170 esset.
3484 4117 3719 4169 Fatetur

2072 4205 2270 4277 itaque
2299 4204 2717 4278 Hieronymum
2746 4206 2808 4260 in
2839 4204 2948 4260 hac
2973 4204 3381 4260 lucubratione
3404 4201 3617 4259 missas
3637 4201 3718 4257 fe-

2073 4295 2225 4351 cisse
2254 4311 2346 4350 res
2391 4295 2749 4365 Judaeorum,
2808 4293 3043 4349 tametsi
3103 4292 3416 4366 incognitae
3474 4290 3559 4347 illi
3602 4307 3716 4347 non

2075 4383 2311 4439 fuerint.
2344 4385 2451 4440 Sed
2483 4384 2564 4440 ibi
2609 4402 2743 4441 eum
2794 4383 3056 4440 Hecatam
3104 4382 3366 4455 opponit,
3399 4398 3433 4437 a
3482 4396 3596 4453 quo
3628 4379 3719 4434 hi-

2073 4474 2317 4530 storiam
2344 4474 2415 4529 de
2436 4475 2656 4530 Judaeis
2687 4470 2902 4530 editam
2924 4473 3107 4529 fuisse
3128 4472 3493 4527 testificatur.
3523 4468 3721 4526 Potuit

307 4558 579 4640 {idelicet
599 4583 961 4641 Ῑηάαίεανηηι
1011 4583 1200 4653 libris,
1252 4558 1349 4655 qm
1393 4558 1716 4645 etiamnum;
1747 4590 1807 4645 in
1840 4608 1963 4647 om-
1993 4580 2046 4653 Β
2073 4564 2253 4637 igitur
2282 4563 2341 4618 in
2369 4563 2560 4619 aliena
2590 4563 2837 4619 historia
2865 4567 2967 4619 aut
2997 4560 3510 4632 commentatione,
3546 4558 3720 4616 sicuti

309 4674 477 4729 nium
532 4673 809 4730 manibus
856 4678 1185 4730 versantur.
1235 4674 1654 4734 Verumtamen
1702 4678 1800 4735 ille
1846 4698 1963 4737 non

308 4760 403 4818 his
434 4766 669 4819 tantum
701 4761 870 4818 libris
905 4764 1057 4829 istos,
1108 4767 1174 4818 ut
1202 4761 1465 4834 loquitur
1512 4770 1714 4823 auctor
1743 4774 1961 4839 noster,

307 4851 626 4923 scriptores
652 4850 854 4924 probat
896 4860 993 4907 aut
1042 4852 1272 4907 revincit
1317 4853 1539 4926 (lbid.),
1590 4857 1691 4912 sed
1740 4857 1799 4912 in
1832 4858 1962 4915 aliis

307 4940 485 4997 etiam
517 4946 723 4998 contra
752 4940 1079 5013 Appionem
1123 4940 1291 4997 libris
1322 4958 1471 5013 quos
1492 4944 1619 5015 jam
1652 4947 1963 5005 citavimus

308 5030 568 5101 (Joseph.
602 5030 711 5086 lib.
744 5048 784 5100 1,
835 5040 1025 5086 contra
1072 5031 1305 5102 Appian.
1356 5050 1491 5105 pag.
1543 5035 1681 5090 1039
1711 5041 1767 5091 et
1796 5054 1959 5110 seqq.

306 5134 438 5189 pag.
486 5118 625 5173 1043
677 5120 891 5190 seqq.).
943 5120 1006 5174 In
1056 5118 1148 5173 his
1196 5118 1486 5191 siquidem
1537 5123 1705 5194 plura
1766 5127 1965 5183 retulit

307 5223 373 5262 ex
404 5206 575 5263 libris
595 5207 1092 5279 Egyptiacorum,
1124 5207 1348 5265 scilicet
1368 5212 1733 5269 Manethonis
1753 5216 1963 5287 [Egyp-

310 5295 396 5364 tii,
460 5314 528 5352 ac
584 5296 783 5352 Berosi
838 5296 1127 5366 Chaldaai,
1185 5313 1254 5351 ex
1309 5314 1421 5369 quo
1492 5302 1837 5372 prodierunt
1894 5306 1965 5360 de

312 5384 673 5441 astronomia
701 5389 760 5442 et
808 5385 1211 5442 Chaldaeorum
1259 5386 1635 5462 philosophia
1666 5410 1964 5451 commen-

317 5473 588 5531 tationea.

385 5597 571 5670 Major
600 5597 1164 5672 itaqumdifﬁcultas
1213 5606 1301 5657 est
1348 5601 1419 5658 de
1464 5604 1634 5661 tertio
1665 5607 1968 5681 scriptore,

2075 4655 2145 4709 de
2177 4653 2473 4726 longmvis,
2506 4654 2588 4708 ita
2634 4652 2704 4708 de
2735 4652 2854 4708 vita
2902 4651 3133 4709 illorum
3184 4652 3502 4725 quemdam
3540 4651 3719 4708 inter-

2077 4742 2321 4801 miscere
2350 4759 2699 4799 sermonem.

2145 4900 2221 4951 At
2250 4895 2520 4967 quamvis
2568 4894 2958 4965 Hieronymus
3006 4897 3108 4950 aut
3159 4910 3367 4966 pauca,
3419 4897 3523 4951 aut
3551 4894 3723 4967 plura

2074 4986 2144 5041 de
2174 4986 2369 5057 Moyse
2398 4988 2455 5040 et
2479 4983 2696 5040 Judaeis
2729 4983 2935 5057 quovis
2964 4983 3024 5040 in
3062 4984 3211 5041 libro
3241 4984 3569 5054 tradiderit,
3606 5001 3724 5057 qua

2075 5075 2298 5130 ratione
2331 5073 2565 5146 probari
2611 5078 2800 5144 potest
2847 5073 3013 5128 illum
3068 5073 3251 5129 fuisse
3296 5074 3430 5146 Tyri
3480 5074 3723 5146 regem?

2074 5163 2372 5235 Numquid
2398 5179 2533 5233 ergo
2556 5163 2955 5218 Tertullianus
2978 5163 3218 5218 humani
3240 5163 3460 5235 aliquid
3488 5164 3568 5219 ibi
3592 5180 3722 5236 pas-

2078 5270 2181 5309 sus
2211 5256 2321 5319 est,
2357 5256 2458 5307 aut
2480 5268 2514 5306 a
2544 5250 2802 5307 librariis
2832 5253 3004 5308 verba
3042 5254 3169 5324 ejus
3216 5253 3530 5325 depravata
3559 5257 3720 5324 sunt,

2080 5346 2181 5397 aut
2212 5342 2281 5395 de
2305 5339 2457 5413 regis
2486 5341 2641 5413 Tyrii
2692 5342 2764 5397 ad
2796 5341 3167 5397 Salomonem
3199 5342 3487 5414 epistolis,
3519 5358 3724 5414 quem-

2079 5432 2395 5487 admodum
2436 5429 2796 5503 Theophilus
2840 5431 3259 5502 Antiochenus,
3303 5430 3723 5503 intelligendus

2080 5519 2396 5575 estPVide
2442 5519 2625 5591 igitur
2680 5519 2821 5591 quid
2880 5519 2985 5575 tibi
3016 5521 3282 5577 videatur
3335 5517 3720 5591 probabilius,

2080 5611 2184 5665 aut
2216 5607 2428 5665 melius
2458 5608 2716 5666 invenire
2746 5624 2948 5680 queas.

3626 345 3745 407 882
3846 394 3847 397 η
