4106 6178
422 329 537 388 883

1030 478 1347 518 ARTICULUS
1387 479 1465 519 VI.

432 580 508 634 De
535 578 771 658 aliorum
798 582 951 658 post__
977 579 1213 658 Moysem
1254 594 1536 658 sacrorum
1582 586 1771 658 vatum
1816 585 1998 658 aelate,
2031 582 2083 632 et

504 649 867 723 supputariis
898 649 1214 723 digitdrum
1252 650 1568 720 gesticulis,
1603 657 1658 705 et
1706 650 2083 706 censualibus

505 721 872 777 conferendis
886 762 898 777 .

502 854 583 909 De
614 854 862 911 aliorum
888 860 1020 926 post
1041 855 1256 927 Moysis
1281 859 1526 911 mortem
1552 869 1857 910 sacrorum
1878 858 2082 907 vatum

433 948 770 999 nostrorum
802 949 967 1000 aetate
1014 945 1414 1001 Tertullianus
1462 945 1759 1016 (Apologet.
1821 958 1949 1012 cap.
1999 942 2081 1011 19)

433 1032 519 1088 sic
566 1034 848 1088 adversus
897 1033 1163 1089 ethnicos
1211 1035 1645 1106 pronuntiat:«
1695 1027 1897 1088 Cssteri
1952 1046 2082 1100 pro-

430 1121 616 1193 pheta
645 1122 753 1176 etsi
803 1123 985 1195 Moysi
1018 1124 1419 1195 posthumant,
1447 1121 1860 1178 extremissimi
1880 1125 2078 1174 tamen

434 1228 635 1268 eorum
664 1229 779 1267 non
803 1212 1143 1268 retrosiores
1165 1213 1688 1285 deprehenduntur
1726 1209 2084 1281 primoribus

430 1300 641 1357 vestris
699 1302 1088 1373 sapientibus,
1143 1285 1199 1357 et
1255 1302 1533 1375 legiferis,
1585 1307 1640 1357 et
1693 1299 2010 1355 historicis.
2055 1320 2083 1349 »

433 1392 506 1445 At
534 1390 615 1444 ibi
669 1390 866 1461 plures
925 1409 1066 1447 sane
1123 1392 1363 1447 adhibet
1421 1389 1775 1461 improprios
1810 1388 2085 1460 loquendi

439 1479 645 1533 modos
673 1478 759 1548 (de
790 1481 1008 1534 Resurr.
1043 1481 1240 1536 Christ.
1293 1497 1343 1535 c.
1378 1481 1487 1546 45;
1539 1479 1661 1533 adv.
1712 1479 1998 1532 Valentin.
2034 1492 2080 1530 c.

438 1568 550 1639 35).
586 1568 776 1623 Primo
808 1569 1097 1640 siquidem
1131 1570 1276 1625 dixit
1314 1569 1688 1641 posthumant,
1724 1568 1782 1621 id
1815 1572 1922 1635 est,
1958 1570 2089 1637 post

440 1658 656 1730 Moysis
688 1666 931 1715 mortem
961 1662 1259 1729 vixerunt;
1308 1677 1422 1732 quo
1455 1676 1636 1715 sensu
1685 1656 1821 1711 alibi
1854 1657 2090 1728 scripsit

436 1751 774 1819 posthumat,
808 1754 864 1804 et
884 1752 1316 1822 posthumatum.
1348 1750 1611 1805 Secundo
1643 1747 1743 1818 qui
1776 1746 1871 1801 hic
1900 1752 2084 1801 extre-

438 1838 730 1902 missimos,
762 1839 901 1896 alibi
952 1842 1410 1912 postremissimos
1462 1839 1709 1893 omnium
1732 1854 1751 1891 :
1802 1835 1971 1890 tertio
2002 1851 2087 1889 γε·
2119 1839 2165 1904 Β

439 1928 721 1994 trosinres,
753 1928 809 1983 id
856 1934 964 1996 est,
998 1930 1348 2001 posteriores
1389 1944 1455 1983 ac
1508 1926 1856 1981 recentiores
1887 1925 2089 1995 appel-

438 2013 599 2070 lavit.
630 2015 869 2084 Verum,
904 2019 1133 2073 etiamsi
1166 2018 1259 2074 bis
1291 2016 1571 2073 obsoletis
1604 2032 1669 2069 ac
1700 2015 1966 2069 barbaris
1996 2030 2091 2067 vo-

439 2105 603 2160 cibus
634 2111 853 2176 utatur,
886 2113 1125 2179 apertus
1152 2113 1351 2163 tamen
1384 2111 1474 2162 est
1525 2106 1617 2159 hic
1650 2104 1808 2159 illius
1836 2120 2085 2160 sensus:

440 2191 641 2247 Ceteri
666 2195 958 2266 prophetae
987 2197 1170 2251 nostri
1205 2200 1337 2268 post
1354 2194 1570 2266 Moysis
1601 2192 1837 2263 quidem
1863 2192 2087 2247 obitum

438 2281 746 2338 vixerunt:
798 2285 897 2339 sed
954 2301 1153 2340 eorum
1216 2285 1479 2339 omnium
1534 2281 1727 2337 ultimi
1788 2298 1904 2335 non
1950 2286 2091 2336 sunt

438 2371 795 2442 posteriores
825 2372 1038 2429 Graecis
1078 2374 1468 2447 sapientibus,
1511 2370 1767 2441 legiferis
1816 2376 1874 2425 et
1905 2369 2089 2425 histo-

444 2459 602 2515 ricis.

516 2547 696 2603 Suam
727 2566 897 2621 porro
937 2552 1288 2608 sententiam
1338 2567 1452 2607 non
1512 2549 1624 2604 alio
1679 2549 1885 2619 probat
1915 2566 2088 2619 argu-

446 2640 665 2701 mento,
694 2637 809 2693 nisi
832 2641 1072 2711 prolatis
1096 2643 1354 2714 plurium
1378 2644 1685 2696 auctorum
1712 2639 2048 2694 nominibus
2073 2654 2086 2693 :

445 2724 535 2779 vel
568 2726 706 2797 quia
734 2729 983 2799 gentiles
1031 2731 1257 2802 publice
1306 2745 1509 2786 eorum
1559 2726 1887 2782 auctoritati
1918 2744 2088 2799 repu-

444 2828 624 2885 gnare
655 2820 712 2870 et
741 2817 1009 2875 resistere
1041 2836 1155 2875 non
1204 2822 1512 2893 poterant;
1546 2818 1636 2874 vel
1686 2823 1826 2890 quia
1856 2816 2090 2888 longius

443 2901 654 2957 fuisset
673 2904 907 2977 singula
938 2907 1172 2964 illorum
1204 2909 1545 2965 testimonia
1578 2909 1685 2964 hoc
1715 2909 1773 2961 in
1803 2907 1953 2961 libro
1986 2907 2089 2960 de-

443 2989 718 3057 scribere,
751 2994 809 3048 in
842 3011 957 3065 quo
989 2997 1257 3053 brevitati
1297 2996 1635 3053 consultum
1686 3012 1814 3052 esse
1839 2994 2087 3049 volebat.

442 3078 499 3132 Si
532 3079 666 3149 quis
706 3086 902 3139 tamen
950 3085 1091 3140 illud
1125 3087 1479 3157 quibusdam
1514 3086 1721 3141 saltem
1755 3082 2087 3140 confirmari

443 3167 720 3277 pqstulet,
752 3170 1064 3277 is‘naudiat
1120 3175 1509 3246 Theophilum
1563 3175 1687 3245 (lib.
1738 3191 1824 3243 ιιι,
1881 3173 1952 3227 ad
1981 3174 2087 3226 Au—
2120 3210 2162 3277 α

444 3255 608 3326 tolyc.
641 3274 770 3330 pag.
805 3261 908 3315 132
951 3266 1141 3334 seqq.)
1189 3264 1614 3319 Antiochenum
1658 3264 1743 3318 sic
1774 3277 2089 3333 argumen-

444 3350 706 3401 tantem:
743 3348 1016 3417 Ultimus,
1066 3352 1280 3425 inquit,
1333 3354 1749 3425 prophetarum
1782 3352 2090 3407 Zacharias

448 3439 741 3502 censetur,
774 3439 872 3508 qui
928 3447 1193 3513 tempora
1250 3442 1404 3497 Darii
1464 3443 1615 3511 regis
1667 3442 1885 3513 attigit.
1917 3440 2089 3496 Solon

448 3526 645 3578 autem
693 3525 1063 3584 Atheniensis
1107 3530 1561 3601 antiquissimus
1603 3529 1901 3601 legislator
1946 3535 2093 3585 tem-

449 3626 590 3681 pore
620 3629 821 3683 regum
854 3616 979 3686 Cyri
1031 3623 1085 3672 et
1131 3619 1278 3673 Darii
1328 3619 1540 3675 vixisse
1583 3620 1939 3690 perhibetur.
1974 3619 2092 3673 Ca:-

447 3697 555 3752 teri
588 3716 722 3771 ergo
774 3705 1063 3775 prophetas
1114 3708 1244 3761 aliis
1274 3706 1705 3779 legislatoribus
1746 3707 2092 3762 vetustiores

449 3791 610 3851 sunt,
642 3795 698 3843 et
723 3792 908 3847 multo
944 3796 1129 3866 magis
1162 3797 1408 3869 Moyses,
1441 3798 1540 3868 qui
1574 3802 1708 3851 ante
1736 3796 1938 3850 Jovem
1971 3799 2093 3849 Cre-

447 3880 672 3931 tensem
695 3883 871 3951 atque
892 3881 1109 3952 ipsum,
1136 3892 1201 3940 ut
1222 3886 1497 3955 diximus,
1521 3886 1838 3956 Trojanum
1873 3883 2090 3938 bellum

446 3962 665 4020 ﬂoruit.
700 3968 813 4023 Nec
862 3970 918 4024 id
969 3971 1185 4028 dixisse
1241 3974 1387 4029 satis
1442 3972 1766 4045 Theophilo
1815 3971 1950 4038 fuit,
1990 3970 2091 4026 sed

444 4052 704 4109 exhibita
731 4055 809 4111 ibi
859 4058 1207 4116 brevissima
1258 4062 1637 4135 chronologia
1689 4062 2093 4116 demonstrare

444 4140 674 4198 nititur.

516 4229 672 4287 800
697 4233 988 4309 Josephus
1016 4256 1150 4296 vero
1181 4240 1250 4295 de
1280 4240 1693 4296 historicorum
1735 4243 1902 4293 astate
1935 4237 2092 4292 hunc

443 4315 707 4390 loquitur
732 4324 790 4380 in
822 4328 1061 4383 modum
1088 4328 1210 4396 (lib.
1246 4347 1284 4394 ι,
1314 4331 1495 4385 Contr.
1521 4330 1771 4399 Appiam,
1798 4344 1854 4398 p.
1890 4326 2085 4393 1934):

444 4408 511 4464 Οἱ
547 4410 639 4482 μέν
690 4433 775 4468 τοι
822 4417 918 4479 τὰς
967 4418 1210 4494 ἱστορίας
1254 4418 1699 4494 ἐπιχειρήσαντες
1763 4417 2087 4493 συγγράφειν

442 4499 569 4572 παρ’
599 4499 803 4574 αὐτοῖς,
839 4504 982 4582 λέγω
1034 4506 1089 4561 δὲ
1135 4507 1262 4569 τοὺς
1310 4509 1429 4582 περί
1483 4504 1702 4579 Κάδμον
1754 4526 1812 4559 τε
1840 4506 1929 4559 τὸν
1981 4508 2089 4561 Μι-

443 4582 640 4655 λήσιον
673 4634 689 4662 ,
746 4594 835 4647 καὶ
892 4596 982 4649 τὸν
1038 4598 1278 4672 Ἀργεῖον
1341 4595 1697 4652 Ἀκουσίλαον
1731 4641 1745 4665 ,
1803 4595 1893 4649 καὶ
1957 4573 2165 4667 μετῶΒ

438 4678 629 4732 τοῦτον
664 4676 882 4743 εἷ’τινες
932 4680 1094 4738 ἄλλοι
1148 4682 1395 4760 λέγονται
1454 4686 1717 4759 γένεσθαι,
1772 4681 1949 4758 βραχὺ
1986 4689 2087 4751 τῆς

441 4762 664 4837 Περσῶν
698 4765 783 4820 ἐπὶ
822 4769 920 4837 τὴν
970 4768 1207 4826 Ἐλλάδα
1260 4772 1537 4845 στρατείας
1582 4776 1660 4843 τῷ
1711 4771 1895 4846 χρόνῳ
1924 4768 2085 4844 προέ-

441 4847 636 4907 λαϐονο
700 4858 806 4925 Qui
859 4864 1042 4915 autem
1078 4860 1372 4918 historias
1443 4862 1593 4934 apud
1668 4879 1756 4917 eos
1811 4862 2085 4933 (Graecos)

439 4946 784 5001 conscribere
837 4956 1135 5018 tentavere,
1198 4954 1259 5007 id
1312 4957 1409 5019 est,
1472 4951 1704 5008 Cadmus
1734 4952 1987 5007 Milesius
2032 4953 2085 5005 et

439 5032 730 5088 Acusilaus
756 5035 1010 5105 Argivus,
1032 5048 1083 5094 et
1111 5044 1226 5111 post
1264 5042 1410 5096 hunc
1437 5044 1749 5114 quicunque
1777 5041 1880 5095 alii
1906 5040 2085 5109 fuisse

437 5116 726 5190 feruntur,
746 5127 979 5194 paulum
1000 5129 1298 5185 Persarum
1328 5131 1475 5202 (Cyri
1508 5136 1564 5186 et
1586 5130 1766 5199 Darii)
1794 5129 2087 5201 expeditio-

440 5223 569 5262 nem
598 5223 927 5279 praecesserc
957 5220 1017 5288 (t.
1078 5223 1120 5289 Ι,
1153 5220 1413 5290 Apparal.
1464 5237 1595 5292 pag.
1645 5219 1785 5274 1165
1828 5235 1991 5289 seqq.
2023 5234 2082 5289 p.

440 5294 583 5351 1355
628 5302 839 5375 seqq.).
899 5304 1015 5361 Nos
1064 5322 1195 5362 vero
1245 5307 1317 5363 de
1348 5307 1576 5364 Crescite
1625 5307 1992 5379 sapientibus
2031 5310 2087 5361 et

442 5400 643 5443 eorum
676 5394 841 5447 astate
872 5393 930 5449 in
962 5395 1152 5465 primo
1181 5400 1512 5469 Apparatus
1561 5397 1746 5454 nostri
1778 5402 1935 5452 tomo
1962 5394 2082 5449 dis-

443 5477 804 5546 putavimus.
838 5481 917 5539 De
945 5485 1158 5557 Moysis
1188 5502 1359 5557 porro
1391 5493 1448 5543 et
1486 5487 1734 5543 aliorum
1768 5483 2084 5557 propheta-

444 5579 579 5621 rum
609 5572 871 5640 tempore
917 5572 1146 5645 egimus
1190 5592 1305 5632 non
1353 5577 1541 5633 solum
1580 5577 1641 5630 in
1688 5576 1888 5630 eodem
1921 5572 2084 5629 citati

443 5659 776 5727 Apparatus
823 5663 1009 5719 nostri
1051 5662 1198 5736 loco,
1247 5665 1350 5722 sed
1381 5666 1441 5721 in
1490 5663 1778 5737 superiori
1806 5664 1981 5721 etiam
2011 5663 2082 5717 de

943 326 1475 389 TERTULLIANI
1520 327 1843 389 OPERUM
1890 328 2095 390 PARS
2140 328 2189 389 Ι.
2228 359 2302 373 -
2330 330 2607 392 SERIES
2652 332 2703 406 Ι,
2747 330 3317 393 APOLOGETICA.

3683 333 3788 394 884
3806 320 3809 331 .

2102 466 2158 532 Α
2190 465 2477 520 Lactantii
2526 465 2796 536 cperibus
2847 466 3259 523 dissertatione
3299 466 3448 537 (Cap.
3495 468 3546 531 2,
3595 472 3694 522 art.
3751 470 3798 535 1,

2192 558 2250 610 et
2280 556 2356 625 2).

2263 645 2524 716 Denique
2556 645 2959 701 Tertullianus
2980 644 3253 701 certiores
3292 660 3396 699 nos
3427 644 3557 699 facit
3585 645 3649 699 ad
3677 650 3809 700 recte

2192 734 2554 806 designanda
2612 735 2848 790 illorum
2906 734 3169 790 omnium
3216 737 3272 789 et
3320 734 3716 805 prophetarum
3761 739 3812 789 et

2191 822 2561 879 ethnicorum
2594 824 2947 895 scriptorum
2969 829 3252 895 tempora,
3280 825 3466 878 multis
3496 825 3806 878 instrumen-

2192 914 2281 981 tis,
2313 913 2422 967 hoc
2452 918 2541 967 est
2587 912 2752 968 libris
2799 918 2855 967 et
2908 912 3328 984 chronologiis,
3377 928 3498 967 cum
3526 912 3809 982 digitorum

2191 1001 2542 1071 supputariis
2572 1001 2849 1069 gesticulis
2901 999 3247 1055 assidendum
3295 1014 3422 1055 esse
3471 999 3808 1069 (Tertullian.

2191 1088 2461 1160 Apologet.
2497 1106 2621 1161 cap.
2657 1088 2766 1159 19).
2809 1090 2918 1144 Sed
2970 1105 3097 1160 qua:
3128 1093 3286 1155 sunt,
3337 1088 3561 1161 rogabit
3590 1087 3813 1159 aliquis,

2192 1182 2249 1231 et
2279 1193 2549 1246 quorsum
2584 1183 2850 1248 spectant
2882 1177 2980 1232 illa
3011 1177 3356 1249 supputaria
3388 1177 3694 1250 digitorum
3727 1194 3814 1249 ge-

2195 1264 2453 1320 sticula?
2484 1266 2990 1337 Respondebimus
3012 1266 3208 1337 itaque
3236 1281 3302 1320 ea
3323 1265 3469 1321 nihil
3503 1266 3653 1321 aliud
3684 1282 3815 1336 esse,

2196 1352 2307 1408 nisi
2335 1354 2649 1422 digitorum
2684 1360 2885 1425 gestus
2917 1371 2981 1409 ac
3005 1360 3217 1424 motus,
3247 1355 3465 1427 quibus
3498 1354 3712 1426 antiqui
3741 1370 3818 1409 so-

2192 1442 2392 1498 lebant
2424 1459 2605 1498 annos
2637 1461 2800 1499 resve
2832 1443 2973 1499 alias
3006 1461 3335 1500 numerare.
3371 1445 3452 1499 De
3496 1443 3724 1514 longaevi
3746 1441 3814 1497 si-

2194 1533 2430 1602 quidem
2453 1533 2713 1589 Nestoris
2743 1535 2913 1589 annis
2943 1534 3153 1589 cecinit
3193 1533 3495 1589 Juvenalis
3526 1533 3712 1605 (Satir.
3746 1532 3821 1599 10,

2194 1638 2249 1691 ν,
2279 1622 2406 1693 240)
2433 1638 2446 1676 :

2319 1747 2769 1820 gelixpimirum,
2800 1748 2890 1811 qui
2920 1762 3017 1820 per
3045 1751 3124 1820 tot
3153 1748 3351 1820 saecula
3383 1752 3609 1820 mortem

2322 1810 2549 1869 Distulit,
2583 1816 2743 1874 atque
2773 1810 2896 1860 suos
2917 1810 3029 1873 jam
3062 1811 3247 1860 dextra
3279 1816 3555 1873 computat
3585 1823 3757 1860 annos.

2197 1923 2422 1980 Plinius
2455 1941 2585 1981 vero
2617 1930 2817 1980 narrat
2847 1925 3234 1981 simulacrum
3264 1925 3401 1981 Jani
3426 1926 3638 1983 factum
3669 1924 3826 1980 fuisse

2198 2013 2395 2085 digitis
2425 2031 2491 2069 eo
2526 2015 2695 2071 modo
2722 2015 3011 2085 ﬁguratis,
3041 2031 3158 2085 quo
3181 2017 3287 2071 365
3308 2014 3539 2070 dierum
3564 2030 3821 2070 numerus

2198 2103 2568 2158 indicabatur
2596 2104 2722 2173 (lib.
2772 2120 2961 2172 xxxiv,
3015 2105 3153 2158 Hist.
3203 2106 3400 2160 natur.
3453 2120 3581 2175 cap.
3626 2104 3681 2170 7,
3710 2117 3820 2173 pag.

2200 2193 2345 2264 182).
2406 2192 2699 2264 Scriptum
2758 2209 2993 2264 quoque
3050 2195 3120 2248 ab
3181 2193 3532 2265 Hieronymo
3597 2192 3821 2263 legimus

2197 2279 2322 2350 (lib.
2357 2298 2396 2350 1,
2446 2282 2569 2337 adv.
2618 2284 2797 2338 Jovin.
2856 2299 2989 2354 pag.
3028 2282 3190 2353 146):
3227 2304 3255 2332 «
3315 2281 3676 2337 Centesimus
3722 2296 3815 2334 nu-

2199 2387 2398 2425 merus
2428 2372 2496 2426 de
2527 2370 2771 2426 sinistra
2804 2370 3156 2427 transfertur
3184 2372 3256 2426 ad
3307 2372 3625 2437 dexteram,
3656 2374 3709 2425 et
3733 2368 3821 2422 iis-

2198 2459 2331 2514 dem
2364 2460 2601 2530 quidem
2634 2460 2852 2532 digitis,
2882 2461 2984 2516 sed
3017 2477 3133 2516 non
3157 2460 3361 2515 eadem
3398 2475 3595 2525 manu,
3629 2457 3817 2528 quibus

2198 2548 2260 2603 in
2311 2548 2452 2604 lava
2499 2553 2691 2620 nuptas
2741 2549 3152 2621 significantur
3198 2554 3256 2604 et
3302 2549 3516 2615 viduae,
3564 2545 3820 2603 circulum

2199 2638 2415 2693 faciens
2445 2637 2719 2710 exprimit
2759 2638 3117 2710 virginitatis
3167 2654 3469 2693 coronam.
3507 2660 3527 2686 υ
3578 2639 3646 2691 At
3673 2634 3822 2704 longe

2199 2715 2369 2784 antea
2398 2726 2702 2798 Apuleius,
2734 2726 2831 2781 ubi
2875 2727 2946 2783 de
2993 2726 3339 2782 Pudentilla:
3390 2730 3560 2781 aetate
3584 2725 3820 2795 disputat

2198 2818 2491 2888 (Apologet.
2530 2835 2589 2885 ιι,
2639 2821 2774 2888 post
2816 2817 2970 2871 med.
3023 2833 3156 2888 pag.
3207 2816 3374 2886 375):
3442 2838 3469 2865 «
3520 2816 3575 2868 Si
3607 2813 3822 2885 triginta

2200 2923 2405 2975 annos,
2454 2906 2663 2975 inquit,
2715 2922 2817 2977 pro
2862 2907 3064 2961 decem
3113 2904 3382 2975 dixisses,
3438 2920 3633 2976 posses
3662 2897 3822 2956 videri

2200 3014 2302 3069 pro
2350 2997 2805 3068 computationis
2854 3003 3024 3068 gestu
3068 3012 3317 3063 errasse,
3370 3012 3522 3067 quos
3570 2992 3820 3049 circulare

2198 3086 2473 3141 debueris
2503 3085 2713 3157 digitos
2744 3090 3064 3157 aperuisse.
3098 3085 3244 3140 Cum
3286 3101 3429 3140 vero
3460 3081 3821 3156 quadraginta

2201 3192 2327 3246 quas
2358 3175 2588 3229 facilius
2618 3175 2840 3230 casteria
2876 3178 3140 3245 porrecta
3184 3173 3379 3244 palma
3426 3172 3819 3244 signiﬁcantur,

2188 3281 2268 3331 ea
2298 3265 2686 3335 quadraginta
2716 3271 2777 3318 tu
2812 3263 3056 3318 dimidio
3107 3279 3309 3335 auges,
3341 3279 3463 3318 non
3514 3268 3667 3333 potes
3692 3257 3817 3329 digi-

2199 3358 2393 3409 torum
2426 3358 2592 3423 gestu
2638 3368 2882 3418 errasse,
2928 3351 3040 3406 nisi
3090 3351 3234 3406 forte
3265 3351 3514 3421 triginta
3559 3361 3817 3405 annorum

2199 3440 2588 3497 Pudentillam
2617 3445 2799 3507 ratus,
2843 3440 3014 3495 binos
3058 3440 3347 3511 cujusque
3393 3440 3535 3494 anni
3580 3433 3821 3493 consules

2201 3531 2547 3585 numerasti.
2596 3552 2622 3579 ››
2671 3528 3067 3584 Tertullianus
3114 3527 3313 3599 itaque
3360 3527 3656 3600 signiﬁcat
3693 3538 3821 3594 opus

2200 3637 2331 3675 esse
2361 3620 2568 3688 majori
2594 3620 2735 3687 otio,
2784 3622 2842 3672 et
2888 3616 3135 3688 longiori
3184 3617 3256 3671 ab
3296 3618 3573 3671 instituto
3621 3630 3716 3671 suo
3744 3611 3821 3665 di-

2200 3708 2519 3777 gressione,
2548 3712 2609 3762 ut
2630 3707 2746 3761 illis
2766 3706 3083 3777 digitorum
3102 3705 3367 3777 gestibus
3392 3710 3537 3761 aetas
3555 3710 3637 3759 tot
3656 3700 3821 3770 scrip-

2202 3804 2397 3853 torum
2429 3815 2491 3852 ac
2524 3796 2940 3868 prOphetarum
2972 3800 3365 3866 computetur.

2270 3889 2362 3955 At,
2412 3892 2618 3957 praeter
2669 3885 2816 3939 hanc
2877 3882 3139 3953 aliasque
3197 3899 3384 3937 annos
3439 3875 3820 3938 dinumerandi

2201 3973 2580 4031 difﬁcultates
2610 3972 2974 4044 (Tertullian.
3006 3972 3287 4041 Apologet.
3321 3988 3457 4042 cap.
3494 3970 3601 4040 19),
3632 3969 3820 4024 Graeco-

2199 4082 2326 4121 rum
2381 4065 2566 4129 etiam,
2630 4062 2713 4117 ait
2768 4063 2885 4127 ille,
2942 4062 3218 4116 censuales
3266 4060 3608 4130 confercndi.
3666 4056 3820 4112 Nemo

2200 4171 2339 4209 sane
2370 4170 2484 4208 non
2520 4152 2673 4206 videt
2700 4149 2781 4206 ibi
2827 4166 3037 4206 nomen
3083 4150 3221 4204 libri
3259 4148 3345 4204 vel
3375 4149 3586 4205 codices
3623 4146 3819 4202 subau-

2200 4242 2333 4298 diri.
2365 4239 2681 4297 Censuales
2724 4245 2921 4294 autem
2968 4255 3064 4294 eos
3090 4243 3262 4292 vocat
3300 4236 3509 4303 libros,
3537 4236 3595 4291 in
3629 4232 3822 4306 quibus

2201 4338 2330 4386 acta
2357 4335 2413 4385 et
2443 4324 2638 4383 rerum
2668 4332 2967 4398 gestarum
2996 4326 3238 4381 annales
3269 4342 3303 4380 a
3346 4325 3563 4381 scribis
3593 4328 3648 4378 et
3677 4324 3821 4375 nota-

2199 4420 2302 4475 riis
2336 4419 2603 4491 publicis,
2663 4415 2750 4471 vel
2784 4415 2917 4471 aliis
2975 4416 3269 4486 descripta
3317 4419 3508 4469 erant.
3554 4413 3667 4468 Nos
3706 4421 3822 4463 vero

2200 4508 2306 4564 hos
2337 4507 2517 4563 libros
2564 4506 2712 4563 801
2750 4504 2955 4571 diaria,
2988 4508 3045 4559 et
3093 4505 3282 4575 magis
3333 4503 3563 4575 vulgari
3612 4496 3823 4555 nomine

2198 4596 2433 4668 publica
2464 4595 2789 4650 scribarum
2822 4593 3070 4665 registra
3102 4608 3539 4662 nuncupamus.

2267 4684 2574 4749 Caeterum,
2597 4681 2831 4737 tametsi
2853 4679 3252 4735 Tertullianus
3278 4684 3364 4736 tot
3385 4682 3457 4735 ad
3484 4674 3821 4752 probandam

2197 4791 2374 4829 sacrae
2400 4773 2709 4843 Scriptura:
2757 4769 3167 4839 antiquitatem
3216 4775 3566 4840 argumenta
3597 4762 3824 4821 breviter

2197 4861 2549 4933 exposuerit,
2581 4856 2850 4931 quisquis
2881 4864 3081 4912 tamen
3113 4854 3346 4912 illorum
3380 4857 3613 4927 pondus
3658 4858 3714 4907 et
3739 4864 3822 4904 ro-

2197 4952 2309 5008 bur
2345 4968 2407 5008 se
2464 4949 2788 5021 intelligere
2841 4951 3033 5018 negat,
3094 4946 3145 5003 is
3193 4963 3255 5002 se
3311 4947 3512 5019 ipsum
3560 4950 3823 5000 occaecato

2195 5041 2450 5096 voluisse
2479 5040 2725 5094 videtur.
2760 5037 3126 5107 Quapropter
3171 5040 3355 5092 totam
3392 5036 3541 5091 hanc
3573 5032 3821 5103 disputa-

2195 5130 2414 5186 tionem
2449 5128 2658 5184 melius
2688 5124 2985 5181 absolvere
3014 5140 3130 5180 non
3161 5142 3500 5195 possumus,
3535 5136 3708 5194 quam
3740 5115 3821 5169 his

2196 5218 2383 5290 ipsius
2414 5219 2486 5273 ad
2518 5214 2765 5289 gentiles
2809 5212 2921 5268 alio
2953 5211 3012 5267 in
3064 5211 3212 5269 libro
3256 5214 3449 5270 verbis
3500 5212 3583 5280 (dc
3611 5206 3821 5267 Testim.

2196 5310 2368 5362 anim.
2421 5324 2548 5379 cap.
2597 5307 2669 5360 5:
2707 5326 2736 5354 «
2784 5302 3017 5357 Atenim
3066 5318 3201 5357 cum
3250 5302 3455 5358 divinas
3504 5299 3816 5368 Scriptura},

2195 5413 2321 5467 quae
2352 5412 2531 5469 penes
2562 5410 2690 5460 nos,
2725 5390 2812 5448 vel
2855 5390 3090 5445 Judaeos
3130 5394 3291 5458 sunt,
3325 5391 3384 5446 in
3432 5401 3682 5462 quorum
3707 5380 3821 5478 olea

2194 5490 2251 5541 et
2282 5486 2526 5541 oleastro
2557 5482 2720 5538 insiti
2749 5495 2981 5545 sumus,
3006 5478 3191 5534 multo
3224 5478 3602 5536 saecularibus
3626 5475 3818 5529 litteris

2194 5590 2311 5629 non
2360 5572 2592 5628 modica
2638 5574 2866 5625 tantum
2909 5570 3079 5623 aetate
3130 5566 3331 5641 aliqua
3379 5564 3733 5625 antecedant,
3764 5559 3820 5610 ut

2193 5661 2318 5720 loco
2349 5678 2455 5721 suo
2486 5658 2831 5720 edocuimus
2862 5656 2934 5713 ad
2973 5655 3149 5715 fidem
3181 5673 3384 5719 earum
3430 5654 3815 5715 demonstran-
