4106 6178
280 306 401 367 885

284 530 490 601 utique
520 531 590 586 de
624 531 839 587 nostris
870 532 1223 587 credendum
1257 532 1387 599 erit,
1422 548 1539 586 non
1571 532 1641 586 de
1690 530 1931 599 vestris;

278 624 421 691 quia
453 620 676 691 potiora
705 624 845 676 sunt
874 621 945 676 ad
991 620 1401 677 instruendam
1429 620 1685 675 animam
1721 620 1932 690 priora,

280 726 464 781 quam
527 715 784 780 postera,
842 727 967 781 quae
1024 715 1080 765 et
1134 710 1263 781 ipsa
1314 728 1346 766 a
1396 711 1690 782 prioribus
1718 709 1935 764 instrui

277 797 677 868 sustinebant,
712 816 845 855 cum
876 800 982 855 etsi
1015 801 1084 855 de
1116 801 1325 855 vestris
1356 800 1703 855 instructam
1739 814 1935 853 conce-

274 889 514 953 damus,
550 889 621 942 ad
650 889 933 957 originem
994 894 1191 943 tamen
1254 888 1635 960 principalem
1699 886 1932 941 traditio

275 977 589 1044 pertineat,
624 984 1011 1048 nostrumque
1044 980 1280 1032 omnino
1314 977 1410 1043 sit,
1436 979 1829 1048 quodcunque
1863 976 1933 1029 de

273 1064 498 1119 nostris
555 1065 882 1135 sumpsisse
939 1072 996 1120 et
1026 1066 1337 1121 tradidisse
1367 1065 1613 1136 contigit
1667 1064 1850 1117 vobis.
1905 1084 1933 1111 »

275 1153 531 1207 Demum
562 1153 621 1207 in
652 1155 990 1224 Apologetico
1021 1156 1255 1209 eosdem
1291 1154 1482 1208 adhuc
1529 1153 1793 1207 ethnicos
1851 1152 1934 1206 sic

276 1241 605 1313 alloquitur
636 1244 781 1313 (cap.
816 1244 903 1312 45,
936 1258 1067 1314 pag.
1099 1244 1222 1313 49D)
1256 1260 1268 1296 :
1306 1264 1334 1292 «
1365 1243 1571 1297 Sciatis
1604 1242 1762 1313 ipsas
1794 1258 1935 1311 quo-

274 1346 395 1402 que
424 1330 581 1401 leges
608 1341 851 1397 vestras,
899 1349 1026 1402 quae
1081 1333 1354 1386 videntur
1410 1333 1478 1386 ad
1537 1330 1932 1385 innocentiam

274 1435 544 1490 pergere,
578 1421 647 1475 de
681 1421 877 1474 divina
934 1420 1082 1490 lege,
1144 1425 1207 1474 ut
1271 1421 1624 1491 antiquiore,
1687 1421 1934 1475 formam

274 1514 603 1563 mutuatas.
643 1531 665 1559 ι
702 1510 771 1563 Et
802 1514 954 1564 certe
989 1512 1047 1563 in
1080 1509 1211 1564 aliis
1240 1511 1457 1565 nostris
1506 1508 1932 1564 dissertationi-

275 1598 393 1652 bus
452 1598 684 1653 abunde
740 1599 1111 1653 ostendimus
1173 1600 1493 1669 scriptores
1552 1598 1818 1653 ethnicos
1866 1614 1935 1651 ex

277 1687 469 1741 sacris
499 1689 718 1742 nostris
747 1686 912 1742 libris
945 1686 1113 1758 plura
1144 1687 1452 1752 delibasse,
1486 1704 1613 1758 qua:
1665 1686 1749 1740 illi
1802 1704 1936 1757 pra-

276 1774 368 1829 vis
399 1776 695 1830 erroribus
725 1776 847 1831 suis
881 1776 1052 1846 plane
1082 1781 1483 1849 corruperunt.
1516 1779 1588 1831 At
1620 1792 1789 1830 nemo
1849 1779 1935 1830 est

278 1864 381 1933 qui
443 1880 511 1920 ex
566 1865 738 1920 dictis
796 1882 911 1920 non
970 1865 1139 1919 facile
1188 1865 1464 1936 intelligit
1513 1882 1687 1937 quam
1724 1869 1935 1919 rectea

285 1953 650 2009 Tertulliani:
682 1959 880 2010 nostro
914 1954 1155 2025 probata
1186 1954 1263 2009 sit
1312 1954 1544 2009 illorum
1590 1953 1932 2025 antiquitas.

282 2044 369 2096 Ad
430 2059 632 2098 eorum
694 2060 825 2099 vero
884 2043 1285 2099 auctoritatem
1343 2042 1745 2115 explicandam
1778 2059 1935 2097 nunc

281 2147 617 2187 veniamus.

885 2266 1204 2306 ARTICULUS
1244 2267 1340 2306 VII.

283 2354 562 2424 Quomodo
592 2354 973 2413 Tertullianus
1003 2358 1329 2413 demonstret
1357 2357 1605 2413 divinam
1624 2373 1738 2413 esse
1757 2372 1938 2414 sacrae

353 2429 662 2499 Scriptura?
692 2432 1103 2497 auctoritatem,
1138 2447 1235 2485 nec
1267 2431 1421 2484 illius
1455 2430 1828 2501 ignorantiam
1861 2431 1935 2485 ab

358 2501 595 2555 ethnicis
619 2516 773 2571 posse
794 2502 980 2571 objici.

356 2614 484 2670 Non
516 2632 585 2671 ex
614 2615 740 2672 sola
785 2616 1132 2689 antiquitate
1190 2615 1586 2672 Tertullianus
1639 2632 1937 2673 summam

284 2704 603 2776 Scriptura:
681 2722 858 2761 sacrm
937 2706 1340 2762 auctoritatem
1403 2707 1652 2777 repetit,
1712 2707 1809 2761 sed
1871 2723 1937 2761 eo

287 2793 546 2849 maxime
582 2795 734 2865 quod
769 2794 965 2849 divina
995 2795 1203 2862 sit,seu
1230 2794 1439 2850 litteris
1471 2796 1689 2849 tradita
1718 2796 1789 2850 ab
1822 2794 1938 2851 illis

289 2882 500 2954 utique
528 2883 667 2939 viris
700 2886 801 2955 qui
858 2890 1025 2940 erant
1083 2884 1279 2940 divino
1334 2884 1551 2956 Spiritu
1610 2885 1813 2955 afﬂati,
1873 2901 1939 2939 ac

288 2972 489 3028 futura
545 2978 697 3028 certe
754 2974 1145 3045 praedixerunt
1200 2974 1352 3046 (Ibid.
1414 2991 1541 3046 cap.
1574 2975 1664 3046 20)
1699 2991 1712 3029 :
1748 2995 1771 3027 α
1805 2974 1939 3029 Ido—

292 3078 471 3117 neum
504 3062 720 3135 quippe
752 3063 1154 3120 testimonium
1187 3063 1532 3129 divinitatis,
1564 3064 1646 3119 ait
1676 3062 1790 3132 ille,
1850 3066 1941 3118 est

287 3152 506 3208 veritas
565 3153 961 3209 divinationis.
1024 3176 1051 3202 υ
1093 3154 1290 3224 Neque
1320 3152 1377 3207 id
1413 3152 1568 3208 ullus
1603 3168 1811 3225 negare
1845 3169 1940 3225 po-
1968 3186 2011 3252 C

286 3246 462 3308 terat,
498 3258 603 3298 nec
635 3242 746 3314 ipsi
798 3242 1034 3313 quidem
1094 3242 1363 3314 gentiles,
1424 3242 1521 3314 qui
1584 3259 1751 3297 veros
1810 3258 1938 3297 esse

288 3333 428 3387 deos
461 3348 600 3387 suos
630 3331 764 3387 inde
795 3333 1075 3387 conficere
1106 3332 1488 3397 conabantur,
1523 3332 1661 3402 quia
1691 3348 1784 3386 res
1844 3331 1937 3385 fu-

287 3426 455 3475 turas
486 3420 557 3475 ab
590 3419 662 3475 iis
693 3420 1118 3492 praanuntiatas
1147 3438 1274 3476 esse
1306 3422 1712 3476 autumabant.
1775 3420 1936 3475 Chri-

286 3509 465 3564 stiani
494 3527 627 3565 vero
664 3509 776 3565 vim
808 3511 985 3582 hujus
1016 3510 1368 3583 argumenti,
1403 3509 1485 3566 sic
1516 3512 1587 3565 ab
1620 3509 1937 3582 gentilibus

293 3599 580 3671 usurpati,
613 3616 725 3655 non
759 3599 932 3655 aliam
967 3601 1038 3655 ob
1085 3616 1321 3655 causam
1372 3599 1770 3669 intirmabaut,
1826 3597 1938 3653 nisi

290 3689 431 3760 quia
488 3695 588 3744 aut
618 3688 773 3745 falsae
805 3693 972 3744 erant
1032 3688 1369 3759 hujusmodi
1402 3688 1761 3743 factitiorum
1795 3692 1937 3743 deo-

293 3794 426 3832 rum
459 3777 887 3849 prwdictiones,
918 3782 1019 3834 aut
1048 3778 1379 3833 daemonum
1413 3777 1638 3832 artibus
1686 3782 1741 3832 et
1788 3794 1937 3848 pra:-

294 3866 487 3939 stigiis
536 3869 891 3940 excogitatas.
943 3868 1114 3924 Solus
1146 3882 1397 3937 namque
1427 3882 1598 3922 verus
1629 3866 1805 3934 Deus,
1837 3869 1939 3920 aut

295 3956 592 4028 propheta:
645 3957 863 4029 Spiritu
923 3956 1083 4013 illius
1142 3955 1374 4028 repleti,
1436 3960 1685 4027 possunt
1742 3955 1955 4033 futura.

294 4050 451 4101 certo
484 4046 895 4118 praenuntiata.
932 4045 1105 4117 Atqui
1155 4045 1430 4117 plurima,
1488 4045 1682 4116 inquit
1739 4050 1941 4100 auctor

293 4139 513 4202 noster,
566 4136 768 4191 eodem
822 4136 995 4191 modo
1048 4135 1171 4205 jam
1230 4135 1378 4189 facta
1413 4134 1729 4202 cernimus,
1763 4150 1874 4204 quo
1907 4150 1940 4188 a

292 4224 477 4279 sacris
510 4224 745 4281 vatibus
776 4224 996 4280 nostris
1021 4227 1468 4295 przemonstrata
1501 4223 1749 4278 fuerant.

358 4314 527 4368 Brevi
558 4321 754 4369 autem
804 4314 1083 4369 harumce
1141 4313 1582 4384 prmdictionum
1636 4328 1938 4368 enumera-

291 4402 447 4457 tione
478 4403 624 4458 illud
654 4404 997 4474 comprobat
1030 4402 1235 4475 (lbtd.).
1281 4406 1449 4456 Nunc
1498 4402 1676 4471 enim,
1729 4406 1793 4456 ut
1841 4400 1938 4455 ille

290 4493 394 4555 ait,
430 4492 1146 4564 Terrae,quemadmodum
1178 4508 1211 4546 a
1242 4491 1428 4546 sacris
1460 4490 1763 4563 prophetis
1794 4506 1935 4560 prae-

1193 310 1267 369 D.
1313 310 1410 369 LE
1453 309 1785 370 NOUthY
1830 306 2476 370 OBSERVATIONES
2521 306 2775 368 NOV/E.

281 442 413 496 dam
452 457 464 496 :
499 440 608 496 etsi
638 439 755 495 haec
789 440 1019 512 eloquia
1045 442 1114 497 de
1146 441 1353 497 litteris
1389 440 1927 514 usurpavitanima,
1960 441 2016 507 Α
2047 439 2324 495 mortium
2374 443 2623 496 vastant.
2680 464 2699 490 ι

3572 309 3691 370 886

2760 440 2941 511 (Ibid)
2996 439 3235 496 Frustra
3291 438 3446 495 enim
3504 440 3687 511 aliqui

2045 529 2115 583 ad
2150 546 2347 585 vocem
2378 532 2645 586 montium
2678 530 3143 585 conﬁrmandam
3199 530 3564 586 contendunt
3616 546 3683 584 ea

2046 618 2363 691 signiticari
2397 621 2614 687 leones,
2637 619 3103 692 ursos,aliasque
3134 620 3192 674 id
3223 636 3410 692 genus
3439 618 3689 683 belluas,

2045 708 2261 779 quibus
2293 715 2523 765 montes
2555 710 3443 781 frequentantur,vastanturque
3475 708 3687 779 campi.

2042 803 2191 853 Nam
2223 799 2292 853 de
2323 798 2630 854 hominum
2662 803 2863 854 auctor
2883 798 3358 869 nosterloquitur
3375 798 3687 866 mortibus,

2044 905 2166 958 qum
2198 887 2314 958 lue,
2348 888 2500 943 fame
2532 887 2781 959 aliisque
2813 887 3224 959 hujuscemodi
3257 885 3524 943 cladibus
3580 887 3692 941 fre-

2044 978 2427 1046 quentissime
2458 979 2753 1033 accidunt.

2116 1066 2309 1139 Pergit
2368 1072 2563 1122 autem
2615 1067 2713 1122 ille
2767 1086 2780 1123 :
2833 1090 2859 1117 ‹‹
2894 1068 3097 1123 Ofﬁcia
3128 1072 3458 1138 temporum
3490 1070 3546 1122 et
3579 1063 3691 1120 cle-

2047 1162 2379 1210 mentorum
2413 1157 2617 1211 munia
2646 1156 3039 1225 exhorbitant,
3076 1180 3095 1205 ι
3132 1155 3314 1227 (Ιὸίά.)
3345 1155 3402 1209 id
3435 1158 3542 1222 est,
3598 1170 3693 1209 so-

2044 1242 2185 1299 litus
2243 1250 2492 1316 quatuor
2548 1245 2687 1300 anni
2744 1249 3184 1316 tempestatum,
3244 1262 3308 1299 ac
3354 1248 3541 1300 status
3572 1243 3691 1298 ele-

2046 1338 2379 1389 mentorum
2453 1334 2594 1389 ordo
2670 1334 3069 1401 confunditur,
3133 1333 3290 1404 quod
3369 1331 3691 1404 improprio

2046 1422 2187 1477 dixit
2245 1423 2415 1478 verbo
2474 1423 2801 1479 exorbitant.
2864 1423 3013 1488 Quin
3060 1423 3237 1478 etiam
3269 1444 3295 1471 ‹‹
3329 1422 3608 1477 Monstris
3639 1423 3696 1473 et

2044 1512 2328 1583 portentis
2360 1512 2718 1567 naturalium
2769 1513 2957 1568 forma
3010 1511 3300 1567 turbatur.
3361 1533 3390 1559 »
3448 1508 3694 1574 Quidam

2046 1606 2237 1654 autem
2270 1600 2349 1655 ibi
2383 1605 2646 1656 monstra
2672 1618 2705 1656 a
2737 1600 3021 1672 portentis
3049 1600 3131 1655 sic
3163 1598 3447 1671 distingui
3468 1597 3691 1663 volunt,

2047 1690 2109 1740 ut
2136 1692 2399 1742 monstra
2428 1688 2487 1742 in
2520 1687 2861 1743 hominibus
2894 1686 3370 1759 anlmalibusque
3395 1687 3532 1756 sint,
3558 1702 3691 1757 por-

1964 1816 2012 1879 Β
2047 1780 2208 1830 tenta
2256 1793 2388 1831 vero
2445 1776 2503 1830 in
2562 1777 2736 1832 rebus
2794 1776 3155 1832 inanimatis.
3187 1778 3297 1832 Sed
3326 1777 3365 1831 ii
3399 1792 3513 1831 non
3542 1774 3690 1830 satis

2044 1864 2247 1935 procul
2304 1865 2481 1920 dubio
2542 1867 2944 1932 attenderunt,
2991 1866 3141 1937 quod
3201 1866 3440 1937 scripsit
3492 1863 3689 1921 Cicero

2046 1953 2391 2010 informatas
2443 1956 2686 2010 deorum
2746 1956 3013 2011 notiones
3072 1978 3099 2005 ‹‹
3160 1959 3367 2026 praeter
3416 1959 3689 2009 naturam

2045 2042 2352 2098 hominum
2384 2044 2795 2116 pecudumque
2824 2044 3130 2115 portentis.
3164 2065 3193 2093 ››
3224 2045 3425 2115 (Cicer.
3451 2042 3598 2098 lib.u
3628 2041 3694 2096 de

2045 2133 2244 2189 Natur.
2304 2133 2453 2190 deor.
2514 2150 2646 2205 pag.
2704 2135 2833 2203 215,
2890 2133 2993 2188 lin.
3052 2135 3165 2202 45.)
3226 2135 3293 2188 Et
3323 2132 3569 2189 alibi:«
3601 2136 3692 2186 An

2045 2240 2180 2278 vero
2213 2223 2313 2278 illa
2344 2240 2450 2279 nos
2482 2228 2721 2290 terrent,
2754 2224 2805 2278 si
2836 2224 3071 2293 quando
3101 2222 3301 2292 aliqua
3358 2226 3698 2293 portentosa

2048 2317 2150 2367 aut
2179 2330 2212 2367 a
2244 2314 2484 2382 pecude,
2516 2318 2618 2367 aut
2650 2328 2717 2367 ex
2747 2312 2983 2367 homine
3015 2316 3152 2367 nata
3181 2310 3505 2365 dicuntur?
3533 2330 3561 2359 ››
3612 2308 3699 2381 (de

2048 2402 2278 2456 Divinil.
2314 2402 2416 2455 lib.
2452 2418 2523 2467 ιι,
2550 2418 2606 2472 p.
2642 2402 2766 2467 247,
2819 2400 2920 2455 lin.
2967 2400 3077 2470 16.)
3139 2401 3471 2455 Portentum
3519 2398 3701 2470 igitur

2049 2508 2165 2546 non
2224 2492 2414 2561 magis
2466 2491 2537 2545 de
2575 2489 2917 2545 inanimatis
2947 2491 3123 2545 rebus
3154 2489 3387 2557 dicitur,
3422 2503 3595 2559 quam
3630 2487 3701 2542 de

2049 2580 2391 2635 hominibus
2418 2585 2475 2634 et
2506 2579 2850 2650 pecudibus,
2886 2579 2942 2632 in
2977 2578 3195 2649 quibus
3228 2577 3559 2632 membrum
3593 2574 3698 2630 ali-

2051 2670 2207 2741 quod
2240 2675 2443 2741 praater
2476 2673 2747 2723 naturam
2781 2666 2951 2739 plane
3010 2667 3395 2731 deformatur,
3454 2669 3556 2721 aut
3612 2679 3698 2719 re-

2050 2760 2298 2824 dundat,
2357 2763 2458 2814 aut
2513 2757 2726 2812 deﬁcit.
2768 2756 3108 2811 Portentum
3141 2761 3335 2810 tamen
3369 2770 3403 2809 a
3432 2757 3696 2809 monstro

2049 2849 2099 2904 si
2127 2849 2358 2919 quando
2388 2846 2734 2903 Tertulliani
2769 2846 2957 2901 verbis
3016 2860 3211 2900 revera
3242 2842 3465 2899 secerni
3524 2842 3695 2898 nobis

2050 2939 2349 3010 probetur,
2380 2937 2644 3008 protinus
2676 2936 2971 2991 cedemus.

2121 3045 2267 3111 Quid
2304 3043 2514 3116 plura?
2544 3066 2571 3092 ‹‹
2606 3041 2892 3110 Humiles,
2924 3041 3005 3097 ait
3035 3040 3153 3107 ille,
3187 3039 3568 3105 sublimitate,
3602 3054 3697 3094 su-

2051 3135 2259 3190 blimes
2292 3132 2628 3188 humilitate
2656 3136 2999 3197 mutantur;
3034 3152 3062 3181 »
3093 3128 3360 3192 (Tertull.
3393 3128 3694 3199 Apologet..

2050 3241 2178 3296 cap.
2208 3224 2300 3289 20,
2333 3238 2464 3294 pag.
2497 3222 2622 3291 300)
2653 3221 2792 3285 sive,
2836 3220 3142 3274 hominum
3202 3222 3396 3273 status
3448 3220 3504 3271 et
3559 3233 3695 3271 con-

2046 3312 2189 3367 ditio
2229 3312 2308 3367 ita
2363 3314 2780 3380 commutatur,
2835 3314 2900 3364 ut
2928 3326 2961 3363 a
2992 3307 3231 3363 sublimi
3263 3322 3329 3362 ac
3359 3321 3591 3361 summa
3624 3305 3696 3359 ad

2048 3400 2330 3457 humilem
2362 3405 2420 3454 et
2450 3399 2920 3469 intimam,atque
2949 3414 3116 3453 versa
3141 3396 3395 3466 vice,aut
3423 3393 3696 3449 decidant

2050 3494 2151 3545 aut
2181 3488 2597 3544 conscendant.
2637 3485 2890 3556 Denique
2923 3502 2935 3540 :
2972 3508 2998 3535 ‹‹
3030 3486 3275 3541 Justitia
3322 3481 3587 3547 rarescit,
3639 3485 3697 3535 et

2049 3578 2329 3649 iniquitas
2361 3576 2711 3640 crebrescit;
2764 3576 3050 3630 bonarum
3109 3573 3373 3629 omnium
3433 3568 3694 3640 discipli-

2050 3684 2257 3723 narum
2290 3683 2432 3721 cura
2458 3666 2757 3737 torpescit,
2814 3687 2841 3713 ››
2892 3664 3046 3735 apud
3097 3662 3358 3717 ethnices
3406 3659 3692 3725 videlicet,

2048 3758 2145 3829 qui
2179 3755 2572 3812 Christianam
2607 3753 2946 3825 religionem
2980 3753 3243 3819 oderant,
3276 3749 3363 3805 vel
3412 3764 3692 3821 asperna-

2051 3848 2282 3901 bantur.
2318 3845 2462 3901 Nam
2495 3849 2697 3916 postea
2728 3842 3104 3898 manifestum
3137 3841 3285 3912 ipse,
3318 3844 3382 3894 ut
3410 3855 3517 3894 suo
3569 3837 3692 3892 loco

2047 3936 2399 4004 videbimus,
2436 3932 2676 3987 cuilibet
2716 3931 2849 3987 fecit
2907 3948 2941 3985 a
2996 3928 3343 3985 Christianis
3401 3924 3693 3982 excultam

2048 4025 2613 4092 disseminatamque
2646 4021 2824 4076 fuisse
2848 4020 3165 4091 justitiam,
3201 4018 3517 4089 pietatem,
3554 4030 3695 4069 san-

2049 4116 2331 4178 ctitatem,
2366 4128 2687 4182 curamque
2718 4112 3002 4166 bonarum
3035 4107 3301 4163 omnium
3358 4102 3693 4174 disciplina-

2050 4220 2203 4259 rum.
2238 4203 2415 4257 Porro
2448 4204 2639 4256 autem
2684 4198 2901 4263 clades,
2949 4196 3334 4263 calamitates,
3386 4205 3697 4261 rerumque

2050 4289 2543 4365 perturbationes,
2604 4305 2747 4361 quas
2807 4292 3006 4343 auctor
3061 4296 3262 4341 noster
3318 4284 3602 4345 recenset,
3635 4282 3699 4345 [α

2050 4382 2232 4437 sacris
2284 4379 2501 4435 nostris
2556 4378 2788 4434 vatibus
2845 4394 2977 4431 vere
3034 4373 3455 4447 praenuntiatus
3515 4367 3697 4423 fuisse

2048 4488 2220 4527 nemo
2254 4484 2463 4541 negare
2497 4472 2709 4540 potest,
2743 4466 2856 4522 nisi
2913 4464 3010 4537 qui
3066 4466 3277 4519 horum
3335 4460 3699 4529 aliorumque

292 4579 512 4634 dictum
547 4548 878 4650 est,‘vurant
908 4583 1089 4649 urbes,
1122 4579 1181 4634 in
1208 4586 1317 4648 est,
1378 4548 1697 4650 repentinis
1754 4548 1938 4633 terra-
1969 4560 2018 4624 Ι)
2050 4560 2170 4615 Sive
2201 4559 2628 4650 historicorum-
2647 4561 2748 4612 aut
2780 4553 3349 4650 chronologistarum
3382 4548 3695 4650 libros‘nec

294 4684 427 4722 rum
479 4668 632 4724 802
684 4671 943 4725 motibus
974 4675 1030 4726 et
1060 4668 1321 4723 hiatibus
1352 4669 1525 4723 urbes
1558 4669 1843 4738 absorpta;
1875 4684 1941 4721 ae

292 4761 503 4811 vorata:
557 4762 698 4813 sunt
752 4759 973 4829 (Ibid).
1038 4758 1249 4813 Deinde
1309 4774 1321 4811 ε
1385 4777 1409 4807 ι
1470 4756 1700 4812 Insulas
1758 4756 1944 4811 maria

296 4844 598 4914 fraudant,
638 4869 657 4894 ι
694 4863 841 4918 quas
872 4847 1139 4902 videlicet
1170 4847 1350 4901 maris
1383 4846 1658 4900 ﬂuctibus
1690 4862 1754 4900 ac
1796 4850 1941 4899 tem-

295 4935 627 5004 pestatibus
704 4937 1019 4992 exhaustas
1078 4935 1345 4990 videmus
1417 4934 1616 5004 (Ibid)
1676 4934 1762 4988 Ad
1822 4933 1944 4988 haec

293 5038 475 5080 vero:
517 5046 537 5072 ο
598 5025 849 5081 Externa
904 5030 1080 5097 atque
1138 5024 1370 5078 interna
1429 5022 1581 5079 bella
1632 5022 1941 5093 dilaniant,

294 5110 487 5181 regnis
541 5128 724 5185 regna
780 5114 1175 5186 compulsant,
1237 5134 1265 5161 »
1299 5112 1405 5167 hoc
1438 5116 1545 5181 est,
1578 5111 1731 5166 bella
1759 5111 1819 5166 in
1851 5110 1942 5166 di-

294 5217 495 5256 versas
520 5207 714 5272 partes
745 5203 1025 5259 scindunt
1058 5218 1172 5258 non
1207 5199 1397 5256 solum
1452 5216 1647 5270 regna,
1709 5200 1946 5271 provin-

296 5289 415 5343 cias
473 5293 533 5344 et
588 5290 785 5359 urbes,
847 5292 949 5346 sed
1008 5290 1162 5345 cives
1192 5290 1391 5355 etiam,
1424 5293 1597 5359 atque
1630 5289 1857 5357 afﬁnes,
1889 5293 1947 5345 et

298 5378 583 5445 sanguine
642 5380 991 5450 conjunctos
1050 5377 1259 5451 (Ibid).
1295 5377 1579 5432 Praaterea
1610 5393 1623 5432 :
1659 5398 1687 5426 ‹‹
1720 5377 1945 5447 Fames,

298 5472 350 5521 et
384 5465 538 5534 lues,
570 5472 627 5523 et
656 5466 870 5524 locales
931 5484 1173 5539 quisque
1227 5465 1443 5534 clades,
1498 5469 1555 5520 et
1610 5466 1947 5537 frequentiae

299 5554 580 5627 pleraque
612 5558 902 5614 montium
933 5559 1185 5613 vastant.
1221 5576 1249 5604 »
1281 5554 1491 5610 Melius
1541 5554 1600 5609 in
1656 5555 1949 5627 exempla-

302 5642 468 5700 ribus
496 5645 715 5703 nostris
746 5652 804 5705 et
831 5645 1091 5718 antiquis
1123 5641 1503 5712 editionibus,
1549 5662 1576 5699 α
1602 5643 1951 5718 Plerumque

2053 4647 2443 4721 percurrendo
2494 4644 2731 4717 quidem
2788 4643 3012 4716 legerit.
3069 4645 3141 4697 At
3197 4637 3696 4711 quemadmodum

2053 4736 2414 4809 Augustinus
2446 4736 2726 4790 adversus
2760 4734 3039 4789 Faustum
3071 4728 3461 4787 Manichaaum
3493 4726 3695 4798 dispu-

2052 4832 2246 4883 tat:«
2307 4825 2686 4880 Ostendimus
2744 4823 2917 4878 {idem
2977 4821 3392 4893 prephetarum
3454 4834 3523 4873 ex
3581 4815 3694 4886 his,

2054 4933 2181 4988 qua:
2213 4920 2456 4970 ventura
2484 4913 2842 4980 cecinerunt,
2900 4916 2957 4967 et
3008 4911 3239 4967 venisse
3296 4911 3635 4965 cernuntur.
3671 4929 3693 4958 ι

2055 5006 2325 5077 (August.
2379 5002 2479 5058 lib.
2542 5019 2644 5057 xm
2701 5012 2875 5057 contr.
2937 5002 3121 5055 Faust.
3180 4998 3418 5055 Manich.
3473 5013 3601 5068 cap.
3642 4994 3701 5061 7,

2054 5111 2189 5166 pag.
2223 5094 2351 5159 255,
2385 5099 2524 5147 tom.
2559 5091 2731 5162 Vill.)
2764 5092 2874 5146 Sed
2910 5091 3076 5144 illum
3120 5089 3289 5160 plura
3344 5090 3415 5143 de
3475 5086 3567 5141 bis
3623 5082 3706 5139 ibi

2057 5183 2210 5238 803
2271 5181 2671 5253 disputantem
2728 5180 2888 5235 adire
2944 5178 3182 5249 poteris.
3229 5182 3303 5232 De
3334 5175 3539 5233 mundi
3568 5190 3705 5230 vero

2057 5271 2500 5340 cladibus,quas
2531 5269 2922 5326 Tertullianus
2953 5286 2986 5325 a
3017 5267 3200 5324 sacris
3232 5267 3447 5323 nostris
3478 5264 3707 5321 vatibus

2058 5358 2367 5432 praedictas
2393 5374 2517 5414 esse
2546 5359 2707 5429 dixit,
2741 5358 2985 5414 interius
3018 5373 3150 5413 cum
3183 5373 3249 5412 eo
3279 5356 3593 5429 agendum.

2130 5463 2520 5521 Dissimulare
2550 5470 2744 5522 tamen
2776 5482 2890 5521 non
2922 5480 3241 5537 possumus
3260 5462 3390 5519 aliis
3407 5463 3576 5531 longe
3594 5456 3705 5511 ela-

2060 5554 2314 5610 rioribus
2345 5570 2521 5610 sacris
2550 5554 2866 5628 Scriptura:
2924 5552 3117 5609 verbis
3174 5553 3374 5607 futura
3428 5562 3703 5620 praenun-

2063 5641 2396 5701 tiari.Tales
2426 5644 2719 5702 enimvero
2747 5648 2886 5701 sunt
2914 5640 3112 5716 plures
3143 5640 3213 5696 de
3242 5642 3481 5696 venturo
3538 5633 3703 5691 Chri-
