4106 6178
322 364 447 427 889

1238 371 1314 429 D.
1360 371 1458 431 LE
1504 372 1834 435 NOUBRY
1880 371 2531 432 OBSERVATIONES
2578 372 2839 434 NOVxE.

3623 374 3742 434 890

322 496 659 553 evellit.Sed
684 499 811 569 jam
844 498 1033 572 plura,
1086 500 1301 572 quibus
1332 502 1428 558 hic
1459 520 1620 559 error
1649 521 1683 559 a
1728 506 1967 559 Lactan-
2000 503 2055 571 Α
2089 504 2194 559 dit.
2229 526 2256 554 »
2293 504 2605 574 (Lactant.,
2637 504 2740 560 lib.
2776 505 2825 560 ΙΙ
2855 505 3040 559 Dicin.
3075 506 3254 574 Instit,
3315 520 3441 575 cap.
3500 504 3554 575 5,
3605 520 3740 577 pag.

324 586 410 642 tio
446 587 795 655 destruitur,
828 594 1178 661 argumenta
1222 609 1255 646 a
1284 592 1455 648 nobis
1516 592 1654 649 alibi
1698 592 1984 665 explicata

326 679 489 731 sunt.
515 679 685 732 Recte
770 693 905 749 ergo
972 677 1108 734 inde
1162 678 1553 736 Tertullianus
1625 684 1827 736 noster
1899 680 1984 735 sio

330 764 641 837 disputat:
705 786 728 814 ι
786 766 1186 838 Dubitabitur,
1243 770 1440 836 credo,
1501 770 1571 825 de
1604 769 1705 825 Dei
1738 768 1982 838 viribus,

329 854 436 925 qui
466 858 692 911 tantum
744 853 855 910 hoc
912 872 1124 928 corpus
1182 859 1388 913 mundi
1449 860 1518 913 de
1551 874 1615 914 eo
1650 859 1806 931 quod
1866 875 1981 913 non

328 944 543 1012 fuerat,
570 962 686 1000 non
743 944 936 1001 minus
989 962 1167 1017 quam
1198 948 1268 1002 de
1301 954 1490 1004 morte
1547 947 1866 1003 vacationis
1927 951 1985 1002 et

327 1033 658 1102 inanitatis,
706 1034 989 1106 imposuit
1048 1036 1375 1092 animatum
1430 1038 1644 1109 spiritu
1717 1036 1979 1092 omnium

328 1123 665 1179 animarum
696 1124 1048 1179 animatore.
1089 1148 1108 1174 ε
1150 1125 1411 1196 (Tertull.
1447 1126 1553 1181 lib.
1586 1126 1979 1196 adv.Hermog.

327 1229 458 1283 cap.
490 1212 524 1267 8
556 1217 613 1268 et
641 1230 833 1285 seqq.;
857 1214 1088 1269 Dissert.
1123 1216 1183 1269 in
1215 1219 1471 1273 Lactant.
1505 1232 1634 1288 cap.
1667 1217 1760 1303 2‘1,
1794 1222 1903 1272 art.
1929 1219 1980 1286 1;

324 1301 573 1358 Tertull.
608 1306 881 1376 Apotoget.
912 1322 1040 1376 cap.
1074 1306 1161 1375 48,
1199 1323 1326 1378 pag.
1356 1307 1506 1377 520).

404 1410 585 1465 Audis
616 1427 755 1466 sane
786 1410 936 1466 hanc
995 1412 1123 1483 ejus
1183 1430 1311 1468 esse
1362 1413 1929 1485 argumentationem
1968 1431 1980 1469 :

332 1499 507 1567 Deos,
568 1516 684 1555 non
743 1516 813 1555 ex
867 1502 1302 1572 praeexsistente
1369 1508 1469 1558 aut
1528 1507 1814 1559 coaeterna
1869 1504 1983 1560 sibi

334 1588 604 1656 materia,
630 1590 730 1644 sed
759 1606 828 1645 ex
858 1590 1041 1646 nihilo
1073 1592 1289 1647 creavit
1322 1592 1709 1647 mundum.At
1738 1610 1984 1651 summas

334 1682 395 1733 et
425 1677 695 1733 inﬁrnitae
725 1683 814 1735 est
862 1680 1173 1751 potestatis
1233 1680 1480 1752 aliquid,
1513 1699 1577 1737 ac
1602 1684 1753 1753 quod
1817 1684 1986 1757 longe

338 1768 536 1838 majus
570 1772 677 1834 est,
716 1772 901 1823 totum
936 1770 1221 1824 mundum
1254 1787 1322 1825 ex
1352 1769 1535 1825 nihilo
1568 1787 1784 1827 creare.
1832 1773 1987 1829 Deus

2095 593 2248 665 161.)
2281 594 2346 648 Et
2379 599 2537 649 certe
2568 592 2677 659 sol,
2711 612 2824 650 non
2858 612 2997 650 casu
3033 593 3252 665 aliquo,
3286 594 3372 649 vel
3422 611 3454 650 a
3485 610 3546 650 se
3592 594 3745 674 ipso,

2094 682 2316 739 ratione
2376 682 2609 754 penitus
2662 684 2889 752 orbato,
2954 689 3186 739 creatus
3244 688 3351 739 est.
3414 684 3529 739 Suo
3566 683 3746 755 igitur

2093 772 2316 827 lumine
2347 776 2403 827 et
2427 773 2733 843 splendore
2757 774 3213 846 omnipotentem
3239 778 3418 828 Deum
3442 777 3740 828 auctorem

2094 878 2268 916 suum
2302 862 2685 916 demonstrat.
2720 862 2800 917 De
2832 863 2941 917 hac
2980 867 3174 917 autem
3236 862 3744 933 argumentatione

2093 950 2151 1005 in
2180 955 2379 1006 nostra
2411 952 2482 1006 de
2510 952 2777 1021 ejusdem
2813 950 3097 1006 Lactantii
3130 950 3295 1004 libris
3326 948 3740 1005 dissertatione

2094 1039 2322 1111 egimus
2356 1040 2669 1111 (Disseruit.
2704 1040 2764 1095 in
2796 1042 3039 1096 Lactant.
3073 1056 3201 1111 cap.
3238 1040 3322 1104 12,
3358 1041 3464 1094 art.
3502 1040 3575 1107 1).

2166 1146 2365 1218 Neque
2394 1146 2502 1201 hoc
2525 1150 2754 1202 tantum
2788 1147 3111 1203 clarissimo
3144 1146 3287 1202 solis
3336 1144 3559 1201 lumine
3603 1162 3739 1218 per-

2094 1235 2281 1291 stricti
2326 1235 2655 1292 obtusiores
2705 1236 2917 1292 mentis
2976 1236 3250 1292 humana:
3324 1234 3478 1290 oculi
3557 1240 3740 1290 Deum

2095 1341 2407 1397 agnoscere
2438 1330 2757 1397 coguntur,
2790 1327 2889 1381 sed
2924 1342 2992 1380 ex
3022 1326 3151 1379 aliis
3183 1342 3416 1396 quoque
3449 1326 3578 1396 ejus
3601 1341 3739 1395 ope-

2095 1413 2259 1468 ribus
2293 1432 2305 1483 ε
2339 1436 2365 1463 ‹‹
2394 1417 2495 1470 Tot
2525 1431 2587 1469 ac
2618 1416 2805 1480 tantis;
2837 1414 3027 1485 inquit
3057 1414 3477 1478 Tertullianus,
3538 1414 3737 1484 quibus

2093 1505 2457 1570 continemur,
2512 1504 2707 1575 quibus
2735 1505 3089 1571 sustinemur,
3116 1504 3310 1575 quibus
3367 1501 3738 1570 oblectamur,

2097 1593 2289 1664 quibus
2319 1596 2684 1647 exterremur.
2713 1615 2740 1642 ››
2773 1592 3134 1665 (Tertullian.
3167 1591 3448 1663 Apotoget.
3478 1609 3604 1664 cap.
3650 1592 3738 1662 17,

2096 1698 2228 1754 pag.
2261 1682 2411 1753 376.)
2443 1682 2589 1748 Quid
2624 1683 2778 1737 enim
2813 1686 2896 1737 tot
2927 1686 3208 1753 tantaque
3239 1698 3415 1753 opera
3434 1681 3591 1736 aliud
3615 1680 3739 1736 cla-

2098 1776 2280 1838 mant,
2315 1771 2428 1826 nisi
2460 1771 2532 1826 ab
2564 1789 2678 1826 uno
2713 1777 2823 1826 Deo
2856 1788 2983 1827 esse
3012 1772 3297 1842 edita,qui
3330 1770 3596 1825 homines
3636 1774 3740 1824 aut

334 1857 522 1927 igitur
552 1857 927 1929 omnipotens
980 1859 1184 1913 mundi
1238 1864 1465 1915 creator
1494 1860 1739 1915 exsistit.
1798 1864 1987 1934 Atque
2016 1879 2066 1945 B
2095 1859 2415 1930 beneficiis,
2450 1865 2550 1915 aut
2579 1862 2899 1927 terrore,ad
2925 1860 3016 1915 sui
3045 1860 3438 1931 cognitionem
3473 1858 3745 1914 adducit?

334 1946 461 2000 haec
500 1946 690 2017 prima
716 1952 804 2001 est
851 1947 1197 2003 Tertulliani
1232 1950 1681 2019 argumentatio,
1746 1967 1861 2022 qua
1919 1968 1987 2007 ex

332 2051 513 2090 sacra;
545 2036 856 2107 Scriptura
893 2036 1264 2103 auctoritate,
1327 2038 1419 2091 cui
1455 2054 1647 2106 nemo,
1702 2040 1785 2093 uti
1836 2040 1983 2095 dixi-

334 2141 494 2192 mus,
517 2141 588 2179 ne
620 2124 858 2196 gentilis
891 2125 1128 2197 quidem
1180 2125 1375 2192 homo,
1436 2126 1716 2199 refragari
1772 2133 1981 2200 potest,

332 2218 490 2269 recte
523 2214 891 2269 demonstrat
922 2219 1105 2270 Deum
1138 2215 1332 2287 reipsa
1364 2215 1662 2272 exsistere.

404 2305 733 2374 Antequam
764 2320 897 2359 vero
920 2305 992 2359 ad
1027 2303 1143 2359 alia
1171 2305 1642 2376 progrediamur,
1678 2306 1986 2363 observare

2096 1950 2282 2019 Atque
2313 1949 2448 2003 inde
2466 1950 2722 2020 profecto
2753 1950 2926 2020 paulo
2961 1953 3092 2019 post
3124 1948 3336 2018 adjecit
3361 1948 3515 2002 edita
3545 1945 3739 2002 abillo

2097 2038 2408 2107 majestatis
2434 2053 2551 2093 suae
2569 2040 2731 2105 signa
2748 2054 2850 2109 per
2874 2037 3258 2105 imbres,haud
3289 2035 3465 2091 dubie
3496 2053 3744 2108 genera-

2097 2125 2170 2181 lis
2199 2126 2426 2197 diluvii,
2457 2144 2559 2197 per
2588 2128 2834 2198 ignes,ac
2865 2144 2962 2183 eos
2995 2126 3368 2199 potissimum
3404 2125 3617 2197 quibus
3644 2144 3742 2181 ur-

2098 2214 2199 2270 bes
2229 2216 2484 2271 Sodoma
2513 2220 2570 2271 et
2603 2216 2927 2271 Gomorrha
2957 2220 3318 2287 consumptae
3379 2215 3634 2270 fuerunt.
3695 2217 3741 2270 A

2098 2321 2212 2375 quo
2243 2304 2421 2374 enim,
2454 2305 2695 2360 obsecro
2728 2309 2805 2370 te,
2838 2305 2956 2359 hinc
2988 2306 3113 2360 fieri
3145 2304 3529 2377 potuere,nisi
3560 2321 3594 2359 a
3624 2304 3739 2359 Deo

321 2392 501 2463 juvat
539 2392 599 2447 in
631 2392 809 2448 citato
836 2392 1102 2463 ejusdem
1127 2393 1473 2449 Tertulliani
1504 2400 1665 2450 textu
1698 2412 1800 2467 pro
1822 2395 1987 2452 libito
2087 2392 2290 2463 judice
2315 2393 2671 2465 aequissimo,
2707 2394 2804 2465 qui
2838 2395 2909 2449 ab
2942 2394 3140 2465 impiis
3197 2398 3253 2448 et
3299 2391 3738 2448 consceleratis-

330 2479 697 2536 sublatuma
744 2481 994 2553 Rigaltio
1048 2499 1261 2537 nomen
1319 2485 1648 2539 animarum
1703 2489 1987 2557 tanquam

334 2586 861 2642 supervacaneum,
891 2588 956 2626 ac
986 2588 1087 2642 pro
1123 2574 1386 2644 imposuit
1427 2573 1713 2644 scriptum
1770 2589 1988 2645 compo-

330 2660 471 2714 suit.
503 2658 650 2714 Nam
684 2658 821 2714 huic
854 2660 1221 2727 correctioni,
1249 2662 1418 2731 cujus
1452 2660 1674 2717 nullam
1733 2662 1990 2718 reddidit

331 2747 647 2817 rationem,
680 2763 884 2803 omnes
908 2748 1298 2820 manuscripti
1340 2753 1397 2803 et
1452 2749 1814 2820 antiquiores
1847 2748 1987 2805 editi

330 2835 566 2892 codices
595 2835 770 2907 plane
829 2838 1238 2892 adversantur.
1306 2838 1521 2893 Deinde
1574 2855 1730 2904 vero,
1794 2855 1987 2893 nonne

331 2928 563 2995 auctor,
595 2930 797 2981 noster
817 2930 1043 2998 poterat
1072 2927 1244 2982 verbo
1305 2928 1573 2998 imposuit
1626 2927 1810 2997 abuti,
1871 2944 1985 2998 quo

331 3014 775 3085 significantius
832 3016 1202 3086 exprimeret,
1266 3016 1419 3087 quod
1499 3020 1671 3071 antea
1742 3015 1983 3082 dixerat,

328 3103 626 3159 mundum
678 3121 711 3158 a
762 3103 877 3159 Deo
938 3110 1196 3159 creatum
1227 3122 1299 3159 ex
1328 3105 1525 3173 nihilo,
1586 3122 1651 3160 ac
1706 3109 1984 3176 tanquam

330 3209 518 3263 supra
547 3195 797 3248 mortem
818 3194 1117 3248 vacationis
1147 3201 1195 3248 et
1219 3194 1515 3249 inanitatis
1590 3194 1936 3265 impositum
1958 3194 1985 3248 ‘I

330 3283 529 3338 Potuit
584 3283 761 3338 etiam
795 3300 897 3354 per
972 3284 1292 3354 quamdam
1352 3284 1680 3356 emphasim
1735 3286 1985 3356 adjicere

328 3390 547 3429 nomen
577 3374 1005 3440 animarum,ut
1034 3374 1388 3431 luculentius
1419 3376 1776 3449 significaret
1800 3378 1983 3432 Deum

333 3481 457 3519 non
480 3465 652 3519 modo
710 3481 1044 3537 corporum,
1104 3466 1205 3520 sed
1236 3466 1414 3521 etiam
1472 3467 1806 3523 animarum
1857 3483 1986 3523 esse

336 3569 542 3609 revera
573 3553 959 3610 animatorem
991 3559 1048 3611 et
1070 3559 1412 3611 creatorem.

409 3644 747 3698 Secundum
779 3643 1123 3700 Tertulliani
1176 3648 1589 3717 argumentum
1655 3645 1987 3701 desumitur

334 3748 408 3787 ex
432 3732 735 3787 communi
765 3732 1029 3788 omnium
1061 3750 1209 3805 pene
1248 3733 1559 3805 gentilium
1607 3733 1983 3805 philosopho-

333 3838 471 3876 rum
504 3838 816 3891 consensu,
849 3821 970 3893 qui,
1004 3820 1141 3877 licet
1172 3822 1233 3876 in
1266 3822 1597 3877 deﬁnienda
1644 3822 1744 3877 Dei
1777 3827 1986 3879 natura

331 3927 454 3965 non
489 3927 697 3981 parum
730 3928 763 3965 a
793 3927 854 3966 se
884 3910 1156 3980 invicem,
1187 3915 1251 3965 ut
1286 3910 1461 3982 paulo
1523 3913 1658 3981 post
1714 3912 1983 3967 ostende-

330 4016 493 4065 mus,
525 3997 896 4067 dissentiant,
928 4015 1063 4055 eum
1095 4006 1291 4054 tamen
1324 4015 1524 4055 revera
1554 3998 1832 4054 exsistere
1881 4017 1983 4056 vo-

327 4089 522 4143 lentes
552 4087 817 4144 nolentes
849 4089 1101 4144 confessi
1136 4093 1275 4144 sunt
1304 4088 1513 4161 (Idem,
1546 4105 1672 4161 cap.
1698 4089 1785 4155 47,
1848 4106 1981 4162 pag.

325 4178 479 4232 516:
514 4177 650 4232 infr.
684 4177 794 4233 hoc
827 4194 954 4249 cap.
984 4182 1091 4233 art.
1128 4179 1197 4245 4;
1231 4179 1522 4234 Dissertat.
1559 4179 1619 4233 in
1648 4178 1981 4251 Minut.cap.

326 4267 387 4335 4,
420 4265 605 4336 art.i,
634 4265 703 4321 et'
745 4266 805 4321 in
865 4268 1112 4322 Lactant.
1172 4284 1299 4338 cap.
1363 4267 1450 4335 t2,
1485 4271 1596 4322 art.
1644 4266 1714 4337 1).
1751 4267 1859 4323 Sed
1911 4269 1983 4322 da

324 4355 440 4411 hac
470 4354 707 4410 illorum
740 4356 1033 4411 sententia
1062 4355 1205 4411 alibi
1228 4358 1358 4412 fuse
1390 4356 1853 4428 disputavimus,
1878 4372 1983 4412 nec

324 4459 398 4499 ea
422 4460 550 4515 quas
577 4444 655 4499 ibi
688 4444 944 4500 diximus
977 4462 1130 4501 nunc
1162 4446 1478 4517 repetenda
1516 4451 1678 4502 sunt.

400 4551 667 4606 Tertium
701 4552 880 4607 unius
903 4551 1003 4607 Dei
1033 4552 1367 4608 exsistentis
1391 4556 1807 4624 argumentum
1832 4552 1977 4624 petit

2097 2481 2263 2538 simis
2294 2483 2634 2540 hominibus
2665 2484 2890 2539 debitas
2913 2483 3260 2539 criminibus
3280 2498 3480 2554 poenas
3512 2487 3741 2555 repete-

2094 2570 2197 2627 bat
2228 2575 2250 2629 ἒ

2167 2660 2296 2716 Alia
2325 2677 2456 2717 vero
2497 2664 2636 2717 sunt
2668 2661 2880 2732 adhuc,
2916 2662 3149 2734 quibus,
3184 2667 3249 2718 ut
3288 2661 3369 2717 ait
3422 2659 3737 2716 Tertullia-

2098 2767 2232 2819 nus,
2265 2755 2628 2822 exterremur,
2662 2751 2938 2805 nimirum
2974 2751 3226 2823 fulgura,
3266 2750 3534 2819 fulmina,
3586 2750 3738 2805 toni-

2095 2843 2248 2907 trua,
2284 2840 2530 2911 publica:
2564 2839 2760 2896 clades
2818 2846 2874 2895 et
2922 2844 3320 2911 tempestates,
3353 2840 3588 2912 aliaque
3645 2839 3739 2894 his

2098 2926 2336 2983 similia.
2371 2928 2647 2984 Consulto
2680 2934 2875 2984 autem
2909 2929 3029 2984 haec
3052 2930 3339 3000 adjecisse
3371 2929 3620 2998 videtur,
3674 2931 3738 2983 ut

2093 3014 2270 3071 variis
2304 3016 2607 3071 atheorum
2640 3017 2888 3087 argutiis
2919 3022 3266 3084 occurreret,
3297 3016 3396 3088 qui
3448 3016 3737 3087 objiciunt

2094 3103 2345 3160 fulmina
2375 3122 2505 3176 quae
2534 3123 2713 3177 supra
2737 3112 2988 3173 montes,
3045 3106 3203 3162 verbi
3255 3107 3444 3179 gratia
3494 3106 3735 3172 cadunt,

2096 3198 2152 3248 et
2183 3196 2297 3250 alia
2327 3194 2669 3265 hujusmodi
2728 3211 2857 3251 esse
2914 3213 3158 3267 prorsus
3218 3195 3468 3264 inutilia,
3494 3194 3744 3249 nullam-

2099 3299 2211 3355 que
2245 3285 2486 3354 proferri
2515 3301 2685 3355 posse
2716 3290 3220 3356 causam,propter
3241 3302 3417 3356 quam
3450 3284 3738 3340 accidant.

2096 3370 2360 3427 Garrulis
2390 3374 2685 3429 enimvero
2715 3378 2771 3429 et
2800 3374 2999 3444 impiis
3030 3373 3190 3429 hisce
3219 3373 3581 3439 hominibus,
3616 3372 3736 3441 qui,

2096 3466 2289 3532 spreta
2319 3466 2420 3516 aut
2478 3478 2816 3533 compressa
2874 3462 3055 3517 animi
3104 3461 3484 3533 conscientia,
3546 3459 3739 3532 pravis

2096 3549 2444 3605 libidinibus
2474 3552 2691 3606 servire
2714 3550 3265 3622 volunt,respondet
3295 3551 3424 3606 ideo
3446 3551 3567 3605 haec
3589 3549 3737 3615 ﬁeri,

2096 3644 2161 3694 ut
2185 3647 2587 3706 exterreamur,
2623 3639 2731 3695 hoc
2762 3644 3062 3707 est,Deum
3093 3658 3295 3696 verum
3328 3640 3564 3695 illorum
3598 3655 3738 3694 auc-

2094 3732 2279 3784 torem
2307 3728 2643 3793 timeamus,
2670 3734 2844 3799 atque
2884 3746 2949 3784 eo
2990 3730 3219 3796 timore,
3283 3746 3456 3800 quem
3513 3727 3739 3783 homini

2094 3816 2366 3872 innatum
2397 3833 2527 3872 esse
2558 3818 2696 3872 alibi
2734 3819 3115 3887 demonstrat,
3149 3834 3540 3890 agnoscamus
3569 3816 3736 3871 illum

2096 3921 2300 3977 reapse
2330 3906 2631 3971 exsistere,
2655 3906 2755 3977 qui
2788 3908 3023 3962 eosdem
3056 3906 3271 3978 impios
3316 3907 3580 3976 aliosque
3612 3921 3738 3960 sce-

2094 3994 2305 4051 leratos
2336 4013 2439 4066 pro
2472 3995 2677 4050 merito
2709 3996 2993 4067 castigare
3036 3999 3227 4066 potest
3256 3995 3534 4068 (ldcm,de
3566 3995 3737 4049 Testi-

2095 4100 2239 4140 mon.
2270 4087 2445 4139 anim.
2469 4101 2595 4156 cap.
2625 4084 2702 4156 2).

2167 4195 2341 4246 Porro
2373 4194 2571 4246 autem
2612 4189 2747 4245 alibi
2779 4190 3170 4261 ostendimus,
3207 4188 3438 4246 etiamsi
3492 4188 3739 4243 infirmae

2093 4296 2159 4335 ac
2190 4279 2514 4335 czecutienti
2538 4278 2845 4333 hominum
2868 4280 3050 4333 menti
3070 4296 3184 4334 non
3216 4278 3456 4334 omnino
3483 4293 3740 4346 comper-

2091 4372 2151 4423 ta
2179 4368 2258 4424 sit
2296 4367 2528 4423 infinita
2560 4368 2659 4422 Dei
2692 4367 3059 4439 magnitudo,
3081 4367 3598 4439 quorumdamque
3616 4365 3744 4433 ejus

2092 4475 2334 4529 cperum
2370 4475 2569 4524 causa,
2603 4474 2672 4513 ex
2702 4458 2890 4529 ipsius
2930 4461 3124 4513 tamen
3160 4456 3486 4523 elfectibus,
3522 4453 3744 4509 nemini

2093 4547 2430 4619 incognitis,
2454 4546 2935 4603 manifestissime
2967 4544 3363 4600 demonstrari
3396 4543 3561 4599 illum
3586 4541 3742 4598 exsi-

322 4639 728 4695 Tertullianus
760 4656 828 4695 ex
857 4640 985 4711 ejus
1038 4640 1335 4712 cperibus,
1390 4622 1517 4712 quae
1550 4641 1703 4697 sicut
1756 4622 1977 4710 nullus,

2100 4641 2261 4708 atere,
2294 4642 2351 4693 et
2380 4653 2553 4707 quem
2586 4636 2659 4691 ob
2693 4635 2867 4691 finem
2900 4634 3099 4690 omnia
3132 4634 3351 4690 fecerit.
3412 4638 3541 4688 Jam
3600 4648 3743 4687 vero

327 4728 443 4783 nisi
476 4727 648 4799 plane
678 4728 953 4801 desipiat,
985 4746 1103 4784 non
1134 4734 1329 4801 potest
1360 4747 1475 4785 non
1524 4746 1866 4803 agnoscere,
1897 4732 1985 4787 ita

327 4832 437 4871 nec
467 4816 704 4871 diffiteri
738 4834 924 4873 unum
980 4818 1166 4874 Deum
1218 4835 1347 4875 esse
1391 4819 1625 4875 illorum
1656 4825 1977 4876 auctorem.

326 4904 477 4961 Nam
509 4906 789 4973 mundus,
823 4906 907 4961 uti
935 4913 1090 4962 recte
1119 4907 1202 4963 ait
1232 4907 1631 4965 Tertullianus
1678 4910 1973 4981 (Apotoget.

328 5009 458 5065 cap.
495 4994 581 5065 17,
620 5011 753 5067 pag.
786 4995 934 5067 3‘75),
969 4996 1041 5051 ab
1072 4994 1169 5051 illo
1199 4994 1389 5054 factus
1413 5002 1521 5068 est,
1576 5001 1637 5054 in
1679 5014 1984 5054 ornamen-

332 5087 451 5137 tum
482 5083 782 5155 majestatis
810 5100 948 5141 suae.
1011 5084 1119 5151 Qui
1176 5102 1311 5141 vero
1368 5086 1513 5142 illud
1549 5092 1635 5143 est
1675 5089 1734 5143 in
1778 5087 1987 5146 divina?

330 5173 635 5243 majestatis
663 5182 1069 5241 ornamentum,
1118 5174 1232 5229 nisi
1264 5176 1321 5230 in
1360 5175 1521 5231 illius
1577 5177 1984 5246 probationem

331 5268 389 5316 et
417 5268 855 5331 argumentum,
888 5278 1002 5333 quo
1034 5279 1103 5318 ex
1160 5264 1370 5319 mundi
1424 5265 1721 5321 creatione
1788 5266 1986 5323 divina

333 5350 461 5419 ejus
483 5348 636 5405 806
667 5352 946 5421 majestas
976 5354 1033 5405 et
1058 5352 1485 5424 omnipotentis
1509 5354 1788 5410 omnibus
1819 5370 1983 5422 sane,

331 5437 509 5493 etiam
538 5438 956 5507 hebetioribus,
991 5439 1057 5494 ﬁt
1114 5441 1431 5497 manifesta
1481 5447 1537 5498 et
1567 5443 1984 5514 cognoscitur?

335 5528 723 5593 Quamobrem
756 5528 1096 5584 Lactantius
1118 5529 1335 5587 diserte
1366 5534 1571 5603 postea
1610 5531 1789 5588 dixit:
1813 5553 1841 5583 «
1874 5532 1981 5595 Qui

336 5616 517 5671 solem
558 5618 732 5672 rebus
780 5616 1062 5673 humanis
1115 5618 1509 5676 clarissimum
1559 5637 1625 5677 ac
1682 5620 1981 5694 singulare

334 5708 536 5763 lumen
553 5706 613 5762 in
634 5711 1051 5778 argumentum
1081 5722 1199 5764 suis
1225 5708 1409 5766 unica
1430 5709 1757 5781 majestatia
1779 5725 1979 5770 uocen-

2098 4743 2214 4781 non
2258 4726 2576 4798 quaerimus
2640 4741 2745 4780 cur
2775 4729 2878 4779 aut
2932 4726 3224 4795 quomodo
3257 4724 3458 4780 omnia
3512 4723 3584 4780 ab
3641 4721 3741 4777 illo

2098 4816 2261 4886 fiant,
2294 4820 2397 4870 aut
2427 4816 2580 4870 facta
2610 4814 2748 4882 sint,
2771 4814 2872 4869 sed
2906 4819 3101 4869 utrum
3138 4814 3264 4887 ipse
3295 4814 3536 4870 exsistat
3566 4819 3741 4884 atque

2096 4905 2154 4959 id
2212 4921 2280 4960 ex
2323 4905 2450 4975 ejus
2503 4903 2779 4974 operibus
2830 4908 3200 4974 agnoscatur.
3262 4906 3326 4960 In
3379 4903 3510 4960 aliis
3542 4906 3739 4959 autem

2098 4993 2315 5050 nostris
2347 4992 2865 5049 dissertationibus
2915 4992 3087 5065 plane
3142 4994 3511 5050 ostendimus
3561 5007 3740 5064 quam

2098 5087 2255 5140 certo
2285 5087 2342 5139 et
2370 5082 2666 5138 evidenter
2682 5081 2864 5136 Deum
2898 5082 3180 5138 exsistere
3202 5084 3338 5139 inde
3370 5083 3740 5139 demonstre-

2096 5180 2212 5240 tur,
2244 5178 2301 5229 et
2330 5188 2505 5242 quam
2528 5171 2821 5225 imbecilla
2852 5171 2929 5225 sit
2957 5172 3329 5228 ethnicorum
3361 5177 3740 5245 argumenta-

2094 5265 2195 5330 tio,
2230 5264 2330 5334 qui
2353 5261 2499 5315 illud
2532 5260 2659 5315 ideo
2691 5261 3004 5331 negabant,
3033 5262 3174 5333 quia
3201 5262 3327 5334 ipse
3350 5263 3502 5318 Deus
3559 5258 3742 5316 videri

2096 5370 2210 5409 non
2236 5356 2426 5424 potest
2448 5352 2689 5421 (Dissert.
2718 5350 2777 5403 in
2805 5350 3006 5405 Minut.
3041 5367 3170 5423 cap.
3199 5353 3258 5425 5,
3292 5356 3401 5410 art.
3439 5353 3492 5422 1,
3524 5355 3582 5407 et
3613 5366 3740 5421 cap.

2093 5445 2147 5514 6,
2172 5446 2285 5500 art.
2328 5442 2399 5512 1).

2165 5534 2381 5598 Quarta
2435 5528 2529 5585 Dei
2581 5543 2781 5585 revera
2836 5529 3177 5587 exsistentis
3236 5530 3658 5588 demonstratio
3707 5542 3741 5581 ιι

2092 5619 2452 5677 Tertulliano
2474 5617 2711 5674 ducitur
2735 5633 2804 5673 ex
2825 5616 3033 5675 intimo
3064 5622 3272 5676 animo:
3295 5620 3567 5675 humanis
3602 5632 3739 5670 sen-

2091 5709 2337 5783 ευβθῖ
2375 5710 2498 5767 sivo
2522 5707 2649 5779 ejus
2677 5706 3036 5776 testimonio,
3054 5707 3299 5780 ipsaque
3318 5705 3576 5764 hominis
3606 5706 3748 5779 cong'
