4106 6178
454 307 571 369 891

962 306 1491 368 TERTULLIANI
1535 305 1860 367 OPERUM
1904 305 2109 366 PARS
2153 305 2202 367 Ι.
2247 338 2325 348 -
2368 307 2644 370 SERIES
2688 309 2738 382 Ι,
2783 308 3345 372 APOLOGETICA.

3748 305 3863 366 892

462 438 763 495 scientia.«
796 438 1083 505 Visne,ait
1113 438 1526 506 ille,exanimae
1556 437 1741 509 ipsius
1764 436 2101 493 testimonio
2133 445 2177 506 Α
2216 438 2412 495 anima
2443 442 2788 497 naturaliter
2808 442 3140 499 Christiana
3176 458 3290 497 non
3330 444 3440 496 est.
3472 439 3685 494 Verum
3726 440 3863 494 Ter-

464 527 911 601 comprobemus
942 529 1245 601 quae,licet
1274 546 1500 584 carcere
1558 528 1816 601 corporis
1875 546 2099 601 pressa,

424 622 429 629 ”
459 618 595 673 licet
625 618 1095 674 institutionibus
1128 620 1318 691 pravis
1351 619 1814 690 circumscripta,
1869 618 2004 674 licet
2032 619 2102 673 1i-

462 707 762 762 bidinibus
788 712 839 763 et
864 709 1355 780 concupiscentiis
1412 709 1722 780 evigorata,
1750 709 1883 764 licet
1940 707 2104 763 falsis

463 797 575 852 diis
606 798 973 869 exancillata,
1006 803 1355 854 cumtamen
1391 798 1775 870 resipiscit,ut
1804 816 1872 854 ex
1902 815 2107 870 crapu-

462 885 520 941 la
551 891 605 942 et
636 894 698 942 ut
728 905 794 943 ex
820 905 1048 955 somno,
1085 892 1148 943 ut
1178 905 1247 943 ex
1273 888 1473 959 aliqua
1504 888 1921 956 valetudine,et
1947 887 2105 943 sani-

463 980 641 1031 tatem
676 995 842 1033 suam
874 982 1110 1048 patitur,
1146 982 1322 1032 Deum
1348 978 1630 1041 nominat,
1665 978 1771 1033 hoc
1803 977 1948 1043 solo,
1973 976 2107 1047 quia

468 1069 697 1136 proprie
727 1083 894 1121 verus
926 1066 1018 1121 hic
1051 1085 1204 1122 unus
1237 1067 1412 1131 Deus,
1439 1068 1645 1134 bonus,
1669 1072 1724 1122 et
1757 1084 2003 1139 magnus
2033 1066 2060 1120 ?
2081 1087 2104 1117 ι

470 1159 544 1211 et:
583 1178 608 1205 ιι
643 1156 804 1220 Quod
840 1162 989 1211 Deus
1021 1156 1265 1226 dederit,
1300 1156 1564 1211 omnium
1600 1174 1707 1211 vox
1738 1156 2107 1226 est;judicem

466 1261 694 1316 quoque
726 1251 1083 1301 contestatur
1112 1246 1275 1300 illum
1314 1262 1326 1301 :
1366 1252 1512 1301 Deus
1534 1247 1728 1314 videt;
1763 1269 1787 1295 ››
1824 1251 1878 1301 et
1911 1263 1921 1301 :
1962 1246 2109 1302 «Deo

464 1334 809 1389 commendo
844 1353 856 1403 ;
892 1358 918 1385 ››
954 1340 1046 1390 et:
1082 1359 1109 1385 ‹‹
1148 1337 1297 1391 Deus
1331 1335 1472 1390 mihi
1508 1337 1710 1392 reddet
1748 1360 1775 1384 »
1838 1334 2107 1406 (Tertull.

462 1424 1085 1495 Apolog.cap.17,p.376
1116 1429 1171 1479 et
1213 1429 1361 1495 seq.)
1385 1426 1443 1480 ln
1479 1426 1582 1480 hoc
1615 1433 1810 1481 autem
1857 1424 2110 1480 auctoris

465 1514 651 1568 nostri
685 1518 843 1568 textu
880 1514 1145 1585 quaedam
1179 1514 1469 1586 Rigaltius
1502 1531 1660 1570 more
1691 1532 1797 1570 suo
1829 1515 2108 1569 immuta-

464 1604 547 1658 vit
576 1609 633 1659 et
662 1603 906 1658 addidit.
952 1604 1215 1659 Primum
1260 1605 1416 1660 enim
1451 1621 1519 1659 ex
1548 1604 1692 1674 sola,
1729 1605 1829 1660 sed
1863 1604 2108 1659 forsitan

466 1710 581 1748 non
615 1711 855 1765 prorsus
886 1694 1123 1763 infelici,
1158 1694 1367 1749 Latinii
1400 1688 1753 1765 conjectura,
1788 1711 1890 1766 pro
1935 1695 2107 1749 verbo

465 1784 694 1855 patitur,
746 1785 1122 1839 emendatum
1178 1785 1580 1856 scriptumque
1622 1784 1825 1851 voluit,
1877 1786 2108 1855 potitur,

468 1871 577 1927 hoc
597 1877 703 1939 est,
739 1871 951 1942 inquit,
984 1873 1126 1928 dum
1157 1879 1245 1928 est
1276 1890 1514 1944 compos
1562 1891 1715 1929 sanaa
1745 1872 1979 1928 mentis.
2040 1874 2111 1927 Et

467 1967 618 2016 certe
654 1978 864 2015 nomen
892 1962 1103 2016 sanitas
1161 1962 1445 2033 accipitur
1474 1962 1791 2034 aliquando
1824 1980 1925 2035 pro
1957 1963 2109 2017 bono

468 2054 620 2103 statu
654 2050 887 2115 mentis,
923 2054 1097 2122 atque
1128 2051 1282 2121 apud
1336 2052 1520 2107 honos
1560 2058 1826 2108 auctores
1858 2053 2110 2124 legimus

462 2137 635 2209 potiri
666 2138 971 2209 gaudia.ln
1003 2140 1233 2195 duobus
1264 2145 1462 2196 autem
1494 2142 1913 2198 recentioribus
1952 2144 2108 2198 codi-

466 2226 632 2281 cibus
663 2227 947 2299 scriptum
979 2231 1351 2300 estpascilur.
1391 2231 1537 2296 Quid
1594 2248 1748 2299 vero,
1783 2232 1831 2287 si
1889 2231 2114 2287 Tertul-

462 2316 658 2372 lianus
684 2317 878 2372 minus
909 2316 1088 2373 latine
1117 2318 1411 2390 loquendo
1439 2321 1651 2377 dixerit
1676 2324 1899 2393 patitur
1949 2322 2111 2377 sani-

468 2412 669 2475 tatem,
695 2408 964 2464 videlicet
993 2410 1255 2465 nondum
1282 2409 1571 2483 integram
1594 2412 1622 2467 ?

541 2515 837 2585 Quidquid
869 2515 1197 2581 sit,videtur
1229 2517 1523 2590 Rigaltius
1544 2520 2113 2589 privatajauctorita-

470 2605 528 2657 te
554 2602 853 2658 hisverbis
889 2620 901 2658 :
937 2628 959 2655 ι
998 2604 1114 2659 Ηοο
1148 2603 1293 2675 solo,
1325 2605 1465 2676 quia
1522 2606 1755 2678 proprie
1810 2606 1905 2662 hic
1959 2625 2113 2663 unus

471 2691 646 2758 Deus,
680 2693 873 2747 bonus
903 2698 959 2747 et
991 2710 1262 2764 magnus,
1299 2717 1325 2743 »
1356 2694 1558 2751 isthazc
1584 2696 2113 2767 subrogasseuzlloc

473 2780 618 2849 solo,
652 2780 789 2852 quia
817 2782 1051 2853 proprio
1083 2783 1183 2838 Dei
1242 2784 1379 2839 veri.
1435 2784 1588 2840 Deus
1639 2802 1910 2856 magnus,
1965 2788 2113 2841 Deus

472 2870 685 2925 bonus.
716 2892 743 2919 »
776 2872 883 2925 Sed
917 2888 1109 2927 nonne
1138 2873 1280 2928 satis
1313 2874 1621 2945 perspicua
1677 2880 1845 2930 erant
1902 2892 2114 2930 manu-

475 2960 831 3030 scriptorum
866 2961 1134 3017 conicum
1168 2963 1364 3029 verba,
1398 2980 1504 3019 nec
1535 2963 1629 3019 his
1662 2965 1860 3019 minus
1909 2964 2063 3020 clara
2086 2966 2115 3020 ?

471 3050 582 3106 Sed
617 3050 706 3105 fac
736 3050 1075 3106 obscuriora
1106 3067 1256 3121 esse,
1290 3054 1583 3125 numquid
1626 3053 1843 3110 idcirco
1902 3071 2115 3110 manus

467 3138 770 3194 inferenda
800 3141 1012 3195 veteris
1069 3140 1373 3213 scriptoris
1433 3143 1634 3209 textui,
1693 3150 1758 3199 ut
1812 3162 1914 3216 pro
1945 3144 2110 3200 libito

468 3227 930 3299 corrigatur,nec
961 3228 1216 3300 amplius
1248 3230 1407 3285 illius
1438 3231 1556 3287 sit?

542 3315 666 3370 Non
700 3315 809 3371 hoc
860 3322 1053 3372 autem
1113 3323 1343 3373 tantum
1395 3319 1453 3374 in
1516 3319 1664 3375 libro
1722 3320 2112 3377 Tertullianus

464 3408 664 3459 noster
703 3405 809 3461 hac
842 3406 1123 3461 adversus
1156 3407 1424 3462 ethnicos
1461 3410 1969 3478 argumentatione
1996 3410 2115 3464 uti-

468 3494 695 3558 tur,sed
727 3510 857 3549 eam
891 3510 1123 3565 quoque
1148 3496 1337 3551 fusius
1368 3497 1679 3569 acriusque
1705 3504 1871 3570 urget
1904 3504 2022 3554 toto
2058 3500 2117 3553 in

466 3582 615 3637 libro
666 3584 738 3638 de
796 3585 1114 3639 Testimonio
1170 3586 1368 3639 anime:
1422 3586 1679 3641 adversus
1721 3594 1934 3655 gentes,
2003 3587 2103 3643 ubi

472 3673 643 3726 docet
664 3671 774 3726 hoc
806 3672 999 3743 ipsum
1034 3674 1161 3743 ejus
1184 3674 1587 3730 testimonium
1611 3692 1738 3731 esse
1772 3700 1798 3725 ‹‹
1830 3678 1989 3732 omni
2014 3677 2111 3732 tit-

471 3764 731 3815 teratura
762 3760 981 3831 notius,
1012 3763 1278 3818 doctrina
1308 3764 1655 3836 agitatitius,
1675 3766 1823 3821 omni
1858 3766 2115 3821 editione

472 3847 791 3921 vulgatius,
824 3855 945 3906 toto
976 3852 1214 3908 homine
1246 3855 1464 3924 majus,
1500 3854 1555 3908 id
1598 3859 1710 3920 est,
1742 3859 1932 3911 totum
1958 3856 2115 3928 quod

474 3942 564 3993 est
595 3937 874 3994 hominis.
936 3962 965 3989 »
1007 3942 1201 4010 (Idem,
1261 3942 1332 3997 de
1380 3942 1597 3997 Testim.
1648 3944 1833 3999 Anim.
1869 3960 1997 4015 cap.
2059 3944 2112 4011 1)

471 4025 597 4082 Alia
626 4031 821 4083 autem
853 4029 979 4099 ejus
1013 4032 1188 4085 verba
1217 4029 1356 4085 alibi
1407 4030 1737 4099 citavimus,
1798 4031 2114 4104 palamque

472 4116 720 4173 fecimus
752 4118 906 4172 idem
937 4123 1351 4189 argumentum
1382 4120 1646 4176 adhiberi
1669 4139 1701 4176 a
1731 4122 1976 4178 Minutio
2007 4123 2116 4177 Fe-

473 4204 602 4275 lice,
627 4207 933 4279 Cypriane,
966 4209 1219 4263 Arnobio
1246 4213 1302 4264 et
1334 4210 1651 4278 Lactantio,
1704 4212 1824 4282 qui,
1859 4211 2116 4267 auctoris

474 4296 658 4351 nostri
691 4296 952 4368 vestigiis
978 4296 1352 4365 inhaerentes,
1387 4298 1565 4369 hujus
1596 4300 1925 4372 argumenti
1956 4300 2008 4354 vi
2050 4317 2115 4356 ac

474 4385 730 4457 pondere
760 4402 964 4441 omnes
993 4386 1275 4443 falsorum
1308 4387 1548 4442 deorum
1593 4388 1844 4443 cultores
1884 4389 2115 4446 atheos-

473 4492 585 4545 que
614 4476 935 4530 obruerunt
964 4476 1273 4543 (Dissertat.
1310 4478 1371 4531 in
1395 4476 1612 4544 Minut.,
1646 4494 1771 4548 cap.
1811 4479 1865 4547 2,
1901 4483 2006 4533 art.
2058 4480 2113 4548 5,

470 4569 528 4619 et
555 4580 682 4633 cap.
715 4564 770 4630 3,
801 4569 907 4619 art.
939 4564 972 4619 3
999 4582 1012 4631 ;
1046 4565 1336 4621 Dissertat.
1370 4567 1431 4621 in
1461 4567 1658 4622 Arnob.
1691 4568 1880 4639 cap.5,
1913 4572 2023 4624 art.
2060 4570 2112 4640 1,
2145 4555 2192 4620 D

470 4659 524 4709 et
552 4654 832 4708 Dissertat.
866 4654 925 4707 in
955 4655 1203 4709 Lactant.
1238 4672 1363 4727 cap.
1394 4656 1480 4728 12,
1506 4662 1615 4714 art.
1656 4658 1723 4729 1).

542 4762 905 4833 Quapropter
935 4761 1035 4819 illa
1054 4762 1147 4818 hic
1178 4780 1295 4819 non
1327 4766 1644 4837 repetenda
1663 4782 1993 4837 censemus,
2012 4765 2113 4822 sed

470 4849 618 4907 illud
636 4852 920 4907 duntaxat
945 4852 1536 4923 examinandum,cur
1557 4855 1932 4911 dixerithanc
1946 4860 2113 4911 natu-

468 4940 653 4998 ralem
683 4941 783 4997 Dei
808 4941 1240 4999 invocationem
1292 4959 1421 5001 esse
1478 4946 1858 5001 testimonium
1912 4945 2115 5000 anime

466 5032 811 5087 naturaliter
834 5031 1189 5089 Christiana.
1216 5032 1513 5105 Numquid
1542 5034 1699 5090 enim
1732 5034 1929 5089 anima
1951 5037 2117 5088 natu-

467 5121 667 5177 raliter
691 5121 1023 5178 Christiana
1051 5121 1168 5176 est?
1189 5122 1392 5178 Nonne
1423 5123 1598 5195 paulo
1638 5128 1771 5196 post
1800 5122 1897 5178 ille
1928 5122 2112 5178 dixit:

465 5210 655 5277 Fiunt,
685 5226 795 5267 non
824 5218 1128 5266 nascuntur
1159 5209 1469 5267 Christiani
1505 5212 1871 5284 (Tertullian.
1920 5212 2115 5284 Apolo-

411 5364 420 5373 .
468 5303 573 5371 get.
607 5316 734 5371 cap.
768 5300 857 5368 l7,
891 5316 1020 5372 pag.
1049 5301 1156 5354 377
1182 5343 1197 5369 ,
1232 5300 1368 5356 Ibid.
1400 5317 1525 5373 cap.
1597 5303 1688 5373 18,
1737 5318 1873 5375 pag.
1933 5301 2062 5373 378)
2093 5301 2117 5358 ?

474 5388 627 5444 Alibi
659 5404 792 5444 vero
825 5388 1015 5460 ipsam
1046 5388 1305 5445 animam
1337 5389 1420 5445 sic
1462 5388 1815 5462 alloquitur:
1860 5390 1982 5446 Non
2039 5406 2115 5458 es,

470 5477 611 5551 quod
657 5479 848 5547 sciam,
880 5479 1205 5534 Christiana
1231 5495 1252 5539 ;
1274 5479 1415 5549 ﬁeri,
1448 5480 1622 5547 enim,
1651 5495 1761 5535 non
1799 5481 1955 5535 nasci
1981 5479 2119 5534 sole:

471 5568 791 5623 Christiana
817 5567 1021 5635 (Idem,
1052 5567 1116 5622 de
1151 5568 1372 5623 Testim.
1408 5569 1588 5624 Anim.
1650 5585 1780 5640 cap.
1837 5570 1909 5637 1).
1941 5569 2013 5623 At
2070 5568 2121 5623 si

472 5657 648 5713 homo
681 5674 797 5713 non
830 5655 1110 5725 nascitur,
1144 5657 1246 5713 sed
1291 5657 1357 5714 ﬁt
1385 5657 1776 5729 Christianus,
1824 5672 1961 5729 ergo
1990 5656 2120 5728 ejus

2141 3185 2191 3252 C

2212 529 2520 597 tullianus,
2550 549 2645 602 qu1
2680 549 2897 603 paucas
2927 532 3080 587 inter
3108 531 3293 586 lineas
3324 530 3435 585 sibi
3467 527 3666 601 procul
3690 527 3863 583 dubio

2216 638 2329 676 non
2362 622 3031 694 contradixit,prioribus
3058 620 3247 676 verbis
3280 619 3425 675 nihil
3458 617 3615 673 aliud
3638 616 3860 689 signifi-

2214 710 2446 779 cat,nisi
2462 711 2667 766 animae
2682 711 2950 767 humanae
2964 710 3115 766 808
3132 707 3725 766 naturaliterinsitam
3740 722 3863 761 esse

2214 800 2335 855 veri
2360 800 2459 855 Dei
2494 802 2945 873 notionem,quaa
2979 800 3162 856 totius
3186 799 3529 856 Christianae
3568 794 3866 868 religionis

2217 893 2305 944 est
2327 890 2799 946 fundamentum.
2816 890 2945 945 Alia
2965 894 3161 945 autem
3184 888 3382 945 omnia
3414 887 3572 941 illius
3594 884 3871 957 mysteria

2217 984 2275 1034 ct
2303 978 2655 1035 documenta
2710 997 2823 1035 non
2884 979 3202 1051 cognoscit,
3234 977 3376 1049 quin
3418 976 3583 1049 prius
3636 975 3707 1029 ab
3742 973 3870 1029 aliis

2219 1068 2518 1123 doceatur.
2552 1070 2738 1139 Atque
2768 1070 2848 1123 ita
2905 1067 3142 1139 quidem
3196 1064 3511 1122 Christiani
3534 1065 3705 1129 ﬁunt,
3747 1079 3863 1117 non

2219 1162 2412 1213 autem
2438 1163 2781 1223 nascuntur,
2806 1157 3070 1229 quamvis
3102 1154 3643 1211 naturaliterunum
3675 1153 3859 1208 Deum

2222 1252 2544 1317 agnoscant
2566 1252 2621 1302 et
2649 1248 2939 1302 invocent.

2294 1354 2467 1408 Visne
2499 1353 2643 1408 illud
2674 1353 2780 1408 tibi
2810 1354 3151 1425 exipsomet
3180 1351 3543 1407 Tertulliano
3575 1347 3818 1421 probari
3847 1345 3871 1401 ?

2220 1445 2304 1497 Ad
2337 1443 2613 1499 Nationes
2644 1443 2740 1498 ille
2769 1442 2974 1499 scribit
3007 1443 3275 1498 Liberum
3298 1442 3528 1497 Patrem
3570 1456 3703 1495 cum
3763 1454 3869 1493 suo

2222 1548 2386 1587 sacro
2419 1534 2487 1586 ab
2511 1532 2654 1587 urbe
2684 1532 2868 1587 Roma
2896 1536 3135 1603 totaque
3161 1529 3327 1587 italia
3376 1528 3720 1585 auctoritate
3776 1542 3867 1581 se-

2220 1627 2394 1676 natus
2424 1622 2693 1691 ejectum,
2710 1638 3059 1693 eversasque
3088 1620 3406 1692 Serapidis,
3432 1618 3602 1675 Isidis
3634 1622 3689 1671 et
3722 1616 3868 1670 Har-

2224 1710 2479 1782 pocratis
2510 1715 2842 1766 statuas.At
2872 1711 3020 1765 hanc
3051 1711 3187 1765 inde
3216 1709 3373 1764 elicit
3403 1706 3864 1764 conclusionem:

2140 1816 2188 1881 B
2225 1826 2243 1849 α
2284 1801 2523 1856 Habetis
2554 1802 2736 1873 igitur
2757 1801 2815 1856 in
2845 1801 3167 1873 majoribus
3196 1799 3422 1868 vestris,
3453 1798 3561 1854 etsi
3599 1813 3715 1852 non
3763 1812 3865 1849 no-

2221 1894 2648 1959 men,attamen
2674 1896 2893 1946 sectam
2918 1888 3471 1960 Christianam,que
3504 1888 3643 1941 deos
3678 1882 3865 1955 negli-

2220 1982 2323 2052 git.
2362 2003 2390 2029 »
2425 1979 2695 2051 (Tertull.
2730 1979 2831 2033 lib.
2867 1996 2884 2034 ι
2914 1979 2984 2033 ad
3013 1980 3243 2034 Nation.
3278 1995 3401 2049 cap.
3427 1978 3511 2043 10,
3547 1991 3681 2047 pag.
3714 1974 3861 2040 373.)

2217 2070 2471 2125 Videsne
2501 2070 2572 2124 ob
2604 2069 2713 2124 hoc
2728 2068 2917 2123 solum
2938 2069 3154 2123 factum
3171 2063 3718 2139 quosdamfgentiles
3742 2078 3862 2117 sec-

2219 2164 2290 2214 tas
2321 2158 2662 2213 Christianae
2704 2157 2942 2213 nomine
2975 2157 3047 2212 ab
3079 2173 3145 2211 eo
3169 2154 3480 2228 appellari?
3508 2154 3728 2209 Eadem
3754 2151 3862 2205 ite-

2220 2264 2334 2319 que
2366 2248 2589 2302 ratione
2644 2247 2841 2301 anima
2911 2245 3258 2301 naturaliter
3338 2243 3669 2300 Christiana
3753 2238 3867 2295 dici

2219 2336 2560 2407 potuit,quae
2574 2335 2940 2391 conscientia:
2955 2353 3075 2391 suae
3092 2334 3449 2403 testimonio,
3492 2329 3868 2400 naturalique

2222 2426 2446 2481 lumine
2478 2443 2541 2481 ac
2575 2431 2734 2482 motu
2768 2442 2967 2482 verum
3003 2426 3365 2497 unicumque
3402 2429 3549 2479 Deus
3580 2419 3867 2493 agnoscit.

2220 2517 2326 2571 Sed
2360 2532 2393 2569 a
2424 2514 2593 2571 nobis
2617 2516 2740 2586 jam
2775 2516 3148 2571 observatum
3196 2519 3285 2571 est
3316 2513 3408 2569 his
3441 2512 3613 2585 plane
3644 2508 3865 2566 similia

2224 2624 2257 2660 a
2286 2605 2526 2661 Minutio
2561 2604 2749 2661 Felice
2779 2604 3023 2677 proferri
3054 2606 3362 2676 (Dissertat.
3396 2606 3457 2659 in
3486 2603 3708 2671 Μίνωι,
3738 2616 3868 2671 cap.

2224 2696 2310 2763 13,
2345 2699 2454 2749 art.
2488 2696 2563 2765 4).

2295 2785 2434 2841 Jure
2466 2784 2644 2855 igitur
2684 2782 2889 2839 merito
2919 2782 3316 2839 Tertullianus
3346 2781 3503 2849 inde,
3565 2783 3624 2834 et
3669 2794 3738 2833 ex
3798 2775 3870 2830 iis

2223 2874 2498 2931 omnibus
2531 2888 2657 2944 qua
2690 2872 2975 2927 hactenus
3006 2874 3369 2945 probaverat,
3425 2870 3508 2925 sic
3531 2866 3865 2925 concludit:

2223 2989 2251 3016 «
2281 2965 2409 3019 Haec
2439 2967 2528 3019 est
2557 2979 2792 3018 summa
2820 2962 3016 3018 delicti
3049 2961 3375 3018 nolentium
3427 2971 3867 3030 recognoscere,

2223 3071 2398 3127 quem
2431 3053 2700 3125 ignorare
2730 3068 2842 3106 non
2869 3056 3136 3123 possunt.
3174 3074 3200 3100 ››
3232 3044 3871 3122 (Apol.c.17,pag.376.)

2228 3144 2444 3198 Eadem
2479 3140 2648 3213 plane
2670 3146 2758 3197 est
2785 3140 3081 3213 Cypriani.
3104 3142 3233 3212 ejus
3254 3137 3530 3211 discipuli
3580 3141 3635 3191 et
3669 3150 3872 3205 sequa-

2229 3233 2314 3287 cis
2344 3230 2640 3286 conclusio
2670 3248 2683 3284 ε
2720 3254 2747 3280 ‹‹
2779 3233 2965 3302 Atque
2997 3230 3115 3285 haec
3145 3234 3234 3285 est
3260 3245 3497 3285 summa
3525 3224 3722 3281 delicti
3756 3220 3872 3277 nol-

2224 3322 2276 3376 le
2309 3336 2645 3393 agnoscere,
2680 3336 2854 3392 quem
2876 3320 3142 3391 ignorare
3166 3336 3283 3374 non
3309 3313 3868 3391 possit.»(Cyprian.,

2224 3410 2286 3466 (te
2319 3411 2515 3465 Idolor.
2573 3411 2779 3478 Venit,
2839 3425 2975 3480 pag.
3030 3409 3140 3480 15.)
3175 3408 3356 3463 Nemo
3416 3405 3633 3479 quippe
3684 3404 3870 3474 potest

2225 3496 2619 3569 ignorantiam
2655 3513 2934 3552 excusare
2969 3496 3086 3562 Dei,
3119 3512 3295 3567 quem
3316 3500 3402 3550 tot
3424 3489 3790 3565 argumentis
3819 3491 3872 3542 et

2224 3586 2433 3641 intimo
2466 3586 2658 3640 cordis
2690 3585 3017 3657 animaeque
3050 3602 3230 3641 sensu
3261 3599 3578 3658 agnoscere
3609 3576 3863 3651 compel-

2224 3674 2388 3729 litur.
2422 3674 2741 3729 Maximum
2798 3675 2979 3747 igitur
3034 3674 3336 3742 delictum,
3388 3674 3503 3728 imo
3535 3687 3668 3726 vero
3718 3683 3871 3723 sum-

2226 3780 2389 3818 mum
2422 3764 2687 3819 omnium
2721 3763 3068 3820 delictorum
3093 3762 3348 3819 estnolle
3378 3763 3562 3817 Deum
3593 3773 3870 3830 recogno-

2225 3854 2517 3924 scere,qui
2551 3870 2583 3907 a
2607 3852 2862 3921 nemine,
2897 3854 3006 3909 nisi
3040 3853 3275 3925 penitus
3306 3869 3506 3908 excors
3558 3854 3615 3905 et
3668 3862 3868 3903 amens

2223 3942 2323 4009 sit,
2358 3946 2547 4013 potest
2577 3942 2854 4014 ignorari.

2297 4050 2511 4116 Quinta
2541 4050 2845 4116 divinas,ut
2878 4049 3421 4121 aiunt,exsistentias
3452 4044 3868 4103 demonstratio

2224 4139 2318 4195 his
2349 4138 2674 4194 includitur
2696 4140 3126 4211 verbis,quibus
3157 4146 3359 4196 auctor
3387 4143 3588 4195 noster
3617 4136 3779 4191 illam
3807 4148 3872 4189 ex

2223 4228 2469 4283 inﬁnitis
2501 4228 2601 4284 Dei
2636 4229 3098 4301 perfectionibus
3157 4229 3317 4284 elicit
3381 4225 3819 4283 conclusionem
3849 4237 3861 4275 :

2223 4318 2365 4386 Ideo,
2400 4318 2610 4388 inquit,
2649 4324 2797 4374 Deus
2831 4336 2989 4374 verus
3019 4324 3069 4375 et
3101 4323 3287 4374 tantus
3316 4325 3392 4374 est
3418 4316 3640 4388 (lbid.).
3672 4312 3872 4368 Nonne

2225 4406 2383 4461 enim
2415 4406 2571 4462 hunc
2604 4413 3053 4480 argumentatur
3084 4408 3143 4463 in
3174 4406 3454 4463 modum?
3486 4403 3621 4459 Veri
3645 4402 3741 4459 Dei
3773 4418 3872 4455 no-

2229 4496 2385 4552 mine
2414 4496 2465 4552 is
2492 4496 2865 4567 intelligitur,
2889 4498 3058 4568 cujus
3088 4497 3330 4552 intinitas
3375 4501 3514 4551 sunt
3563 4490 3871 4565 perfectio-

2225 4602 2350 4652 nes,
2385 4586 2614 4657 etquod
2648 4585 2791 4641 nihil
2819 4588 3013 4657 majus
3046 4590 3147 4641 aut
3197 4584 3509 4657 perfectius
3558 4577 3868 4653 excogitari

2225 4673 2462 4746 potest?
2494 4691 2609 4729 non
2641 4675 2799 4730 enim
2831 4680 2987 4730 esset
3015 4691 3189 4730 verus
3220 4674 3399 4743 Deus,
3431 4672 3481 4728 si
3512 4675 3711 4727 tantus
3757 4684 3867 4724 non

2224 4767 2380 4818 esset
2414 4779 2427 4819 :
2461 4769 2519 4818 at
2551 4764 2621 4831 is,
2655 4763 2756 4834 qui
2788 4763 3050 4818 infinitas
3084 4762 3469 4834 perfectionec
3502 4761 3561 4815 in
3593 4778 3656 4815 se
3711 4774 3868 4813 com-

2223 4852 2521 4925 plectitur,
2556 4870 2590 4907 a
2619 4869 2682 4907 se
2714 4853 2968 4922 profecto
3000 4852 3261 4919 habet,et
3292 4851 3445 4923 quod
3476 4849 3769 4920 ;exsistat,
3816 4850 3870 4901 et

2225 4940 2381 5013 quod
2405 4939 2538 4996 aliis
2560 4940 2783 4996 tribuat
2813 4945 2878 4996 ut
2908 4940 3025 4996 sint
3064 4944 3122 4995 et
3152 4940 3599 4997 exsistantzcum
3630 4936 3785 4994 enim
3807 4951 3871 4991 ea

2225 5030 2301 5087 sit
2332 5046 2528 5086 rerum
2560 5030 2825 5085 omnium
2856 5034 3188 5086 creatarum
3220 5030 3494 5094 series,ut
3525 5026 3869 5100 posteriores

2227 5122 2298 5177 ab
2331 5119 2769 5192 antiquioribus
2794 5118 3107 5192 originem,
3142 5136 3261 5191 qua
3289 5118 3601 5185 exsistunt,
3635 5130 3867 5187 accepe-

2229 5211 2364 5279 rint,
2395 5208 2599 5265 debuit
2628 5213 2763 5265 ante
2784 5224 2958 5264 omne
2988 5213 3225 5281 tempus
3247 5224 3377 5265 esse
3408 5205 3648 5278 aliquis,
3682 5204 3780 5277 qui
3838 5219 3869 5257 α

2228 5298 2521 5367 nullo,sed
2555 5298 2751 5369 potius
2783 5314 2817 5353 a
2847 5314 2909 5353 se
2937 5298 3061 5369 ipso
3088 5298 3361 5353 habuerit
3415 5297 3570 5368 quod
3610 5294 3863 5358 exsistat,

2230 5394 2288 5444 et
2318 5389 2487 5444 rebus
2522 5388 2853 5460 quibusque
2886 5387 3095 5443 creatis
3124 5403 3222 5442 eas
3244 5403 3449 5442 omnes
3479 5385 3693 5456 quibus
3727 5398 3865 5455 prae-

2230 5478 2364 5533 ditas
2396 5481 2559 5544 sunt,
2594 5476 2982 5548 perfectiones
3016 5475 3302 5549 largiatur
3330 5492 3343 5532 ε
3375 5478 3434 5530 at
3464 5473 3564 5530 ille
3623 5473 3741 5528 ideo
3796 5478 3864 5526 est

2232 5580 2407 5633 verus,
2436 5566 2570 5635 quia
2602 5571 2785 5621 tantus
2813 5575 2911 5623 eu.
2945 5565 3010 5621 In
3042 5582 3147 5621 suo
3178 5570 3377 5621 autem
3401 5564 3680 5620 adversus
3714 5561 3863 5617 Mar-

2231 5652 2460 5711 cionem
2489 5652 2640 5712 libro
2670 5670 2740 5713 ex
2769 5671 3006 5718 summa
3032 5653 3135 5714 Dei
3173 5652 3529 5727 perfectione
3577 5648 3864 5709 concludit
