4106 6178
273 336 387 398 893

1179 343 1253 401 1).
1303 343 1396 403 I.E
1440 343 1768 406 NOURRY
1811 344 2462 409 OBSERVATIONES
2508 347 2769 410 NOVE.

3558 350 3675 409 894

273 465 442 522 illum
475 482 603 523 esse
636 469 896 535 unicum,
930 470 1014 527 ita
1043 476 1108 527 ut
1134 489 1246 529 non
1281 474 1663 541 exsisteret,si
1686 493 1798 532 non
1823 494 1919 533 es-
1945 479 1999 549 Α
2032 481 2222 535 creata
2255 480 2468 535 fuerint
2490 479 2852 552 (Tertullian.
2915 480 3187 552 Apologe’.
3248 494 3373 550 cap.
3424 478 3530 551 11).
3588 483 3679 535 Et-

271 560 363 611 set
389 557 793 619 unusAudias
824 558 997 615 velim
1031 576 1158 631 quea
1183 563 1261 616 sit
1282 565 1877 637 ejus.argumentatio
1903 582 1916 622 :

252 661 301 699 “a
327 648 482 704 Deus
514 665 647 704 cum
681 666 984 708 summum
1023 670 1305 725 magnum
1357 655 1455 728 sit,
1514 661 1665 713 recte
1708 657 1922 714 veritas

271 742 477 793 nostra
498 738 901 809 pronuntiavit
932 757 945 795 ε
980 741 1155 814 Deus,
1178 743 1226 798 si
1243 760 1356 800 non
1376 762 1530 801 unus
1560 751 1789 814 est,non
1813 751 1921 802 est.

268 830 399 883 Non
435 826 600 899 quasi
635 827 977 886 dubitemus
1009 848 1136 888 esse
1171 837 1373 906 Deum,
1393 835 1677 891 dicendo:
1713 835 1770 891 Si
1808 852 1923 892 non

269 934 450 986 unus,
482 934 596 972 non
632 922 760 987 est;
793 921 894 975 sed
928 921 1067 993 quia
1099 940 1272 995 quem
1306 925 1651 981 confidimus
1682 943 1831 997 esse,
1866 927 1923 983 id

266 1023 404 1063 eum
430 1006 781 1063 deficiamus
807 1025 957 1080 esse,
988 1013 1142 1082 quod
1162 1013 1209 1067 si
1243 1031 1358 1070 non
1390 1020 1657 1084 est,Deus
1681 1033 1794 1071 non
1815 1020 1924 1085 est,

267 1112 571 1151 summum
608 1098 833 1154 scilicet
862 1116 1164 1173 magnum.
1199 1104 1349 1159 809
1401 1106 1574 1162 Porro
1627 1123 1927 1164 summum

266 1201 551 1258 magnum
583 1186 821 1243 unicum
856 1189 932 1244 sit
963 1208 1202 1248 necesse
1232 1198 1502 1268 est;ergo
1534 1200 1591 1252 et
1621 1202 1773 1252 Deus
1800 1197 1928 1252 uni-

264 1291 370 1329 cus
403 1274 534 1342 erit,
569 1292 682 1330 non
717 1276 887 1332 aliter
918 1278 1073 1335 Deus
1097 1281 1208 1337 nisi
1260 1300 1562 1340 summum
1622 1302 1926 1357 magnum,

266 1381 374 1419 nec
390 1364 877 1422 alitersummum
904 1374 1324 1441 magnum,nisi
1351 1391 1551 1446 parem
1575 1393 1689 1432 non
1720 1377 1931 1432 habeat

265 1469 373 1508 nec
406 1452 575 1508 aliter
608 1471 803 1525 parem
829 1474 943 1512 non
977 1459 1224 1529 habens,
1276 1462 1387 1517 nisi
1425 1464 1632 1521 unicus
1666 1465 1861 1521 fuerit.
1906 1489 1923 1514 ι

267 1541 579 1613 (Idemlib.
614 1558 632 1597 ι
662 1544 872 1600 advers.
904 1551 1180 1604 Marcion.
1208 1568 1333 1624 cap.
1369 1553 1445 1625 3.)

338 1630 575 1686 Sextum
609 1636 662 1687 et
696 1632 963 1691 ultimam
999 1654 1116 1709 qua
1147 1639 1300 1695 Deus
1332 1643 1611 1699 exsistere
1655 1644 1929 1716 probatur

266 1720 833 1778 demonstrationem
864 1725 1228 1784 Tertulliano
1259 1733 1655 1803 suppeditavit
1695 1750 1931 1789 summa

2031 567 2186 623 enim
2214 570 2695 642 «imperfectum,
2729 570 2923 642 inquit
2954 570 3071 638 ille,
3134 585 3250 623 non
3299 569 3489 640 potuit
3526 585 3676 640 esse,

2034 659 2185 730 quod
2207 659 2448 731 perfecit
2479 660 2696 731 omnia,
2724 682 2753 709 »
2778 660 2830 715 id
2860 664 2966 730 est,
2988 659 3127 732 quia
3157 659 3312 715 Deus
3365 675 3398 714 a
3446 675 3508 715 se
3550 658 3677 731 ipso

2034 752 2142 817 est,
2170 753 2226 804 et
2265 753 2471 805 caetera
2500 751 2698 806 omnia
2729 750 2880 818 fecit,
2924 748 3066 805 nihil
3122 765 3364 820 prorsus
3405 748 3676 820 imperfe-

2036 837 2133 906 cti,
2166 840 2265 894 sed
2294 842 2513 909 {omnes
2558 840 2795 896 omnino
2836 838 3221 912 perfectiones
3279 837 3511 909 habeat,
3572 854 3677 893 ne-

2037 942 2198 983 cesse
2220 932 2328 983 est.

2107 1021 2300 1072 Tantas
2333 1022 2528 1074 autem
2562 1018 2671 1073 ille:
2703 1023 2864 1088 sunt,
2900 1017 3259 1088 humanique
3299 1014 3518 1087 ingenii
3568 1014 3677 1069 im-

2038 1106 2411 1163 becillitatem
2448 1109 2591 1162 adeo
2624 1111 2923 1178 superant,
2955 1112 3015 1160 ut
3045 1106 3344 1161 invisibilis
3385 1106 3458 1159 sit
3514 1103 3678 1176 (Ibid.

2039 1212 2160 1266 cap.
2197 1196 2221 1249 1
2272 1240 2286 1265 ,
2312 1213 2443 1268 pag.
2477 1198 2623 1267 375),
2658 1197 2962 1251 aitauctor
2988 1200 3209 1258 noster,
3232 1194 3287 1248 id
3317 1198 3426 1261 est,
3471 1193 3680 1247 huma-

2040 1284 2130 1339 nis
2164 1284 2349 1340 oculis
2375 1285 2528 1339 810
2558 1286 2738 1339 videri
2767 1303 2877 1340 non
2914 1284 3117 1356 possit.
3146 1284 3292 1338 Nam
3330 1287 3391 1337 ut
3446 1282 3572 1354 ipse
3621 1282 3678 1336 in

2010 1374 2231 1429 .Exodo
2271 1374 2491 1445 (xxxm,
2522 1376 2613 1446 20)
2645 1374 2943 1446 loquitur:
2978 1374 3091 1428 Non
3126 1375 3274 1428 enim
3339 1372 3539 1428 videbit
3594 1387 3680 1426 me

2038 1464 2215 1527 homo,
2246 1467 2294 1518 et
2323 1466 2481 1519 vivet.
2513 1464 2688 1519 Addit
2717 1480 2848 1518 vero
2864 1462 3307 1530 Tertullianus,]
3327 1464 3431 1515 etsi
3488 1460 3681 1515 videa-

2040 1559 2150 1616 tur,
2184 1553 2291 1608 hoc
2313 1558 2422 1623 cst,
2456 1553 2685 1608 tametsi
2725 1552 2992 1607 homines
3032 1551 3223 1606 allatis
3282 1566 3459 1619 supra
3509 1566 3686 1621 argu-

2041 1646 2255 1697 mentis
2300 1659 2367 1697 ac
2425 1643 2557 1714 (art.
2620 1639 3464 1713 super.)demonstrationibus
3514 1636 3681 1693 illum

2041 1746 2239 1786 revera
2260 1731 2504 1787 existere
2527 1736 2719 1787 mente
2749 1730 2983 1785 videant
3013 1734 3069 1784 et
3100 1732 3475 1800 cognoscant.

267 1825 335 1863 ac
361 1808 515 1864 mira
561 1810 1025 1869 Christianorum
1077 1817 1149 1872 ad
1212 1819 1505 1877 daemones
1557 1822 1931 1893 expellendos

2113 1838 2682 1910 lncomprehensibilis
2713 1854 2943 1909 quoque
2972 1841 3081 1903 est,
3125 1835 3313 1908 pergit
3368 1832 3679 1889 Tertullia-

269 1902 561 1968 potestas,
593 1904 795 1955 contra
826 1919 1000 1973 quam
1036 1904 1284 1976 quilibet
1315 1910 1694 1980 quantumvis
1755 1910 1930 1982 perti-

276 2002 394 2040 nax
425 1987 663 2057 gentilis
696 2005 764 2044 ne
784 1992 999 2047 mutire
1030 1993 1268 2065 quidem
1303 2002 1547 2068 poterat.
1587 2000 1733 2054 Tum
1777 1999 1932 2054 enim

273 2075 662 2146 saepesaepius
695 2078 990 2136 daemones
1048 2099 1081 2137 a
1144 2083 1516 2151 Christianis,
1576 2087 1785 2143 Christi
1837 2106 1936 2143 no-

272 2163 441 2218 mine
471 2165 747 2236 adjurati,
780 2185 895 2223 non
928 2170 1120 2226 solum
1154 2174 1541 2243 ejiciebantur
1571 2194 1639 2232 ex
1668 2176 1761 2233 his
1785 2194 1933 2249 quos

272 2251 631 2308 obsidebant
656 2254 1025 2325 hominibus,
1059 2261 1159 2315 sed
1195 2264 1554 2335 cogebantur
1601 2267 1776 2322 etiam
1828 2284 1931 2338 pa-

269 2340 473 2397 lamst
502 2342 734 2413 publice
788 2347 1073 2416 confiteri,
1136 2366 1243 2405 nec
1299 2370 1381 2425 se,
1427 2370 1531 2410 nec
1588 2355 1732 2411 alios
1786 2374 1931 2428 quos

266 2429 526 2502 gentiles
548 2430 833 2501 colebant,
860 2451 989 2491 esse
1027 2438 1183 2505 deos,
1245 2442 1345 2497 sed
1406 2460 1588 2498 unum
1649 2445 1933 2500 duntaxat

266 2518 581 2584 exsistere,
650 2537 824 2593 quem
877 2524 1152 2598 discipuli
1198 2529 1411 2586 Christi
1480 2534 1926 2589 venerabantur.

263 2608 452 2678 Atqui
486 2630 515 2658 ι(
538 2610 731 2666 omnis
764 2612 896 2681 ista,
923 2614 1005 2669 ait
1036 2617 1457 2687 Tertullianus,
1490 2622 1780 2678 confessio
1804 2622 1929 2677 illo-

264 2712 432 2766 rum,
466 2714 581 2767 qua
610 2715 673 2755 se
704 2700 842 2756 deos
868 2708 1084 2776 negant
1114 2724 1260 2775 esse,
1322 2726 1551 2782 quaque
1586 2728 1699 2767 non
1748 2713 1929 2768 alium

264 2783 463 2840 Deum
498 2789 858 2859 respondent
889 2798 1096 2864 praeter
1128 2812 1333 2863 unum,
1373 2798 1464 2853 cui
1499 2818 1604 2855 nos
1628 2801 1928 2874 mancipa-

266 2891 431 2940 mur,
466 2876 612 2931 satis
640 2877 847 2935 idonea
867 2886 956 2936 est
986 2883 1057 2937 ad
1089 2885 1500 2958 depellendum
1529 2890 1747 2946 crimen
1780 2891 1928 2947 larem

264 2965 527 3020 maxime
553 2965 824 3023 Romanis
858 2970 1177 3044 religionis,
1209 2998 1237 3027 ››
1264 2992 1392 3048 quae
1452 2995 1565 3034 non
1622 2996 1821 3035 verum
1872 2985 1930 3035 et

264 3053 539 3119 unicum,
572 3056 673 3110 sed
716 3056 891 3114 falsos
923 3062 1125 3132 utique
1156 3064 1292 3120 deos
1324 3068 1708 3123 venerabatur
1768 3070 1925 3141 (Ter-

262 3140 506 3197 tullian.
540 3144 814 3217 Apologet.
848 3164 976 3221 cap.
1020 3152 1111 3220 24,
1147 3169 1277 3226 pag.
1329 3156 1476 3227 416).
1517 3160 1659 3212 Nam
1722 3140 1925 3214 omnes

260 3229 528 3301 profecto
560 3234 776 3290 ethnici
811 3219 1197 3310 daemonibus,
1231 3260 1429 3299 verum
1459 3250 1659 3301 contra
1712 3251 1924 3303 semet-
1955 3219 1998 3287 Ο

256 3319 433 3391 ipsos
488 3323 913 3383 confitentibus
965 3330 1257 3387 debebant
1302 3336 1558 3402 credere,
1613 3335 1710 3407 qui
1771 3354 1930 3391 men-

256 3410 558 3465 tientibus
592 3414 930 3472 credebant.
967 3418 1149 3475 Nemo
1176 3422 1489 3493 siquidem,
1523 3428 1588 3478 ut
1621 3429 1773 3480 recte
1834 3425 1928 3481 ille

261 3498 491 3587 arguit,
515 3522 544 3549 ‹‹
578 3502 650 3556 ad
682 3520 855 3559 suum
888 3506 1140 3565 dedecus
1183 3513 1486 3583 mentitur,
1530 3513 1671 3585 quin
1732 3514 1928 3587 potius

260 3588 334 3641 ad
377 3586 683 3646 honorem.
734 3595 917 3667 Magis
978 3597 1121 3653 fidos
1179 3600 1442 3670 proxima
1502 3608 1592 3657 est
1647 3604 1927 3659 adversus

256 3676 621 3747 semetipsos
653 3684 1017 3752 confitentes,
1052 3703 1228 3757 quam
1263 3706 1367 3761 pro
1390 3707 1452 3745 se
1502 3690 1648 3762 ipsis
1708 3709 1926 3764 negan-

254 3767 377 3819 tes.
402 3786 430 3812 ››
456 3765 624 3836 (Ibid.
649 3785 776 3842 cap.
798 3773 1029 3846 23,pag.
1064 3776 1215 3850 445.)
1240 3779 1382 3833 Tam
1417 3779 1716 3851 publicum
1740 3783 1924 3837 enim-

254 3870 400 3908 vero
443 3856 849 3915 testimonium
913 3864 1135 3920 nemini
1190 3866 1362 3938 plane
1414 3869 1663 3925 dubium
1721 3887 1922 3943 suspe-

251 3948 548 4015 ctumque
579 3962 706 4002 esse
753 3955 997 4020 poterat.
1060 3954 1450 4018 Quamobrem
1512 3956 1680 4025 illud,
1736 3960 1926 4032 pergit

250 4034 469 4086 auctor
500 4038 717 4101 noster,
752 4038 979 4095 solebat
1009 4058 1078 4096 ex
1108 4042 1363 4101 ethnicis
1397 4046 1588 4101 facere
1638 4047 1924 4103 Christia-

250 4135 367 4174 nos
390 4118 595 4190 flbid.)
616 4122 829 4196 Ecquis
851 4131 1009 4185 enim
1045 4130 1218 4186 homo
1251 4137 1479 4204 poterat
1526 4140 1640 4190 tam
1700 4141 1920 4192 certam

250 4209 607 4283 claramque
651 4217 1126 4276 testificationem
1154 4240 1444 4296 respuere,
1479 4226 1591 4282 nisi
1625 4227 1719 4282 cui
1777 4227 1924 4283 falsa

248 4301 606 4371 prmjudioia
651 4311 753 4362 aut
802 4308 1037 4380 privata:
1089 4313 1373 4370 utilitates
1422 4316 1665 4373 rationis
1720 4317 1919 4373 lumen

248 4390 503 4459 penitus
565 4393 949 4465 eripuerant?
990 4401 1132 4457 Jure
1211 4402 1396 4476 igitur
1454 4408 1672 4460 merito
1718 4410 1924 4461 auctor

249 4480 470 4532 noster
501 4495 795 4539 summam
821 4487 1120 4560 redarguit
1168 4488 1539 4562 iniquitatem
1590 4493 1918 4563 gentilium,

2044 1945 2177 1982 nus.
2213 1930 2401 2000 (Ibid.)
2433 1933 2578 1983 Nam
2612 1932 2674 1983 ut
2706 1928 2921 1983 fatetur
2949 1925 3217 1981 Clemens
3256 1924 3681 1979 Alexandrinus

2045 2016 2493 2088 (lib.vStrom.,
2528 2035 2659 2089 pag.
2682 2017 2846 2087 548):
2900 2011 3075 2081 Δῆλον
3141 2008 3347 2085 μηδένα
3404 2010 3535 2065 ποτὶ
3592 2006 3683 2062 δύο

2042 2115 2228 2168 νασοαι
2259 2104 2406 2179 παρᾶ
2428 2104 2519 2159 τόν
2551 2111 2651 2172 τῆς
2686 2105 2829 2172 ζωῆς
2862 2102 3061 2177 χρόνον
3109 2099 3201 2155 τόν
3262 2099 3389 2155 Θεὸν
3445 2097 3684 2172 ἐναργῶς

2015 2189 2461 2257 εκαταλαϐἇσθαι.
2495 2196 2770 2251 Neminem
2798 2211 3041 2264 unquam
3081 2208 3234 2262 posse
3260 2207 3358 2262 per
3415 2196 3514 2245 hoc
3559 2190 3687 2245 vitae

2042 2288 2254 2355 tempus
2305 2285 2475 2339 Deum
2534 2286 2826 2356 perspicue
2900 2282 3376 2354 compreliendeie.
3461 2277 3683 2341 Quibus

2044 2380 2289 2445 uterque
2320 2373 2507 2429 verbis
2537 2372 2831 2445 significat
2862 2371 3126 2426 infinitas
3155 2370 3256 2425 Dei
3300 2367 3684 2440 perfectiones

2041 2464 2115 2518 ab
2147 2462 2507 2529 hominibus,
2536 2462 2728 2530 ,vitam
2763 2461 2909 2516 hane
2967 2459 3272 2515 mortalem
3330 2455 3683 2520 viventibus,

2041 2570 2157 2607 non
2191 2568 2362 2625 posse
2393 2551 2570 2621 clara,
2589 2550 2865 2606 distincta
2891 2550 3021 2605 idea
3049 2553 3106 2605 et
3136 2548 3371 2604 notione
3403 2546 3573 2618 plane
3595 2561 3687 2617 pe-

2041 2641 2317 2713 nitusque
2374 2640 2810 2713 comprehendi.
2844 2637 3161 2711 Subjungit
3219 2640 3416 2692 tamen
3445 2653 3458 2703 ;
3486 2657 3513 2685 «
3563 2633 3685 2690 Etsi

2004 2746 2019 2764 ·
2040 2748 2143 2803 per
2183 2730 2433 2803 gratiam
2468 2733 2934 2802 repraesentetur.
2963 2748 2987 2779 υ
3014 2728 3123 2783 Sed
3157 2742 3423 2798 quaenam
3444 2728 3535 2779 est
3567 2722 3683 2777 ista

2038 2819 2247 2891 gratia,
2278 2819 2391 2875 nisi
2425 2818 2742 2875 Salvatoris
2772 2816 2955 2873 nostri
2978 2815 3213 2885 Christi,
3248 2816 3367 2885 qui,
3393 2812 3569 2867 homo
3597 2812 3683 2867 fa-

2039 2914 2191 2977 ctus,
2223 2908 2419 2964 docuit
2451 2908 2720 2963 homines
2751 2907 3043 2978 quomodo
3078 2906 3272 2976 ipsum
3304 2909 3360 2958 et
3411 2901 3677 2957 divinum

2036 2998 2164 3067 ejus
2192 3002 2420 3053 Patrem
2455 2997 2694 3051 unicum
2729 3013 3043 3063 verumque
3077 2999 3256 3049 Deum
3286 3008 3415 3048 esse
3463 2988 3680 3045 intelli-

2036 3091 2178 3158 gant
2197 3087 2223 3141 ‘2
2252 3086 2432 3142 Nemo
2464 3084 3213 3157 quippe,quemadmodum
3247 3080 3451 3137 scribit
3478 3088 3682 3134 auctor

2038 3174 2296 3246 epistolae
2327 3176 2399 3231 ad
2432 3176 2803 3247 Diognetum,
2848 3176 3027 3229 Deum
3086 3172 3248 3243 vidit,
3299 3175 3402 3225 aut
3432 3168 3682 3241 perfecte

2038 3265 2305 3335 cognovit
2331 3264 2535 3336 (Epist.
2587 3265 2835 3335 Diognet.
2899 3279 3029 3334 pag.
3086 3262 3209 3327 499,
3279 3259 3418 3315 edit.
3459 3257 3679 3313 Justin.

2034 3354 2330 3425 Martyr.):
2361 3351 2535 3415 Αὐτὸς
2560 3350 2616 3406 δὲ
2647 3350 2831 3405 ἑαυτὸν
2867 3346 3152 3419 ἐπέδειξεν
3203 3344 3437 3415 ἐπέδειξε
3489 3342 3545 3398 δὲ
3593 3340 3681 3397 διὰ

2035 3439 2269 3504 πίστεως
2362 3439 2499 3515 μόνῃ
2530 3441 2657 3495 Θεὸν
2693 3437 2823 3494 ἰδεῖν
2858 3438 3298 3513 συγκεχώρηται.
3335 3436 3439 3491 Sed
3471 3438 3584 3506 ipse
3628 3448 3685 3489 se

2037 3534 2215 3601 ipsum
2244 3531 2515 3586 ostendit:
2539 3530 2772 3586 ostendit
2794 3538 2979 3585 autem
3016 3544 3118 3599 per
3171 3527 3354 3599 ﬁdem,
3394 3541 3502 3596 qua
3557 3521 3683 3579 sola

2034 3621 2207 3675 Deum
2237 3621 2419 3675 videre
2466 3636 2770 3676 concessum
2829 3627 2929 3674 est.
2992 3618 3194 3675 Nonne
3244 3633 3376 3671 vero
3440 3618 3685 3684 uterque

2035 3708 2107 3763 ad
2140 3708 2261 3763 hac
2291 3708 2620 3765 collineavit
2640 3708 2898 3764 Matthzei
2927 3706 3103 3761 verba
3132 3707 3231 3777 (χι,
3269 3706 3387 3777 17);
3431 3726 3460 3754 ‹‹
3502 3702 3683 3757 Nemo

2036 3800 2195 3854 novit
2223 3799 2455 3867 Filium,
2488 3800 2600 3855 nisi
2627 3800 2808 3865 Pater,
2843 3814 3031 3868 neque
3062 3797 3291 3851 Patrem
3324 3794 3458 3865 quis
3498 3790 3683 3858 novit,

2036 3888 2151 3943 nisi
2180 3888 2381 3957 Filius,
2414 3894 2471 3943 et
2499 3888 2589 3943 cui
2626 3887 2875 3943 voluerit
2932 3886 3118 3941 Filius
3168 3883 3525 3940 revelare?»
3566 3883 3683 3936 Aut

2033 3978 2105 4032 ad
2138 3977 2239 4032 illa
2268 3977 2514 4033 Joannis
2537 3977 2598 4048 (ι,
2622 3977 2742 4045 18);
2771 3997 2799 4026 ι(
2830 3981 3012 4030 Deum
3046 3989 3216 4028 nemo
3233 3972 3677 4041 viditunquam.

2034 4066 2386 4138 Unigenitus
2428 4064 2629 4135 Filius,
2678 4064 2781 4137 qui
2824 4067 2912 4119 est
2973 4063 3036 4119 in
3092 4062 3228 4117 sinu
3285 4058 3494 4127 Patris,
3554 4057 3681 4128 ipse

2032 4155 2343 4211 enarravit.
2376 4176 2403 4203 ››

2101 4244 2297 4315 Pergit
2327 4248 2531 4299 auctor
2555 4246 2788 4312 noster;
2825 4240 3260 4310 inaestimabilis,
3291 4239 3393 4293 etsi
3422 4237 3679 4291 humanis

2029 4335 2281 4389 sensibus
2306 4335 2640 4398 aestimetur,
2674 4332 2729 4387 id
2763 4338 2871 4398 est,
2905 4332 2959 4384 in
2993 4330 3099 4385 hoc
3132 4332 3285 4384 recte
3316 4327 3389 4383 ab
3416 4324 3679 4381 homini-

2030 4422 2141 4478 bus
2172 4424 2496 4489 aestimetur,
2518 4424 2671 4494 quod
2698 4422 2891 4478 sciunt
2921 4437 3051 4476 eum
3104 4435 3231 4475 esse
3303 4413 3681 4471 inaestimabi-

2027 4509 2142 4566 1cm
2162 4511 2824 4583 (Tertullian.Apologet.
2859 4527 2985 4582 cap.
3024 4511 3107 4581 17,
3148 4525 3282 4580 pag.
3340 4506 3486 4572 375).
3552 4504 3680 4576 Ipse

250 4567 361 4665 qui
397 4566 764 4629 Christianos
795 4579 1155 4633 accusabant
1183 4578 1332 4636 laesis
1366 4583 1635 4637 Romanis
1693 4582 1921 4655 religio-

2036 4566 2185 4656 sninl
2220 4618 2353 4656 mox
2377 4600 2603 4657 addidit
2629 4616 2642 4657 :
2672 4622 2699 4650 ‹‹
2723 4600 2839 4655 Hoc
2870 4604 2958 4655 est
2980 4598 3131 4670 quod
3162 4602 3345 4653 Deum
3394 4594 3675 4651 aestimari

248 4654 373 4723 nis,
411 4672 627 4729 eosque
658 4668 859 4720 contra
908 4668 1348 4739 conscientiam,
1409 4674 1611 4744 totque
1663 4688 1728 4727 ac
1774 4654 1920 4727 tanti

248 4741 545 4811 ponderis
575 4746 1133 4823 demonstrationes,
1165 4756 1236 4810 ad
1269 4757 1449 4814 falsos
1470 4741 1609 4813 deos
1648 4758 1922 4814 colendos

249 4832 725 4919 negandumque
757 4855 955 4897 verum
980 4842 1165 4899 Deum
1198 4845 1562 4916 quibuslibet
1612 4845 1920 4919 suppliciis

246 4917 499 4991 adigere
531 4922 889 4987 nitebantur.

927 5056 1137 5097 ARTICU
1146 5058 1241 5098 ωε
1279 5059 1344 5099 ΙΙ.

240 5110 330 5167 De
348 5119 915 5205 psrfectionibussive
970 5131 1256 5205 attributi}
1304 5132 1421 5199 Dei,
1479 5148 1547 5188 ac
1604 5148 1706 5205 quo
1751 5149 1917 5189 sensu

320 5189 730 5276 afer-tulliano
756 5198 980 5276 dicatur
1018 5200 1356 5276 hominibus,
1392 5189 1658 5274 cognitus,
1685 5189 1691 5190 ⁷
1720 5221 1915 5276 quam-

438 5267 510 5318 sit
540 5268 859 5341 invisibilis,
894 5264 1487 5341 incomprehensibilis,
1536 5264 1913 5333 inaestsmabl-

324 5333 401 5420 lis
423 5353 443 5390 :
466 5352 591 5420 quae
609 5337 784 5420 λιιιρω
812 5333 932 5396 veri
960 5344 1059 5398 Dei
1076 5333 1140 5399 ἐι
1168 5348 1281 5401 vivi
1298 5333 1564 5419 scientia,
1614 5350 1910 5420 sapientia,

321 5412 383 5461 et
412 5410 721 5471 aeternitas.
1068 5428 1075 5433 '

318 5501 517 5556 Deum
574 5514 703 5555 esse
756 5499 1257 5572 perfectissimum
1308 5507 1445 5565 inde
1517 5506 1913 5565 Tertullianus

242 5593 416 5647 recte
447 5587 691 5660 colligit,
722 5589 876 5660 quod
911 5593 1200 5650 mundum
1233 5600 1290 5652 et
1314 5597 1514 5653 omnia
1560 5614 1687 5670 quae
1737 5596 1796 5652 in
1846 5614 1912 5653 eo

242 5682 420 5749 sunt,
444 5677 600 5735 sicut
622 5677 683 5733 in
704 5677 1004 5750 superiore
1044 5683 1293 5741 articulo
1340 5685 1621 5757 vidimus,
1682 5684 1754 5743 ab
1809 5686 1911 5743 illo

2033 4690 2190 4757 facit,
2243 4691 2383 4746 dum
2442 4690 2719 4745 aestimari
2779 4706 2893 4745 non
2953 4688 3129 4760 capit,
3153 4710 3180 4737 ››
3204 4685 3445 4759 perinde
3503 4702 3569 4740 ac
3629 4683 3678 4739 si

2002 4778 2276 4835 'dixisset
2300 4778 2490 4834 :Tunc
2520 4779 2704 4834 Deum
2755 4783 2909 4833 recte
2968 4777 3330 4832 aestimamus
3365 4790 3500 4830 cum
3534 4774 3677 4828 fate-

2031 4884 2283 4924 murnec
2305 4885 2338 4923 a
2360 4867 2550 4938 nobis,
2585 4884 2687 4922 nec
2719 4867 2791 4922 ab
2822 4866 2940 4922 ullo
2962 4864 3200 4921 homine
3226 4881 3397 4937 posse
3428 4880 3531 4936 pro
3557 4876 3677 4918 me-

2030 4956 2143 5012 rito
2174 4956 2474 5013 aestimari.

2098 5064 2318 5120 Horum
2353 5064 2616 5119 omnium
2661 5064 2945 5121 rationem
3004 5064 3052 5121 si
3112 5065 3183 5119 ab
3242 5062 3341 5119 illo
3392 5061 3676 5135 postules,

2029 5152 2179 5210 hanc
2212 5154 2309 5209 ille
2332 5153 2547 5209 ibidem
2576 5154 2815 5210 reddet:
2848 5175 2876 5205 ‹‹
2918 5156 3079 5219 Quod
3124 5153 3305 5209 videri
3349 5151 3678 5208 communi-

2026 5246 2133 5313 ter;
2168 5244 2323 5314 quod
2357 5243 2794 5313 comprehendi,
2826 5244 2980 5314 quod
3016 5243 3291 5298 aestimari
3321 5246 3530 5315 potest,
3564 5240 3678 5296 mi-

2027 5349 2138 5388 nus
2169 5336 2258 5388 est
2287 5331 2473 5388 oculis
2505 5331 2721 5402 quibus
2753 5338 3095 5405 occupatur,
3117 5338 3175 5389 et
3228 5331 3499 5387 manibus
3542 5329 3671 5401 qui-

2025 5422 2135 5477 bus
2165 5420 2617 5488 contaminatur,
2654 5425 2712 5477 et
2743 5422 3015 5479 sensibus
3045 5423 3264 5495 quibus
3298 5420 3617 5477 invenitur.
3642 5440 3673 5468 »

2024 5509 2133 5565 hoc
2172 5515 2280 5578 est,
2339 5510 2628 5583 quidquid
2687 5511 2872 5568 oculis
2928 5512 3223 5585 corporeis
3282 5506 3674 5567 communiter

2023 5600 2301 5667 cernitur,
2325 5600 2603 5655 omnibus
2623 5600 2907 5672 tangitur,
2941 5606 3043 5656 aut
3106 5602 3215 5657 sub
3269 5598 3414 5655 alios
3459 5610 3669 5651 sensus

2022 5688 2199 5761 cadit,
2230 5688 2378 5747 illud
2409 5688 2502 5746 his
2533 5688 3096 5749 omnibussensibus
3118 5688 3316 5746 minus
3359 5689 3471 5758 est,
3526 5680 3669 5740 infc-
