4106 6178
507 317 623 380 895
1035 318 1559 380 TERTULLIANI
1605 319 1927 381 OPERUM
1974 314 2174 377 PARS
2217 315 2270 378 Ι.
2298 346 2374 358 -
2414 312 2688 376 SERIES
2731 313 2781 386 Ι,
2827 310 3383 375 APOLOGETICA.
3743 311 3849 373 896

510 448 818 521 riorisque,
854 464 1029 519 quam
1063 449 1240 517 Deus,
1276 450 1702 522 ordinis(Ibid.)
1741 455 1884 505 Nam
1922 472 1943 498 ι

513 539 870 594 immensum
906 543 993 594 est
1022 539 1544 610 (quemadmodum
1574 540 1749 611 Deus)
1784 538 1892 595 soli
1922 538 2035 594 sibi
2058 554 2159 593 no-

512 633 640 683 tum
690 632 831 683 est»
878 628 1088 700 (Ibid).
1140 630 1419 686 Immensi
1474 635 1669 686 autem
1732 630 1967 685 nomine
2016 627 2161 682 illud

512 718 915 774 Tertullianus
946 720 1188 791 praecise
1236 738 1347 777 non
1394 720 1687 793 intelligit,
1740 720 1892 791 quod
1944 718 2163 789 ubique

515 812 573 863 et
604 808 661 862 in
696 808 856 863 omni
895 808 1018 864 loco
1058 809 1305 873 exsistit,
1351 811 1452 866 sed
1508 810 1663 881 quod
1714 814 1802 866 est
1841 809 2160 864 infinitum.

513 898 593 953 Eo
624 898 839 970 quippe
879 915 1055 954 sensu
1097 917 1131 955 a
1186 900 1356 956 bonis
1407 900 1743 955 auctoribus
1791 897 2008 954 dicitur
2049 895 2159 951 im-

515 1003 756 1043 mensus
783 987 965 1059 labor,
999 993 1055 1044 et
1106 988 1274 1045 dolor
1329 989 1675 1056 immensus,
1735 987 1825 1043 vel
1872 987 2166 1042 immensa

514 1075 826 1147 cupiditas.
861 1077 1013 1133 Deus
1046 1078 1485 1150 itaque,utpote
1516 1078 1808 1143 inﬁnitus,
1842 1095 1875 1133 a
1931 1094 1993 1133 se
2042 1074 2164 1131 solo

514 1170 772 1235 quantus
795 1171 883 1221 est
913 1167 1287 1238 cognoscitur
1309 1168 1450 1238 (Ibid
1476 1170 1517 1236 ).
1548 1170 1738 1239 Atque
1775 1168 1855 1222 ita
1876 1166 2068 1234 illum,
2102 1170 2168 1222 ut

513 1271 719 1312 rursus
753 1256 836 1311 ait
864 1262 1069 1312 auctor
1112 1263 1331 1326 noster,
1411 1280 1430 1307 α
1456 1258 1542 1314 vis
1602 1256 2054 1329 magnitudinis,
2113 1260 2169 1311 et

514 1348 721 1401 notum
754 1345 1092 1402 hominibus
1125 1347 1347 1418 objicit,
1373 1351 1429 1403 et
1468 1348 1806 1420 ignotum.»
1860 1347 2171 1417 (Dissertat-

513 1437 572 1490 in
604 1437 808 1491 Minut.
846 1436 1024 1491 Octav.
1057 1453 1186 1508 cap,
1224 1439 1278 1493 5.
1312 1442 1421 1492 art.
1452 1440 1471 1491 1
1506 1455 1518 1507 ;
1556 1440 1781 1493 Dissert.
1829 1454 1890 1492 τη
1919 1440 2167 1493 Lactant.

515 1540 643 1595 cap.
680 1525 764 1594 15,
818 1530 925 1580 art.
992 1525 1058 1595 Ι.)
1120 1526 1267 1580 811
1308 1530 1490 1582 Tanta
1535 1528 1829 1582 enimvero
1887 1531 1978 1581 est
2042 1526 2170 1596 ejus

516 1613 883 1685 magnitudo,
906 1619 961 1671 et
992 1615 1199 1671 divina:
1223 1615 1382 1671 illius
1409 1621 1632 1672 natura
1663 1615 2024 1681 excellentia,
2085 1620 2168 1681 ut,

515 1703 624 1759 etsi
650 1703 915 1759 homines
943 1709 1097 1760 certo
1124 1706 1340 1762 certius
1372 1706 1639 1761 noverint
1668 1704 1836 1760 illum
1869 1706 2168 1772 exsistere,

1998 448 2152 520 quod
2183 445 2241 516 Α
2270 445 2638 502 ordinavit.»
2692 449 2765 500 At
2818 445 2876 500 id
2923 445 3109 500 facere
3165 459 3275 499 non
3332 445 3547 515 poterat
3584 441 3688 496 nisi
3737 446 3853 496 ante

2272 552 2464 603 omne,
2498 540 2561 591 ut
2590 535 2718 608 ipse
2747 532 3027 605 loquitur,
3055 536 3474 604 tempus,atque
3500 530 3696 586 idcirco
3716 534 3854 585 aeter-

2271 642 2384 681 nus
2408 624 2600 681 fuerit.
2640 625 2837 696 Neque
2883 622 3121 678 dubites
3176 621 3325 680 hanc
3369 636 3491 675 esse
3544 618 3688 673 illius
3726 634 3858 673 men-

2271 718 2412 784 tem,
2451 715 2550 786 qui
2622 714 2760 769 alibi
2819 712 3283 768 Christianorum
3357 708 3579 764 nomine
3655 706 3860 779 scripsit

2273 804 2449 873 (Ibid.
2482 820 2611 875 cap.
2643 804 2734 875 30)
2760 821 2773 859 :
2796 826 2824 854 ‹‹
2852 802 2968 858 Nos
2985 802 3170 858 Deum
3200 801 3531 856 invocamus
3559 802 3857 853 aeternum.»

2271 898 2348 950 At
2376 894 2456 950 ibi
2487 893 2655 949 illum
2688 911 2802 950 non
2827 894 2999 949 modo
3023 896 3303 947 aeternum
3365 888 3646 961 pradicet,
3690 901 3859 943 verum

2273 985 2450 1041 etiam
2473 985 2961 1056 omnipotentem,
2993 982 3053 1037 in
3080 981 3249 1052 cujus
3295 980 3571 1053 potestate
3607 975 3709 1032 sita
3748 976 3863 1030 sunt

2275 1090 2495 1132 omnia.

2906 1202 3107 1244 ARTICU
3118 1202 3222 1242 LU8
3260 1202 3344 1240 ΙΙΙ.

2281 1300 2597 1358 Ostenditur
2627 1297 3029 1353 Tertullianum
3059 1311 3247 1351 revera
3275 1291 3558 1349 credidisse
3581 1290 3733 1344 Deum
3779 1302 3866 1341 esse

2348 1374 2608 1443 spiritum
2645 1370 2902 1441 nihilque
2959 1368 3161 1423 habere
3206 1367 3472 1438 corporei,
3527 1372 3577 1418 et
3628 1361 3864 1418 contraria

2350 1448 2677 1513 argumenta
2712 1443 3022 1498 solvuntur.

2351 1567 2484 1630 Quae
2507 1564 2576 1619 de
2605 1566 2691 1619 tot
2720 1562 3015 1631 tantisque
3061 1558 3161 1614 Dei
3218 1554 3661 1629 perfectionibus
3702 1554 3751 1606 et
3795 1552 3862 1605 at-

2280 1653 2518 1709 tributis
2549 1653 2837 1708 hactenus
2862 1649 3126 1721 exposita
3154 1651 3315 1715 sunt,
3346 1646 3465 1701 haec
3496 1639 3864 1710 manifestelde-

2284 1747 2615 1798 monstrant
2646 1741 2778 1796 illas
2798 1755 2927 1796 esse
2948 1754 3237 1802 summas,
3268 1751 3333 1791 ac
3364 1734 3546 1791 Deum
3584 1750 3615 1789 a
3665 1747 3722 1787 se
3768 1728 3866 1799 ipso

753 1798 951 1900 ξξὶφθη
982 1793 1376 1900 θρηνρθδδίηξ
1412 1800 1641 1900 (Et)???
1689 1794 2008 1900 qualest?“
2047 1794 2167 1895 ῨῘΜ
2195 1817 2244 1883 Β
2960 1793 3123 1893 valio,
3174 1793 3393 1880 habere
3453 1819 3719 1894 quidquid
3768 1793 3866 1888 ipse

518 1897 722 1936 omnes
745 1883 875 1952 ejus
906 1883 1305 1954 perfectiones.
1342 1884 1452 1938 Sed
1483 1885 1552 1939 de
1584 1884 1675 1939 his
1733 1883 2009 1939 omnibus
2041 1884 2167 1954 jam

517 1970 885 2040 disputatum
918 1976 1008 2027 est
1033 1972 1093 2027 in
1125 1973 1528 2045 superioribus
1557 1973 1776 2029 nostris
1806 1971 2168 2029 dissertatio-

521 2056 719 2115 nibus.

592 2148 785 2219 Neque
846 2166 1015 2222 porro
1074 2150 1191 2207 haec
1255 2155 1481 2207 tantum
1532 2151 1818 2223 negativa,
1860 2154 1926 2206 ut
1982 2150 2171 2216 aiunt,

523 2235 622 2291 Dei
656 2237 937 2294 attributa
998 2257 1031 2295 θ.
1071 2239 1432 2297 'l‘crtulliano
1486 2245 1710 2297 asserta
1758 2240 2170 2296 animadverti-

522 2342 678 2391 mus,
705 2327 805 2382 sed
842 2326 1006 2399 plura
1037 2346 1271 2401 quoque
1302 2329 1433 2401 alie,
1482 2348 1608 2402 quae
1666 2330 2024 2386 afﬂrmantia
2072 2347 2169 2386 vo-

523 2421 734 2470 cantur
765 2417 1091 2488 (Apologet.,
1140 2436 1267 2491 cap.
1324 2420 1415 2485 50,
1465 2436 1596 2491 pag.
1657 2420 1799 2490 441).
1843 2421 2024 2475 Deum
2084 2424 2172 2475 et-

524 2504 680 2560 enim
721 2521 927 2561 verum
989 2512 1046 2563 ct
1092 2507 1287 2563 vivum
1341 2508 1612 2580 appellat,
1671 2515 1847 2581 atque
1876 2508 1959 2564 ita
2002 2508 2172 2564 illum

519 2592 830 2663 gentilium
854 2596 968 2651 diis
997 2595 1162 2652 falsis
1193 2602 1249 2654 et
1282 2599 1533 2654 mortuis
1566 2599 1824 2671 opponit.

598 2700 813 2757 Deinde
843 2719 974 2759 vero
1002 2704 1168 2759 docet
1198 2704 1394 2777 ipsum
1437 2723 1566 2762 esse
1628 2707 1877 2762 omnium
1931 2696 2179 2779 specula‘

524 2792 716 2856 torem,
753 2793 923 2862 cujus
955 2792 1186 2849 intlnita
1217 2800 1305 2850 est
1335 2796 1589 2851 scientiae
1628 2796 1928 2868 plenitudo
1968 2802 2024 2852 ct
2080 2796 2173 2852 cui

526 2878 673 2932 nihil
697 2896 937 2951 prorsus
970 2882 1089 2937 ulla
1120 2882 1473 2940 latebrarum
1497 2885 1841 2941 difficultate
1864 2886 2041 2942 latere
2064 2904 2171 2941 un-

527 2983 702 3038 quam
736 2974 930 3041 potest
967 2971 1125 3039 (Ibid.
1188 2989 1315 3045 cap.
1382 2974 1471 3041 45,
1531 2991 1664 3046 pag.
1724 2976 1874 3045 560).
1929 2975 2053 3030 Non
2112 2975 2171 3031 in

526 3056 650 3113 solo
677 3065 869 3115 autem
900 3061 1305 3134 Apologetico,
1337 3064 1436 3118 sed
1472 3064 1585 3119 alio
1638 3081 1871 3135 quoque
1910 3064 1969 3118 in
2024 3064 2173 3120 libro

2279 1925 2383 1977 est.
2420 1921 2592 1993 Atqui
2626 1922 2674 1975 si
2709 1918 2857 1975 nihil
2888 1918 2939 1974 ei
2966 1914 3162 1972 exalio
3218 1914 3468 1980 accidat,
3515 1915 3570 1967 et
3616 1905 3865 1981 perfectio-

2280 2028 2385 2068 nes
2416 2011 2545 2082 ejus
2576 2009 2694 2066 sint
2722 2008 2986 2076 infinitae,
3015 2021 3118 2061 nec
3149 2005 3221 2060 ab
3247 2003 3367 2060 ullo
3389 2017 3636 2073 unquam
3666 1998 3868 2053 circum-

2280 2101 2459 2157 scribi
2514 2097 2832 2171 potuerint,
2892 2094 3339 2168 simplicissima
3380 2089 3577 2164 procul
3610 2086 3765 2143 dubio
3804 2086 3870 2138 est

2282 2188 2441 2245 illius
2472 2193 2703 2253 natura,
2738 2201 2802 2240 ac
2824 2182 3069 2255 proinde
3100 2177 3431 2253 spiritualis
3453 2182 3508 2232 et
3549 2172 3723 2229 omnis
3768 2184 3867 2224 eor-

2280 2294 2465 2351 poreaa
2497 2274 2883 2333 concretionis
2904 2288 3128 2344 expers.
3158 2268 3400 2324 Nullum
3430 2281 3561 2337 ergo
3580 2262 3741 2319 habet
3771 2274 3865 2351 cor-

2281 2347 2414 2440 pus,
2450 2366 2603 2439 quod
2636 2364 2840 2435 utique
2869 2361 3132 2434 partibus
3167 2356 3557 2429 componitur,
3601 2357 3755 2423 atque
3797 2347 3863 2440 id:

2281 2434 2432 2514 circo
2464 2434 2653 2528 potest
2682 2451 2943 2523 dissolvi,
2971 2454 3029 2506 et
3056 2448 3467 2521 imperfectum
3498 2447 3599 2499 est.
3622 2440 3721 2497 Sed
3756 2434 3866 2528 quid

2281 2562 2521 2605 necesse
2550 2549 2635 2601 est
2683 2542 2879 2612 aliqua
2926 2535 3433 2611 argumentatione
3484 2532 3628 2588 hanc
3663 2527 3862 2602 probare

2283 2635 2540 2693 auctoris
2570 2632 2756 2689 nostri
2812 2626 3408 2687 doctrinam?Nonne
3446 2623 3502 2677 id
3552 2617 3865 2694 apertissime

2283 2727 2376 2782 his
2408 2722 2744 2797 przsdicavit
2770 2720 2962 2776 verbts
2997 2718 3303 2790 (Apologet.
3337 2731 3464 2786 cap.
3513 2713 3632 2779 2i):
3675 2733 3698 2757 α
3720 2707 3865 2797 Deum

2281 2794 2592 2881 ediximus,
2626 2810 2923 2884 propriam
2956 2806 3354 2863 substantiam
3403 2801 3661 2875 spiritum
3706 2794 3869 2852 inscri-

2282 2906 2479 2963 bimus
2499 2903 2526 2958 ?
2548 2925 2575 2952 »
2598 2902 2667 2957 Et
2688 2899 2860 2973 paulo
2894 2903 3027 2971 post
3053 2913 3066 2952 :
3094 2918 3122 2946 ς(
3149 2895 3299 2950 Nam
3332 2899 3388 2949 et
3417 2892 3566 2948 Deus
3598 2889 3824 2973 spiritus.
3847 2906 3867 2931 »

2353 2993 2553 3063 Neque
2601 2972 2960 3061 respondeas
3007 2983 3181 3040 velim
3239 2980 3324 3037 ibi
3393 2978 3627 3052 spiritus
3679 2972 3870 3029 nomine

2282 3098 2496 3154 corpus
2528 3079 2788 3150 aliquod,
2822 3076 2920 3133 sed
2943 3072 3165 3131 caeteris
3202 3070 3377 3142 longe
3426 3066 3685 3124 subtilius
3729 3063 3870 3154 abeo

524 3145 967 3255 givinnffbang
1020 3149 1325 3255 scientiam
1355 3153 1670 3255 praedicat.
1732 3152 1814 3207 Ab
1863 3152 1962 3208 i110
2011 3153 2168 3209 enim
2201 3188 2244 3255 ρ
2281 3145 2552 3243 intelligi.
2592 3145 2739 3223 Nam
2774 3145 3027 3235 ibidem,
3066 3162 3349 3229 Verbum,
3396 3164 3587 3215 Sermo
3636 3160 3688 3211 et
3726 3150 3869 3209 Filius

524 3232 646 3289 hinc
677 3235 813 3291 alibi
846 3238 1079 3310 scriptis
1110 3239 1325 3294 tradita
1355 3239 1604 3311 legimus
1633 3241 1719 3311 (de
1748 3242 2165 3314 Ptenit.cap.3):

531 3343 557 3370 «
588 3322 847 3395 Nequesi
881 3327 1531 3385 mediocritashumana
1564 3330 1697 3385 facti
1756 3333 1947 3386 solum
2002 3332 2168 3402 judi-

529 3415 640 3477 cat,
674 3412 809 3483 quia
836 3416 1154 3472 voluntatis
1188 3417 1426 3473 latebris
1485 3436 1591 3490 par
1635 3437 1750 3475 non
1791 3425 1897 3490 est,
1951 3421 2167 3477 idcirco

529 3498 781 3557 crimina
810 3504 935 3574 ejus
960 3506 1135 3561 etiam
1164 3507 1273 3563 sub
1304 3506 1418 3562 Deo
1449 3508 1838 3580 negligemus.
1902 3510 2051 3566 Deus
2107 3511 2167 3565 in

531 3590 729 3646 omnia
760 3594 996 3649 sufﬁcit.
1025 3595 1181 3649 Nihil
1228 3614 1260 3651 a
1319 3602 1632 3668 conspectu
1686 3600 1813 3669 ejus
1854 3606 2166 3669 remotum,

528 3686 685 3741 unde
716 3684 953 3740 omnino
984 3685 1367 3758 delinquitur.
1394 3709 1423 3736 ››
1446 3689 1662 3743 Omnes
1700 3689 1881 3760 igitur
1925 3690 2169 3747 humani

530 3775 721 3831 cordis
779 3774 1020 3830 intimos
1063 3779 1119 3830 et
1162 3777 1503 3833 occultiores
1541 3794 1809 3834 recessus
1866 3786 2168 3851 penetrat;

532 3868 709 3934 atque
739 3868 942 3919 caetera
972 3865 1214 3936 proinde
1237 3867 1452 3933 omnia,
1485 3884 1850 3940 quzecunqne
1882 3870 2002 3925 sint
2048 3887 2173 3942 per-

530 3953 675 4010 fecte
697 3954 1013 4026 cognoscit.

602 4044 718 4100 Nec
775 4044 974 4100 minus
1056 4050 1454 4103 asseveranter
1498 4052 1842 4119 pronuntiat
1903 4066 2037 4105 eum
2100 4051 2171 4107 ab

532 4136 747 4190 interno
778 4150 906 4190 esse
935 4134 1299 4204 rationalem,
1335 4136 1436 4208 qui
1460 4137 1735 4207 Verbum,
1768 4144 1832 4194 ut
1880 4139 2035 4195 infra
2083 4141 2174 4195 fu-

533 4223 657 4279 sius
686 4224 1049 4293 ustendetur,
1076 4226 1436 4295 Sermonem,
1463 4226 1769 4299 ,Sophiam,
1820 4229 2173 4299 Sapientiam

532 4313 812 4385 protulit:
845 4329 910 4367 ac
941 4314 1229 4367 mundum
1271 4314 1467 4379 verbo,
1504 4316 1728 4371 ratione
1780 4322 1836 4372 et
1890 4317 2178 4389 sapientia

533 4403 797 4469 molitus,
831 4401 1045 4457 creavit
1070 4414 1141 4457 ex
1167 4400 1369 4469 nihilo,
1393 4406 1568 4474 atque
1597 4403 1811 4461 idcirco
1843 4423 2013 4463 omne
2033 4413 2178 4464 tem-

534 4508 646 4563 pus
671 4491 1005 4562 antecessit,
1056 4497 1112 4549 et
1168 4496 1422 4549 aeternus
1480 4498 1569 4549 est
1624 4495 1807 4566 (Idem
1861 4498 2171 4571 Apologet.,

536 4597 664 4652 cap.
698 4582 786 4650 47,
820 4598 952 4654 pag.
983 4583 1127 4653 576;
1155 4599 1281 4655 cap.
1316 4584 1404 4651 11,
1436 4600 1570 4657 pag.
1592 4584 1740 4654 332).

605 4689 677 4742 At
706 4688 816 4745 hoc
847 4689 1082 4761 quidem
1107 4690 1245 4746 alibi
1277 4690 1440 4746 hisce
1469 4690 1660 4747 verbis
1685 4692 1993 4749 conﬁrmat
2013 4694 2180 4767 (Ibid.

540 4794 668 4849 cap.
700 4779 790 4849 26)
819 4796 831 4833 :
869 4798 895 4830 ιι
917 4779 1022 4842 Qui
1044 4785 1177 4835 ante
1202 4784 1434 4851 tempus
1465 4779 1594 4852 fuit,
1639 4785 1694 4837 et
1723 4782 2001 4839 saeculum
2053 4801 2179 4840 cor-

539 4882 652 4938 pus
681 4870 1011 4939 temporum
1041 4869 1198 4925 fecit.
1224 4891 1253 4919 »
1276 4874 1501 4926 Nomen
1532 4874 1729 4927 autem
1753 4888 1944 4946 corpus
1973 4872 2054 4929 ibi
2076 4890 2180 4929 su-

539 4954 723 5012 mitur
742 4973 846 5028 pro
877 4957 1135 5030 plurium
1168 4959 1507 5017 collectione
1552 4977 1777 5034 verum,
1831 4979 1898 5018 ac
1935 4979 2183 5036 congre-

542 5048 676 5117 gata
706 5046 1106 5103 multitudine.
1141 5049 1233 5103 Sic
1266 5067 1473 5117 corpus
1505 5050 1777 5123 civitatis,
1839 5055 1940 5106 aut
1989 5051 2183 5123 reipu-

537 5133 705 5190 blicae
756 5135 992 5192 dicitur.
1042 5137 1123 5193 De
1180 5137 1523 5194 Christianis
1574 5155 1709 5194 vero
1786 5140 1910 5209 ipse
1985 5146 2186 5196 auctor

542 5229 780 5281 noster:
816 5248 843 5277 ‹‹
865 5227 1111 5297 Corpus,
1145 5228 1355 5297 inquit,
1388 5244 1617 5284 sumus.
1642 5247 1669 5280 ι
1714 5228 1935 5285 Sensus
1987 5229 2186 5299 itaque

541 5312 703 5369 illius
745 5319 835 5370 est
865 5315 1025 5388 (Ibid.
1060 5332 1189 5386 cap.
1213 5316 1338 5387 39):
1378 5321 1533 5372 Deus
1585 5317 1913 5373 «saeculum
1974 5335 2186 5391 corpus

542 5407 876 5476 temporum
918 5403 1129 5475 fecit,»
1167 5421 1271 5460 seu
1329 5404 1465 5459 fecit
1511 5408 1577 5459 ut
1634 5408 1893 5463 mundus
1948 5423 2018 5463 ex
2066 5412 2188 5463 tota

545 5499 880 5566 temporum
913 5494 1253 5550 collectione
1284 5496 1513 5549 constet
1543 5492 1707 5565 (Ibid.
1738 5512 1865 5568 cap.
1910 5496 2002 5565 18,
2051 5512 2185 5568 pag.

544 5590 691 5659 377).
725 5589 1088 5660 Quapropter
1134 5586 1232 5644 ille
1282 5590 1455 5643 antea
1502 5585 1765 5643 dixerat:
1801 5611 1830 5639 «
1883 5593 2032 5645 Deus
2086 5605 2188 5644 ste-

545 5678 745 5734 culum
769 5678 943 5735 certis
971 5682 1302 5751 temporum
1320 5675 1808 5749 dispositionibus
1838 5681 1897 5734 et
1934 5677 2187 5735 exitibus

2282 3262 2382 3319 Dei
2415 3262 2486 3317 ab
2519 3260 2646 3331 ipso
2678 3257 2892 3312 dicitur
2911 3271 2979 3310 ex
3009 3253 3142 3308 sinu
3170 3250 3365 3306 Patris
3396 3248 3489 3305 sui
3552 3243 3730 3302 (sterni
3762 3258 3871 3313 pro-

2279 3354 2532 3418 diisse,«
2565 3350 2637 3404 de
2688 3345 2907 3420 Spiritu
2955 3342 3229 3415 Spiritus,
3282 3346 3342 3398 et
3403 3340 3474 3395 de
3528 3338 3636 3394 Deo
3684 3335 3870 3390 Deus.»

2280 3436 2846 3516 (Ibid.)Atcerteilla
2902 3440 3139 3500 aeterna,
3191 3436 3251 3488 et
3302 3434 3439 3487 ante
3486 3443 3651 3486 omne
3701 3437 3871 3516 corpus

2279 3512 2562 3596 creatum,
2594 3526 2690 3583 Dei
2715 3525 2962 3599 prolatio
2994 3522 3142 3579 nihil
3182 3522 3359 3593 plane
3408 3515 3659 3590 corporei
3700 3512 3868 3571 admit-

2278 3626 2401 3679 tere
2422 3623 2632 3693 potest.
2666 3622 2797 3689 Ipsa
2828 3614 3121 3687 siquidem
3155 3616 3247 3668 est
3269 3612 3369 3666 Dei
3409 3606 3669 3682 cogitatio
3706 3610 3757 3661 et
3800 3603 3870 3693 in—

2284 3691 2634 3782 telligentia,
2669 3724 2797 3778 quae
2824 3704 3063 3776 penitus
3093 3702 3461 3772 incorporea,
3493 3703 3548 3753 et
3576 3712 3719 3752 mere
3737 3691 3871 3782 spiri-

2280 3781 2461 3859 tuatis
2489 3815 2619 3853 esse
2643 3795 2835 3852 debet.
2855 3793 3003 3850 Vere
3023 3808 3160 3865 ergo
3210 3789 3606 3846 Tertullianus
3652 3781 3870 3846 credidit,

2281 3892 2463 3947 Deum
2499 3890 2732 3944 Patrem
2755 3883 3084 3953 Filiumque
3114 3884 3244 3952 ejus
3305 3896 3437 3936 esse
3487 3876 3760 3950 spiritum,
3796 3869 3873 3942 qui

2282 3978 2431 4035 nihil
2488 3991 2728 4048 prorsus
2786 3972 3045 4045 corporis
3084 3975 3141 4027 et
3191 3968 3454 4026 materiae
3501 3960 3877 4039 quantumlibet

2284 4066 2521 4126 subtilis
2548 4064 2778 4121 habeat.

2355 4155 2565 4213 Contra
2584 4158 2781 4209 tamen
2806 4149 3073 4207 nonnulli
3105 4146 3455 4215 reclamant,
3503 4144 3765 4214 nobisque
3805 4136 3878 4193 ob

2278 4247 2511 4320 jiciuut.
2544 4241 2974 4300 Tertullianum
3009 4238 3320 4312 idocuisse,
3355 4234 3638 4308 quidquid
3682 4234 3760 4288 est
3804 4228 3882 4327 aut

2285 4352 2495 4407 corpus
2568 4348 2718 4403 esse,
2786 4334 2889 4387 aut
2991 4328 3160 4395 nihil,
3250 4343 3359 4384 nec
3445 4340 3613 4398 posse
3688 4328 3880 4377 omnino

2285 4426 2509 4498 aliquid
2550 4424 2702 4480 inter
2738 4426 3055 4492 utrumque
3104 4418 3369 4474 medium
3427 4412 3722 4487 assignari.
3767 4408 3879 4464 Nam

2284 4518 2407 4575 haec
2437 4519 2575 4572 sunt
2593 4513 2895 4587 ipsissima
2924 4512 3051 4583 ejus
3080 4510 3297 4566 verba:
3325 4531 3354 4559 ‹‹
3389 4508 3573 4564 Omne
3623 4501 3762 4587 quod
3795 4500 3882 4587 est,

2286 4584 2717 4670 corpusestsui
2742 4592 2991 4665 generis.
3028 4588 3184 4646 Nihil
3231 4593 3324 4646 est
3382 4584 3750 4660 incorporale,
3794 4584 3883 4635 nim

2289 4686 2445 4760 quod
2475 4701 2589 4740 non
2613 4687 2763 4739 est.»
2789 4681 2877 4755 (de
2904 4696 3078 4737 carne
3110 4678 3321 4734 Christi
3350 4694 3480 4749 cap.
3525 4676 3632 4746 11.)
3677 4677 3883 4760 Genera-

2286 4755 2362 4831 lis
2393 4770 2786 4847 proculdubio
2817 4774 2909 4826 est
2938 4769 3060 4823 haec
3091 4768 3221 4839 ejus
3253 4764 3667 4839 propositio,ac
3686 4755 3885 4847 proinde

2290 4865 2359 4921 ab
2382 4844 2448 4921 eo
2479 4861 2695 4917 diserte
2717 4859 2993 4915 deﬁnitur
3014 4856 3301 4930 quidquid
3330 4855 3432 4926 sit,
3463 4855 3581 4911 sive
3610 4858 3767 4918 Deus,
3796 4844 3887 4901 sive

2290 4954 2433 5028 quid
2461 4951 2645 5023 aliud,
2676 4966 2742 5007 eo
2772 4949 2899 5023 ipso
2955 4948 3112 5020 quod
3174 4952 3284 5015 est,
3327 4945 3477 5002 illud
3519 4959 3644 5001 esse
3695 4950 3887 5028 corpus.

2291 5022 2435 5101 Sum
2466 5046 2553 5098 tot
2581 5040 2779 5113 igitur,
2806 5022 2897 5094 uti
2919 5035 3566 5108 vidimus,argumentis
3612 5022 3891 5105 probaverit

2292 5144 2475 5195 Deum
2516 5152 2701 5191 unum
2734 5139 2789 5190 et
2818 5150 3019 5189 verum
3046 5131 3343 5202 exsistere,
3366 5146 3501 5185 eum
3527 5127 3716 5199 utique
3734 5131 3889 5179 revera

2295 5241 2636 5298 corporeum
2669 5239 2797 5279 esse
2840 5221 3110 5278 credidit.

2365 5315 2476 5371 Sed
2509 5313 2648 5386 quid
2680 5312 2812 5378 hac,
2846 5311 3117 5383 inquient
3150 5308 3271 5377 alii,
3323 5308 3511 5363 aliave
3568 5299 3889 5393 argumenta-

2293 5406 2451 5462 tione
2481 5420 2631 5475 0pus
2663 5401 2791 5459 est?
2820 5404 3026 5456 Nonne
3055 5400 3126 5455 de
3147 5399 3400 5470 ipsomet
3428 5396 3541 5452 Deo
3573 5396 3717 5450 hunc
3745 5389 3891 5457 loqui-

2296 5499 2394 5550 tur
2423 5492 2484 5546 in
2517 5490 2806 5547 modum?
2826 5512 2856 5541 ‹‹
2890 5489 3030 5556 Quis
3059 5487 3297 5561 negabit
3328 5485 3513 5542 Deum
3542 5497 3739 5556 corpus
3768 5488 3887 5569 esse,

2296 5582 2406 5641 etsi
2439 5582 2592 5637 Deus
2624 5580 2869 5653 spiritus
2920 5577 3327 5652 est?Spiritus
3366 5574 3521 5632 enim
3576 5585 3769 5643 corpus
3815 5576 3887 5618 sui

2297 5669 2530 5747 generis
2547 5669 2608 5726 in
2638 5686 2750 5727 sua
2777 5668 2989 5742 etﬁgie.
3011 5668 3120 5726 Sed
3132 5670 3189 5725 et
3207 5663 3524 5724 invisibilia
3540 5660 3635 5719 illa
3652 5665 3888 5731 quacun-
