  <div class='ocr_page' id='page_1' title='image "/cluster/home/n/w/nwhite01/storage/ocr_20150623/1/hvd.32044096580337/456.png"; bbox 0 0 4060 6178; ppageno 0'>
   <div class='ocr_carea' id='block_1_1' title="bbox 215 298 332 361">
    <p class='ocr_par' dir='ltr' id='par_1_1' title="bbox 215 298 332 361">
     <span class='ocr_line' id='line_1_1' title="bbox 215 298 332 361; baseline -0.017 -1"><span class='ocrx_word' id='word_1_1' title='bbox 215 298 332 361; x_wconf 83' lang='grc'>897</span> 
     </span>
    </p>
   </div>
   <div class='ocr_carea' id='block_1_2' title="bbox 1126 308 2713 385">
    <p class='ocr_par' dir='ltr' id='par_1_2' title="bbox 1126 308 2713 385">
     <span class='ocr_line' id='line_1_2' title="bbox 1126 308 2713 385; baseline 0.013 -19"><span class='ocrx_word' id='word_1_2' title='bbox 1126 308 1195 367; x_wconf 82' lang='grc'>1).</span> <span class='ocrx_word' id='word_1_3' title='bbox 1243 310 1338 371; x_wconf 88' lang='lat' dir='ltr'>LE</span> <span class='ocrx_word' id='word_1_4' title='bbox 1383 311 1709 374; x_wconf 77' lang='lat' dir='ltr'>NOURRY</span> <span class='ocrx_word' id='word_1_5' title='bbox 1755 313 2408 381; x_wconf 83' lang='lat' dir='ltr'>OBSERVATIONES</span> <span class='ocrx_word' id='word_1_6' title='bbox 2455 323 2713 385; x_wconf 67' lang='lat' dir='ltr'>NOVAE.</span> 
     </span>
    </p>
   </div>
   <div class='ocr_carea' id='block_1_3' title="bbox 3511 341 3630 405">
    <p class='ocr_par' dir='ltr' id='par_1_3' title="bbox 3511 341 3630 405">
     <span class='ocr_line' id='line_1_3' title="bbox 3511 341 3630 405; baseline 0.042 -5"><span class='ocrx_word' id='word_1_7' title='bbox 3511 341 3630 405; x_wconf 89' lang='lat'>898</span> 
     </span>
    </p>
   </div>
   <div class='ocr_carea' id='block_1_4' title="bbox 213 434 3626 533">
    <p class='ocr_par' dir='ltr' id='par_1_4' title="bbox 213 434 3626 533">
     <span class='ocr_line' id='line_1_4' title="bbox 213 434 3626 533; baseline 0.014 -48"><span class='ocrx_word' id='word_1_8' title='bbox 213 447 329 504; x_wconf 90' lang='lat' dir='ltr'>que</span> <span class='ocrx_word' id='word_1_9' title='bbox 363 439 521 501; x_wconf 90' lang='lat' dir='ltr'>sunt,</span> <span class='ocrx_word' id='word_1_10' title='bbox 556 434 774 491; x_wconf 83' lang='lat' dir='ltr'>habent</span> <span class='ocrx_word' id='word_1_11' title='bbox 804 439 956 510; x_wconf 87' lang='lat' dir='ltr'>apud</span> <span class='ocrx_word' id='word_1_12' title='bbox 993 441 1173 497; x_wconf 90' lang='lat' dir='ltr'>Deum</span> <span class='ocrx_word' id='word_1_13' title='bbox 1223 447 1281 498; x_wconf 86' lang='lat' dir='ltr'>et</span> <span class='ocrx_word' id='word_1_14' title='bbox 1311 461 1486 500; x_wconf 88' lang='lat' dir='ltr'>suum</span> <span class='ocrx_word' id='word_1_15' title='bbox 1518 462 1751 518; x_wconf 90' lang='lat' dir='ltr'>corpus,</span> <span class='ocrx_word' id='word_1_16' title='bbox 1807 453 1863 503; x_wconf 89' lang='lat' dir='ltr'>et</span> <span class='ocrx_word' id='word_1_17' title='bbox 1897 451 1948 516; x_wconf 76' lang='grc' dir='ltr'>Α</span> <span class='ocrx_word' id='word_1_18' title='bbox 1979 448 2098 504; x_wconf 90' lang='lat' dir='ltr'>rale</span> <span class='ocrx_word' id='word_1_19' title='bbox 2157 456 2213 506; x_wconf 89' lang='lat' dir='ltr'>et</span> <span class='ocrx_word' id='word_1_20' title='bbox 2271 453 2633 526; x_wconf 78' lang='lat' dir='ltr'>incorporale</span> <span class='ocrx_word' id='word_1_21' title='bbox 2692 462 2947 532; x_wconf 84' lang='lat' dir='ltr'>agnosci.</span> <span class='ocrx_word' id='word_1_22' title='bbox 3027 466 3267 524; x_wconf 69' lang='lat' dir='ltr'>‘Etenim</span> <span class='ocrx_word' id='word_1_23' title='bbox 3345 474 3626 533; x_wconf 83' lang='lat' dir='ltr'>adversus</span> 
     </span>
    </p>
   </div>
   <div class='ocr_carea' id='block_1_5' title="bbox 216 523 1859 598">
    <p class='ocr_par' dir='ltr' id='par_1_5' title="bbox 216 523 1859 598">
     <span class='ocr_line' id='line_1_5' title="bbox 216 523 1859 598; baseline 0.009 -22"><span class='ocrx_word' id='word_1_24' title='bbox 216 539 390 578; x_wconf 91' lang='lat' dir='ltr'>suam</span> <span class='ocrx_word' id='word_1_25' title='bbox 426 523 696 592; x_wconf 80' lang='lat' dir='ltr'>formam,</span> <span class='ocrx_word' id='word_1_26' title='bbox 729 543 832 597; x_wconf 92' lang='lat' dir='ltr'>per</span> <span class='ocrx_word' id='word_1_27' title='bbox 861 544 990 598; x_wconf 85' lang='lat' dir='ltr'>quae</span> <span class='ocrx_word' id='word_1_28' title='bbox 1049 531 1158 586; x_wconf 91' lang='lat' dir='ltr'>soli</span> <span class='ocrx_word' id='word_1_29' title='bbox 1217 537 1328 588; x_wconf 90' lang='lat' dir='ltr'>Deo</span> <span class='ocrx_word' id='word_1_30' title='bbox 1358 533 1615 591; x_wconf 86' lang='lat' dir='ltr'>visibilia</span> <span class='ocrx_word' id='word_1_31' title='bbox 1643 541 1801 593; x_wconf 88' lang='lat' dir='ltr'>sunt.</span> <span class='ocrx_word' id='word_1_32' title='bbox 1837 561 1859 590; x_wconf 73' lang='grc' dir='ltr'><strong>ι</strong></span> 
     </span>
    </p>
   </div>
   <div class='ocr_carea' id='block_1_6' title="bbox 215 613 840 687">
    <p class='ocr_par' dir='ltr' id='par_1_6' title="bbox 215 613 840 687">
     <span class='ocr_line' id='line_1_6' title="bbox 215 613 840 687; baseline 0.005 -21"><span class='ocrx_word' id='word_1_33' title='bbox 215 613 373 682; x_wconf 74' lang='lat' dir='ltr'>(Adv.</span> <span class='ocrx_word' id='word_1_34' title='bbox 407 616 580 670; x_wconf 68' lang='lat' dir='ltr'>Prax.</span> <span class='ocrx_word' id='word_1_35' title='bbox 615 632 739 687; x_wconf 91' lang='lat' dir='ltr'>cap.</span> <span class='ocrx_word' id='word_1_36' title='bbox 761 617 840 684; x_wconf 89' lang='lat'>7.)</span> 
     </span>
    </p>
   </div>
   <div class='ocr_carea' id='block_1_7' title="bbox 285 742 1866 824">
    <p class='ocr_par' dir='ltr' id='par_1_7' title="bbox 285 742 1866 824">
     <span class='ocr_line' id='line_1_7' title="bbox 285 742 1866 824; baseline 0.013 -35"><span class='ocrx_word' id='word_1_37' title='bbox 285 742 504 793; x_wconf 76' lang='lat' dir='ltr'>Verum</span> <span class='ocrx_word' id='word_1_38' title='bbox 533 742 910 809; x_wconf 85' lang='lat' dir='ltr'>quantumvis</span> <span class='ocrx_word' id='word_1_39' title='bbox 941 745 1228 815; x_wconf 81' lang='lat' dir='ltr'>generalis</span> <span class='ocrx_word' id='word_1_40' title='bbox 1262 748 1338 802; x_wconf 91' lang='lat' dir='ltr'>sit</span> <span class='ocrx_word' id='word_1_41' title='bbox 1369 749 1558 820; x_wconf 90' lang='lat' dir='ltr'>primo</span> <span class='ocrx_word' id='word_1_42' title='bbox 1586 752 1711 821; x_wconf 86' lang='lat' dir='ltr'>ejus</span> <span class='ocrx_word' id='word_1_43' title='bbox 1733 770 1866 824; x_wconf 90' lang='lat' dir='ltr'>pro-</span> 
     </span>
    </p>
   </div>
   <div class='ocr_carea' id='block_1_8' title="bbox 214 830 1865 916">
    <p class='ocr_par' dir='ltr' id='par_1_8' title="bbox 214 830 1865 916">
     <span class='ocr_line' id='line_1_8' title="bbox 214 830 1865 916; baseline 0.012 -35"><span class='ocrx_word' id='word_1_44' title='bbox 214 830 455 898; x_wconf 85' lang='lat' dir='ltr'>positio,</span> <span class='ocrx_word' id='word_1_45' title='bbox 486 832 738 886; x_wconf 89' lang='lat' dir='ltr'>mediam</span> <span class='ocrx_word' id='word_1_46' title='bbox 780 833 1166 892; x_wconf 85' lang='lat' dir='ltr'>nihilominus</span> <span class='ocrx_word' id='word_1_47' title='bbox 1191 839 1445 909; x_wconf 85' lang='lat' dir='ltr'>aliquam</span> <span class='ocrx_word' id='word_1_48' title='bbox 1471 841 1623 897; x_wconf 88' lang='lat' dir='ltr'>inter</span> <span class='ocrx_word' id='word_1_49' title='bbox 1655 861 1865 916; x_wconf 91' lang='lat' dir='ltr'>corpus</span> 
     </span>
    </p>
   </div>
   <div class='ocr_carea' id='block_1_9' title="bbox 211 919 1864 1002">
    <p class='ocr_par' dir='ltr' id='par_1_9' title="bbox 211 919 1864 1002">
     <span class='ocr_line' id='line_1_9' title="bbox 211 919 1864 1002; baseline 0.011 -31"><span class='ocrx_word' id='word_1_50' title='bbox 211 923 267 972; x_wconf 90' lang='lat' dir='ltr'>et</span> <span class='ocrx_word' id='word_1_51' title='bbox 302 919 452 973; x_wconf 87' lang='lat' dir='ltr'>nihil</span> <span class='ocrx_word' id='word_1_52' title='bbox 485 921 878 977; x_wconf 76' lang='lat' dir='ltr'>substantiam</span> <span class='ocrx_word' id='word_1_53' title='bbox 914 925 1210 992; x_wconf 83' lang='lat' dir='ltr'>discernit,</span> <span class='ocrx_word' id='word_1_54' title='bbox 1264 945 1390 1000; x_wconf 67' lang='lat' dir='ltr'>quae</span> <span class='ocrx_word' id='word_1_55' title='bbox 1448 931 1749 1002; x_wconf 82' lang='lat' dir='ltr'>spiritalis,</span> <span class='ocrx_word' id='word_1_56' title='bbox 1799 951 1864 988; x_wconf 90' lang='lat' dir='ltr'>ac</span> 
     </span>
    </p>
   </div>
   <div class='ocr_carea' id='block_1_10' title="bbox 211 1008 1861 1093">
    <p class='ocr_par' dir='ltr' id='par_1_10' title="bbox 211 1008 1861 1093">
     <span class='ocr_line' id='line_1_10' title="bbox 211 1008 1861 1093; baseline 0.011 -33"><span class='ocrx_word' id='word_1_57' title='bbox 211 1008 462 1077; x_wconf 85' lang='lat' dir='ltr'>spiritus</span> <span class='ocrx_word' id='word_1_58' title='bbox 495 1026 528 1063; x_wconf 90' lang='lat' dir='ltr'>a</span> <span class='ocrx_word' id='word_1_59' title='bbox 563 1027 802 1082; x_wconf 91' lang='lat' dir='ltr'>corpore</span> <span class='ocrx_word' id='word_1_60' title='bbox 833 1012 1146 1070; x_wconf 91' lang='lat' dir='ltr'>distinctus</span> <span class='ocrx_word' id='word_1_61' title='bbox 1177 1022 1284 1071; x_wconf 93' lang='lat' dir='ltr'>est.</span> <span class='ocrx_word' id='word_1_62' title='bbox 1319 1019 1622 1075; x_wconf 79' lang='lat' dir='ltr'>Enimvero</span> <span class='ocrx_word' id='word_1_63' title='bbox 1643 1021 1700 1076; x_wconf 91' lang='lat' dir='ltr'>in</span> <span class='ocrx_word' id='word_1_64' title='bbox 1732 1023 1861 1093; x_wconf 91' lang='lat' dir='ltr'>hoc,</span> 
     </span>
    </p>
   </div>
   <div class='ocr_carea' id='block_1_11' title="bbox 210 1098 1864 1180">
    <p class='ocr_par' dir='ltr' id='par_1_11' title="bbox 210 1098 1864 1180">
     <span class='ocr_line' id='line_1_11' title="bbox 210 1098 1864 1180; baseline 0.011 -30"><span class='ocrx_word' id='word_1_65' title='bbox 210 1098 281 1151; x_wconf 92' lang='lat' dir='ltr'>de</span> <span class='ocrx_word' id='word_1_66' title='bbox 313 1115 433 1169; x_wconf 89' lang='lat' dir='ltr'>quo</span> <span class='ocrx_word' id='word_1_67' title='bbox 473 1099 724 1170; x_wconf 86' lang='lat' dir='ltr'>agimus,</span> <span class='ocrx_word' id='word_1_68' title='bbox 773 1102 1110 1173; x_wconf 76' lang='lat' dir='ltr'>Apologei—ico</span> <span class='ocrx_word' id='word_1_69' title='bbox 1169 1106 1316 1162; x_wconf 90' lang='lat' dir='ltr'>libro</span> <span class='ocrx_word' id='word_1_70' title='bbox 1370 1111 1522 1180; x_wconf 88' lang='lat' dir='ltr'>(cap.</span> <span class='ocrx_word' id='word_1_71' title='bbox 1576 1112 1678 1180; x_wconf 77' lang='lat' dir='ltr'>l7)</span> <span class='ocrx_word' id='word_1_72' title='bbox 1720 1112 1864 1168; x_wconf 82' lang='lat' dir='ltr'>dixit</span> 
     </span>
    </p>
   </div>
   <div class='ocr_carea' id='block_1_12' title="bbox 207 1188 1858 1267">
    <p class='ocr_par' dir='ltr' id='par_1_12' title="bbox 207 1188 1858 1267">
     <span class='ocr_line' id='line_1_12' title="bbox 207 1188 1858 1267; baseline 0.01 -27"><span class='ocrx_word' id='word_1_73' title='bbox 207 1196 467 1242; x_wconf 90' lang='lat' dir='ltr'>creatam</span> <span class='ocrx_word' id='word_1_74' title='bbox 493 1205 526 1241; x_wconf 91' lang='lat' dir='ltr'>a</span> <span class='ocrx_word' id='word_1_75' title='bbox 557 1188 671 1244; x_wconf 90' lang='lat' dir='ltr'>Deo</span> <span class='ocrx_word' id='word_1_76' title='bbox 702 1188 877 1245; x_wconf 87' lang='lat' dir='ltr'>istam</span> <span class='ocrx_word' id='word_1_77' title='bbox 911 1193 1117 1248; x_wconf 91' lang='lat' dir='ltr'>mundi</span> <span class='ocrx_word' id='word_1_78' title='bbox 1177 1195 1413 1267; x_wconf 89' lang='lat' dir='ltr'>molem,</span> <span class='ocrx_word' id='word_1_79' title='bbox 1444 1220 1472 1247; x_wconf 86' lang='lat'><strong>«</strong></span> <span class='ocrx_word' id='word_1_80' title='bbox 1505 1215 1639 1254; x_wconf 90' lang='lat' dir='ltr'>cum</span> <span class='ocrx_word' id='word_1_81' title='bbox 1702 1202 1858 1256; x_wconf 91' lang='lat' dir='ltr'>omni</span> 
     </span>
    </p>
   </div>
   <div class='ocr_carea' id='block_1_13' title="bbox 204 1276 1859 1358">
    <p class='ocr_par' dir='ltr' id='par_1_13' title="bbox 204 1276 1859 1358">
     <span class='ocr_line' id='line_1_13' title="bbox 204 1276 1859 1358; baseline 0.006 -28"><span class='ocrx_word' id='word_1_82' title='bbox 204 1276 606 1333; x_wconf 89' lang='lat' dir='ltr'>instrumento</span> <span class='ocrx_word' id='word_1_83' title='bbox 634 1278 1064 1353; x_wconf 89' lang='lat' dir='ltr'>elementorum,</span> <span class='ocrx_word' id='word_1_84' title='bbox 1099 1299 1433 1357; x_wconf 87' lang='lat' dir='ltr'>corporum,</span> <span class='ocrx_word' id='word_1_85' title='bbox 1468 1289 1859 1358; x_wconf 82' lang='lat' dir='ltr'>spirituum.»</span> 
     </span>
    </p>
   </div>
   <div class='ocr_carea' id='block_1_14' title="bbox 203 1366 1860 1448">
    <p class='ocr_par' dir='ltr' id='par_1_14' title="bbox 203 1366 1860 1448">
     <span class='ocr_line' id='line_1_14' title="bbox 203 1366 1860 1448; baseline 0.01 -28"><span class='ocrx_word' id='word_1_86' title='bbox 203 1366 358 1432; x_wconf 87' lang='lat' dir='ltr'>Quid</span> <span class='ocrx_word' id='word_1_87' title='bbox 413 1372 609 1423; x_wconf 91' lang='lat' dir='ltr'>autem</span> <span class='ocrx_word' id='word_1_88' title='bbox 669 1386 908 1426; x_wconf 90' lang='lat' dir='ltr'>necesse</span> <span class='ocrx_word' id='word_1_89' title='bbox 958 1377 1081 1427; x_wconf 90' lang='lat' dir='ltr'>erat</span> <span class='ocrx_word' id='word_1_90' title='bbox 1134 1374 1385 1445; x_wconf 78' lang='lat' dir='ltr'>adjicere</span> <span class='ocrx_word' id='word_1_91' title='bbox 1443 1380 1762 1448; x_wconf 71' lang='lat' dir='ltr'>spirituum,</span> <span class='ocrx_word' id='word_1_92' title='bbox 1810 1382 1860 1436; x_wconf 91' lang='lat' dir='ltr'>si</span> 
     </span>
    </p>
   </div>
   <div class='ocr_carea' id='block_1_15' title="bbox 201 1458 1860 1535">
    <p class='ocr_par' dir='ltr' id='par_1_15' title="bbox 201 1458 1860 1535">
     <span class='ocr_line' id='line_1_15' title="bbox 201 1458 1860 1535; baseline 0.008 -24"><span class='ocrx_word' id='word_1_93' title='bbox 201 1473 422 1528; x_wconf 89' lang='lat' dir='ltr'>corpus</span> <span class='ocrx_word' id='word_1_94' title='bbox 453 1461 508 1513; x_wconf 90' lang='lat' dir='ltr'>et</span> <span class='ocrx_word' id='word_1_95' title='bbox 529 1458 802 1528; x_wconf 86' lang='lat' dir='ltr'>spiritum</span> <span class='ocrx_word' id='word_1_96' title='bbox 832 1478 1015 1516; x_wconf 90' lang='lat' dir='ltr'>unum</span> <span class='ocrx_word' id='word_1_97' title='bbox 1037 1461 1312 1535; x_wconf 90' lang='lat' dir='ltr'>idemque</span> <span class='ocrx_word' id='word_1_98' title='bbox 1327 1481 1455 1520; x_wconf 90' lang='lat' dir='ltr'>esse</span> <span class='ocrx_word' id='word_1_99' title='bbox 1477 1469 1860 1526; x_wconf 84' lang='lat' dir='ltr'>credidisset?</span> 
     </span>
    </p>
   </div>
   <div class='ocr_carea' id='block_1_16' title="bbox 201 1546 1856 1628">
    <p class='ocr_par' dir='ltr' id='par_1_16' title="bbox 201 1546 1856 1628">
     <span class='ocr_line' id='line_1_16' title="bbox 201 1546 1856 1628; baseline 0.008 -28"><span class='ocrx_word' id='word_1_100' title='bbox 201 1546 512 1618; x_wconf 77' lang='lat' dir='ltr'>Numquid</span> <span class='ocrx_word' id='word_1_101' title='bbox 544 1550 926 1619; x_wconf 88' lang='lat' dir='ltr'>respondebis</span> <span class='ocrx_word' id='word_1_102' title='bbox 955 1567 1239 1623; x_wconf 85' lang='lat' dir='ltr'>corporum</span> <span class='ocrx_word' id='word_1_103' title='bbox 1271 1554 1506 1610; x_wconf 91' lang='lat' dir='ltr'>nomine</span> <span class='ocrx_word' id='word_1_104' title='bbox 1539 1557 1856 1628; x_wconf 80' lang='lat' dir='ltr'>significari</span> 
     </span>
    </p>
   </div>
   <div class='ocr_carea' id='block_1_17' title="bbox 203 1637 1859 1712">
    <p class='ocr_par' dir='ltr' id='par_1_17' title="bbox 203 1637 1859 1712">
     <span class='ocr_line' id='line_1_17' title="bbox 203 1637 1859 1712; baseline 0.007 -20"><span class='ocrx_word' id='word_1_105' title='bbox 203 1652 458 1708; x_wconf 91' lang='lat' dir='ltr'>corpora</span> <span class='ocrx_word' id='word_1_106' title='bbox 487 1637 668 1691; x_wconf 91' lang='lat' dir='ltr'>densa</span> <span class='ocrx_word' id='word_1_107' title='bbox 696 1642 750 1692; x_wconf 90' lang='lat' dir='ltr'>et</span> <span class='ocrx_word' id='word_1_108' title='bbox 777 1640 1088 1705; x_wconf 88' lang='lat' dir='ltr'>crassiora,</span> <span class='ocrx_word' id='word_1_109' title='bbox 1120 1645 1420 1712; x_wconf 79' lang='lat' dir='ltr'>spirituum</span> <span class='ocrx_word' id='word_1_110' title='bbox 1463 1649 1660 1701; x_wconf 88' lang='lat' dir='ltr'>autem</span> <span class='ocrx_word' id='word_1_111' title='bbox 1691 1665 1859 1703; x_wconf 85' lang='lat' dir='ltr'>voca-</span> 
     </span>
    </p>
   </div>
   <div class='ocr_carea' id='block_1_18' title="bbox 201 1725 1854 1796">
    <p class='ocr_par' dir='ltr' id='par_1_18' title="bbox 201 1725 1854 1796">
     <span class='ocr_line' id='line_1_18' title="bbox 201 1725 1854 1796; baseline 0.009 -18"><span class='ocrx_word' id='word_1_112' title='bbox 201 1725 348 1780; x_wconf 89' lang='lat' dir='ltr'>bulo</span> <span class='ocrx_word' id='word_1_113' title='bbox 381 1741 623 1796; x_wconf 88' lang='lat' dir='ltr'>corpora</span> <span class='ocrx_word' id='word_1_114' title='bbox 672 1727 979 1783; x_wconf 89' lang='lat' dir='ltr'>subtiliora</span> <span class='ocrx_word' id='word_1_115' title='bbox 1033 1747 1099 1785; x_wconf 90' lang='lat' dir='ltr'>ac</span> <span class='ocrx_word' id='word_1_116' title='bbox 1149 1733 1546 1788; x_wconf 85' lang='lat' dir='ltr'>tenuissima?</span> <span class='ocrx_word' id='word_1_117' title='bbox 1588 1737 1698 1790; x_wconf 89' lang='lat' dir='ltr'>Sed</span> <span class='ocrx_word' id='word_1_118' title='bbox 1734 1737 1854 1793; x_wconf 83' lang='lat' dir='ltr'>haec</span> 
     </span>
    </p>
   </div>
   <div class='ocr_carea' id='block_1_19' title="bbox 1981 540 3625 624">
    <p class='ocr_par' dir='ltr' id='par_1_19' title="bbox 1981 540 3625 624">
     <span class='ocr_line' id='line_1_19' title="bbox 1981 540 3625 624; baseline 0.018 -32"><span class='ocrx_word' id='word_1_119' title='bbox 1981 540 2396 612; x_wconf 78' lang='lat' dir='ltr'>Hermogenem</span> <span class='ocrx_word' id='word_1_120' title='bbox 2430 545 2510 600; x_wconf 89' lang='lat' dir='ltr'>ita</span> <span class='ocrx_word' id='word_1_121' title='bbox 2527 556 3001 618; x_wconf 82' lang='lat' dir='ltr'>argumentatur:</span> <span class='ocrx_word' id='word_1_122' title='bbox 3039 557 3202 612; x_wconf 82' lang='lat' dir='ltr'>«Nisi</span> <span class='ocrx_word' id='word_1_123' title='bbox 3235 560 3625 624; x_wconf 78' lang='lat' dir='ltr'>fallor.omnis</span> 
     </span>
    </p>
   </div>
   <div class='ocr_carea' id='block_1_20' title="bbox 1979 635 3623 712">
    <p class='ocr_par' dir='ltr' id='par_1_20' title="bbox 1979 635 3623 712">
     <span class='ocr_line' id='line_1_20' title="bbox 1979 635 3623 712; baseline 0.018 -30"><span class='ocrx_word' id='word_1_124' title='bbox 1979 645 2070 684; x_wconf 87' lang='lat' dir='ltr'>res</span> <span class='ocrx_word' id='word_1_125' title='bbox 2102 636 2204 685; x_wconf 89' lang='lat' dir='ltr'>aut</span> <span class='ocrx_word' id='word_1_126' title='bbox 2233 635 2552 704; x_wconf 88' lang='lat' dir='ltr'>corporalis</span> <span class='ocrx_word' id='word_1_127' title='bbox 2585 643 2686 692; x_wconf 90' lang='lat' dir='ltr'>aut</span> <span class='ocrx_word' id='word_1_128' title='bbox 2716 639 3097 712; x_wconf 87' lang='lat' dir='ltr'>incorporalis</span> <span class='ocrx_word' id='word_1_129' title='bbox 3151 647 3226 702; x_wconf 92' lang='lat' dir='ltr'>sit</span> <span class='ocrx_word' id='word_1_130' title='bbox 3267 667 3502 710; x_wconf 88' lang='lat' dir='ltr'>necesse</span> <span class='ocrx_word' id='word_1_131' title='bbox 3535 663 3623 712; x_wconf 89' lang='lat' dir='ltr'>est</span> 
     </span>
    </p>
   </div>
   <div class='ocr_carea' id='block_1_21' title="bbox 1979 718 3620 812">
    <p class='ocr_par' dir='ltr' id='par_1_21' title="bbox 1979 718 3620 812">
     <span class='ocr_line' id='line_1_21' title="bbox 1979 718 3620 812; baseline 0.016 -40"><span class='ocrx_word' id='word_1_132' title='bbox 1979 718 2067 788; x_wconf 92' lang='lat' dir='ltr'>(ut</span> <span class='ocrx_word' id='word_1_133' title='bbox 2097 723 2413 777; x_wconf 89' lang='lat' dir='ltr'>concedam</span> <span class='ocrx_word' id='word_1_134' title='bbox 2449 723 2682 781; x_wconf 85' lang='lat' dir='ltr'>interim</span> <span class='ocrx_word' id='word_1_135' title='bbox 2712 744 2838 784; x_wconf 89' lang='lat' dir='ltr'>esse</span> <span class='ocrx_word' id='word_1_136' title='bbox 2874 731 3093 803; x_wconf 84' lang='lat' dir='ltr'>aliquid</span> <span class='ocrx_word' id='word_1_137' title='bbox 3154 737 3518 812; x_wconf 86' lang='lat' dir='ltr'>incorporale</span> <span class='ocrx_word' id='word_1_138' title='bbox 3550 747 3620 799; x_wconf 90' lang='lat' dir='ltr'>de</span> 
     </span>
    </p>
   </div>
   <div class='ocr_carea' id='block_1_22' title="bbox 1978 809 3618 905">
    <p class='ocr_par' dir='ltr' id='par_1_22' title="bbox 1978 809 3618 905">
     <span class='ocr_line' id='line_1_22' title="bbox 1978 809 3618 905; baseline 0.017 -43"><span class='ocrx_word' id='word_1_139' title='bbox 1978 809 2326 866; x_wconf 88' lang='lat' dir='ltr'>substantiis</span> <span class='ocrx_word' id='word_1_140' title='bbox 2359 813 2662 881; x_wconf 83' lang='lat' dir='ltr'>duntaxat,</span> <span class='ocrx_word' id='word_1_141' title='bbox 2697 834 2829 873; x_wconf 89' lang='lat' dir='ltr'>cum</span> <span class='ocrx_word' id='word_1_142' title='bbox 2864 821 2991 891; x_wconf 89' lang='lat' dir='ltr'>ipsa</span> <span class='ocrx_word' id='word_1_143' title='bbox 3028 809 3358 884; x_wconf 80' lang='lat' dir='ltr'>substantia</span> <span class='ocrx_word' id='word_1_144' title='bbox 3408 848 3618 905; x_wconf 89' lang='lat' dir='ltr'>corpus</span> 
     </span>
    </p>
   </div>
   <div class='ocr_carea' id='block_1_23' title="bbox 1976 897 3620 993">
    <p class='ocr_par' dir='ltr' id='par_1_23' title="bbox 1976 897 3620 993">
     <span class='ocr_line' id='line_1_23' title="bbox 1976 897 3620 993; baseline 0.018 -43"><span class='ocrx_word' id='word_1_145' title='bbox 1976 897 2053 951; x_wconf 90' lang='lat' dir='ltr'>sit</span> <span class='ocrx_word' id='word_1_146' title='bbox 2093 898 2172 953; x_wconf 86' lang='lat' dir='ltr'>rei</span> <span class='ocrx_word' id='word_1_147' title='bbox 2205 901 2514 972; x_wconf 86' lang='lat' dir='ltr'>cujusque)</span> <span class='ocrx_word' id='word_1_148' title='bbox 2550 921 2562 959; x_wconf 89' lang='lat'>:</span> <span class='ocrx_word' id='word_1_149' title='bbox 2593 909 2743 960; x_wconf 91' lang='lat' dir='ltr'>certe</span> <span class='ocrx_word' id='word_1_150' title='bbox 2776 913 2904 978; x_wconf 91' lang='lat' dir='ltr'>post</span> <span class='ocrx_word' id='word_1_151' title='bbox 2935 913 3232 982; x_wconf 88' lang='lat' dir='ltr'>corporale</span> <span class='ocrx_word' id='word_1_152' title='bbox 3264 922 3318 971; x_wconf 91' lang='lat' dir='ltr'>et</span> <span class='ocrx_word' id='word_1_153' title='bbox 3350 897 3620 993; x_wconf 78' lang='lat' dir='ltr'>incorpo-</span> 
     </span>
    </p>
   </div>
   <div class='ocr_carea' id='block_1_24' title="bbox 1976 985 3616 1080">
    <p class='ocr_par' dir='ltr' id='par_1_24' title="bbox 1976 985 3616 1080">
     <span class='ocr_line' id='line_1_24' title="bbox 1976 985 3616 1080; baseline 0.017 -42"><span class='ocrx_word' id='word_1_154' title='bbox 1976 985 2094 1040; x_wconf 89' lang='lat' dir='ltr'>rale</span> <span class='ocrx_word' id='word_1_155' title='bbox 2129 987 2274 1042; x_wconf 88' lang='lat' dir='ltr'>nihil</span> <span class='ocrx_word' id='word_1_156' title='bbox 2306 991 2564 1047; x_wconf 90' lang='lat' dir='ltr'>tertium.</span> <span class='ocrx_word' id='word_1_157' title='bbox 2607 1016 2632 1042; x_wconf 84' lang='lat'><strong>»</strong></span> <span class='ocrx_word' id='word_1_158' title='bbox 2664 995 2868 1067; x_wconf 88' lang='lat' dir='ltr'>(Idem,</span> <span class='ocrx_word' id='word_1_159' title='bbox 2914 1001 2993 1055; x_wconf 85' lang='lat' dir='ltr'>ad</span> <span class='ocrx_word' id='word_1_160' title='bbox 3024 1006 3305 1074; x_wconf 83' lang='lat' dir='ltr'>llermog.,</span> <span class='ocrx_word' id='word_1_161' title='bbox 3350 1024 3474 1080; x_wconf 88' lang='lat' dir='ltr'>cap.</span> <span class='ocrx_word' id='word_1_162' title='bbox 3508 985 3616 1077; x_wconf 56' lang='lat'>35.)</span> 
     </span>
    </p>
   </div>
   <div class='ocr_carea' id='block_1_25' title="bbox 1972 1075 3614 1170">
    <p class='ocr_par' dir='ltr' id='par_1_25' title="bbox 1972 1075 3614 1170">
     <span class='ocr_line' id='line_1_25' title="bbox 1972 1075 3614 1170; baseline 0.017 -43"><span class='ocrx_word' id='word_1_163' title='bbox 1972 1075 2187 1130; x_wconf 89' lang='lat' dir='ltr'>Verum</span> <span class='ocrx_word' id='word_1_164' title='bbox 2221 1077 2298 1132; x_wconf 89' lang='lat' dir='ltr'>ibi</span> <span class='ocrx_word' id='word_1_165' title='bbox 2358 1080 2745 1152; x_wconf 87' lang='lat' dir='ltr'>incorporalia</span> <span class='ocrx_word' id='word_1_166' title='bbox 2803 1088 3110 1146; x_wconf 91' lang='lat' dir='ltr'>admittere</span> <span class='ocrx_word' id='word_1_167' title='bbox 3166 1095 3380 1163; x_wconf 89' lang='lat' dir='ltr'>potius,</span> <span class='ocrx_word' id='word_1_168' title='bbox 3420 1075 3614 1170; x_wconf 39' lang='lat' dir='ltr'>&#39;quam</span> 
     </span>
    </p>
   </div>
   <div class='ocr_carea' id='block_1_26' title="bbox 1974 1168 3618 1255">
    <p class='ocr_par' dir='ltr' id='par_1_26' title="bbox 1974 1168 3618 1255">
     <span class='ocr_line' id='line_1_26' title="bbox 1974 1168 3618 1255; baseline 0.016 -37"><span class='ocrx_word' id='word_1_169' title='bbox 1974 1181 2180 1233; x_wconf 86' lang='lat' dir='ltr'>negare</span> <span class='ocrx_word' id='word_1_170' title='bbox 2213 1168 2414 1238; x_wconf 91' lang='lat' dir='ltr'>procul</span> <span class='ocrx_word' id='word_1_171' title='bbox 2455 1170 2633 1226; x_wconf 90' lang='lat' dir='ltr'>dubio</span> <span class='ocrx_word' id='word_1_172' title='bbox 2657 1173 2904 1232; x_wconf 90' lang='lat' dir='ltr'>videtur.</span> <span class='ocrx_word' id='word_1_173' title='bbox 2939 1179 3084 1234; x_wconf 87' lang='lat' dir='ltr'>Nam</span> <span class='ocrx_word' id='word_1_174' title='bbox 3149 1181 3229 1236; x_wconf 89' lang='lat' dir='ltr'>ibi</span> <span class='ocrx_word' id='word_1_175' title='bbox 3284 1168 3500 1255; x_wconf 85' lang='lat' dir='ltr'>ipsum,</span> <span class='ocrx_word' id='word_1_176' title='bbox 3555 1195 3618 1244; x_wconf 93' lang='lat' dir='ltr'>ut</span> 
     </span>
    </p>
   </div>
   <div class='ocr_carea' id='block_1_27' title="bbox 1973 1253 3612 1346">
    <p class='ocr_par' dir='ltr' id='par_1_27' title="bbox 1973 1253 3612 1346">
     <span class='ocr_line' id='line_1_27' title="bbox 1973 1253 3612 1346; baseline 0.014 -39"><span class='ocrx_word' id='word_1_177' title='bbox 1973 1253 2199 1310; x_wconf 90' lang='lat' dir='ltr'>dictum</span> <span class='ocrx_word' id='word_1_178' title='bbox 2240 1261 2348 1323; x_wconf 88' lang='lat' dir='ltr'>est,</span> <span class='ocrx_word' id='word_1_179' title='bbox 2385 1259 2596 1314; x_wconf 80' lang='lat' dir='ltr'>refellit</span> <span class='ocrx_word' id='word_1_180' title='bbox 2626 1261 3074 1338; x_wconf 83' lang='lat' dir='ltr'>Hermogenem,</span> <span class='ocrx_word' id='word_1_181' title='bbox 3132 1271 3231 1341; x_wconf 89' lang='lat' dir='ltr'>qui</span> <span class='ocrx_word' id='word_1_182' title='bbox 3287 1253 3612 1346; x_wconf 79' lang='lat' dir='ltr'>materiam,</span> 
     </span>
    </p>
   </div>
   <div class='ocr_carea' id='block_1_28' title="bbox 1972 1343 3614 1437">
    <p class='ocr_par' dir='ltr' id='par_1_28' title="bbox 1972 1343 3614 1437">
     <span class='ocr_line' id='line_1_28' title="bbox 1972 1343 3614 1437; baseline 0.015 -39"><span class='ocrx_word' id='word_1_183' title='bbox 1972 1343 2081 1398; x_wconf 85' lang='lat' dir='ltr'>etsi</span> <span class='ocrx_word' id='word_1_184' title='bbox 2113 1360 2311 1400; x_wconf 85' lang='lat' dir='ltr'>revera</span> <span class='ocrx_word' id='word_1_185' title='bbox 2341 1347 2740 1418; x_wconf 84' lang='lat' dir='ltr'>exsistentem,</span> <span class='ocrx_word' id='word_1_186' title='bbox 2772 1358 2830 1408; x_wconf 90' lang='lat' dir='ltr'>et</span> <span class='ocrx_word' id='word_1_187' title='bbox 2877 1372 3214 1428; x_wconf 90' lang='lat' dir='ltr'>corpoream</span> <span class='ocrx_word' id='word_1_188' title='bbox 3262 1366 3318 1417; x_wconf 87' lang='lat' dir='ltr'>et</span> <span class='ocrx_word' id='word_1_189' title='bbox 3348 1364 3614 1437; x_wconf 88' lang='lat' dir='ltr'>incorpo-</span> 
     </span>
    </p>
   </div>
   <div class='ocr_carea' id='block_1_29' title="bbox 1969 1437 3614 1517">
    <p class='ocr_par' dir='ltr' id='par_1_29' title="bbox 1969 1437 3614 1517">
     <span class='ocr_line' id='line_1_29' title="bbox 1969 1437 3614 1517; baseline 0.016 -32"><span class='ocrx_word' id='word_1_190' title='bbox 1969 1449 2127 1487; x_wconf 88' lang='lat' dir='ltr'>ream</span> <span class='ocrx_word' id='word_1_191' title='bbox 2185 1451 2313 1490; x_wconf 87' lang='lat' dir='ltr'>esse</span> <span class='ocrx_word' id='word_1_192' title='bbox 2369 1437 2688 1495; x_wconf 80' lang='lat' dir='ltr'>ell‘utiebat.</span> <span class='ocrx_word' id='word_1_193' title='bbox 2751 1443 3148 1503; x_wconf 86' lang='lat' dir='ltr'>Tertullianus</span> <span class='ocrx_word' id='word_1_194' title='bbox 3207 1467 3361 1517; x_wconf 88' lang='lat' dir='ltr'>vero,</span> <span class='ocrx_word' id='word_1_195' title='bbox 3419 1458 3480 1508; x_wconf 92' lang='lat' dir='ltr'>ut</span> <span class='ocrx_word' id='word_1_196' title='bbox 3506 1454 3614 1512; x_wconf 91' lang='lat' dir='ltr'>hoc</span> 
     </span>
    </p>
   </div>
   <div class='ocr_carea' id='block_1_30' title="bbox 1967 1524 3613 1612">
    <p class='ocr_par' dir='ltr' id='par_1_30' title="bbox 1967 1524 3613 1612">
     <span class='ocr_line' id='line_1_30' title="bbox 1967 1524 3613 1612; baseline 0.015 -36"><span class='ocrx_word' id='word_1_197' title='bbox 1967 1538 2129 1578; x_wconf 68' lang='lat' dir='ltr'>vanae</span> <span class='ocrx_word' id='word_1_198' title='bbox 2160 1524 2456 1594; x_wconf 85' lang='lat' dir='ltr'>opinionis</span> <span class='ocrx_word' id='word_1_199' title='bbox 2477 1535 2879 1588; x_wconf 90' lang='lat' dir='ltr'>commentum</span> <span class='ocrx_word' id='word_1_200' title='bbox 2916 1535 3180 1593; x_wconf 85' lang='lat' dir='ltr'>funditus</span> <span class='ocrx_word' id='word_1_201' title='bbox 3211 1545 3450 1612; x_wconf 89' lang='lat' dir='ltr'>evertat,</span> <span class='ocrx_word' id='word_1_202' title='bbox 3490 1560 3613 1600; x_wconf 91' lang='lat' dir='ltr'>rem</span> 
     </span>
    </p>
   </div>
   <div class='ocr_carea' id='block_1_31' title="bbox 1968 1614 3614 1705">
    <p class='ocr_par' dir='ltr' id='par_1_31' title="bbox 1968 1614 3614 1705">
     <span class='ocr_line' id='line_1_31' title="bbox 1968 1614 3614 1705; baseline 0.016 -42"><span class='ocrx_word' id='word_1_203' title='bbox 1968 1627 2200 1666; x_wconf 90' lang='lat' dir='ltr'>omnem</span> <span class='ocrx_word' id='word_1_204' title='bbox 2234 1614 2437 1669; x_wconf 82' lang='lat' dir='ltr'>dividit</span> <span class='ocrx_word' id='word_1_205' title='bbox 2467 1617 2525 1672; x_wconf 91' lang='lat' dir='ltr'>in</span> <span class='ocrx_word' id='word_1_206' title='bbox 2560 1634 2897 1690; x_wconf 88' lang='lat' dir='ltr'>corpoream</span> <span class='ocrx_word' id='word_1_207' title='bbox 2929 1629 2984 1678; x_wconf 92' lang='lat' dir='ltr'>et</span> <span class='ocrx_word' id='word_1_208' title='bbox 3019 1625 3372 1699; x_wconf 87' lang='lat' dir='ltr'>incorpeam.</span> <span class='ocrx_word' id='word_1_209' title='bbox 3412 1632 3614 1705; x_wconf 90' lang='lat' dir='ltr'>Itaque</span> 
     </span>
    </p>
   </div>
   <div class='ocr_carea' id='block_1_32' title="bbox 1966 1700 3609 1792">
    <p class='ocr_par' dir='ltr' id='par_1_32' title="bbox 1966 1700 3609 1792">
     <span class='ocr_line' id='line_1_32' title="bbox 1966 1700 3609 1792; baseline 0.015 -38"><span class='ocrx_word' id='word_1_210' title='bbox 1966 1700 2224 1772; x_wconf 88' lang='lat' dir='ltr'>aliquam</span> <span class='ocrx_word' id='word_1_211' title='bbox 2259 1703 2474 1759; x_wconf 86' lang='lat' dir='ltr'>fatetur</span> <span class='ocrx_word' id='word_1_212' title='bbox 2503 1723 2629 1763; x_wconf 89' lang='lat' dir='ltr'>esse</span> <span class='ocrx_word' id='word_1_213' title='bbox 2662 1708 3106 1782; x_wconf 90' lang='lat' dir='ltr'>incorporalem.</span> <span class='ocrx_word' id='word_1_214' title='bbox 3151 1721 3224 1772; x_wconf 89' lang='lat' dir='ltr'>At</span> <span class='ocrx_word' id='word_1_215' title='bbox 3254 1720 3303 1774; x_wconf 87' lang='lat' dir='ltr'>si</span> <span class='ocrx_word' id='word_1_216' title='bbox 3357 1736 3482 1792; x_wconf 66' lang='lat' dir='ltr'>quae</span> <span class='ocrx_word' id='word_1_217' title='bbox 3515 1700 3609 1792; x_wconf 73' lang='lat' dir='ltr'>sit,</span> 
     </span>
    </p>
   </div>
   <div class='ocr_carea' id='block_1_33' title="bbox 201 1793 3146 1897">
    <p class='ocr_par' dir='ltr' id='par_1_33' title="bbox 201 1793 3146 1897">
     <span class='ocr_line' id='line_1_33' title="bbox 201 1793 3146 1897; baseline 0.01 -30"><span class='ocrx_word' id='word_1_218' title='bbox 201 1819 441 1869; x_wconf 88' lang='lat' dir='ltr'>tantum</span> <span class='ocrx_word' id='word_1_219' title='bbox 467 1793 702 1870; x_wconf 69' lang='lat' dir='ltr'>diversa:</span> <span class='ocrx_word' id='word_1_220' title='bbox 728 1821 866 1872; x_wconf 89' lang='lat' dir='ltr'>sunt</span> <span class='ocrx_word' id='word_1_221' title='bbox 892 1835 1198 1889; x_wconf 89' lang='lat' dir='ltr'>corporum</span> <span class='ocrx_word' id='word_1_222' title='bbox 1215 1822 1682 1897; x_wconf 77' lang='lat' dir='ltr'>qualitates,quee</span> <span class='ocrx_word' id='word_1_223' title='bbox 1704 1828 1856 1883; x_wconf 77' lang='grc'>813</span> <span class='ocrx_word' id='word_1_224' title='bbox 1889 1830 1934 1894; x_wconf 91' lang='grc' dir='ltr'><strong>Β</strong></span> <span class='ocrx_word' id='word_1_225' title='bbox 1969 1807 2080 1861; x_wconf 62' lang='lat' dir='ltr'>pm</span> <span class='ocrx_word' id='word_1_226' title='bbox 2113 1793 2336 1848; x_wconf 55' lang='lat' dir='ltr'>emeris</span> <span class='ocrx_word' id='word_1_227' title='bbox 2368 1799 2522 1850; x_wconf 59' lang='lat' dir='ltr'>certe</span> <span class='ocrx_word' id='word_1_228' title='bbox 2552 1798 2827 1855; x_wconf 62' lang='lat' dir='ltr'>omnibus</span> <span class='ocrx_word' id='word_1_229' title='bbox 2857 1801 3009 1858; x_wconf 69' lang='lat' dir='ltr'>Deus</span> <span class='ocrx_word' id='word_1_230' title='bbox 3039 1808 3146 1859; x_wconf 45' lang='grc' dir='ltr'><strong>ϐπ</strong></span> 
     </span>
    </p>
   </div>
   <div class='ocr_carea' id='block_1_34' title="bbox 205 1904 1858 1986">
    <p class='ocr_par' dir='ltr' id='par_1_34' title="bbox 205 1904 1858 1986">
     <span class='ocr_line' id='line_1_34' title="bbox 205 1904 1858 1986; baseline 0.008 -28"><span class='ocrx_word' id='word_1_231' title='bbox 205 1909 481 1976; x_wconf 85' lang='lat' dir='ltr'>poterant</span> <span class='ocrx_word' id='word_1_232' title='bbox 511 1904 635 1960; x_wconf 93' lang='lat' dir='ltr'>solo</span> <span class='ocrx_word' id='word_1_233' title='bbox 666 1923 972 1978; x_wconf 90' lang='lat' dir='ltr'>corporum</span> <span class='ocrx_word' id='word_1_234' title='bbox 1007 1910 1244 1965; x_wconf 90' lang='lat' dir='ltr'>nomine</span> <span class='ocrx_word' id='word_1_235' title='bbox 1277 1913 1420 1967; x_wconf 86' lang='lat' dir='ltr'>satis</span> <span class='ocrx_word' id='word_1_236' title='bbox 1451 1914 1765 1986; x_wconf 87' lang='lat' dir='ltr'>designari.</span> <span class='ocrx_word' id='word_1_237' title='bbox 1787 1920 1858 1972; x_wconf 90' lang='lat' dir='ltr'>At</span> 
     </span>
    </p>
   </div>
   <div class='ocr_carea' id='block_1_35' title="bbox 199 1995 1852 2072">
    <p class='ocr_par' dir='ltr' id='par_1_35' title="bbox 199 1995 1852 2072">
     <span class='ocr_line' id='line_1_35' title="bbox 199 1995 1852 2072; baseline 0.01 -26"><span class='ocrx_word' id='word_1_238' title='bbox 199 1995 509 2061; x_wconf 78' lang='lat' dir='ltr'>spirituum</span> <span class='ocrx_word' id='word_1_239' title='bbox 540 1996 775 2050; x_wconf 90' lang='lat' dir='ltr'>nomine</span> <span class='ocrx_word' id='word_1_240' title='bbox 835 2013 946 2051; x_wconf 91' lang='lat' dir='ltr'>non</span> <span class='ocrx_word' id='word_1_241' title='bbox 1006 2015 1313 2068; x_wconf 89' lang='lat' dir='ltr'>corporum</span> <span class='ocrx_word' id='word_1_242' title='bbox 1365 2003 1692 2072; x_wconf 78' lang='lat' dir='ltr'>qualitates,</span> <span class='ocrx_word' id='word_1_243' title='bbox 1752 2008 1852 2062; x_wconf 91' lang='lat' dir='ltr'>sed</span> 
     </span>
    </p>
   </div>
   <div class='ocr_carea' id='block_1_36' title="bbox 199 2083 1855 2167">
    <p class='ocr_par' dir='ltr' id='par_1_36' title="bbox 199 2083 1855 2167">
     <span class='ocr_line' id='line_1_36' title="bbox 199 2083 1855 2167; baseline 0.01 -32"><span class='ocrx_word' id='word_1_244' title='bbox 199 2083 430 2154; x_wconf 88' lang='lat' dir='ltr'>aliquid</span> <span class='ocrx_word' id='word_1_245' title='bbox 465 2084 534 2138; x_wconf 88' lang='lat' dir='ltr'>ab</span> <span class='ocrx_word' id='word_1_246' title='bbox 565 2086 723 2139; x_wconf 89' lang='lat' dir='ltr'>omni</span> <span class='ocrx_word' id='word_1_247' title='bbox 756 2102 994 2158; x_wconf 91' lang='lat' dir='ltr'>corpore</span> <span class='ocrx_word' id='word_1_248' title='bbox 1022 2088 1708 2163; x_wconf 81' lang='lat' dir='ltr'>discretum,signiﬁcare</span> <span class='ocrx_word' id='word_1_249' title='bbox 1728 2113 1855 2167; x_wconf 87' lang='lat' dir='ltr'>pro-</span> 
     </span>
    </p>
   </div>
   <div class='ocr_carea' id='block_1_37' title="bbox 199 2171 782 2229">
    <p class='ocr_par' dir='ltr' id='par_1_37' title="bbox 199 2171 782 2229">
     <span class='ocr_line' id='line_1_37' title="bbox 199 2171 782 2229; baseline 0.007 -4"><span class='ocrx_word' id='word_1_250' title='bbox 199 2171 296 2226; x_wconf 90' lang='lat' dir='ltr'>cul</span> <span class='ocrx_word' id='word_1_251' title='bbox 321 2172 502 2228; x_wconf 91' lang='lat' dir='ltr'>dubio</span> <span class='ocrx_word' id='word_1_252' title='bbox 534 2174 782 2229; x_wconf 90' lang='lat' dir='ltr'>videtur.</span> 
     </span>
    </p>
   </div>
   <div class='ocr_carea' id='block_1_38' title="bbox 274 2289 1852 2370">
    <p class='ocr_par' dir='ltr' id='par_1_38' title="bbox 274 2289 1852 2370">
     <span class='ocr_line' id='line_1_38' title="bbox 274 2289 1852 2370; baseline 0.01 -29"><span class='ocrx_word' id='word_1_253' title='bbox 274 2289 425 2354; x_wconf 89' lang='lat' dir='ltr'>Quid</span> <span class='ocrx_word' id='word_1_254' title='bbox 457 2306 610 2360; x_wconf 90' lang='lat' dir='ltr'>vero,</span> <span class='ocrx_word' id='word_1_255' title='bbox 646 2291 913 2362; x_wconf 91' lang='lat' dir='ltr'>quodille</span> <span class='ocrx_word' id='word_1_256' title='bbox 934 2292 1045 2348; x_wconf 89' lang='lat' dir='ltr'>alio</span> <span class='ocrx_word' id='word_1_257' title='bbox 1077 2293 1135 2348; x_wconf 93' lang='lat' dir='ltr'>in</span> <span class='ocrx_word' id='word_1_258' title='bbox 1157 2295 1304 2352; x_wconf 89' lang='lat' dir='ltr'>libro</span> <span class='ocrx_word' id='word_1_259' title='bbox 1335 2314 1457 2353; x_wconf 90' lang='lat' dir='ltr'>rem</span> <span class='ocrx_word' id='word_1_260' title='bbox 1485 2300 1852 2370; x_wconf 90' lang='lat' dir='ltr'>spiritualem</span> 
     </span>
    </p>
   </div>
   <div class='ocr_carea' id='block_1_39' title="bbox 194 2377 1851 2458">
    <p class='ocr_par' dir='ltr' id='par_1_39' title="bbox 194 2377 1851 2458">
     <span class='ocr_line' id='line_1_39' title="bbox 194 2377 1851 2458; baseline 0.008 -26"><span class='ocrx_word' id='word_1_261' title='bbox 194 2395 226 2432; x_wconf 91' lang='lat' dir='ltr'>a</span> <span class='ocrx_word' id='word_1_262' title='bbox 263 2377 524 2448; x_wconf 87' lang='lat' dir='ltr'>coporali</span> <span class='ocrx_word' id='word_1_263' title='bbox 557 2378 728 2450; x_wconf 87' lang='lat' dir='ltr'>plane</span> <span class='ocrx_word' id='word_1_264' title='bbox 759 2381 1110 2453; x_wconf 90' lang='lat' dir='ltr'>penitusque</span> <span class='ocrx_word' id='word_1_265' title='bbox 1143 2385 1458 2458; x_wconf 90' lang='lat' dir='ltr'>distinguit</span> <span class='ocrx_word' id='word_1_266' title='bbox 1487 2388 1513 2443; x_wconf 84' lang='lat'><strong><em>?</em></strong></span> <span class='ocrx_word' id='word_1_267' title='bbox 1562 2390 1663 2445; x_wconf 89' lang='lat' dir='ltr'>Ubi</span> <span class='ocrx_word' id='word_1_268' title='bbox 1697 2391 1851 2446; x_wconf 86' lang='lat' dir='ltr'>enim</span> 
     </span>
    </p>
   </div>
   <div class='ocr_carea' id='block_1_40' title="bbox 194 2466 1852 2548">
    <p class='ocr_par' dir='ltr' id='par_1_40' title="bbox 194 2466 1852 2548">
     <span class='ocr_line' id='line_1_40' title="bbox 194 2466 1852 2548; baseline 0.01 -28"><span class='ocrx_word' id='word_1_269' title='bbox 194 2467 270 2521; x_wconf 86' lang='lat' dir='ltr'>de</span> <span class='ocrx_word' id='word_1_270' title='bbox 305 2466 588 2535; x_wconf 88' lang='lat' dir='ltr'>hominis,</span> <span class='ocrx_word' id='word_1_271' title='bbox 623 2470 723 2539; x_wconf 90' lang='lat' dir='ltr'>qui</span> <span class='ocrx_word' id='word_1_272' title='bbox 758 2487 1020 2542; x_wconf 91' lang='lat' dir='ltr'>corpore,</span> <span class='ocrx_word' id='word_1_273' title='bbox 1083 2473 1166 2527; x_wconf 91' lang='lat' dir='ltr'>uti</span> <span class='ocrx_word' id='word_1_274' title='bbox 1225 2474 1321 2530; x_wconf 90' lang='lat' dir='ltr'>ille</span> <span class='ocrx_word' id='word_1_275' title='bbox 1379 2477 1479 2544; x_wconf 87' lang='lat' dir='ltr'>ait,</span> <span class='ocrx_word' id='word_1_276' title='bbox 1542 2483 1597 2532; x_wconf 93' lang='lat' dir='ltr'>et</span> <span class='ocrx_word' id='word_1_277' title='bbox 1644 2479 1852 2548; x_wconf 90' lang='lat' dir='ltr'>spiritu</span> 
     </span>
    </p>
   </div>
   <div class='ocr_carea' id='block_1_41' title="bbox 196 2559 1851 2640">
    <p class='ocr_par' dir='ltr' id='par_1_41' title="bbox 196 2559 1851 2640">
     <span class='ocr_line' id='line_1_41' title="bbox 196 2559 1851 2640; baseline 0.009 -30"><span class='ocrx_word' id='word_1_278' title='bbox 196 2562 462 2623; x_wconf 89' lang='lat' dir='ltr'>constat,</span> <span class='ocrx_word' id='word_1_279' title='bbox 497 2559 748 2629; x_wconf 85' lang='lat' dir='ltr'>peccatis</span> <span class='ocrx_word' id='word_1_280' title='bbox 807 2559 1154 2633; x_wconf 90' lang='lat' dir='ltr'>delictisque</span> <span class='ocrx_word' id='word_1_281' title='bbox 1186 2563 1443 2634; x_wconf 91' lang='lat' dir='ltr'>disserit,</span> <span class='ocrx_word' id='word_1_282' title='bbox 1490 2572 1686 2638; x_wconf 86' lang='lat' dir='ltr'>aperte</span> <span class='ocrx_word' id='word_1_283' title='bbox 1717 2587 1851 2640; x_wconf 87' lang='lat' dir='ltr'>pro-</span> 
     </span>
    </p>
   </div>
   <div class='ocr_carea' id='block_1_42' title="bbox 194 2646 1850 2724">
    <p class='ocr_par' dir='ltr' id='par_1_42' title="bbox 194 2646 1850 2724">
     <span class='ocr_line' id='line_1_42' title="bbox 194 2646 1850 2724; baseline 0.009 -25"><span class='ocrx_word' id='word_1_284' title='bbox 194 2646 475 2700; x_wconf 86' lang='lat' dir='ltr'>nuntiat:</span> <span class='ocrx_word' id='word_1_285' title='bbox 517 2667 543 2697; x_wconf 73' lang='grc' dir='ltr'>ιι</span> <span class='ocrx_word' id='word_1_286' title='bbox 575 2646 928 2704; x_wconf 90' lang='lat' dir='ltr'>Delictorum</span> <span class='ocrx_word' id='word_1_287' title='bbox 988 2653 1251 2721; x_wconf 63' lang='lat' dir='ltr'>quaedam</span> <span class='ocrx_word' id='word_1_288' title='bbox 1307 2670 1436 2708; x_wconf 87' lang='lat' dir='ltr'>esse</span> <span class='ocrx_word' id='word_1_289' title='bbox 1484 2656 1762 2724; x_wconf 85' lang='lat' dir='ltr'>carnalia,</span> <span class='ocrx_word' id='word_1_290' title='bbox 1795 2659 1850 2714; x_wconf 92' lang='lat' dir='ltr'>id</span> 
     </span>
    </p>
   </div>
   <div class='ocr_carea' id='block_1_43' title="bbox 194 2735 1853 2815">
    <p class='ocr_par' dir='ltr' id='par_1_43' title="bbox 194 2735 1853 2815">
     <span class='ocr_line' id='line_1_43' title="bbox 194 2735 1853 2815; baseline 0.009 -27"><span class='ocrx_word' id='word_1_291' title='bbox 194 2741 306 2804; x_wconf 89' lang='lat' dir='ltr'>est,</span> <span class='ocrx_word' id='word_1_292' title='bbox 343 2735 968 2808; x_wconf 75' lang='lat' dir='ltr'>corporalia,quaedam</span> <span class='ocrx_word' id='word_1_293' title='bbox 1004 2757 1134 2795; x_wconf 91' lang='lat' dir='ltr'>vero</span> <span class='ocrx_word' id='word_1_294' title='bbox 1156 2742 1463 2812; x_wconf 87' lang='lat' dir='ltr'>spiritalia.</span> <span class='ocrx_word' id='word_1_295' title='bbox 1494 2766 1524 2794; x_wconf 84' lang='lat'>»</span> <span class='ocrx_word' id='word_1_296' title='bbox 1558 2745 1853 2815; x_wconf 74' lang='lat' dir='ltr'>(Idem,dc</span> 
     </span>
    </p>
   </div>
   <div class='ocr_carea' id='block_1_44' title="bbox 202 2825 1852 2903">
    <p class='ocr_par' dir='ltr' id='par_1_44' title="bbox 202 2825 1852 2903">
     <span class='ocr_line' id='line_1_44' title="bbox 202 2825 1852 2903; baseline 0.009 -26"><span class='ocrx_word' id='word_1_297' title='bbox 202 2825 415 2879; x_wconf 77' lang='lat' dir='ltr'>Pamil.</span> <span class='ocrx_word' id='word_1_298' title='bbox 445 2841 571 2896; x_wconf 90' lang='lat' dir='ltr'>cap.</span> <span class='ocrx_word' id='word_1_299' title='bbox 608 2827 685 2896; x_wconf 89' lang='lat'>3.)</span> <span class='ocrx_word' id='word_1_300' title='bbox 719 2827 866 2881; x_wconf 90' lang='lat' dir='ltr'>Tum</span> <span class='ocrx_word' id='word_1_301' title='bbox 925 2845 1060 2883; x_wconf 90' lang='lat' dir='ltr'>vero</span> <span class='ocrx_word' id='word_1_302' title='bbox 1120 2830 1291 2901; x_wconf 91' lang='lat' dir='ltr'>paulo</span> <span class='ocrx_word' id='word_1_303' title='bbox 1352 2838 1482 2903; x_wconf 92' lang='lat' dir='ltr'>post</span> <span class='ocrx_word' id='word_1_304' title='bbox 1515 2849 1526 2886; x_wconf 89' lang='lat'><strong>:</strong></span> <span class='ocrx_word' id='word_1_305' title='bbox 1563 2857 1591 2883; x_wconf 84' lang='lat'><strong><em>«</em></strong></span> <span class='ocrx_word' id='word_1_306' title='bbox 1636 2836 1852 2894; x_wconf 82' lang='lat' dir='ltr'>Exinde</span> 
     </span>
    </p>
   </div>
   <div class='ocr_carea' id='block_1_45' title="bbox 196 2913 1850 2992">
    <p class='ocr_par' dir='ltr' id='par_1_45' title="bbox 196 2913 1850 2992">
     <span class='ocr_line' id='line_1_45' title="bbox 196 2913 1850 2992; baseline 0.009 -26"><span class='ocrx_word' id='word_1_307' title='bbox 196 2913 497 2985; x_wconf 85' lang='lat' dir='ltr'>spiritalia</span> <span class='ocrx_word' id='word_1_308' title='bbox 527 2919 582 2969; x_wconf 92' lang='lat' dir='ltr'>et</span> <span class='ocrx_word' id='word_1_309' title='bbox 613 2915 940 2984; x_wconf 87' lang='lat' dir='ltr'>corporalia</span> <span class='ocrx_word' id='word_1_310' title='bbox 971 2917 1532 2992; x_wconf 89' lang='lat' dir='ltr'>nominantur,quod</span> <span class='ocrx_word' id='word_1_311' title='bbox 1571 2923 1850 2981; x_wconf 89' lang='lat' dir='ltr'>delictum</span> 
     </span>
    </p>
   </div>
   <div class='ocr_carea' id='block_1_46' title="bbox 196 3003 1848 3081">
    <p class='ocr_par' dir='ltr' id='par_1_46' title="bbox 196 3003 1848 3081">
     <span class='ocr_line' id='line_1_46' title="bbox 196 3003 1848 3081; baseline 0.007 -22"><span class='ocrx_word' id='word_1_312' title='bbox 196 3020 380 3059; x_wconf 89' lang='lat' dir='ltr'>omne</span> <span class='ocrx_word' id='word_1_313' title='bbox 403 3007 504 3057; x_wconf 90' lang='lat' dir='ltr'>aut</span> <span class='ocrx_word' id='word_1_314' title='bbox 534 3003 726 3072; x_wconf 87' lang='lat' dir='ltr'>agitur</span> <span class='ocrx_word' id='word_1_315' title='bbox 756 3009 855 3058; x_wconf 91' lang='lat' dir='ltr'>aut</span> <span class='ocrx_word' id='word_1_316' title='bbox 888 3006 1193 3077; x_wconf 87' lang='lat' dir='ltr'>cogitatur.</span> <span class='ocrx_word' id='word_1_317' title='bbox 1229 3007 1301 3063; x_wconf 89' lang='lat' dir='ltr'>Ut</span> <span class='ocrx_word' id='word_1_318' title='bbox 1330 3011 1628 3081; x_wconf 89' lang='lat' dir='ltr'>corporale</span> <span class='ocrx_word' id='word_1_319' title='bbox 1660 3014 1755 3080; x_wconf 88' lang='lat' dir='ltr'>sit,</span> <span class='ocrx_word' id='word_1_320' title='bbox 1792 3015 1848 3070; x_wconf 91' lang='lat' dir='ltr'>in</span> 
     </span>
    </p>
   </div>
   <div class='ocr_carea' id='block_1_47' title="bbox 193 3093 1849 3166">
    <p class='ocr_par' dir='ltr' id='par_1_47' title="bbox 193 3093 1849 3166">
     <span class='ocr_line' id='line_1_47' title="bbox 193 3093 1849 3166; baseline 0.007 -20"><span class='ocrx_word' id='word_1_321' title='bbox 193 3094 353 3148; x_wconf 81' lang='lat' dir='ltr'>facto</span> <span class='ocrx_word' id='word_1_322' title='bbox 389 3096 508 3156; x_wconf 87' lang='lat' dir='ltr'>est;</span> <span class='ocrx_word' id='word_1_323' title='bbox 546 3093 685 3163; x_wconf 87' lang='lat' dir='ltr'>quia</span> <span class='ocrx_word' id='word_1_324' title='bbox 709 3094 948 3161; x_wconf 85' lang='lat' dir='ltr'>factum,</span> <span class='ocrx_word' id='word_1_325' title='bbox 983 3100 1046 3149; x_wconf 87' lang='lat' dir='ltr'>ut</span> <span class='ocrx_word' id='word_1_326' title='bbox 1077 3113 1308 3166; x_wconf 92' lang='lat' dir='ltr'>corpus,</span> <span class='ocrx_word' id='word_1_327' title='bbox 1332 3103 1388 3152; x_wconf 89' lang='lat' dir='ltr'>et</span> <span class='ocrx_word' id='word_1_328' title='bbox 1417 3101 1597 3154; x_wconf 88' lang='lat' dir='ltr'>videri</span> <span class='ocrx_word' id='word_1_329' title='bbox 1628 3107 1682 3156; x_wconf 93' lang='lat' dir='ltr'>et</span> <span class='ocrx_word' id='word_1_330' title='bbox 1713 3120 1849 3158; x_wconf 89' lang='lat' dir='ltr'>con-</span> 
     </span>
    </p>
   </div>
   <div class='ocr_carea' id='block_1_48' title="bbox 189 3180 1920 3266">
    <p class='ocr_par' dir='ltr' id='par_1_48' title="bbox 189 3180 1920 3266">
     <span class='ocr_line' id='line_1_48' title="bbox 189 3180 1920 3266; baseline 0.008 -32"><span class='ocrx_word' id='word_1_331' title='bbox 189 3181 347 3252; x_wconf 87' lang='lat' dir='ltr'>tingi</span> <span class='ocrx_word' id='word_1_332' title='bbox 381 3180 572 3235; x_wconf 90' lang='lat' dir='ltr'>habet.</span> <span class='ocrx_word' id='word_1_333' title='bbox 607 3181 873 3252; x_wconf 88' lang='lat' dir='ltr'>Spiritale</span> <span class='ocrx_word' id='word_1_334' title='bbox 906 3199 1060 3249; x_wconf 91' lang='lat' dir='ltr'>vero,</span> <span class='ocrx_word' id='word_1_335' title='bbox 1088 3186 1237 3255; x_wconf 91' lang='lat' dir='ltr'>quod</span> <span class='ocrx_word' id='word_1_336' title='bbox 1273 3185 1331 3241; x_wconf 91' lang='lat' dir='ltr'>in</span> <span class='ocrx_word' id='word_1_337' title='bbox 1365 3188 1560 3244; x_wconf 90' lang='lat' dir='ltr'>animo</span> <span class='ocrx_word' id='word_1_338' title='bbox 1593 3193 1848 3262; x_wconf 89' lang='lat' dir='ltr'>est,quia</span> <span class='ocrx_word' id='word_1_339' title='bbox 1879 3200 1920 3266; x_wconf 71' lang='grc' dir='ltr'><strong>ρ</strong></span> 
     </span>
    </p>
   </div>
   <div class='ocr_carea' id='block_1_49' title="bbox 185 3270 1839 3351">
    <p class='ocr_par' dir='ltr' id='par_1_49' title="bbox 185 3270 1839 3351">
     <span class='ocr_line' id='line_1_49' title="bbox 185 3270 1839 3351; baseline 0.007 -27"><span class='ocrx_word' id='word_1_340' title='bbox 185 3270 443 3342; x_wconf 87' lang='lat' dir='ltr'>spiritus</span> <span class='ocrx_word' id='word_1_341' title='bbox 476 3286 662 3341; x_wconf 90' lang='lat' dir='ltr'>neque</span> <span class='ocrx_word' id='word_1_342' title='bbox 692 3270 921 3326; x_wconf 89' lang='lat' dir='ltr'>videtur</span> <span class='ocrx_word' id='word_1_343' title='bbox 980 3289 1168 3344; x_wconf 89' lang='lat' dir='ltr'>neque</span> <span class='ocrx_word' id='word_1_344' title='bbox 1222 3276 1502 3348; x_wconf 87' lang='lat' dir='ltr'>tangitur.</span> <span class='ocrx_word' id='word_1_345' title='bbox 1548 3283 1657 3335; x_wconf 91' lang='lat' dir='ltr'>Per</span> <span class='ocrx_word' id='word_1_346' title='bbox 1687 3283 1839 3351; x_wconf 89' lang='lat' dir='ltr'>quod</span> 
     </span>
    </p>
   </div>
   <div class='ocr_carea' id='block_1_50' title="bbox 184 3359 1840 3430">
    <p class='ocr_par' dir='ltr' id='par_1_50' title="bbox 184 3359 1840 3430">
     <span class='ocr_line' id='line_1_50' title="bbox 184 3359 1840 3430; baseline 0.008 -18"><span class='ocrx_word' id='word_1_347' title='bbox 184 3359 547 3430; x_wconf 81' lang='lat' dir='ltr'>intelligitur</span> <span class='ocrx_word' id='word_1_348' title='bbox 578 3376 692 3413; x_wconf 90' lang='lat' dir='ltr'>non</span> <span class='ocrx_word' id='word_1_349' title='bbox 727 3360 862 3415; x_wconf 84' lang='lat' dir='ltr'>facti</span> <span class='ocrx_word' id='word_1_350' title='bbox 899 3363 1113 3428; x_wconf 86' lang='lat' dir='ltr'>solum,</span> <span class='ocrx_word' id='word_1_351' title='bbox 1162 3380 1364 3420; x_wconf 88' lang='lat' dir='ltr'>verum</span> <span class='ocrx_word' id='word_1_352' title='bbox 1425 3372 1480 3421; x_wconf 92' lang='lat' dir='ltr'>et</span> <span class='ocrx_word' id='word_1_353' title='bbox 1522 3368 1840 3426; x_wconf 85' lang='lat' dir='ltr'>voluntatis</span> 
     </span>
    </p>
   </div>
   <div class='ocr_carea' id='block_1_51' title="bbox 178 3447 1839 3529">
    <p class='ocr_par' dir='ltr' id='par_1_51' title="bbox 178 3447 1839 3529">
     <span class='ocr_line' id='line_1_51' title="bbox 178 3447 1839 3529; baseline 0.008 -27"><span class='ocrx_word' id='word_1_354' title='bbox 178 3448 404 3503; x_wconf 89' lang='lat' dir='ltr'>delicta</span> <span class='ocrx_word' id='word_1_355' title='bbox 424 3447 684 3504; x_wconf 90' lang='lat' dir='ltr'>vitanda.</span> <span class='ocrx_word' id='word_1_356' title='bbox 724 3471 744 3499; x_wconf 75' lang='grc' dir='ltr'><strong><em>ιο</em></strong></span> <span class='ocrx_word' id='word_1_357' title='bbox 783 3449 1018 3506; x_wconf 90' lang='lat' dir='ltr'>Fatetur</span> <span class='ocrx_word' id='word_1_358' title='bbox 1049 3451 1246 3524; x_wconf 86' lang='lat' dir='ltr'>itaque</span> <span class='ocrx_word' id='word_1_359' title='bbox 1305 3455 1559 3526; x_wconf 89' lang='lat' dir='ltr'>duplicis</span> <span class='ocrx_word' id='word_1_360' title='bbox 1608 3461 1839 3529; x_wconf 88' lang='lat' dir='ltr'>generis</span> 
     </span>
    </p>
   </div>
   <div class='ocr_carea' id='block_1_52' title="bbox 174 3538 1837 3620">
    <p class='ocr_par' dir='ltr' id='par_1_52' title="bbox 174 3538 1837 3620">
     <span class='ocr_line' id='line_1_52' title="bbox 174 3538 1837 3620; baseline 0.008 -29"><span class='ocrx_word' id='word_1_361' title='bbox 174 3553 306 3593; x_wconf 87' lang='lat' dir='ltr'>esse</span> <span class='ocrx_word' id='word_1_362' title='bbox 339 3541 599 3609; x_wconf 86' lang='lat' dir='ltr'>peccata,</span> <span class='ocrx_word' id='word_1_363' title='bbox 633 3538 915 3593; x_wconf 90' lang='lat' dir='ltr'>nimirum</span> <span class='ocrx_word' id='word_1_364' title='bbox 949 3541 1294 3611; x_wconf 86' lang='lat' dir='ltr'>corporalia,</span> <span class='ocrx_word' id='word_1_365' title='bbox 1322 3560 1448 3614; x_wconf 64' lang='lat' dir='ltr'>quas</span> <span class='ocrx_word' id='word_1_366' title='bbox 1505 3562 1536 3600; x_wconf 92' lang='lat' dir='ltr'>a</span> <span class='ocrx_word' id='word_1_367' title='bbox 1579 3563 1837 3620; x_wconf 90' lang='lat' dir='ltr'>corpore,</span> 
     </span>
    </p>
   </div>
   <div class='ocr_carea' id='block_1_53' title="bbox 175 3627 1836 3704">
    <p class='ocr_par' dir='ltr' id='par_1_53' title="bbox 175 3627 1836 3704">
     <span class='ocr_line' id='line_1_53' title="bbox 175 3627 1836 3704; baseline 0.007 -22"><span class='ocrx_word' id='word_1_368' title='bbox 175 3645 294 3682; x_wconf 87' lang='lat' dir='ltr'>non</span> <span class='ocrx_word' id='word_1_369' title='bbox 331 3631 702 3698; x_wconf 85' lang='lat' dir='ltr'>repugnante</span> <span class='ocrx_word' id='word_1_370' title='bbox 735 3627 932 3683; x_wconf 89' lang='lat' dir='ltr'>animo</span> <span class='ocrx_word' id='word_1_371' title='bbox 956 3634 1011 3684; x_wconf 88' lang='lat' dir='ltr'>et</span> <span class='ocrx_word' id='word_1_372' title='bbox 1051 3629 1368 3701; x_wconf 88' lang='lat' dir='ltr'>voluntate,</span> <span class='ocrx_word' id='word_1_373' title='bbox 1407 3639 1836 3704; x_wconf 87' lang='lat' dir='ltr'>perpetrantur.</span> 
     </span>
    </p>
   </div>
   <div class='ocr_carea' id='block_1_54' title="bbox 175 3716 1840 3790">
    <p class='ocr_par' dir='ltr' id='par_1_54' title="bbox 175 3716 1840 3790">
     <span class='ocr_line' id='line_1_54' title="bbox 175 3716 1840 3790; baseline 0.007 -21"><span class='ocrx_word' id='word_1_374' title='bbox 175 3718 311 3771; x_wconf 83' lang='lat' dir='ltr'>Alia</span> <span class='ocrx_word' id='word_1_375' title='bbox 345 3732 481 3769; x_wconf 88' lang='lat' dir='ltr'>vero</span> <span class='ocrx_word' id='word_1_376' title='bbox 514 3717 697 3771; x_wconf 91' lang='lat' dir='ltr'>solius</span> <span class='ocrx_word' id='word_1_377' title='bbox 746 3716 1012 3788; x_wconf 78' lang='lat' dir='ltr'>spiritus,</span> <span class='ocrx_word' id='word_1_378' title='bbox 1077 3735 1202 3790; x_wconf 72' lang='lat' dir='ltr'>quas</span> <span class='ocrx_word' id='word_1_379' title='bbox 1264 3723 1386 3775; x_wconf 92' lang='lat' dir='ltr'>sola</span> <span class='ocrx_word' id='word_1_380' title='bbox 1447 3723 1840 3782; x_wconf 87' lang='lat' dir='ltr'>admittuntur</span> 
     </span>
    </p>
   </div>
   <div class='ocr_carea' id='block_1_55' title="bbox 178 3805 1837 3884">
    <p class='ocr_par' dir='ltr' id='par_1_55' title="bbox 178 3805 1837 3884">
     <span class='ocr_line' id='line_1_55' title="bbox 178 3805 1837 3884; baseline 0.005 -23"><span class='ocrx_word' id='word_1_381' title='bbox 178 3805 544 3878; x_wconf 89' lang='lat' dir='ltr'>cogitatione</span> <span class='ocrx_word' id='word_1_382' title='bbox 591 3810 646 3860; x_wconf 91' lang='lat' dir='ltr'>et</span> <span class='ocrx_word' id='word_1_383' title='bbox 694 3805 1015 3875; x_wconf 90' lang='lat' dir='ltr'>voluntate,</span> <span class='ocrx_word' id='word_1_384' title='bbox 1093 3824 1158 3862; x_wconf 91' lang='lat' dir='ltr'>ac</span> <span class='ocrx_word' id='word_1_385' title='bbox 1217 3808 1342 3863; x_wconf 89' lang='lat' dir='ltr'>sine</span> <span class='ocrx_word' id='word_1_386' title='bbox 1403 3809 1520 3864; x_wconf 91' lang='lat' dir='ltr'>ullo</span> <span class='ocrx_word' id='word_1_387' title='bbox 1581 3815 1837 3884; x_wconf 90' lang='lat' dir='ltr'>corporis</span> 
     </span>
    </p>
   </div>
   <div class='ocr_carea' id='block_1_56' title="bbox 180 3893 1841 3960">
    <p class='ocr_par' dir='ltr' id='par_1_56' title="bbox 180 3893 1841 3960">
     <span class='ocr_line' id='line_1_56' title="bbox 180 3893 1841 3960; baseline 0.005 -10"><span class='ocrx_word' id='word_1_388' title='bbox 180 3895 541 3950; x_wconf 89' lang='lat' dir='ltr'>ministerio.</span> <span class='ocrx_word' id='word_1_389' title='bbox 601 3893 749 3960; x_wconf 93' lang='lat' dir='ltr'>Quin</span> <span class='ocrx_word' id='word_1_390' title='bbox 807 3894 983 3950; x_wconf 90' lang='lat' dir='ltr'>etiam</span> <span class='ocrx_word' id='word_1_391' title='bbox 1049 3897 1193 3952; x_wconf 89' lang='lat' dir='ltr'>alios</span> <span class='ocrx_word' id='word_1_392' title='bbox 1248 3897 1439 3954; x_wconf 89' lang='lat' dir='ltr'>adhuc</span> <span class='ocrx_word' id='word_1_393' title='bbox 1489 3915 1617 3955; x_wconf 90' lang='lat' dir='ltr'>esse</span> <span class='ocrx_word' id='word_1_394' title='bbox 1674 3903 1841 3958; x_wconf 88' lang='lat' dir='ltr'>docet</span> 
     </span>
    </p>
   </div>
   <div class='ocr_carea' id='block_1_57' title="bbox 180 3983 1840 4062">
    <p class='ocr_par' dir='ltr' id='par_1_57' title="bbox 180 3983 1840 4062">
     <span class='ocr_line' id='line_1_57' title="bbox 180 3983 1840 4062; baseline 0.004 -23"><span class='ocrx_word' id='word_1_395' title='bbox 180 3983 460 4056; x_wconf 90' lang='lat' dir='ltr'>proprios</span> <span class='ocrx_word' id='word_1_396' title='bbox 505 3983 714 4039; x_wconf 72' lang='lat' dir='ltr'>animae</span> <span class='ocrx_word' id='word_1_397' title='bbox 784 3988 993 4039; x_wconf 66' lang='lat' dir='ltr'>nostra:</span> <span class='ocrx_word' id='word_1_398' title='bbox 1055 3990 1242 4054; x_wconf 89' lang='lat' dir='ltr'>actus,</span> <span class='ocrx_word' id='word_1_399' title='bbox 1294 3986 1365 4041; x_wconf 90' lang='lat' dir='ltr'>ab</span> <span class='ocrx_word' id='word_1_400' title='bbox 1423 3987 1551 4057; x_wconf 87' lang='lat' dir='ltr'>ejus</span> <span class='ocrx_word' id='word_1_401' title='bbox 1603 4006 1840 4062; x_wconf 90' lang='lat' dir='ltr'>corpore</span> 
     </span>
    </p>
   </div>
   <div class='ocr_carea' id='block_1_58' title="bbox 176 4073 1838 4151">
    <p class='ocr_par' dir='ltr' id='par_1_58' title="bbox 176 4073 1838 4151">
     <span class='ocr_line' id='line_1_58' title="bbox 176 4073 1838 4151; baseline 0.004 -23"><span class='ocrx_word' id='word_1_402' title='bbox 176 4089 564 4145; x_wconf 85' lang='lat' dir='ltr'>nequaquam</span> <span class='ocrx_word' id='word_1_403' title='bbox 597 4073 1014 4145; x_wconf 89' lang='lat' dir='ltr'>dependentes,</span> <span class='ocrx_word' id='word_1_404' title='bbox 1042 4076 1260 4146; x_wconf 82' lang='lat' dir='ltr'>quibus</span> <span class='ocrx_word' id='word_1_405' title='bbox 1287 4093 1400 4131; x_wconf 87' lang='lat' dir='ltr'>non</span> <span class='ocrx_word' id='word_1_406' title='bbox 1421 4077 1613 4132; x_wconf 90' lang='lat' dir='ltr'>solum</span> <span class='ocrx_word' id='word_1_407' title='bbox 1648 4097 1838 4151; x_wconf 69' lang='lat' dir='ltr'>poena,</span> 
     </span>
    </p>
   </div>
   <div class='ocr_carea' id='block_1_59' title="bbox 174 4163 1836 4240">
    <p class='ocr_par' dir='ltr' id='par_1_59' title="bbox 174 4163 1836 4240">
     <span class='ocr_line' id='line_1_59' title="bbox 174 4163 1836 4240; baseline 0.004 -22"><span class='ocrx_word' id='word_1_408' title='bbox 174 4165 278 4218; x_wconf 84' lang='lat' dir='ltr'>sed</span> <span class='ocrx_word' id='word_1_409' title='bbox 317 4163 632 4234; x_wconf 65' lang='lat' dir='ltr'>praemium</span> <span class='ocrx_word' id='word_1_410' title='bbox 665 4179 898 4235; x_wconf 85' lang='lat' dir='ltr'>quoque</span> <span class='ocrx_word' id='word_1_411' title='bbox 928 4165 1172 4219; x_wconf 91' lang='lat' dir='ltr'>debetur</span> <span class='ocrx_word' id='word_1_412' title='bbox 1204 4166 1403 4236; x_wconf 85' lang='lat' dir='ltr'>(Idem,</span> <span class='ocrx_word' id='word_1_413' title='bbox 1440 4167 1836 4240; x_wconf 76' lang='lat' dir='ltr'>tib.deAni-7n.,</span> 
     </span>
    </p>
   </div>
   <div class='ocr_carea' id='block_1_60' title="bbox 173 4251 1838 4324">
    <p class='ocr_par' dir='ltr' id='par_1_60' title="bbox 173 4251 1838 4324">
     <span class='ocr_line' id='line_1_60' title="bbox 173 4251 1838 4324; baseline 0.004 -17"><span class='ocrx_word' id='word_1_414' title='bbox 173 4269 304 4324; x_wconf 88' lang='lat' dir='ltr'>cap.</span> <span class='ocrx_word' id='word_1_415' title='bbox 333 4252 450 4322; x_wconf 84' lang='lat'>58).</span> <span class='ocrx_word' id='word_1_416' title='bbox 487 4252 662 4322; x_wconf 83' lang='lat' dir='ltr'>Atqui</span> <span class='ocrx_word' id='word_1_417' title='bbox 718 4252 825 4307; x_wconf 90' lang='lat' dir='ltr'>hos</span> <span class='ocrx_word' id='word_1_418' title='bbox 883 4251 1070 4308; x_wconf 89' lang='lat' dir='ltr'>solius</span> <span class='ocrx_word' id='word_1_419' title='bbox 1129 4254 1334 4308; x_wconf 71' lang='lat' dir='ltr'>animae</span> <span class='ocrx_word' id='word_1_420' title='bbox 1390 4260 1490 4310; x_wconf 90' lang='lat' dir='ltr'>aut</span> <span class='ocrx_word' id='word_1_421' title='bbox 1521 4256 1704 4312; x_wconf 88' lang='lat' dir='ltr'>bonos</span> <span class='ocrx_word' id='word_1_422' title='bbox 1738 4266 1838 4314; x_wconf 88' lang='lat' dir='ltr'>aut</span> 
     </span>
    </p>
   </div>
   <div class='ocr_carea' id='block_1_61' title="bbox 174 4342 1835 4418">
    <p class='ocr_par' dir='ltr' id='par_1_61' title="bbox 174 4342 1835 4418">
     <span class='ocr_line' id='line_1_61' title="bbox 174 4342 1835 4418; baseline 0.004 -22"><span class='ocrx_word' id='word_1_423' title='bbox 174 4342 375 4396; x_wconf 88' lang='lat' dir='ltr'>malos</span> <span class='ocrx_word' id='word_1_424' title='bbox 408 4345 594 4408; x_wconf 90' lang='lat' dir='ltr'>actus,</span> <span class='ocrx_word' id='word_1_425' title='bbox 629 4342 862 4410; x_wconf 72' lang='lat' dir='ltr'>praamio</span> <span class='ocrx_word' id='word_1_426' title='bbox 897 4347 997 4396; x_wconf 91' lang='lat' dir='ltr'>aut</span> <span class='ocrx_word' id='word_1_427' title='bbox 1028 4359 1198 4412; x_wconf 71' lang='lat' dir='ltr'>pinna</span> <span class='ocrx_word' id='word_1_428' title='bbox 1228 4342 1437 4415; x_wconf 90' lang='lat' dir='ltr'>dignos</span> <span class='ocrx_word' id='word_1_429' title='bbox 1472 4362 1576 4400; x_wconf 87' lang='lat' dir='ltr'>nec</span> <span class='ocrx_word' id='word_1_430' title='bbox 1603 4363 1835 4418; x_wconf 87' lang='lat' dir='ltr'>corpus,</span> 
     </span>
    </p>
   </div>
   <div class='ocr_carea' id='block_1_62' title="bbox 169 4429 1838 4501">
    <p class='ocr_par' dir='ltr' id='par_1_62' title="bbox 169 4429 1838 4501">
     <span class='ocr_line' id='line_1_62' title="bbox 169 4429 1838 4501; baseline 0.004 -17"><span class='ocrx_word' id='word_1_431' title='bbox 169 4447 278 4485; x_wconf 89' lang='lat' dir='ltr'>nec</span> <span class='ocrx_word' id='word_1_432' title='bbox 313 4429 492 4495; x_wconf 84' lang='lat' dir='ltr'>nihil,</span> <span class='ocrx_word' id='word_1_433' title='bbox 522 4431 622 4484; x_wconf 89' lang='lat' dir='ltr'>sed</span> <span class='ocrx_word' id='word_1_434' title='bbox 682 4429 900 4501; x_wconf 90' lang='lat' dir='ltr'>aliquid</span> <span class='ocrx_word' id='word_1_435' title='bbox 932 4429 1350 4486; x_wconf 90' lang='lat' dir='ltr'>intermedium</span> <span class='ocrx_word' id='word_1_436' title='bbox 1411 4448 1540 4488; x_wconf 90' lang='lat' dir='ltr'>esse</span> <span class='ocrx_word' id='word_1_437' title='bbox 1595 4436 1838 4491; x_wconf 88' lang='lat' dir='ltr'>arbitra-</span> 
     </span>
    </p>
   </div>
   <div class='ocr_carea' id='block_1_63' title="bbox 172 4520 1832 4592">
    <p class='ocr_par' dir='ltr' id='par_1_63' title="bbox 172 4520 1832 4592">
     <span class='ocr_line' id='line_1_63' title="bbox 172 4520 1832 4592; baseline 0.002 -17"><span class='ocrx_word' id='word_1_438' title='bbox 172 4521 376 4575; x_wconf 87' lang='lat' dir='ltr'>batur.</span> <span class='ocrx_word' id='word_1_439' title='bbox 426 4523 570 4591; x_wconf 82' lang='lat' dir='ltr'>Ergo</span> <span class='ocrx_word' id='word_1_440' title='bbox 630 4520 896 4590; x_wconf 68' lang='lat' dir='ltr'>quaadam</span> <span class='ocrx_word' id='word_1_441' title='bbox 946 4536 1073 4575; x_wconf 76' lang='lat' dir='ltr'>esse</span> <span class='ocrx_word' id='word_1_442' title='bbox 1132 4520 1376 4591; x_wconf 89' lang='lat' dir='ltr'>putavit,</span> <span class='ocrx_word' id='word_1_443' title='bbox 1438 4539 1564 4592; x_wconf 77' lang='lat' dir='ltr'>quas</span> <span class='ocrx_word' id='word_1_444' title='bbox 1604 4527 1832 4579; x_wconf 90' lang='lat' dir='ltr'>tantum</span> 
     </span>
    </p>
   </div>
   <div class='ocr_carea' id='block_1_64' title="bbox 169 4608 1338 4681">
    <p class='ocr_par' dir='ltr' id='par_1_64' title="bbox 169 4608 1338 4681">
     <span class='ocr_line' id='line_1_64' title="bbox 169 4608 1338 4681; baseline 0.003 -19"><span class='ocrx_word' id='word_1_445' title='bbox 169 4608 476 4680; x_wconf 85' lang='lat' dir='ltr'>spiritalia</span> <span class='ocrx_word' id='word_1_446' title='bbox 505 4625 610 4664; x_wconf 90' lang='lat' dir='ltr'>nec</span> <span class='ocrx_word' id='word_1_447' title='bbox 636 4608 808 4680; x_wconf 87' lang='lat' dir='ltr'>plane</span> <span class='ocrx_word' id='word_1_448' title='bbox 828 4609 1149 4681; x_wconf 84' lang='lat' dir='ltr'>corporalia</span> <span class='ocrx_word' id='word_1_449' title='bbox 1180 4614 1338 4665; x_wconf 88' lang='lat' dir='ltr'>sunt.</span> 
     </span>
    </p>
   </div>
   <div class='ocr_carea' id='block_1_65' title="bbox 247 4733 1833 4808">
    <p class='ocr_par' dir='ltr' id='par_1_65' title="bbox 247 4733 1833 4808">
     <span class='ocr_line' id='line_1_65' title="bbox 247 4733 1833 4808; baseline 0.004 -20"><span class='ocrx_word' id='word_1_450' title='bbox 247 4737 338 4790; x_wconf 82' lang='lat' dir='ltr'>Ad</span> <span class='ocrx_word' id='word_1_451' title='bbox 379 4735 700 4790; x_wconf 88' lang='lat' dir='ltr'>secundam</span> <span class='ocrx_word' id='word_1_452' title='bbox 730 4750 862 4790; x_wconf 90' lang='lat' dir='ltr'>vero</span> <span class='ocrx_word' id='word_1_453' title='bbox 893 4733 1050 4789; x_wconf 89' lang='lat' dir='ltr'>illius</span> <span class='ocrx_word' id='word_1_454' title='bbox 1082 4736 1153 4790; x_wconf 93' lang='lat' dir='ltr'>de</span> <span class='ocrx_word' id='word_1_455' title='bbox 1202 4740 1313 4790; x_wconf 92' lang='lat' dir='ltr'>Deo</span> <span class='ocrx_word' id='word_1_456' title='bbox 1375 4737 1833 4808; x_wconf 90' lang='lat' dir='ltr'>propositionem</span> 
     </span>
    </p>
   </div>
   <div class='ocr_carea' id='block_1_66' title="bbox 175 4824 1834 4895">
    <p class='ocr_par' dir='ltr' id='par_1_66' title="bbox 175 4824 1834 4895">
     <span class='ocr_line' id='line_1_66' title="bbox 175 4824 1834 4895; baseline 0.004 -17"><span class='ocrx_word' id='word_1_457' title='bbox 175 4825 337 4895; x_wconf 91' lang='lat' dir='ltr'>quod</span> <span class='ocrx_word' id='word_1_458' title='bbox 374 4827 616 4894; x_wconf 88' lang='lat' dir='ltr'>spectat,</span> <span class='ocrx_word' id='word_1_459' title='bbox 651 4840 864 4893; x_wconf 90' lang='lat' dir='ltr'>nonne,</span> <span class='ocrx_word' id='word_1_460' title='bbox 901 4825 984 4878; x_wconf 90' lang='lat' dir='ltr'>uti</span> <span class='ocrx_word' id='word_1_461' title='bbox 1012 4824 1288 4893; x_wconf 83' lang='lat' dir='ltr'>diximus,</span> <span class='ocrx_word' id='word_1_462' title='bbox 1322 4825 1537 4880; x_wconf 88' lang='lat' dir='ltr'>diserte</span> <span class='ocrx_word' id='word_1_463' title='bbox 1582 4827 1834 4884; x_wconf 83' lang='lat' dir='ltr'>afﬁrmat</span> 
     </span>
    </p>
   </div>
   <div class='ocr_carea' id='block_1_67' title="bbox 167 4911 1832 4985">
    <p class='ocr_par' dir='ltr' id='par_1_67' title="bbox 167 4911 1832 4985">
     <span class='ocr_line' id='line_1_67' title="bbox 167 4911 1832 4985; baseline 0.004 -18"><span class='ocrx_word' id='word_1_464' title='bbox 167 4915 302 4983; x_wconf 89' lang='lat' dir='ltr'>ejus</span> <span class='ocrx_word' id='word_1_465' title='bbox 341 4911 554 4968; x_wconf 84' lang='lat' dir='ltr'>Filium</span> <span class='ocrx_word' id='word_1_466' title='bbox 587 4929 716 4967; x_wconf 88' lang='lat' dir='ltr'>esse</span> <span class='ocrx_word' id='word_1_467' title='bbox 746 4913 1057 4984; x_wconf 89' lang='lat' dir='ltr'>ipsiusmet</span> <span class='ocrx_word' id='word_1_468' title='bbox 1103 4914 1475 4985; x_wconf 86' lang='lat' dir='ltr'>sapientiam,</span> <span class='ocrx_word' id='word_1_469' title='bbox 1537 4915 1832 4973; x_wconf 87' lang='lat' dir='ltr'>internum</span> 
     </span>
    </p>
   </div>
   <div class='ocr_carea' id='block_1_68' title="bbox 167 5003 1832 5077">
    <p class='ocr_par' dir='ltr' id='par_1_68' title="bbox 167 5003 1832 5077">
     <span class='ocr_line' id='line_1_68' title="bbox 167 5003 1832 5077; baseline 0.004 -21"><span class='ocrx_word' id='word_1_470' title='bbox 167 5005 429 5059; x_wconf 87' lang='lat' dir='ltr'>verbum</span> <span class='ocrx_word' id='word_1_471' title='bbox 481 5006 531 5056; x_wconf 85' lang='lat' dir='ltr'>et</span> <span class='ocrx_word' id='word_1_472' title='bbox 583 5019 938 5072; x_wconf 88' lang='lat' dir='ltr'>sermonem,</span> <span class='ocrx_word' id='word_1_473' title='bbox 998 5004 1119 5058; x_wconf 89' lang='lat' dir='ltr'>sive</span> <span class='ocrx_word' id='word_1_474' title='bbox 1177 5003 1654 5074; x_wconf 87' lang='lat' dir='ltr'>intelligentiam,</span> <span class='ocrx_word' id='word_1_475' title='bbox 1707 5023 1832 5077; x_wconf 69' lang='lat' dir='ltr'>qua)</span> 
     </span>
    </p>
   </div>
   <div class='ocr_carea' id='block_1_69' title="bbox 164 5091 1833 5164">
    <p class='ocr_par' dir='ltr' id='par_1_69' title="bbox 164 5091 1833 5164">
     <span class='ocr_line' id='line_1_69' title="bbox 164 5091 1833 5164; baseline 0.003 -17"><span class='ocrx_word' id='word_1_476' title='bbox 164 5094 417 5164; x_wconf 88' lang='lat' dir='ltr'>penitus</span> <span class='ocrx_word' id='word_1_477' title='bbox 458 5091 802 5163; x_wconf 88' lang='lat' dir='ltr'>incorporea</span> <span class='ocrx_word' id='word_1_478' title='bbox 851 5091 1143 5164; x_wconf 90' lang='lat' dir='ltr'>planeque</span> <span class='ocrx_word' id='word_1_479' title='bbox 1193 5093 1477 5164; x_wconf 88' lang='lat' dir='ltr'>spiritalis</span> <span class='ocrx_word' id='word_1_480' title='bbox 1523 5093 1665 5150; x_wconf 84' lang='lat' dir='ltr'>est?</span> <span class='ocrx_word' id='word_1_481' title='bbox 1724 5097 1833 5160; x_wconf 87' lang='lat' dir='ltr'>Qui</span> 
     </span>
    </p>
   </div>
   <div class='ocr_carea' id='block_1_70' title="bbox 161 5181 1929 5255">
    <p class='ocr_par' dir='ltr' id='par_1_70' title="bbox 161 5181 1929 5255">
     <span class='ocr_line' id='line_1_70' title="bbox 161 5181 1929 5255; baseline 0.003 -19"><span class='ocrx_word' id='word_1_482' title='bbox 161 5198 305 5254; x_wconf 87' lang='lat' dir='ltr'>ergo</span> <span class='ocrx_word' id='word_1_483' title='bbox 346 5182 403 5235; x_wconf 90' lang='lat' dir='ltr'>id</span> <span class='ocrx_word' id='word_1_484' title='bbox 439 5181 565 5236; x_wconf 83' lang='lat' dir='ltr'>ﬁeri</span> <span class='ocrx_word' id='word_1_485' title='bbox 596 5182 928 5253; x_wconf 87' lang='lat' dir='ltr'>potest,nisi</span> <span class='ocrx_word' id='word_1_486' title='bbox 961 5187 1109 5237; x_wconf 85' lang='lat' dir='ltr'>Deus</span> <span class='ocrx_word' id='word_1_487' title='bbox 1135 5182 1210 5237; x_wconf 90' lang='lat' dir='ltr'>sit</span> <span class='ocrx_word' id='word_1_488' title='bbox 1244 5182 1410 5254; x_wconf 91' lang='lat' dir='ltr'>plane</span> <span class='ocrx_word' id='word_1_489' title='bbox 1450 5182 1830 5255; x_wconf 89' lang='lat' dir='ltr'>incorporeus</span> <span class='ocrx_word' id='word_1_490' title='bbox 1919 5216 1929 5224; x_wconf 91' lang='lat'><em>-</em></span> 
     </span>
    </p>
   </div>
   <div class='ocr_carea' id='block_1_71' title="bbox 169 5270 1831 5345">
    <p class='ocr_par' dir='ltr' id='par_1_71' title="bbox 169 5270 1831 5345">
     <span class='ocr_line' id='line_1_71' title="bbox 169 5270 1831 5345; baseline 0.003 -19"><span class='ocrx_word' id='word_1_491' title='bbox 169 5289 236 5327; x_wconf 90' lang='lat' dir='ltr'>ac</span> <span class='ocrx_word' id='word_1_492' title='bbox 273 5270 567 5343; x_wconf 83' lang='lat' dir='ltr'>spiritus?</span> <span class='ocrx_word' id='word_1_493' title='bbox 596 5272 679 5326; x_wconf 87' lang='lat' dir='ltr'>Ad</span> <span class='ocrx_word' id='word_1_494' title='bbox 716 5271 836 5326; x_wconf 59' lang='lat' dir='ltr'>haec</span> <span class='ocrx_word' id='word_1_495' title='bbox 860 5288 1014 5337; x_wconf 89' lang='lat' dir='ltr'>vero,</span> <span class='ocrx_word' id='word_1_496' title='bbox 1043 5271 1211 5343; x_wconf 90' lang='lat' dir='ltr'>plane</span> <span class='ocrx_word' id='word_1_497' title='bbox 1244 5271 1463 5328; x_wconf 85' lang='lat' dir='ltr'>sul&#39;licit</span> <span class='ocrx_word' id='word_1_498' title='bbox 1485 5273 1742 5345; x_wconf 89' lang='lat' dir='ltr'>aliquam</span> <span class='ocrx_word' id='word_1_499' title='bbox 1759 5276 1831 5331; x_wconf 92' lang='lat' dir='ltr'>ab</span> 
     </span>
    </p>
   </div>
   <div class='ocr_carea' id='block_1_72' title="bbox 166 5355 1830 5437">
    <p class='ocr_par' dir='ltr' id='par_1_72' title="bbox 166 5355 1830 5437">
     <span class='ocr_line' id='line_1_72' title="bbox 166 5355 1830 5437; baseline 0.003 -21"><span class='ocrx_word' id='word_1_500' title='bbox 166 5379 232 5417; x_wconf 88' lang='lat' dir='ltr'>eo</span> <span class='ocrx_word' id='word_1_501' title='bbox 267 5362 513 5416; x_wconf 85' lang='lat' dir='ltr'>admitti</span> <span class='ocrx_word' id='word_1_502' title='bbox 546 5355 938 5416; x_wconf 87' lang='lat' dir='ltr'>substantiam</span> <span class='ocrx_word' id='word_1_503' title='bbox 964 5361 1355 5432; x_wconf 85' lang='lat' dir='ltr'>spiritualem,</span> <span class='ocrx_word' id='word_1_504' title='bbox 1418 5363 1571 5418; x_wconf 90' lang='lat' dir='ltr'>inter</span> <span class='ocrx_word' id='word_1_505' title='bbox 1619 5381 1830 5437; x_wconf 89' lang='lat' dir='ltr'>corpus</span> 
     </span>
    </p>
   </div>
   <div class='ocr_carea' id='block_1_73' title="bbox 171 5451 1829 5525">
    <p class='ocr_par' dir='ltr' id='par_1_73' title="bbox 171 5451 1829 5525">
     <span class='ocr_line' id='line_1_73' title="bbox 171 5451 1829 5525; baseline 0.003 -19"><span class='ocrx_word' id='word_1_506' title='bbox 171 5459 226 5506; x_wconf 85' lang='lat' dir='ltr'>et</span> <span class='ocrx_word' id='word_1_507' title='bbox 261 5451 416 5505; x_wconf 89' lang='lat' dir='ltr'>nihil</span> <span class='ocrx_word' id='word_1_508' title='bbox 448 5451 884 5506; x_wconf 86' lang='lat' dir='ltr'>mediam.Nam</span> <span class='ocrx_word' id='word_1_509' title='bbox 908 5451 956 5506; x_wconf 91' lang='lat' dir='ltr'>si</span> <span class='ocrx_word' id='word_1_510' title='bbox 985 5469 1109 5522; x_wconf 77' lang='lat' dir='ltr'>quis</span> <span class='ocrx_word' id='word_1_511' title='bbox 1141 5451 1236 5523; x_wconf 88' lang='lat' dir='ltr'>sit,</span> <span class='ocrx_word' id='word_1_512' title='bbox 1269 5451 1418 5507; x_wconf 89' lang='lat' dir='ltr'>hanc</span> <span class='ocrx_word' id='word_1_513' title='bbox 1451 5454 1829 5525; x_wconf 86' lang='lat' dir='ltr'>potissimum</span> 
     </span>
    </p>
   </div>
   <div class='ocr_carea' id='block_1_74' title="bbox 174 5539 1118 5612">
    <p class='ocr_par' dir='ltr' id='par_1_74' title="bbox 174 5539 1118 5612">
     <span class='ocr_line' id='line_1_74' title="bbox 174 5539 1118 5612; baseline 0.002 -18"><span class='ocrx_word' id='word_1_514' title='bbox 174 5546 370 5596; x_wconf 87' lang='lat' dir='ltr'>Deum</span> <span class='ocrx_word' id='word_1_515' title='bbox 406 5557 534 5596; x_wconf 87' lang='lat' dir='ltr'>esse</span> <span class='ocrx_word' id='word_1_516' title='bbox 566 5539 700 5612; x_wconf 90' lang='lat' dir='ltr'>quis</span> <span class='ocrx_word' id='word_1_517' title='bbox 733 5541 1118 5598; x_wconf 78' lang='lat' dir='ltr'>difﬁtebitur?</span> 
     </span>
    </p>
   </div>
   <div class='ocr_carea' id='block_1_75' title="bbox 238 5656 1830 5735">
    <p class='ocr_par' dir='ltr' id='par_1_75' title="bbox 238 5656 1830 5735">
     <span class='ocr_line' id='line_1_75' title="bbox 238 5656 1830 5735; baseline 0.006 -23"><span class='ocrx_word' id='word_1_518' title='bbox 238 5656 509 5714; x_wconf 87' lang='lat' dir='ltr'>Instabis</span> <span class='ocrx_word' id='word_1_519' title='bbox 533 5664 728 5714; x_wconf 86' lang='lat' dir='ltr'>tamen</span> <span class='ocrx_word' id='word_1_520' title='bbox 752 5658 821 5715; x_wconf 89' lang='lat' dir='ltr'>ab</span> <span class='ocrx_word' id='word_1_521' title='bbox 854 5657 954 5714; x_wconf 91' lang='lat' dir='ltr'>illo</span> <span class='ocrx_word' id='word_1_522' title='bbox 986 5657 1135 5715; x_wconf 90' lang='lat' dir='ltr'>nihil</span> <span class='ocrx_word' id='word_1_523' title='bbox 1168 5657 1413 5720; x_wconf 87' lang='lat' dir='ltr'>tertium</span> <span class='ocrx_word' id='word_1_524' title='bbox 1444 5659 1597 5717; x_wconf 86' lang='lat' dir='ltr'>inter</span> <span class='ocrx_word' id='word_1_525' title='bbox 1621 5678 1830 5735; x_wconf 90' lang='lat' dir='ltr'>corpo-</span> 
     </span>
    </p>
   </div>
   <div class='ocr_carea' id='block_1_76' title="bbox 2037 1900 3608 1983">
    <p class='ocr_par' dir='ltr' id='par_1_76' title="bbox 2037 1900 3608 1983">
     <span class='ocr_line' id='line_1_76' title="bbox 2037 1900 3608 1983; baseline 0.014 -31"><span class='ocrx_word' id='word_1_526' title='bbox 2037 1900 2281 1968; x_wconf 76' lang='lat' dir='ltr'>Urgebis</span> <span class='ocrx_word' id='word_1_527' title='bbox 2311 1902 2556 1959; x_wconf 85' lang='lat' dir='ltr'>fortasse</span> <span class='ocrx_word' id='word_1_528' title='bbox 2601 1904 2749 1960; x_wconf 93' lang='lat' dir='ltr'>hanc</span> <span class='ocrx_word' id='word_1_529' title='bbox 2798 1908 3141 1967; x_wconf 84' lang='lat' dir='ltr'>divisionem</span> <span class='ocrx_word' id='word_1_530' title='bbox 3197 1912 3310 1983; x_wconf 90' lang='lat' dir='ltr'>ipsi</span> <span class='ocrx_word' id='word_1_531' title='bbox 3370 1918 3608 1975; x_wconf 90' lang='lat' dir='ltr'>omnino</span> 
     </span>
    </p>
   </div>
   <div class='ocr_carea' id='block_1_77' title="bbox 1967 1989 3605 2075">
    <p class='ocr_par' dir='ltr' id='par_1_77' title="bbox 1967 1989 3605 2075">
     <span class='ocr_line' id='line_1_77' title="bbox 1967 1989 3605 2075; baseline 0.013 -34"><span class='ocrx_word' id='word_1_532' title='bbox 1967 1989 2277 2058; x_wconf 81' lang='lat' dir='ltr'>perfectam</span> <span class='ocrx_word' id='word_1_533' title='bbox 2312 2008 2425 2047; x_wconf 90' lang='lat' dir='ltr'>non</span> <span class='ocrx_word' id='word_1_534' title='bbox 2450 1993 2652 2050; x_wconf 89' lang='lat' dir='ltr'>videri.</span> <span class='ocrx_word' id='word_1_535' title='bbox 2703 1995 2825 2051; x_wconf 88' lang='lat' dir='ltr'>Non</span> <span class='ocrx_word' id='word_1_536' title='bbox 2877 1999 3142 2056; x_wconf 83' lang='lat' dir='ltr'>absolute</span> <span class='ocrx_word' id='word_1_537' title='bbox 3201 2004 3494 2075; x_wconf 87' lang='lat' dir='ltr'>siquidem</span> <span class='ocrx_word' id='word_1_538' title='bbox 3551 2009 3605 2064; x_wconf 90' lang='lat' dir='ltr'>id</span> 
     </span>
    </p>
   </div>
   <div class='ocr_carea' id='block_1_78' title="bbox 1965 2078 3604 2166">
    <p class='ocr_par' dir='ltr' id='par_1_78' title="bbox 1965 2078 3604 2166">
     <span class='ocr_line' id='line_1_78' title="bbox 1965 2078 3604 2166; baseline 0.015 -37"><span class='ocrx_word' id='word_1_539' title='bbox 1965 2078 2323 2146; x_wconf 89' lang='lat' dir='ltr'>pronuntiat,</span> <span class='ocrx_word' id='word_1_540' title='bbox 2360 2082 2459 2136; x_wconf 89' lang='lat' dir='ltr'>sed</span> <span class='ocrx_word' id='word_1_541' title='bbox 2494 2083 2821 2139; x_wconf 90' lang='lat' dir='ltr'>adversario</span> <span class='ocrx_word' id='word_1_542' title='bbox 2852 2103 2958 2141; x_wconf 88' lang='lat' dir='ltr'>suo</span> <span class='ocrx_word' id='word_1_543' title='bbox 3003 2088 3235 2146; x_wconf 89' lang='lat' dir='ltr'>interim</span> <span class='ocrx_word' id='word_1_544' title='bbox 3287 2098 3341 2148; x_wconf 91' lang='lat' dir='ltr'>et</span> <span class='ocrx_word' id='word_1_545' title='bbox 3401 2097 3604 2166; x_wconf 89' lang='lat' dir='ltr'>gratis,</span> 
     </span>
    </p>
   </div>
   <div class='ocr_carea' id='block_1_79' title="bbox 1965 2166 3605 2253">
    <p class='ocr_par' dir='ltr' id='par_1_79' title="bbox 1965 2166 3605 2253">
     <span class='ocr_line' id='line_1_79' title="bbox 1965 2166 3605 2253; baseline 0.014 -34"><span class='ocrx_word' id='word_1_546' title='bbox 1965 2166 2231 2237; x_wconf 89' lang='lat' dir='ltr'>nihilque</span> <span class='ocrx_word' id='word_1_547' title='bbox 2261 2169 2416 2224; x_wconf 76' lang='grc'>814</span> <span class='ocrx_word' id='word_1_548' title='bbox 2457 2174 2794 2240; x_wconf 90' lang='lat' dir='ltr'>asserendo,</span> <span class='ocrx_word' id='word_1_549' title='bbox 2843 2179 3108 2234; x_wconf 90' lang='lat' dir='ltr'>concedit</span> <span class='ocrx_word' id='word_1_550' title='bbox 3166 2181 3423 2253; x_wconf 90' lang='lat' dir='ltr'>aliquam</span> <span class='ocrx_word' id='word_1_551' title='bbox 3467 2187 3605 2241; x_wconf 89' lang='lat' dir='ltr'>sub-</span> 
     </span>
    </p>
   </div>
   <div class='ocr_carea' id='block_1_80' title="bbox 1964 2256 3607 2346">
    <p class='ocr_par' dir='ltr' id='par_1_80' title="bbox 1964 2256 3607 2346">
     <span class='ocr_line' id='line_1_80' title="bbox 1964 2256 3607 2346; baseline 0.015 -39"><span class='ocrx_word' id='word_1_552' title='bbox 1964 2256 2243 2310; x_wconf 85' lang='lat' dir='ltr'>stantiam</span> <span class='ocrx_word' id='word_1_553' title='bbox 2276 2273 2405 2313; x_wconf 89' lang='lat' dir='ltr'>esse</span> <span class='ocrx_word' id='word_1_554' title='bbox 2437 2259 2861 2333; x_wconf 88' lang='lat' dir='ltr'>incorpoream,</span> <span class='ocrx_word' id='word_1_555' title='bbox 2889 2282 3018 2337; x_wconf 80' lang='lat' dir='ltr'>quae</span> <span class='ocrx_word' id='word_1_556' title='bbox 3064 2272 3257 2325; x_wconf 86' lang='lat' dir='ltr'>tamen</span> <span class='ocrx_word' id='word_1_557' title='bbox 3308 2274 3385 2326; x_wconf 90' lang='lat' dir='ltr'>rei</span> <span class='ocrx_word' id='word_1_558' title='bbox 3421 2275 3607 2346; x_wconf 90' lang='lat' dir='ltr'>ipsius</span> 
     </span>
    </p>
   </div>
   <div class='ocr_carea' id='block_1_81' title="bbox 1963 2347 3608 2434">
    <p class='ocr_par' dir='ltr' id='par_1_81' title="bbox 1963 2347 3608 2434">
     <span class='ocr_line' id='line_1_81' title="bbox 1963 2347 3608 2434; baseline 0.015 -37"><span class='ocrx_word' id='word_1_559' title='bbox 1963 2360 2173 2414; x_wconf 87' lang='lat' dir='ltr'>corpus</span> <span class='ocrx_word' id='word_1_560' title='bbox 2195 2350 2301 2401; x_wconf 90' lang='lat' dir='ltr'>est.</span> <span class='ocrx_word' id='word_1_561' title='bbox 2335 2347 2488 2403; x_wconf 89' lang='lat' dir='ltr'>Nihil</span> <span class='ocrx_word' id='word_1_562' title='bbox 2526 2352 2804 2421; x_wconf 90' lang='lat' dir='ltr'>ergo,nisi</span> <span class='ocrx_word' id='word_1_563' title='bbox 2833 2370 3171 2424; x_wconf 87' lang='lat' dir='ltr'>corporeum</span> <span class='ocrx_word' id='word_1_564' title='bbox 3225 2377 3352 2416; x_wconf 89' lang='lat' dir='ltr'>esse</span> <span class='ocrx_word' id='word_1_565' title='bbox 3409 2364 3608 2434; x_wconf 90' lang='lat' dir='ltr'>opina-</span> 
     </span>
    </p>
   </div>
   <div class='ocr_carea' id='block_1_82' title="bbox 1964 2433 3604 2511">
    <p class='ocr_par' dir='ltr' id='par_1_82' title="bbox 1964 2433 3604 2511">
     <span class='ocr_line' id='line_1_82' title="bbox 1964 2433 3604 2511; baseline 0.014 -24"><span class='ocrx_word' id='word_1_566' title='bbox 1964 2433 2157 2488; x_wconf 89' lang='lat' dir='ltr'>batur.</span> <span class='ocrx_word' id='word_1_567' title='bbox 2209 2436 2318 2491; x_wconf 88' lang='lat' dir='ltr'>Sed</span> <span class='ocrx_word' id='word_1_568' title='bbox 2370 2437 2820 2511; x_wconf 88' lang='lat' dir='ltr'>animadvertas,</span> <span class='ocrx_word' id='word_1_569' title='bbox 2883 2443 3077 2511; x_wconf 89' lang='lat' dir='ltr'>velim,</span> <span class='ocrx_word' id='word_1_570' title='bbox 3158 2447 3324 2504; x_wconf 92' lang='lat' dir='ltr'>illum</span> <span class='ocrx_word' id='word_1_571' title='bbox 3386 2433 3604 2511; x_wconf 63' lang='lat' dir='ltr'>haerere</span> 
     </span>
    </p>
   </div>
   <div class='ocr_carea' id='block_1_83' title="bbox 1963 2523 3601 2606">
    <p class='ocr_par' dir='ltr' id='par_1_83' title="bbox 1963 2523 3601 2606">
     <span class='ocr_line' id='line_1_83' title="bbox 1963 2523 3601 2606; baseline 0.014 -30"><span class='ocrx_word' id='word_1_572' title='bbox 1963 2523 2247 2580; x_wconf 80' lang='lat' dir='ltr'>duntaxat</span> <span class='ocrx_word' id='word_1_573' title='bbox 2277 2526 2334 2580; x_wconf 91' lang='lat' dir='ltr'>in</span> <span class='ocrx_word' id='word_1_574' title='bbox 2369 2526 2545 2598; x_wconf 90' lang='lat' dir='ltr'>hujus</span> <span class='ocrx_word' id='word_1_575' title='bbox 2578 2530 3074 2604; x_wconf 68' lang='lat' dir='ltr'>nominis,corpu.s,</span> <span class='ocrx_word' id='word_1_576' title='bbox 3110 2535 3601 2606; x_wconf 76' lang='lat' dir='ltr'>significatu.Non</span> 
     </span>
    </p>
   </div>
   <div class='ocr_carea' id='block_1_84' title="bbox 1963 2613 3604 2696">
    <p class='ocr_par' dir='ltr' id='par_1_84' title="bbox 1963 2613 3604 2696">
     <span class='ocr_line' id='line_1_84' title="bbox 1963 2613 3604 2696; baseline 0.014 -31"><span class='ocrx_word' id='word_1_577' title='bbox 1963 2613 2208 2668; x_wconf 89' lang='lat' dir='ltr'>obscure</span> <span class='ocrx_word' id='word_1_578' title='bbox 2237 2619 2432 2671; x_wconf 89' lang='lat' dir='ltr'>tamen</span> <span class='ocrx_word' id='word_1_579' title='bbox 2464 2617 2682 2673; x_wconf 87' lang='lat' dir='ltr'>ibidem</span> <span class='ocrx_word' id='word_1_580' title='bbox 2731 2621 2979 2692; x_wconf 85' lang='lat' dir='ltr'>explicat</span> <span class='ocrx_word' id='word_1_581' title='bbox 3036 2626 3172 2696; x_wconf 89' lang='lat' dir='ltr'>quid</span> <span class='ocrx_word' id='word_1_582' title='bbox 3221 2627 3326 2683; x_wconf 93' lang='lat' dir='ltr'>hoc</span> <span class='ocrx_word' id='word_1_583' title='bbox 3369 2632 3604 2689; x_wconf 90' lang='lat' dir='ltr'>nomine</span> 
     </span>
    </p>
   </div>
   <div class='ocr_carea' id='block_1_85' title="bbox 1962 2701 3605 2790">
    <p class='ocr_par' dir='ltr' id='par_1_85' title="bbox 1962 2701 3605 2790">
     <span class='ocr_line' id='line_1_85' title="bbox 1962 2701 3605 2790; baseline 0.014 -35"><span class='ocrx_word' id='word_1_584' title='bbox 1962 2701 2312 2758; x_wconf 84' lang='lat' dir='ltr'>intellexerit</span> <span class='ocrx_word' id='word_1_585' title='bbox 2341 2722 2352 2760; x_wconf 91' lang='lat'><strong>:</strong></span> <span class='ocrx_word' id='word_1_586' title='bbox 2380 2729 2405 2755; x_wconf 91' lang='grc'>‹‹</span> <span class='ocrx_word' id='word_1_587' title='bbox 2443 2708 2594 2778; x_wconf 88' lang='lat' dir='ltr'>Ipsa,</span> <span class='ocrx_word' id='word_1_588' title='bbox 2631 2709 2841 2780; x_wconf 89' lang='lat' dir='ltr'>inquit,</span> <span class='ocrx_word' id='word_1_589' title='bbox 2875 2712 3206 2770; x_wconf 88' lang='lat' dir='ltr'>substantia</span> <span class='ocrx_word' id='word_1_590' title='bbox 3263 2733 3474 2790; x_wconf 90' lang='lat' dir='ltr'>corpus</span> <span class='ocrx_word' id='word_1_591' title='bbox 3514 2729 3605 2777; x_wconf 85' lang='lat' dir='ltr'>est</span> 
     </span>
    </p>
   </div>
   <div class='ocr_carea' id='block_1_86' title="bbox 1963 2793 3603 2878">
    <p class='ocr_par' dir='ltr' id='par_1_86' title="bbox 1963 2793 3603 2878">
     <span class='ocr_line' id='line_1_86' title="bbox 1963 2793 3603 2878; baseline 0.013 -34"><span class='ocrx_word' id='word_1_592' title='bbox 1963 2793 2041 2845; x_wconf 90' lang='lat' dir='ltr'>rei</span> <span class='ocrx_word' id='word_1_593' title='bbox 2076 2793 2383 2864; x_wconf 89' lang='lat' dir='ltr'>cujusque.</span> <span class='ocrx_word' id='word_1_594' title='bbox 2420 2817 2447 2844; x_wconf 91' lang='grc'><strong>››</strong></span> <span class='ocrx_word' id='word_1_595' title='bbox 2480 2797 2752 2868; x_wconf 88' lang='lat' dir='ltr'>Corporis</span> <span class='ocrx_word' id='word_1_596' title='bbox 2787 2801 2982 2872; x_wconf 89' lang='lat' dir='ltr'>itaque</span> <span class='ocrx_word' id='word_1_597' title='bbox 3023 2805 3255 2860; x_wconf 87' lang='lat' dir='ltr'>nomine</span> <span class='ocrx_word' id='word_1_598' title='bbox 3284 2808 3603 2878; x_wconf 79' lang='lat' dir='ltr'>signiﬁcari</span> 
     </span>
    </p>
   </div>
   <div class='ocr_carea' id='block_1_87' title="bbox 1962 2882 3601 2967">
    <p class='ocr_par' dir='ltr' id='par_1_87' title="bbox 1962 2882 3601 2967">
     <span class='ocr_line' id='line_1_87' title="bbox 1962 2882 3601 2967; baseline 0.013 -35"><span class='ocrx_word' id='word_1_599' title='bbox 1962 2884 2128 2949; x_wconf 88' lang='lat' dir='ltr'>putat</span> <span class='ocrx_word' id='word_1_600' title='bbox 2149 2882 2430 2953; x_wconf 85' lang='lat' dir='ltr'>cujusque</span> <span class='ocrx_word' id='word_1_601' title='bbox 2450 2884 2528 2939; x_wconf 91' lang='lat' dir='ltr'>rei</span> <span class='ocrx_word' id='word_1_602' title='bbox 2560 2886 3053 2945; x_wconf 86' lang='lat' dir='ltr'>substantiam.At</span> <span class='ocrx_word' id='word_1_603' title='bbox 3082 2910 3250 2949; x_wconf 89' lang='lat' dir='ltr'>nemo</span> <span class='ocrx_word' id='word_1_604' title='bbox 3265 2903 3351 2950; x_wconf 91' lang='lat' dir='ltr'>est</span> <span class='ocrx_word' id='word_1_605' title='bbox 3373 2899 3601 2967; x_wconf 91' lang='lat' dir='ltr'>quinon</span> 
     </span>
    </p>
   </div>
   <div class='ocr_carea' id='block_1_88' title="bbox 1963 2968 3599 3045">
    <p class='ocr_par' dir='ltr' id='par_1_88' title="bbox 1963 2968 3599 3045">
     <span class='ocr_line' id='line_1_88' title="bbox 1963 2968 3599 3045; baseline 0.014 -24"><span class='ocrx_word' id='word_1_606' title='bbox 1963 2968 2214 3024; x_wconf 78' lang='lat' dir='ltr'>fateatur</span> <span class='ocrx_word' id='word_1_607' title='bbox 2246 2971 2471 3027; x_wconf 92' lang='lat' dir='ltr'>nullum</span> <span class='ocrx_word' id='word_1_608' title='bbox 2508 2991 2746 3044; x_wconf 89' lang='lat' dir='ltr'>prorsus</span> <span class='ocrx_word' id='word_1_609' title='bbox 2777 2995 2900 3033; x_wconf 90' lang='lat' dir='ltr'>esse</span> <span class='ocrx_word' id='word_1_610' title='bbox 2933 2982 3188 3038; x_wconf 89' lang='lat' dir='ltr'>medium</span> <span class='ocrx_word' id='word_1_611' title='bbox 3229 2990 3329 3038; x_wconf 92' lang='lat' dir='ltr'>aut</span> <span class='ocrx_word' id='word_1_612' title='bbox 3363 2988 3599 3045; x_wconf 88' lang='lat' dir='ltr'>tertium</span> 
     </span>
    </p>
   </div>
   <div class='ocr_carea' id='block_1_89' title="bbox 1962 3058 3600 3139">
    <p class='ocr_par' dir='ltr' id='par_1_89' title="bbox 1962 3058 3600 3139">
     <span class='ocr_line' id='line_1_89' title="bbox 1962 3058 3600 3139; baseline 0.015 -29"><span class='ocrx_word' id='word_1_613' title='bbox 1962 3058 2116 3113; x_wconf 90' lang='lat' dir='ltr'>inter</span> <span class='ocrx_word' id='word_1_614' title='bbox 2149 3062 2546 3118; x_wconf 88' lang='lat' dir='ltr'>substantiam</span> <span class='ocrx_word' id='word_1_615' title='bbox 2609 3071 2665 3120; x_wconf 88' lang='lat' dir='ltr'>et</span> <span class='ocrx_word' id='word_1_616' title='bbox 2713 3067 2908 3138; x_wconf 89' lang='lat' dir='ltr'>ipsum</span> <span class='ocrx_word' id='word_1_617' title='bbox 2959 3070 3126 3126; x_wconf 89' lang='lat' dir='ltr'>nihil.</span> <span class='ocrx_word' id='word_1_618' title='bbox 3189 3074 3334 3139; x_wconf 91' lang='lat' dir='ltr'>Quid</span> <span class='ocrx_word' id='word_1_619' title='bbox 3410 3082 3600 3135; x_wconf 90' lang='lat' dir='ltr'>autem</span> 
     </span>
    </p>
   </div>
   <div class='ocr_carea' id='block_1_90' title="bbox 1965 3147 3600 3237">
    <p class='ocr_par' dir='ltr' id='par_1_90' title="bbox 1965 3147 3600 3237">
     <span class='ocr_line' id='line_1_90' title="bbox 1965 3147 3600 3237; baseline 0.013 -37"><span class='ocrx_word' id='word_1_620' title='bbox 1965 3147 2204 3217; x_wconf 90' lang='lat' dir='ltr'>mirum,</span> <span class='ocrx_word' id='word_1_621' title='bbox 2240 3149 2287 3204; x_wconf 92' lang='lat' dir='ltr'>si</span> <span class='ocrx_word' id='word_1_622' title='bbox 2322 3153 2580 3222; x_wconf 88' lang='lat' dir='ltr'>corporis</span> <span class='ocrx_word' id='word_1_623' title='bbox 2639 3156 2876 3211; x_wconf 89' lang='lat' dir='ltr'>nomine</span> <span class='ocrx_word' id='word_1_624' title='bbox 2935 3159 3121 3229; x_wconf 89' lang='lat' dir='ltr'>ipsam</span> <span class='ocrx_word' id='word_1_625' title='bbox 3185 3164 3262 3216; x_wconf 88' lang='lat' dir='ltr'>rei</span> <span class='ocrx_word' id='word_1_626' title='bbox 3313 3165 3600 3237; x_wconf 87' lang='lat' dir='ltr'>cujusque</span> 
     </span>
    </p>
   </div>
   <div class='ocr_carea' id='block_1_91' title="bbox 1960 3235 3595 3318">
    <p class='ocr_par' dir='ltr' id='par_1_91' title="bbox 1960 3235 3595 3318">
     <span class='ocr_line' id='line_1_91' title="bbox 1960 3235 3595 3318; baseline 0.013 -30"><span class='ocrx_word' id='word_1_627' title='bbox 1960 3235 2348 3293; x_wconf 78' lang='lat' dir='ltr'>substantiam</span> <span class='ocrx_word' id='word_1_628' title='bbox 2382 3240 2824 3313; x_wconf 89' lang='lat' dir='ltr'>intelligendam</span> <span class='ocrx_word' id='word_1_629' title='bbox 2856 3264 2985 3302; x_wconf 90' lang='lat' dir='ltr'>esse</span> <span class='ocrx_word' id='word_1_630' title='bbox 3016 3250 3595 3318; x_wconf 82' lang='lat' dir='ltr'>existimaverit,cum</span> 
     </span>
    </p>
   </div>
   <div class='ocr_carea' id='block_1_92' title="bbox 1954 3324 3596 3412">
    <p class='ocr_par' dir='ltr' id='par_1_92' title="bbox 1954 3324 3596 3412">
     <span class='ocr_line' id='line_1_92' title="bbox 1954 3324 3596 3412; baseline 0.013 -35"><span class='ocrx_word' id='word_1_631' title='bbox 1954 3324 2172 3381; x_wconf 87' lang='lat' dir='ltr'>Paulus</span> <span class='ocrx_word' id='word_1_632' title='bbox 2206 3330 2505 3398; x_wconf 87' lang='lat' dir='ltr'>apostolus</span> <span class='ocrx_word' id='word_1_633' title='bbox 2560 3332 2663 3386; x_wconf 87' lang='lat' dir='ltr'>hoc</span> <span class='ocrx_word' id='word_1_634' title='bbox 2704 3333 2900 3405; x_wconf 89' lang='lat' dir='ltr'>ipsum</span> <span class='ocrx_word' id='word_1_635' title='bbox 2962 3354 3171 3393; x_wconf 91' lang='lat' dir='ltr'>nomen</span> <span class='ocrx_word' id='word_1_636' title='bbox 3218 3358 3410 3412; x_wconf 80' lang='lat' dir='ltr'>corpus</span> <span class='ocrx_word' id='word_1_637' title='bbox 3469 3361 3596 3400; x_wconf 90' lang='lat' dir='ltr'>um-</span> 
     </span>
    </p>
   </div>
   <div class='ocr_carea' id='block_1_93' title="bbox 1951 3412 3592 3503">
    <p class='ocr_par' dir='ltr' id='par_1_93' title="bbox 1951 3412 3592 3503">
     <span class='ocr_line' id='line_1_93' title="bbox 1951 3412 3592 3503; baseline 0.014 -38"><span class='ocrx_word' id='word_1_638' title='bbox 1951 3412 2072 3467; x_wconf 90' lang='lat' dir='ltr'>bris</span> <span class='ocrx_word' id='word_1_639' title='bbox 2101 3420 2158 3469; x_wconf 89' lang='lat' dir='ltr'>et</span> <span class='ocrx_word' id='word_1_640' title='bbox 2186 3415 2389 3486; x_wconf 81' lang='lat' dir='ltr'>figuris</span> <span class='ocrx_word' id='word_1_641' title='bbox 2421 3427 2698 3491; x_wconf 91' lang='lat' dir='ltr'>opponat,</span> <span class='ocrx_word' id='word_1_642' title='bbox 2730 3439 2796 3477; x_wconf 92' lang='lat' dir='ltr'>ac</span> <span class='ocrx_word' id='word_1_643' title='bbox 2826 3423 2971 3479; x_wconf 90' lang='lat' dir='ltr'>illud</span> <span class='ocrx_word' id='word_1_644' title='bbox 3005 3444 3132 3482; x_wconf 88' lang='lat' dir='ltr'>esse</span> <span class='ocrx_word' id='word_1_645' title='bbox 3164 3428 3394 3498; x_wconf 81' lang='lat' dir='ltr'>dixerit,</span> <span class='ocrx_word' id='word_1_646' title='bbox 3439 3433 3592 3503; x_wconf 87' lang='lat' dir='ltr'>quod</span> 
     </span>
    </p>
   </div>
   <div class='ocr_carea' id='block_1_94' title="bbox 1953 3503 3589 3590">
    <p class='ocr_par' dir='ltr' id='par_1_94' title="bbox 1953 3503 3589 3590">
     <span class='ocr_line' id='line_1_94' title="bbox 1953 3503 3589 3590; baseline 0.013 -35"><span class='ocrx_word' id='word_1_647' title='bbox 1953 3517 2044 3556; x_wconf 86' lang='lat' dir='ltr'>res</span> <span class='ocrx_word' id='word_1_648' title='bbox 2076 3503 2204 3574; x_wconf 91' lang='lat' dir='ltr'>ipsa</span> <span class='ocrx_word' id='word_1_649' title='bbox 2233 3509 2288 3559; x_wconf 91' lang='lat' dir='ltr'>et</span> <span class='ocrx_word' id='word_1_650' title='bbox 2310 3508 2520 3563; x_wconf 89' lang='lat' dir='ltr'>veritas</span> <span class='ocrx_word' id='word_1_651' title='bbox 2553 3519 2636 3563; x_wconf 90' lang='lat' dir='ltr'>est</span> <span class='ocrx_word' id='word_1_652' title='bbox 2662 3510 2688 3564; x_wconf 83' lang='lat'>?</span> <span class='ocrx_word' id='word_1_653' title='bbox 2717 3511 2796 3567; x_wconf 92' lang='lat' dir='ltr'>De</span> <span class='ocrx_word' id='word_1_654' title='bbox 2855 3516 3061 3569; x_wconf 86' lang='lat' dir='ltr'>veteris</span> <span class='ocrx_word' id='word_1_655' title='bbox 3121 3518 3335 3590; x_wconf 88' lang='lat' dir='ltr'>quippe</span> <span class='ocrx_word' id='word_1_656' title='bbox 3390 3524 3589 3576; x_wconf 89' lang='lat' dir='ltr'>Testa-</span> 
     </span>
    </p>
   </div>
   <div class='ocr_carea' id='block_1_95' title="bbox 1953 3592 3595 3680">
    <p class='ocr_par' dir='ltr' id='par_1_95' title="bbox 1953 3592 3595 3680">
     <span class='ocr_line' id='line_1_95' title="bbox 1953 3592 3595 3680; baseline 0.013 -36"><span class='ocrx_word' id='word_1_657' title='bbox 1953 3592 2134 3646; x_wconf 90' lang='lat' dir='ltr'>menti</span> <span class='ocrx_word' id='word_1_658' title='bbox 2169 3593 2372 3665; x_wconf 82' lang='lat' dir='ltr'>ﬁguris</span> <span class='ocrx_word' id='word_1_659' title='bbox 2405 3597 2558 3653; x_wconf 92' lang='lat' dir='ltr'>hunc</span> <span class='ocrx_word' id='word_1_660' title='bbox 2603 3600 2807 3656; x_wconf 81' lang='lat' dir='ltr'>scribit</span> <span class='ocrx_word' id='word_1_661' title='bbox 2863 3603 2921 3658; x_wconf 91' lang='lat' dir='ltr'>in</span> <span class='ocrx_word' id='word_1_662' title='bbox 2979 3606 3217 3662; x_wconf 88' lang='lat' dir='ltr'>modum</span> <span class='ocrx_word' id='word_1_663' title='bbox 3275 3608 3595 3680; x_wconf 68' lang='lat'>(601053.11,</span> 
     </span>
    </p>
   </div>
   <div class='ocr_carea' id='block_1_96' title="bbox 1954 3680 3602 3768">
    <p class='ocr_par' dir='ltr' id='par_1_96' title="bbox 1954 3680 3602 3768">
     <span class='ocr_line' id='line_1_96' title="bbox 1954 3680 3602 3768; baseline 0.015 -36"><span class='ocrx_word' id='word_1_664' title='bbox 1954 3680 2079 3750; x_wconf 81' lang='lat'>17):</span> <span class='ocrx_word' id='word_1_665' title='bbox 2141 3687 2273 3751; x_wconf 74' lang='lat' dir='ltr'>Qua:</span> <span class='ocrx_word' id='word_1_666' title='bbox 2329 3695 2459 3741; x_wconf 75' lang='lat' dir='ltr'>sunt</span> <span class='ocrx_word' id='word_1_667' title='bbox 2517 3689 2710 3744; x_wconf 84' lang='lat' dir='ltr'>umbra</span> <span class='ocrx_word' id='word_1_668' title='bbox 2755 3695 3098 3761; x_wconf 74' lang='lat' dir='ltr'>futurorum,</span> <span class='ocrx_word' id='word_1_669' title='bbox 3160 3713 3358 3768; x_wconf 77' lang='lat' dir='ltr'>corpus</span> <span class='ocrx_word' id='word_1_670' title='bbox 3417 3704 3602 3756; x_wconf 81' lang='lat' dir='ltr'>autem</span> 
     </span>
    </p>
   </div>
   <div class='ocr_carea' id='block_1_97' title="bbox 1952 3770 3600 3845">
    <p class='ocr_par' dir='ltr' id='par_1_97' title="bbox 1952 3770 3600 3845">
     <span class='ocr_line' id='line_1_97' title="bbox 1952 3770 3600 3845; baseline 0.013 -21"><span class='ocrx_word' id='word_1_671' title='bbox 1952 3770 2178 3838; x_wconf 77' lang='lat' dir='ltr'>Christi,</span> <span class='ocrx_word' id='word_1_672' title='bbox 2217 3774 2269 3826; x_wconf 90' lang='lat' dir='ltr'>id</span> <span class='ocrx_word' id='word_1_673' title='bbox 2298 3779 2430 3829; x_wconf 89' lang='lat' dir='ltr'>est:</span> <span class='ocrx_word' id='word_1_674' title='bbox 2478 3776 2575 3832; x_wconf 70' lang='lat' dir='ltr'>Hae</span> <span class='ocrx_word' id='word_1_675' title='bbox 2629 3783 2985 3838; x_wconf 65' lang='lat' dir='ltr'>caaremonia:</span> <span class='ocrx_word' id='word_1_676' title='bbox 3049 3785 3191 3839; x_wconf 90' lang='lat' dir='ltr'>nihil</span> <span class='ocrx_word' id='word_1_677' title='bbox 3245 3788 3401 3842; x_wconf 89' lang='lat' dir='ltr'>aliud</span> <span class='ocrx_word' id='word_1_678' title='bbox 3460 3794 3600 3845; x_wconf 91' lang='lat' dir='ltr'>sunt</span> 
     </span>
    </p>
   </div>
   <div class='ocr_carea' id='block_1_98' title="bbox 1951 3862 3602 3949">
    <p class='ocr_par' dir='ltr' id='par_1_98' title="bbox 1951 3862 3602 3949">
     <span class='ocr_line' id='line_1_98' title="bbox 1951 3862 3602 3949; baseline 0.014 -38"><span class='ocrx_word' id='word_1_679' title='bbox 1951 3875 2128 3927; x_wconf 86' lang='lat' dir='ltr'>quam</span> <span class='ocrx_word' id='word_1_680' title='bbox 2156 3862 2393 3927; x_wconf 67' lang='lat' dir='ltr'>umbrae,</span> <span class='ocrx_word' id='word_1_681' title='bbox 2430 3864 2665 3920; x_wconf 90' lang='lat' dir='ltr'>illarum</span> <span class='ocrx_word' id='word_1_682' title='bbox 2700 3876 2894 3924; x_wconf 90' lang='lat' dir='ltr'>autem</span> <span class='ocrx_word' id='word_1_683' title='bbox 2928 3889 3162 3944; x_wconf 79' lang='lat' dir='ltr'>corpus,</span> <span class='ocrx_word' id='word_1_684' title='bbox 3214 3877 3333 3930; x_wconf 85' lang='lat' dir='ltr'>sive</span> <span class='ocrx_word' id='word_1_685' title='bbox 3358 3894 3448 3933; x_wconf 90' lang='lat' dir='ltr'>res</span> <span class='ocrx_word' id='word_1_686' title='bbox 3473 3878 3602 3949; x_wconf 89' lang='lat' dir='ltr'>ipsa</span> 
     </span>
    </p>
   </div>
   <div class='ocr_carea' id='block_1_99' title="bbox 1952 3949 3355 4032">
    <p class='ocr_par' dir='ltr' id='par_1_99' title="bbox 1952 3949 3355 4032">
     <span class='ocr_line' id='line_1_99' title="bbox 1952 3949 3355 4032; baseline 0.013 -32"><span class='ocrx_word' id='word_1_687' title='bbox 1952 3952 2006 4001; x_wconf 90' lang='lat' dir='ltr'>et</span> <span class='ocrx_word' id='word_1_688' title='bbox 2035 3949 2246 4004; x_wconf 90' lang='lat' dir='ltr'>veritas</span> <span class='ocrx_word' id='word_1_689' title='bbox 2274 3956 2362 4005; x_wconf 91' lang='lat' dir='ltr'>est</span> <span class='ocrx_word' id='word_1_690' title='bbox 2383 3952 2672 4024; x_wconf 89' lang='lat' dir='ltr'>Christus,</span> <span class='ocrx_word' id='word_1_691' title='bbox 2709 3957 2765 4011; x_wconf 89' lang='lat' dir='ltr'>in</span> <span class='ocrx_word' id='word_1_692' title='bbox 2799 3975 2914 4028; x_wconf 89' lang='lat' dir='ltr'>quo</span> <span class='ocrx_word' id='word_1_693' title='bbox 2938 3961 3355 4032; x_wconf 90' lang='lat' dir='ltr'>adimplentur.</span> 
     </span>
    </p>
   </div>
   <div class='ocr_carea' id='block_1_100' title="bbox 2021 4055 3592 4139">
    <p class='ocr_par' dir='ltr' id='par_1_100' title="bbox 2021 4055 3592 4139">
     <span class='ocr_line' id='line_1_100' title="bbox 2021 4055 3592 4139; baseline 0.013 -32"><span class='ocrx_word' id='word_1_694' title='bbox 2021 4055 2409 4118; x_wconf 90' lang='lat' dir='ltr'>Quamobrem</span> <span class='ocrx_word' id='word_1_695' title='bbox 2457 4057 2516 4112; x_wconf 90' lang='lat' dir='ltr'>in</span> <span class='ocrx_word' id='word_1_696' title='bbox 2576 4060 2669 4129; x_wconf 91' lang='lat' dir='ltr'>iis,</span> <span class='ocrx_word' id='word_1_697' title='bbox 2729 4080 2854 4134; x_wconf 81' lang='lat' dir='ltr'>quae</span> <span class='ocrx_word' id='word_1_698' title='bbox 2912 4067 3078 4121; x_wconf 90' lang='lat' dir='ltr'>nobis</span> <span class='ocrx_word' id='word_1_699' title='bbox 3147 4070 3373 4138; x_wconf 87' lang='lat' dir='ltr'>objecta</span> <span class='ocrx_word' id='word_1_700' title='bbox 3434 4077 3592 4139; x_wconf 89' lang='lat' dir='ltr'>sunt,</span> 
     </span>
    </p>
   </div>
   <div class='ocr_carea' id='block_1_101' title="bbox 1949 4143 3595 4220">
    <p class='ocr_par' dir='ltr' id='par_1_101' title="bbox 1949 4143 3595 4220">
     <span class='ocr_line' id='line_1_101' title="bbox 1949 4143 3595 4220; baseline 0.011 -22"><span class='ocrx_word' id='word_1_701' title='bbox 1949 4143 2293 4199; x_wconf 85' lang='lat' dir='ltr'>Tertulliani</span> <span class='ocrx_word' id='word_1_702' title='bbox 2343 4148 2528 4202; x_wconf 92' lang='lat' dir='ltr'>nostri</span> <span class='ocrx_word' id='word_1_703' title='bbox 2576 4149 2739 4220; x_wconf 90' lang='lat' dir='ltr'>locis,</span> <span class='ocrx_word' id='word_1_704' title='bbox 2800 4154 2898 4208; x_wconf 91' lang='lat' dir='ltr'>ubi</span> <span class='ocrx_word' id='word_1_705' title='bbox 2960 4156 3104 4211; x_wconf 81' lang='lat' dir='ltr'>dixit</span> <span class='ocrx_word' id='word_1_706' title='bbox 3163 4173 3394 4213; x_wconf 89' lang='lat' dir='ltr'>omnem</span> <span class='ocrx_word' id='word_1_707' title='bbox 3455 4162 3595 4215; x_wconf 90' lang='lat' dir='ltr'>sub-</span> 
     </span>
    </p>
   </div>
   <div class='ocr_carea' id='block_1_102' title="bbox 1951 4233 3596 4316">
    <p class='ocr_par' dir='ltr' id='par_1_102' title="bbox 1951 4233 3596 4316">
     <span class='ocr_line' id='line_1_102' title="bbox 1951 4233 3596 4316; baseline 0.012 -31"><span class='ocrx_word' id='word_1_708' title='bbox 1951 4233 2229 4288; x_wconf 88' lang='lat' dir='ltr'>stantiam</span> <span class='ocrx_word' id='word_1_709' title='bbox 2262 4252 2390 4291; x_wconf 88' lang='lat' dir='ltr'>esse</span> <span class='ocrx_word' id='word_1_710' title='bbox 2421 4254 2657 4310; x_wconf 91' lang='lat' dir='ltr'>corpus,</span> <span class='ocrx_word' id='word_1_711' title='bbox 2693 4247 2793 4296; x_wconf 88' lang='lat' dir='ltr'>aut</span> <span class='ocrx_word' id='word_1_712' title='bbox 2850 4246 3136 4316; x_wconf 86' lang='lat' dir='ltr'>quidquid</span> <span class='ocrx_word' id='word_1_713' title='bbox 3200 4253 3282 4300; x_wconf 82' lang='lat' dir='ltr'>est</span> <span class='ocrx_word' id='word_1_714' title='bbox 3327 4248 3436 4303; x_wconf 90' lang='lat' dir='ltr'>hoc</span> <span class='ocrx_word' id='word_1_715' title='bbox 3468 4266 3596 4306; x_wconf 89' lang='lat' dir='ltr'>esse</span> 
     </span>
    </p>
   </div>
   <div class='ocr_carea' id='block_1_103' title="bbox 1948 4324 3592 4409">
    <p class='ocr_par' dir='ltr' id='par_1_103' title="bbox 1948 4324 3592 4409">
     <span class='ocr_line' id='line_1_103' title="bbox 1948 4324 3592 4409; baseline 0.01 -33"><span class='ocrx_word' id='word_1_716' title='bbox 1948 4338 2182 4393; x_wconf 89' lang='lat' dir='ltr'>corpus,</span> <span class='ocrx_word' id='word_1_717' title='bbox 2217 4324 2374 4380; x_wconf 88' lang='lat' dir='ltr'>haud</span> <span class='ocrx_word' id='word_1_718' title='bbox 2406 4326 2736 4386; x_wconf 86' lang='lat' dir='ltr'>inconsulte</span> <span class='ocrx_word' id='word_1_719' title='bbox 2795 4331 2876 4388; x_wconf 90' lang='lat' dir='ltr'>ibi</span> <span class='ocrx_word' id='word_1_720' title='bbox 2938 4335 3164 4389; x_wconf 79' lang='lat' dir='ltr'>addidit</span> <span class='ocrx_word' id='word_1_721' title='bbox 3213 4339 3307 4391; x_wconf 76' lang='lat' dir='ltr'>sui</span> <span class='ocrx_word' id='word_1_722' title='bbox 3356 4342 3592 4409; x_wconf 71' lang='lat' dir='ltr'>generis,</span> 
     </span>
    </p>
   </div>
   <div class='ocr_carea' id='block_1_104' title="bbox 1948 4410 3594 4500">
    <p class='ocr_par' dir='ltr' id='par_1_104' title="bbox 1948 4410 3594 4500">
     <span class='ocr_line' id='line_1_104' title="bbox 1948 4410 3594 4500; baseline 0.011 -36"><span class='ocrx_word' id='word_1_723' title='bbox 1948 4410 2005 4465; x_wconf 91' lang='lat' dir='ltr'>id</span> <span class='ocrx_word' id='word_1_724' title='bbox 2040 4417 2146 4482; x_wconf 89' lang='lat' dir='ltr'>est,</span> <span class='ocrx_word' id='word_1_725' title='bbox 2180 4415 2573 4472; x_wconf 88' lang='lat' dir='ltr'>substantiam</span> <span class='ocrx_word' id='word_1_726' title='bbox 2608 4435 2736 4476; x_wconf 88' lang='lat' dir='ltr'>esse</span> <span class='ocrx_word' id='word_1_727' title='bbox 2769 4422 2859 4477; x_wconf 87' lang='lat' dir='ltr'>sui</span> <span class='ocrx_word' id='word_1_728' title='bbox 2892 4425 3142 4493; x_wconf 88' lang='lat' dir='ltr'>generis,</span> <span class='ocrx_word' id='word_1_729' title='bbox 3199 4426 3285 4481; x_wconf 88' lang='lat' dir='ltr'>vel</span> <span class='ocrx_word' id='word_1_730' title='bbox 3336 4429 3594 4500; x_wconf 87' lang='lat' dir='ltr'>corporei</span> 
     </span>
    </p>
   </div>
   <div class='ocr_carea' id='block_1_105' title="bbox 1949 4501 2379 4574">
    <p class='ocr_par' dir='ltr' id='par_1_105' title="bbox 1949 4501 2379 4574">
     <span class='ocr_line' id='line_1_105' title="bbox 1949 4501 2379 4574; baseline 0.016 -20"><span class='ocrx_word' id='word_1_731' title='bbox 1949 4501 2036 4555; x_wconf 91' lang='lat' dir='ltr'>vel</span> <span class='ocrx_word' id='word_1_732' title='bbox 2070 4503 2379 4574; x_wconf 87' lang='lat' dir='ltr'>spiritalis.</span> 
     </span>
    </p>
   </div>
   <div class='ocr_carea' id='block_1_106' title="bbox 1869 4577 3593 4669">
    <p class='ocr_par' dir='ltr' id='par_1_106' title="bbox 1869 4577 3593 4669">
     <span class='ocr_line' id='line_1_106' title="bbox 1869 4577 3593 4669; baseline 0.011 -28"><span class='ocrx_word' id='word_1_733' title='bbox 1869 4577 1914 4641; x_wconf 89' lang='lat' dir='ltr'><strong>D</strong></span> <span class='ocrx_word' id='word_1_734' title='bbox 2019 4591 2227 4646; x_wconf 86' lang='lat' dir='ltr'>Verum</span> <span class='ocrx_word' id='word_1_735' title='bbox 2260 4594 2499 4650; x_wconf 90' lang='lat' dir='ltr'>instabit</span> <span class='ocrx_word' id='word_1_736' title='bbox 2534 4598 2770 4669; x_wconf 89' lang='lat' dir='ltr'>aliquis,</span> <span class='ocrx_word' id='word_1_737' title='bbox 2807 4601 3038 4657; x_wconf 89' lang='lat' dir='ltr'>etiamsi</span> <span class='ocrx_word' id='word_1_738' title='bbox 3088 4603 3194 4658; x_wconf 90' lang='lat' dir='ltr'>hoc</span> <span class='ocrx_word' id='word_1_739' title='bbox 3225 4605 3593 4662; x_wconf 87' lang='lat' dir='ltr'>evidentissi-</span> 
     </span>
    </p>
   </div>
   <div class='ocr_carea' id='block_1_107' title="bbox 1949 4683 3596 4766">
    <p class='ocr_par' dir='ltr' id='par_1_107' title="bbox 1949 4683 3596 4766">
     <span class='ocr_line' id='line_1_107' title="bbox 1949 4683 3596 4766; baseline 0.012 -34"><span class='ocrx_word' id='word_1_740' title='bbox 1949 4696 2040 4734; x_wconf 85' lang='lat' dir='ltr'>me</span> <span class='ocrx_word' id='word_1_741' title='bbox 2072 4683 2437 4751; x_wconf 87' lang='lat' dir='ltr'>probaretur,</span> <span class='ocrx_word' id='word_1_742' title='bbox 2500 4685 2556 4740; x_wconf 92' lang='lat' dir='ltr'>in</span> <span class='ocrx_word' id='word_1_743' title='bbox 2617 4688 2862 4744; x_wconf 90' lang='lat' dir='ltr'>dubium</span> <span class='ocrx_word' id='word_1_744' title='bbox 2924 4697 3117 4746; x_wconf 91' lang='lat' dir='ltr'>tamen</span> <span class='ocrx_word' id='word_1_745' title='bbox 3175 4695 3367 4748; x_wconf 91' lang='lat' dir='ltr'>vocari</span> <span class='ocrx_word' id='word_1_746' title='bbox 3423 4713 3596 4766; x_wconf 90' lang='lat' dir='ltr'>posse</span> 
     </span>
    </p>
   </div>
   <div class='ocr_carea' id='block_1_108' title="bbox 1948 4773 3594 4848">
    <p class='ocr_par' dir='ltr' id='par_1_108' title="bbox 1948 4773 3594 4848">
     <span class='ocr_line' id='line_1_108' title="bbox 1948 4773 3594 4848; baseline 0.011 -25"><span class='ocrx_word' id='word_1_747' title='bbox 1948 4774 2144 4824; x_wconf 90' lang='lat' dir='ltr'>utrum</span> <span class='ocrx_word' id='word_1_748' title='bbox 2175 4773 2574 4829; x_wconf 88' lang='lat' dir='ltr'>Tertullianus</span> <span class='ocrx_word' id='word_1_749' title='bbox 2599 4777 2917 4848; x_wconf 89' lang='lat' dir='ltr'>aliquando</span> <span class='ocrx_word' id='word_1_750' title='bbox 2959 4782 3379 4838; x_wconf 87' lang='lat' dir='ltr'>existimaverit</span> <span class='ocrx_word' id='word_1_751' title='bbox 3411 4786 3594 4840; x_wconf 91' lang='lat' dir='ltr'>Deum</span> 
     </span>
    </p>
   </div>
   <div class='ocr_carea' id='block_1_109' title="bbox 1950 4869 3595 4935">
    <p class='ocr_par' dir='ltr' id='par_1_109' title="bbox 1950 4869 3595 4935">
     <span class='ocr_line' id='line_1_109' title="bbox 1950 4869 3595 4935; baseline 0.012 -23"><span class='ocrx_word' id='word_1_752' title='bbox 1950 4875 2077 4913; x_wconf 92' lang='lat' dir='ltr'>esse</span> <span class='ocrx_word' id='word_1_753' title='bbox 2132 4877 2364 4930; x_wconf 89' lang='lat' dir='ltr'>corpus,</span> <span class='ocrx_word' id='word_1_754' title='bbox 2423 4880 2489 4917; x_wconf 92' lang='lat' dir='ltr'>ac</span> <span class='ocrx_word' id='word_1_755' title='bbox 2549 4872 2748 4935; x_wconf 67' lang='lat' dir='ltr'>postea</span> <span class='ocrx_word' id='word_1_756' title='bbox 2817 4869 3080 4925; x_wconf 89' lang='lat' dir='ltr'>animum</span> <span class='ocrx_word' id='word_1_757' title='bbox 3172 4875 3482 4929; x_wconf 91' lang='lat' dir='ltr'>mutaverit</span> <span class='ocrx_word' id='word_1_758' title='bbox 3540 4882 3595 4931; x_wconf 87' lang='lat' dir='ltr'>et</span> 
     </span>
    </p>
   </div>
   <div class='ocr_carea' id='block_1_110' title="bbox 1949 4949 3592 5032">
    <p class='ocr_par' dir='ltr' id='par_1_110' title="bbox 1949 4949 3592 5032">
     <span class='ocr_line' id='line_1_110' title="bbox 1949 4949 3592 5032; baseline 0.012 -31"><span class='ocrx_word' id='word_1_759' title='bbox 1949 4949 2323 5004; x_wconf 86' lang='lat' dir='ltr'>sententiam.</span> <span class='ocrx_word' id='word_1_760' title='bbox 2403 4951 2481 5006; x_wconf 91' lang='lat' dir='ltr'>De</span> <span class='ocrx_word' id='word_1_761' title='bbox 2541 4953 2640 5008; x_wconf 90' lang='lat' dir='ltr'>illo</span> <span class='ocrx_word' id='word_1_762' title='bbox 2692 4973 2946 5028; x_wconf 89' lang='lat' dir='ltr'>namque</span> <span class='ocrx_word' id='word_1_763' title='bbox 3012 4963 3378 5032; x_wconf 87' lang='lat' dir='ltr'>Augustinus</span> <span class='ocrx_word' id='word_1_764' title='bbox 3437 4965 3592 5020; x_wconf 91' lang='lat' dir='ltr'>hunc</span> 
     </span>
    </p>
   </div>
   <div class='ocr_carea' id='block_1_111' title="bbox 1943 5037 3586 5125">
    <p class='ocr_par' dir='ltr' id='par_1_111' title="bbox 1943 5037 3586 5125">
     <span class='ocr_line' id='line_1_111' title="bbox 1943 5037 3586 5125; baseline 0.011 -34"><span class='ocrx_word' id='word_1_765' title='bbox 1943 5037 2204 5108; x_wconf 90' lang='lat' dir='ltr'>loquitur</span> <span class='ocrx_word' id='word_1_766' title='bbox 2234 5040 2292 5093; x_wconf 90' lang='lat' dir='ltr'>in</span> <span class='ocrx_word' id='word_1_767' title='bbox 2347 5042 2587 5097; x_wconf 89' lang='lat' dir='ltr'>modum</span> <span class='ocrx_word' id='word_1_768' title='bbox 2646 5045 2733 5114; x_wconf 79' lang='lat' dir='ltr'>(de</span> <span class='ocrx_word' id='word_1_769' title='bbox 2790 5052 2921 5101; x_wconf 84' lang='lat' dir='ltr'>Gen.</span> <span class='ocrx_word' id='word_1_770' title='bbox 2987 5049 3276 5120; x_wconf 66' lang='lat' dir='ltr'>militum,</span> <span class='ocrx_word' id='word_1_771' title='bbox 3338 5070 3464 5125; x_wconf 90' lang='lat' dir='ltr'>cap.</span> <span class='ocrx_word' id='word_1_772' title='bbox 3498 5057 3586 5123; x_wconf 84' lang='lat'>26,</span> 
     </span>
    </p>
   </div>
   <div class='ocr_carea' id='block_1_112' title="bbox 1942 5128 3588 5210">
    <p class='ocr_par' dir='ltr' id='par_1_112' title="bbox 1942 5128 3588 5210">
     <span class='ocr_line' id='line_1_112' title="bbox 1942 5128 3588 5210; baseline 0.013 -30"><span class='ocrx_word' id='word_1_773' title='bbox 1942 5143 2074 5198; x_wconf 88' lang='lat' dir='ltr'>pag.</span> <span class='ocrx_word' id='word_1_774' title='bbox 2106 5128 2232 5198; x_wconf 80' lang='lat'>275)</span> <span class='ocrx_word' id='word_1_775' title='bbox 2259 5145 2271 5182; x_wconf 91' lang='lat'>:</span> <span class='ocrx_word' id='word_1_776' title='bbox 2299 5152 2325 5177; x_wconf 84' lang='lat'><strong>«</strong></span> <span class='ocrx_word' id='word_1_777' title='bbox 2360 5131 2760 5189; x_wconf 89' lang='lat' dir='ltr'>Tertullianus</span> <span class='ocrx_word' id='word_1_778' title='bbox 2785 5136 2919 5208; x_wconf 89' lang='lat' dir='ltr'>quia</span> <span class='ocrx_word' id='word_1_779' title='bbox 2938 5155 3147 5210; x_wconf 90' lang='lat' dir='ltr'>corpus</span> <span class='ocrx_word' id='word_1_780' title='bbox 3171 5157 3300 5198; x_wconf 88' lang='lat' dir='ltr'>esse</span> <span class='ocrx_word' id='word_1_781' title='bbox 3329 5143 3588 5200; x_wconf 89' lang='lat' dir='ltr'>animam</span> 
     </span>
    </p>
   </div>
   <div class='ocr_carea' id='block_1_113' title="bbox 1944 5217 3588 5302">
    <p class='ocr_par' dir='ltr' id='par_1_113' title="bbox 1944 5217 3588 5302">
     <span class='ocr_line' id='line_1_113' title="bbox 1944 5217 3588 5302; baseline 0.013 -33"><span class='ocrx_word' id='word_1_782' title='bbox 1944 5217 2209 5283; x_wconf 89' lang='lat' dir='ltr'>credidit,</span> <span class='ocrx_word' id='word_1_783' title='bbox 2244 5235 2359 5273; x_wconf 90' lang='lat' dir='ltr'>non</span> <span class='ocrx_word' id='word_1_784' title='bbox 2391 5220 2462 5274; x_wconf 92' lang='lat' dir='ltr'>ob</span> <span class='ocrx_word' id='word_1_785' title='bbox 2498 5221 2652 5277; x_wconf 90' lang='lat' dir='ltr'>aliud</span> <span class='ocrx_word' id='word_1_786' title='bbox 2688 5227 2841 5295; x_wconf 92' lang='lat' dir='ltr'>quod</span> <span class='ocrx_word' id='word_1_787' title='bbox 2894 5245 3021 5283; x_wconf 85' lang='lat' dir='ltr'>eam</span> <span class='ocrx_word' id='word_1_788' title='bbox 3057 5230 3453 5302; x_wconf 78' lang='lat' dir='ltr'>incorporeum</span> <span class='ocrx_word' id='word_1_789' title='bbox 3495 5250 3588 5290; x_wconf 88' lang='lat' dir='ltr'>co-</span> 
     </span>
    </p>
   </div>
   <div class='ocr_carea' id='block_1_114' title="bbox 1943 5307 3589 5394">
    <p class='ocr_par' dir='ltr' id='par_1_114' title="bbox 1943 5307 3589 5394">
     <span class='ocr_line' id='line_1_114' title="bbox 1943 5307 3589 5394; baseline 0.012 -35"><span class='ocrx_word' id='word_1_790' title='bbox 1943 5307 2125 5378; x_wconf 88' lang='lat' dir='ltr'>gitare</span> <span class='ocrx_word' id='word_1_791' title='bbox 2153 5324 2266 5362; x_wconf 91' lang='lat' dir='ltr'>non</span> <span class='ocrx_word' id='word_1_792' title='bbox 2298 5309 2527 5378; x_wconf 89' lang='lat' dir='ltr'>potuit;</span> <span class='ocrx_word' id='word_1_793' title='bbox 2563 5319 2619 5368; x_wconf 90' lang='lat' dir='ltr'>et</span> <span class='ocrx_word' id='word_1_794' title='bbox 2649 5313 2779 5370; x_wconf 92' lang='lat' dir='ltr'>ideo</span> <span class='ocrx_word' id='word_1_795' title='bbox 2812 5315 3010 5373; x_wconf 89' lang='lat' dir='ltr'>timuit</span> <span class='ocrx_word' id='word_1_796' title='bbox 3047 5336 3117 5376; x_wconf 90' lang='lat' dir='ltr'>ne</span> <span class='ocrx_word' id='word_1_797' title='bbox 3150 5321 3295 5376; x_wconf 89' lang='lat' dir='ltr'>nihil</span> <span class='ocrx_word' id='word_1_798' title='bbox 3328 5328 3502 5394; x_wconf 88' lang='lat' dir='ltr'>esset,</span> <span class='ocrx_word' id='word_1_799' title='bbox 3531 5329 3589 5379; x_wconf 89' lang='lat' dir='ltr'>et</span> 
     </span>
    </p>
   </div>
   <div class='ocr_carea' id='block_1_115' title="bbox 1943 5405 3583 5483">
    <p class='ocr_par' dir='ltr' id='par_1_115' title="bbox 1943 5405 3583 5483">
     <span class='ocr_line' id='line_1_115' title="bbox 1943 5405 3583 5483; baseline 0.011 -33"><span class='ocrx_word' id='word_1_800' title='bbox 1943 5412 2154 5467; x_wconf 88' lang='lat' dir='ltr'>corpus</span> <span class='ocrx_word' id='word_1_801' title='bbox 2187 5413 2300 5451; x_wconf 88' lang='lat' dir='ltr'>non</span> <span class='ocrx_word' id='word_1_802' title='bbox 2333 5405 2510 5468; x_wconf 87' lang='lat' dir='ltr'>esset,</span> <span class='ocrx_word' id='word_1_803' title='bbox 2546 5419 2649 5457; x_wconf 91' lang='lat' dir='ltr'>nec</span> <span class='ocrx_word' id='word_1_804' title='bbox 2681 5406 2750 5459; x_wconf 91' lang='lat' dir='ltr'>de</span> <span class='ocrx_word' id='word_1_805' title='bbox 2786 5407 2894 5462; x_wconf 91' lang='lat' dir='ltr'>Deo</span> <span class='ocrx_word' id='word_1_806' title='bbox 2926 5410 3108 5464; x_wconf 91' lang='lat' dir='ltr'>voluit</span> <span class='ocrx_word' id='word_1_807' title='bbox 3139 5411 3306 5466; x_wconf 89' lang='lat' dir='ltr'>aliter</span> <span class='ocrx_word' id='word_1_808' title='bbox 3361 5429 3583 5483; x_wconf 89' lang='lat' dir='ltr'>sapere,</span> 
     </span>
    </p>
   </div>
   <div class='ocr_carea' id='block_1_116' title="bbox 1943 5488 3586 5565">
    <p class='ocr_par' dir='ltr' id='par_1_116' title="bbox 1943 5488 3586 5565">
     <span class='ocr_line' id='line_1_116' title="bbox 1943 5488 3586 5565; baseline 0.011 -27"><span class='ocrx_word' id='word_1_809' title='bbox 1943 5488 2037 5555; x_wconf 90' lang='lat' dir='ltr'>qui</span> <span class='ocrx_word' id='word_1_810' title='bbox 2073 5503 2212 5541; x_wconf 88' lang='lat' dir='ltr'>sane</span> <span class='ocrx_word' id='word_1_811' title='bbox 2273 5489 2550 5558; x_wconf 89' lang='lat' dir='ltr'>quoniam</span> <span class='ocrx_word' id='word_1_812' title='bbox 2603 5499 2811 5551; x_wconf 90' lang='lat' dir='ltr'>acutus</span> <span class='ocrx_word' id='word_1_813' title='bbox 2872 5502 2978 5565; x_wconf 86' lang='lat' dir='ltr'>est,</span> <span class='ocrx_word' id='word_1_814' title='bbox 3039 5498 3336 5555; x_wconf 90' lang='lat' dir='ltr'>interdum</span> <span class='ocrx_word' id='word_1_815' title='bbox 3387 5507 3586 5556; x_wconf 89' lang='lat' dir='ltr'>contra</span> 
     </span>
    </p>
   </div>
   <div class='ocr_carea' id='block_1_117' title="bbox 1942 5575 3583 5662">
    <p class='ocr_par' dir='ltr' id='par_1_117' title="bbox 1942 5575 3583 5662">
     <span class='ocr_line' id='line_1_117' title="bbox 1942 5575 3583 5662; baseline 0.009 -32"><span class='ocrx_word' id='word_1_816' title='bbox 1942 5575 2277 5646; x_wconf 86' lang='lat' dir='ltr'>Opinionem</span> <span class='ocrx_word' id='word_1_817' title='bbox 2327 5595 2496 5635; x_wconf 90' lang='lat' dir='ltr'>suam</span> <span class='ocrx_word' id='word_1_818' title='bbox 2555 5583 2678 5639; x_wconf 89' lang='lat' dir='ltr'>visa</span> <span class='ocrx_word' id='word_1_819' title='bbox 2738 5587 2978 5643; x_wconf 88' lang='lat' dir='ltr'>veritate</span> <span class='ocrx_word' id='word_1_820' title='bbox 3040 5595 3370 5662; x_wconf 88' lang='lat' dir='ltr'>superatur.</span> <span class='ocrx_word' id='word_1_821' title='bbox 3436 5589 3583 5652; x_wconf 86' lang='lat' dir='ltr'>Quid</span> 
     </span>
    </p>
   </div>
   <div class='ocr_carea' id='block_1_118' title="bbox 1941 5666 3580 5751">
    <p class='ocr_par' dir='ltr' id='par_1_118' title="bbox 1941 5666 3580 5751">
     <span class='ocr_line' id='line_1_118' title="bbox 1941 5666 3580 5751; baseline 0.01 -30"><span class='ocrx_word' id='word_1_822' title='bbox 1941 5666 2099 5722; x_wconf 90' lang='lat' dir='ltr'>enim</span> <span class='ocrx_word' id='word_1_823' title='bbox 2130 5669 2325 5725; x_wconf 86' lang='lat' dir='ltr'>verius</span> <span class='ocrx_word' id='word_1_824' title='bbox 2351 5669 2542 5729; x_wconf 90' lang='lat' dir='ltr'>dicere</span> <span class='ocrx_word' id='word_1_825' title='bbox 2571 5675 2782 5748; x_wconf 81' lang='lat' dir='ltr'>potuit,</span> <span class='ocrx_word' id='word_1_826' title='bbox 2816 5693 2994 5748; x_wconf 86' lang='lat' dir='ltr'>quam</span> <span class='ocrx_word' id='word_1_827' title='bbox 3029 5678 3085 5734; x_wconf 91' lang='lat' dir='ltr'>id</span> <span class='ocrx_word' id='word_1_828' title='bbox 3117 5681 3273 5750; x_wconf 87' lang='lat' dir='ltr'>quod</span> <span class='ocrx_word' id='word_1_829' title='bbox 3325 5678 3406 5735; x_wconf 90' lang='lat' dir='ltr'>ait</span> <span class='ocrx_word' id='word_1_830' title='bbox 3437 5695 3580 5751; x_wconf 90' lang='lat' dir='ltr'>quo-</span> 
     </span>
    </p>
   </div>
  </div>
