4106 6178
506 329 625 390 899
1020 323 1552 387 TERTULLIANI
1593 319 1920 387 OPERUM
1959 321 2161 383 PARS
2204 320 2256 382 Ῑ.
2297 355 2377 368 —-
2419 322 2701 386 SERIES
2741 325 2793 399 I,
2837 326 3403 390 APOLOGETICA.
3740 338 3844 398 900

508 462 642 517 dam
675 459 800 514 loco
830 457 916 530 (de
936 458 1120 513 Anim.
1155 456 1354 528 cap.7)
1389 473 1402 512 :
1435 456 1616 512 Omne
1671 454 1968 527 corporale
2008 471 2142 526 pas-
2176 455 2232 521 Α
2261 453 2557 522 dictionis,
2579 457 2801 512 fatetur
2828 462 3024 514 tamen
3060 458 3148 514 vir
3178 457 3274 515 ille
3302 459 3705 520 eruditissimus
3746 484 3847 524 ma-

509 550 677 605 sibile
715 545 857 602 est?
919 546 1126 601 Debuit
1156 561 1292 617 ergo
1342 548 1569 601 mutare
1625 542 1975 600 sententiam
2035 559 2149 615 qua
2253 544 2403 614 joris
2434 544 2578 601 illud
2613 563 2742 603 esse
2776 548 3080 619 momenti,
3117 549 3273 621 quod
3307 550 3646 621 Augustinus
3672 554 3766 610 alio
3793 557 3840 613 in

506 637 679 711 paulo
714 635 983 709 superius
1015 635 1237 689 dixerat
1268 635 1442 689 etiam
1503 636 1684 689 Deum
1735 650 1945 705 corpus
2001 648 2148 687 esse.
2262 631 2409 689 libro
2443 636 2510 689 ad
2547 638 2945 693 excusandum
3005 637 3429 693 Tertullianum
3489 640 3597 696 hac
3620 641 3670 697 in
3700 646 3844 702 verba

504 729 703 799 Neque
734 726 889 781 enim
912 724 1164 779 arbitror
1196 740 1329 778 eum
1360 724 1438 778 ita
1468 722 1817 795 desipuisse,
1877 727 1943 777 ut
1972 722 2150 776 etiam
2262 721 2461 777 retulit
2490 723 2576 795 (de
2597 725 2885 792 Haeresib.,
2908 742 3035 799 cap.
3062 728 3150 794 86,
3185 743 3317 799 pag.
3349 728 3468 799 15):
3500 751 3525 779 «
3578 729 3842 788 Tertullia-

507 816 601 872 Dei
638 819 907 871 naturam
960 813 1295 886 passibilem
1359 812 1636 882 crederet,
1699 817 1760 866 ut
1801 813 1926 883 jam
1985 810 2149 865 Chri-
2261 828 2373 866 nus
2401 818 2601 883 posset
2623 831 2858 886 quoquo
2905 816 3079 872 modo
3139 817 3333 887 putari
3392 816 3567 889 ipsam
3616 826 3843 878 naturam

2262 901 2775 975 substantiamque
2834 904 3097 961 divinam
3157 922 3391 978 corpus,
3459 908 3611 977 cujus
3664 915 3844 980 partes,

2262 989 2386 1044 aliae
2420 992 2694 1062 majores,
2726 992 2851 1049 alite
2906 994 3164 1051 minores
3220 995 3452 1052 valeant
3503 997 3583 1052 vel
3638 998 3848 1054 debeant

2261 1078 2519 1149 cogitari,
2552 1081 2750 1152 qualia
2782 1087 2920 1138 sunt
2950 1083 3167 1155 omnia,
3202 1101 3329 1156 qua:
3361 1086 3582 1157 proprie
3635 1086 3847 1143 dicimus

2261 1183 2569 1240 corpora...
2604 1172 2703 1226 sed
2766 1173 2974 1244 potuit,
3029 1178 3095 1228 ut
3151 1173 3292 1243 dixi,
3351 1180 3641 1246 propterea
3690 1177 3851 1247 putari

2259 1272 2469 1327 corpus
2499 1258 2684 1314 Deum
2719 1260 2930 1328 dicere,
2963 1262 3101 1334 quia
3131 1280 3247 1318 non
3300 1268 3392 1318 est
3444 1264 3602 1334 nihil,
3654 1282 3753 1320 non
3779 1270 3850 1320 est

2260 1345 2535 1413 inanitas,
2571 1365 2687 1403 non
2719 1356 2807 1404 est
2836 1351 3093 1422 corporis
3121 1351 3207 1407 vel
3258 1352 3462 1407 animae
3493 1353 3742 1424 qualitas,
3769 1354 3849 1409 sed

507 911 636 963 stus
696 922 809 960 non
856 904 912 958 in
948 920 1120 959 carne
1176 907 1433 973 tantum,
1493 902 1591 957 sed
1636 902 1690 955 in
1753 900 1876 971 ipso
1936 900 2149 971 Verbo,

506 1011 611 1068 per
641 994 794 1065 quod
856 992 1007 1047 facta
1065 995 1205 1047 sunt
1265 993 1477 1060 omnia,
1531 990 1827 1062 passibilis
1872 994 1928 1045 et
1986 1006 2147 1044 com-

507 1082 810 1138 mutabilis
879 1097 1006 1136 esse
1076 1080 1363 1148 credatur,
1426 1080 1580 1151 quod
1642 1080 1799 1135 absit
1890 1096 1923 1134 a
1979 1079 2151 1135 corde

505 1172 855 1227 Christiano.
893 1190 916 1221 ι)

570 1278 787 1333 Verum
846 1274 1117 1331 Petavius
1175 1275 1246 1329 ab
1307 1274 1637 1346 Augustino
1685 1273 1979 1340 dissentit,
2044 1289 2149 1327 nec

504 1371 700 1423 censet
723 1363 1149 1421 Tertullianum
1183 1380 1382 1419 secum
1417 1379 1700 1436 pugnare,
1735 1368 1835 1416 aut
1878 1380 2045 1417 suam
2078 1362 2149 1416 de

502 1457 619 1512 Deo
651 1470 924 1526 corporeo
957 1466 1218 1508 mutasse
1274 1453 1648 1519 sententiam,
1701 1452 1933 1507 tametsi
1977 1469 2150 1506 omne

507 1562 719 1617 corpus
745 1543 1008 1616 passible,
1042 1547 1307 1597 naturam
1342 1558 1476 1597 vero
1536 1542 1633 1596 Dei
1688 1542 1928 1595 minime
1959 1541 2146 1612 passi-

505 1635 680 1689 bilem
714 1650 842 1689 esse
897 1630 1209 1686 crediderit
1256 1630 1473 1701 (Petav.
1509 1632 1699 1685 tom.I
1746 1631 1954 1700 Thelog.
2014 1630 2148 1697 dog-
2261 1618 2347 1669 ίθν
2375 1620 2699 1686 permanet
2739 1638 2766 1665 η

497 1734 633 1779 τηατ.
668 1740 795 1795 ϐαρ,
828 1723 878 1787 1,
911 1723 937 1788 §
965 1723 999 1775 5
1031 1720 1242 1791 seqq,
1278 1719 1420 1773 Nam
1461 1718 1630 1788 alias,
1665 1718 1881 1790 inquit,
1916 1720 1994 1774 ι-θί
2021 1736 2147 1773 θοι.-
2295 1703 2536 1795 _Mirum
2573 1713 2763 1795 tamen
2796 1705 3115 1795 nonnullis,
3178 1706 3399 1778 quibus
3449 1707 3586 1764 satis
3613 1712 3734 1763 nota
3759 1726 3849 1764 non

503 1792 935 1885 porcam—quam
994 1810 1111 1865 Deo
1165 1808 1370 1863 tribuit
1426 1810 1752 1880 passiones,
1824 1809 1943 1863 sive
2001 1808 2224 1905 aliosB
2257 1792 2335 1905 ait
2363 1793 3065 1905 Ausgf‘mtinimmOdPStia.
3120 1795 3368 1905 forms?“-
3432 1796 3720 1905 νίίξεδίίωξ.
3770 1815 3853 1852 θαι·

504 1880 701 1957 motus
728 1880 793 1955 et
815 1899 1074 1954 allectus.
1110 1897 1388 1953 Marcioni
1436 1898 1729 1969 siquidem
1788 1898 1886 1953 iris
1918 1904 2144 1953 motum
2178 1880 2224 1905 υ
2256 1880 2351 1937 me
2400 1884 2634 1953 Ρθηίίυε
2684 1883 2980 1939 afﬁrmare
3038 1901 3151 1940 non
3215 1887 3434 1943 ﬁnde/at
3511 1886 3652 1942 hanc
3695 1887 3850 1959 ipsum

504 1992 563 2046 in
596 1991 710 2045 Deo
769 2004 895 2044 esse
943 1988 1199 2058 neganti,
1257 1991 1431 2058 atque
1489 1988 1783 2057 objicienti
1837 1987 2025 2054 illum,
2093 1987 2143 2042 si

504 2078 818 2151 aliquando
852 2078 1215 2143 irasceretur,
1278 2077 1632 2147 corruptioni
1691 2081 1747 2132 et
1806 2077 1975 2133 morti
2026 2076 2144 2133 fore

503 2167 844 2237 obnoxium,
879 2166 1193 2236 respondet
1227 2165 1348 2236 ipse
1382 2164 1781 2221 Tertullianus
1814 2166 2140 2237 passiones,

504 2259 623 2315 sive
658 2260 874 2323 motus,
905 2259 959 2310 et
994 2271 1203 2310 sensus
1233 2253 1416 2309 animi
1448 2254 1505 2308 in
1538 2255 1653 2310 Deo
1689 2259 1744 2310 et
1774 2255 2009 2310 homine
2042 2255 2142 2311 iis-

504 2346 634 2402 dem
669 2362 865 2402 revera
896 2344 1235 2399 nominibus
1268 2343 1572 2415 appellari,
1635 2346 1734 2400 sed
1782 2349 2014 2400 tantum
2083 2345 2141 2400 in

504 2442 754 2509 utroque
784 2434 1183 2490 essediversos
1198 2437 1483 2505 quantum
1507 2434 1838 2489 substantia
1859 2439 1916 2490 et
1934 2451 2145 2506 corpus

506 2543 539 2582 a
569 2543 631 2581 se
672 2524 922 2580 invicem
978 2523 1330 2594 discrepant,
1382 2522 1725 2579 Marcionem
1786 2524 2000 2596 quippe
2050 2525 2142 2581 his

508 2616 655 2672 815
683 2613 995 2685 compellat
1025 2612 1255 2669 verbis:
1294 2636 1321 2663 «
1359 2613 1628 2667 Discerne
1654 2612 2054 2682 substantias,
2089 2618 2145 2670 et

506 2721 645 2760 suos
698 2704 781 2759 eis
840 2702 1128 2757 distribue
1161 2717 1390 2769 sensus,
1452 2706 1570 2756 tam
1636 2700 1916 2770 diversos,
1966 2720 2143 2774 quam

506 2794 852 2851 substantiae
877 2790 1277 2864 exigunt,licet
1295 2789 1591 2846 vocabulis
1605 2792 2041 2847 communicare
2062 2792 2145 2848 vi-

506 2885 773 2940 deantur.
810 2904 838 2931 »
870 2879 1073 2953 (Idem,
1109 2880 1208 2934 lib.
1248 2881 1293 2934 ΙΙ
1324 2883 1532 2935 advers.
1568 2880 1958 2953 Marcion.cap.
1990 2883 2143 2953 16)...
2254 2879 2743 2959 Ρνωδῖδιηῖφῗθω·
2764 2879 2827 2918 m
2858 2879 3009 2920 certe
3027 2881 3276 2959 sufnmt’e
3309 2879 3475 2922 “nus
3499 2879 3811 2959 Ρθτίθθξιουῗ

513 2995 538 3027 α
570 2975 797 3039 Quanta
826 2970 935 3026 erit
965 2970 1269 3024 diversitas
1300 2968 1481 3023 divini
1524 2969 1783 3041 corporis
1815 2974 1871 3026 ct
1901 2952 2145 3026 humani
2255 2956 2425 3023 atque
2456 2952 2685 3007 inﬁnita
2717 2969 2911 3007 rerum
2945 2953 3210 3008 omnium
3241 2954 3504 3027 cognitio
3534 2961 3588 3009 et
3631 2952 3862 3014 εοίθηίίδν

506 3063 615 3118 sub
648 3061 856 3116 iisdem
890 3059 1228 3115 nominibus
1256 3059 1675 3130 membrorum,
1719 3064 1877 3115 tanta
1928 3060 2036 3115 erit
2091 3064 2149 3115 et
2258 3064 2290 3100 ἃ
2319 3044 2696 3114 ΤθτιυῙῙίαηω
2730 3046 2903 3101 Sion“
2963 3044 3137 3117 P3010
3183 3047 3335 3103 81⁸
3400 3064 3579 3119 supra
3632 3045 3861 3100 Observa“

509 3150 688 3207 animi
719 3149 898 3204 divini
932 3153 989 3203 et
1022 3147 1261 3202 humani
1294 3147 1621 3202 differentia
1650 3148 1759 3203 sub
1792 3148 2149 3205 iisdemlicet
2254 3135 2467 3202 vimus,
2518 3140 2636 3190 tam
2694 3133 3020 3190 luculenier
3069 3135 3401 3205 vindicatae,
3467 3134 3605 3191 nihil
3662 3130 3863 3190 οωηίοο

510 3238 849 3295 nominibus
905 3237 1325 3303 membrorum,
1372 3252 1518 3307 quos
1577 3240 1696 3290 tam
1752 3236 2149 3308 οοττυριοτίοε
2180 3211 2222 3276 C
2262 3222 2757 3295 corporeihabere
2790 3228 3057 3295 possunt.
3088 3224 3324 3280 Nullum
3349 3225 3639 3298 siquidem
3662 3234 3860 3291 corpus,

510 3329 689 3384 efﬁcit
719 3328 775 3382 in
809 3327 1045 3382 homine
1076 3324 1531 3396 corruptibilitas
1570 3324 1908 3381 substantia:
1940 3325 2149 3381 huma-
2262 3312 2633 3384 (Ιυωηυωνίδ
2663 3316 2873 3379 tenue;
2930 3312 3093 3367 “una
3126 3314 3393 3383 materia:
3449 3314 3700 3387 9‘10“th
3730 3310 3863 3363 mom

510 3436 617 3485 nte,
653 3434 827 3488 quam
859 3415 1320 3486 incorruptorios
1377 3414 1435 3469 in
1494 3415 1610 3470 Deo
1646 3415 1819 3471 efﬁcit
1847 3415 2147 3488 incorrup-

2271 3402 2515 3474 agitata;
2562 3400 2736 3455 nulla:
2794 3401 2995 3470 atomi,
3055 3402 3259 3473 quovis
3309 3420 3600 3459 concursu
3651 3400 3784 3454 inter
3816 3408 3865 3449 se

508 3506 754 3563 tibilitas
780 3504 1122 3560 substantiae
1154 3503 1382 3559 divinis.
1420 3526 1447 3553 ››
2258 3490 2891 3561 cohzerentes,possunt
2911 3490 3475 3561 reialicujus,multo
3499 3492 3687 3546 minus
3703 3498 3865 3542 rerum

581 3610 850 3666 Petavius
878 3611 1075 3680 itaque
1098 3608 1232 3662 inde
1265 3607 1480 3675 colligit
1501 3607 1926 3664 Tertullianum
1950 3609 2149 3665 existi-
2260 3578 2523 3681 ξδηλῐῖίυω
2549 3578 2777 3681 efficere
2802 3579 3212 3681 cognitiof‘em'
3245 3580 3371 3681 Nm?
3401 3580 3592 3681 paul“:

510 3703 761 3755 mavisse
791 3706 910 3753 tam
943 3663 1153 3767 inDeo,
1187 3714 1362 3769 quam
1486 3698 1723 3753 homine
1752 3715 1881 3754 esse
1912 3716 2146 3771 corpus,
2260 3666 2541 3771 tum“???
2578 3669 2688 3722 Deo
2720 3683 2957 3768 corzpus’
2987 3666 3077 3767 v.61
3110 3669 3374 3771 ῨΟΓΡῩΪΘῘ
3409 3667 3629 3771 aliquid
3663 3663 3869 3771 ,πίιῗὲῗ

509 3788 1007 3860 quemadmodum
1070 3749 1374 3858 passiones
1406 3788 1523 3843 sive
1550 3804 1781 3853 sensus,
1844 3749 2046 3844 motusr
2093 3749 2151 3844 et
2258 3756 2485 3858 ω’,ηίεί
2518 3756 2926 3860 Ῑῖοθ,Ῑ]⁰ω,ί“ίῖζ
2974 3757 3133 3860 ΫῘΫΠἘ
3178 3758 3464 3860 vi???»
3518 3749 3868 3860 8."t.’s,t?n_t_i;a?

509 3840 1007 3944 attagena;
1033 3840 2148 3947 dacem,glo‘d"'{,;‘i.o;}a;w;;
2257 3846 2603 3947 iuiﬂef'f’r“;
2637 3846 2691 3900 id
2728 3849 2836 3915 es"
2871 3846 3051 3947 divini
3085 3851 3141 3901 et
3191 3846 3480 3918 ερίτίωίε
3538 3840 3868 3947 memmi}

509 3930 770 4039 3,155.;
814 3930 1029 4021 meo
1086 3971 1281 4020 autem
1340 3930 2146 4037 ταθεολνηριονίί’έξέιξκίὶίίι
2260 3935 2369 3989 Sed
2430 3934 2522 4039 his
2586 3933 2803 4039 ξυοεξη,
2841 3934 3159 4039 signa
3205 3936 3475 4039 arerem.
3540 3950 3666 4039 quae
3702 3930 3870 4039 giae

506 4073 642 4127 ergo
676 4059 982 4127 repugnat,
1015 4054 1207 4125 inquit
1237 4053 1353 4121 ille,
1385 4055 1725 4126 quominus,
1787 4060 1981 4110 stante
2009 4060 2150 4111 Ter-

507 4143 1056 4214 tullianiopinione,
1091 4142 1246 4198 Deus
1279 4143 1488 4197 habeat
1543 4159 1776 4213 corpus,
1835 4145 1989 4213 quod
2034 4161 2147 4199 non

503 4233 1035 4306 passibilcquidem,
1070 4232 1170 4286 sed
1202 4233 1679 4303 incorruptorium
1697 4248 1821 4287 esse
1839 4234 2146 4304 putaverit.

505 4325 577 4378 At
607 4322 921 4392 expendas,
954 4320 1149 4389 velim,
1178 4326 1392 4389 ,utrum
1452 4319 1722 4375 Petavius
1782 4329 2146 4391 perspectum

509 4412 750 4466 omnino
781 4410 1050 4465 habuerit
1080 4426 1193 4479 quo
1227 4424 1439 4462 sensus
1485 4408 1882 4463 Tertullianus
1916 4426 2151 4482 accepe-

510 4500 587 4554 rit
619 4499 762 4554 illud
793 4499 1072 4569 possibili:
1132 4513 1361 4563 nomen,
1396 4497 1548 4567 quod
1609 4514 1643 4551 a
1698 4497 1814 4552 Deo
1871 4499 2147 4554 excludit.

514 4589 637 4643 Non
671 4588 825 4643 enim
860 4587 1018 4641 aliud
1058 4602 1125 4640 eo
1156 4584 1486 4656 signiﬁcare
1516 4586 1762 4655 videtur,
1826 4587 1938 4642 nisi
2000 4589 2153 4659 quod
2185 4579 2231 4642 Ι)

2262 1435 2478 1507 ubique
2509 1442 2684 1503 totus,
2711 1444 2768 1494 et
2798 1456 2899 1511 per
2928 1438 3192 1496 locorum
3223 1442 3415 1512 spatia
3448 1441 3600 1498 nulla
3619 1442 3847 1513 partitus,

2258 1524 2315 1579 in
2352 1542 2457 1581 sua
2490 1530 2685 1581 tamen
2720 1535 2930 1583 natura
2951 1534 3125 1601 atque
3152 1530 3488 1586 substantia
3516 1530 3851 1587 immutabili-

2255 1987 2470 2041 revera,
2506 1972 2603 2026 sed
2635 1988 2846 2044 quoquo
2903 1972 3058 2029 modo
3118 1992 3290 2045 posse
3333 1976 3528 2046 putari
3557 1974 3852 2031 Tertulliani

2254 2060 2435 2115 fuisse
2465 2062 2833 2116 sententiam.
2853 2061 2986 2117 Jam
3009 2064 3163 2118 enim
3189 2065 3558 2119 ostendimus
3588 2080 3709 2119 eum
3731 2063 3853 2118 haud

2254 2150 2499 2205 obscure
2531 2149 2918 2207 dcclaravisse
2951 2152 3211 2224 corporis
3246 2154 3488 2209 nomine
3519 2171 3551 2208 a
3574 2170 3630 2209 se
3653 2151 3853 2223 intelligi

2253 2238 2668 2307 substantiam,
2703 2256 2829 2311 quae
2861 2240 3065 2311 quovis
3127 2242 3301 2297 modo
3354 2243 3570 2308 existit,
3624 2246 3675 2296 et
3702 2239 3850 2295 nihilo

2252 2328 2584 2399 opponitur.
2621 2329 2896 2385 Praeterea
2943 2329 3471 2387 animadvertimus
3502 2329 3849 2386 substantiam

2254 2416 2324 2472 ab
2350 2432 2415 2471 eo
2446 2416 2621 2471 dividi
2647 2418 2705 2472 in
2736 2434 3074 2489 corpoream
3144 2424 3199 2474 et
3231 2420 3649 2492 incorpoream,
3691 2418 3738 2473 id
3764 2422 3849 2485 est,

2254 2506 2443 2561 omnis
2474 2506 2711 2561 omnino
2740 2508 3000 2580 corporis
3029 2512 3349 2579 expertem,
3384 2514 3444 2565 et
3473 2527 3594 2581 quze
3616 2508 3687 2564 sit
3726 2522 3852 2562 mere

2254 2594 2559 2667 spiritalis.
2592 2596 2767 2666 Atqui
2799 2597 2847 2651 si
2879 2596 2965 2652 vel
2998 2614 3177 2653 unam
3227 2598 3573 2669 hujusmodi
3628 2610 3851 2667 unquam

2255 2700 2382 2739 esse
2412 2684 2728 2739 arbitratus
2757 2691 3219 2757 est,pcrsuasum
3253 2686 3462 2759 utique
3496 2685 3855 2743 habuitDeum

2256 2790 2382 2829 esse
2439 2772 2735 2845 spiritum,
2794 2779 2851 2830 et
2918 2776 3142 2831 caeteris
3198 2793 3340 2832 sane
3404 2777 3670 2833 omnibus
3717 2773 3857 2842 longe

2254 2863 2827 2934 prznstantiorem.Et
2858 2868 3009 2920 certe
3027 2881 3276 2921 summae
3309 2865 3475 2922 illius
3499 2863 3861 2939 perfectiones,

2259 4028 2538 4094 sequente
2570 4023 2641 4078 de
2673 4022 2888 4077 Christi
2950 4023 3276 4095 divinitate,
3326 4041 3394 4079 ac
3453 4029 3655 4097 postea
3694 4020 3757 4075 de
3796 4030 3873 4070 an-

2258 4112 2404 4184 gelis
2445 4127 2510 4166 ac
2541 4112 2931 4179 daemonibus,
2966 4117 3142 4183 atque
3170 4114 3369 4169 anima
3400 4114 3680 4177 humana,
3710 4107 3871 4162 dicen-

2261 4204 2377 4255 tur.

2881 4333 3184 4374 ARTICULUS
3218 4335 3289 4373 ιν.

2259 4418 2401 4485 Quot
2430 4416 2682 4488 qualesve
2747 4416 2993 4488 fuerit“,
3026 4416 3322 4483 gentilium
3380 4405 3883 4488 philosophorumde

2332 4479 2840 4551 Deo'dissensiones,
2865 4479 3119 4552 Thaletis,
3154 4504 3254 4542 seu
3280 4479 3703 4558 Sinionididqui
3725 4484 3782 4537 de
3808 4479 3883 4532 ϋιο

2334 4559 2828 4627 ἱηίσννοραηιε,ηἱὴ
2838 4559 2880 4611 il
2894 4558 3223 4625 respondere
3234 4564 3417 4622 potuit
3441 4557 3883 4627 ;Pla10m'cort_un.

2335 4631 2434 4699 qui
2464 4623 2650 4685 onim'a
2680 4655 2692 4693 ;
2720 4623 3252 4700 Epicurebrumqui
3270 4631 3417 4686 nihil
3441 4623 3883 4700 tcurantem;Pla-l

2338 4690 2781 4772 ionicorumgui'
2804 4718 2927 4755 eum
2960 4701 3116 4755 intra
3136 4690 3405 4757 mundum
3434 4721 3456 4765 ;
3488 4690 3891 4772 Stoicorumgui

2336 4776 2495 4826 extra
2525 4770 2766 4842 positam
2786 4790 2806 4834 ;
2838 4774 3196 4843 Platonisqui
3224 4777 3419 4829 mundi
3449 4778 3780 4832 creatorem;
3796 4770 3885 4843 Py-

516 4676 737 4748 aliquid
773 4673 1101 4747 imperfecti
1131 4680 1187 4728 et
1227 4675 1664 4730 commutabilis
1698 4692 1897 4731 secum
1934 4677 2154 4749 impor-

512 4771 619 4822 tat.
650 4765 852 4820 Nonne
898 4780 1030 4832 ergo
1079 4763 1449 4833 Augustinus
1507 4769 1657 4819 recte
1715 4766 1863 4820 dixit
1927 4767 2154 4822 Tertul-

512 4854 737 4909 lianum
770 4857 871 4907 aut
900 4867 1095 4907 secum
1132 4867 1407 4921 pugnare,
1442 4858 1543 4906 aut
1603 4859 1866 4909 mutasse
1923 4861 2147 4911 senten-

2338 4841 2614 4927 tlfagorw.
2649 4847 2746 4927 qui
2767 4844 3035 4927 mundum
3068 4841 3528 4927 increatuntnesse
3568 4841 3887 4927 docuerunt-5

513 4944 676 5010 tiam,
710 4958 845 4997 cum
878 4940 1131 4996 asseruit
1174 4944 1357 4996 Deum
1407 4957 1535 4997 esse
1594 4959 1827 5013 corpus,
1887 4948 1946 4998 et
1985 4960 2157 5000 omne
2335 4916 3068 5057 :;;;g::;rt.t7‘er“‘“mm”
3140 4922 3287 4973 “de
3343 4918 3577 4973 morum
3642 4920 3890 4985 omnm”

515 5048 722 5057 --_—...-.
758 5045 884 5057 ,ηιμ-Λ
912 5027 1209 5057 .u...;)“'l..)
1252 5029 1393 5057 λῗηννι
1459 5030 1609 5057 nn..-
1668 5031 2129 5057 ..Α-Ρηιιδζιιηζ-.---
2703 5028 2715 5041 ⁸

513 5048 723 5103 corpus
756 5045 885 5084 esse
907 5027 1209 5100 passibile?
1252 5029 1398 5084 Nam
1457 5030 1612 5086 Deus
1666 5031 2151 5104 perfectissimus,

513 5137 579 5176 ac
636 5118 1014 5189 simplicitate
1100 5118 1378 5189 omnique
1434 5121 1857 5191 perfectionum
1943 5138 2154 5193 genere

514 5206 1026 5263 oumulatissimus
1058 5211 1164 5261 est.
1225 5205 1379 5261 Nihil
1439 5207 1616 5278 igitur
1664 5226 1905 5280 prorsus
1937 5210 2152 5284 imper-

514 5294 648 5353 fecti
698 5294 914 5350 hahere
972 5300 1178 5367 potest.
1237 5296 1387 5367 Ergo
1443 5313 1676 5352 summa
1718 5299 1997 5369 perfectio
2053 5301 2151 5357 Dei

513 5396 572 5443 et
620 5401 831 5457 corpus
881 5400 1080 5442 secum
1138 5389 1421 5457 pugnant,
1471 5391 1529 5441 et
1573 5385 1632 5441 in
1676 5386 1793 5443 Deo
1849 5405 1978 5446 esse
2035 5409 2153 5448 non

513 5478 777 5550 possunt.

584 5568 893 5632 Caeterum,
926 5563 1193 5637 quamvis
1217 5563 1482 5621 Petavius
1531 5564 1896 5637 probavisset
1925 5568 2151 5625 Tertul-

512 5656 737 5716 lianum
769 5671 886 5713 non
929 5654 1206 5714 incidisse
1263 5654 1323 5712 in
1372 5654 1579 5714 vitium
1636 5654 1873 5729 aliquod
1918 5664 2151 5717 contra-

2334 5129 2682 5198 Quanquam
2716 5127 3048 5201 philosophi
3080 5130 3328 5201 gentiles
3360 5130 3445 5186 vel
3481 5130 3708 5186 ratione
3738 5128 3885 5181 natu-

2264 5215 2394 5283 rali,
2427 5216 2511 5271 vel
2542 5233 2609 5272 ex
2640 5217 2847 5287 sacris,
2897 5222 2960 5272 ut
3018 5218 3102 5274 ait
3148 5219 3553 5276 Tertullianus
3608 5215 3886 5289 (Αροιουσι

2261 5320 2390 5377 ϐαρ.
2424 5306 2869 5378 47),Scripturis
2899 5309 3266 5379 agnoverint,
3301 5309 3385 5365 vel
3416 5322 3738 5381 agnoscere
3760 5295 3892 5357 haud

2262 5394 2586 5450 difﬁciliter
2612 5396 2911 5467 potuerint
2943 5413 3126 5452 unum
3170 5398 3455 5453 duntaxat
3510 5413 3642 5452 esse
3692 5394 3892 5453 Deum;

2262 5483 2416 5537 inter
2448 5500 2510 5539 se
2542 5488 2763 5552 tamen,
2796 5484 2887 5540 vel
2919 5485 3115 5542 inanis
3137 5485 3332 5558 gloriae
3385 5486 3551 5551 vitio,
3586 5482 3674 5541 vel
3706 5482 3889 5549 dispu-

2261 5571 2428 5627 tandi
2453 5570 2717 5641 libidine,
2751 5575 2821 5629 de
2853 5574 2983 5647 ipsa
3003 5574 3103 5630 Dei
3134 5572 3664 5647 natura,qualitate
3680 5588 3744 5627 ao
3773 5566 3893 5624 sede

2263 5676 2568 5734 nunquam
2599 5678 2718 5719 non
2749 5662 3245 5737 digladiabantur.
3274 5688 3304 5717 «
3324 5662 3471 5734 Quid
3497 5662 3659 5720 enim
3677 5655 3891 5721 Thales.
