4106 6178
242 365 353 428 901

1142 367 1217 426 D.
1263 368 1362 428 LE
1405 364 1734 427 NOURRY
1774 362 2429 426 OBSERVATIONES
2476 363 2736 426 NOV/E.

3530 369 3650 430 902

240 499 337 557 Ille
365 500 639 574 princeps
689 473 1088 573 physicorum,
1123 523 1151 549 »
1185 500 1441 557 auctoris
1489 499 1673 556 nostri
1711 500 1889 555 verba
1921 503 1975 570 Α
2008 515 2139 555 nem
2197 498 2623 564 adnotavimus,
2672 502 2795 555 tam
2845 505 3000 557 certo
3058 518 3227 557 cuam
3266 502 3409 558 falso
3447 504 3649 559 docuit

242 594 401 660 sunt,
438 612 465 643 α
496 590 817 646 sciscitanti
867 591 1060 646 Croeso
1105 591 1176 646 de
1205 589 1518 646 Divinitate
1544 592 1768 644 certum
1800 604 1890 644 re-

244 679 578 735 nuntiavit?
612 702 640 731 »
672 679 826 735 Nihil
854 680 1047 751 plane,
1081 680 1184 736 sed
1216 703 1245 731 ‹‹
1278 684 1644 735 commeatus
1674 678 1892 734 delibe-

241 770 409 825 randi
453 786 606 841 saepe
658 769 977 825 frustratus
1008 774 1117 825 est.
1148 792 1176 819 »
1215 768 1369 839 (Ibid.
1403 786 1526 841 cap.
1561 769 1668 836 46;
1701 772 1758 823 et
1785 767 1890 823 lib.

240 875 281 913 ιι
310 858 383 913 ad
421 860 645 915 Nation.
686 874 814 929 cap.
860 859 938 929 2).
990 864 1064 912 At
1111 858 1331 928 Cicero,
1383 863 1440 913 et
1494 858 1592 927 qui
1640 873 1797 925 eum,
1831 860 1896 911 ut

238 947 379 1002 alibi
408 948 692 1009 vidimus,
724 948 1014 1017 sequitur,
1049 947 1330 1002 Minutius
1364 946 1542 1012 Felix,
1576 946 1683 1001 hoc
1714 945 1896 1000 Simo-

240 1036 363 1091 nidi
405 1042 461 1091 et
494 1036 724 1092 Hieroni
758 1041 1006 1109 tyranno
1054 1037 1457 1109 ascripserunt
1486 1037 1800 1105 (Dissertat.
1830 1038 1895 1090 in

240 1126 437 1181 Minui.
463 1142 591 1197 cap.
620 1126 673 1194 3,
700 1130 810 1181 art.
843 1126 920 1194 2).
955 1126 1155 1197 Neque
1182 1125 1541 1197 respondeas
1560 1125 1805 1180 subesse
1834 1124 1895 1178 in

238 1214 583 1270 Tertulliani
604 1219 765 1269 textu
788 1216 961 1269 mend
974 1231 1071 1269 um
1087 1214 1495 1285 aliquod.Nam
1513 1214 1724 1269 Thales
1742 1214 1815 1269 ab
1829 1230 1895 1269 eo

236 1303 571 1375 appellatur
597 1305 952 1376 physicorum
987 1307 1247 1374 princeps
1276 1305 1430 1375 (Ibib.
1465 1320 1593 1375 cap.
1630 1303 1681 1367 4,
1707 1308 1814 1358 art.
1842 1306 1893 1369 1,

233 1398 383 1447 tom.
418 1394 478 1459 I;
522 1392 785 1463 Apparat.
818 1409 957 1465 pag.
999 1393 1139 1447 1119
1170 1398 1229 1447 et
1266 1395 1438 1463 seq.),
1463 1391 1520 1446 id
1553 1397 1658 1461 est,
1692 1408 1895 1447 eorum

230 1482 484 1555 primus,
520 1482 620 1554 qui
673 1483 744 1537 de
787 1484 964 1537 rebus
1011 1482 1299 1555 physicis,
1335 1482 1601 1536 utetiam
1630 1481 1897 1536 ostendi-

232 1588 393 1638 mus,
443 1572 835 1627 instituerunt
900 1570 1350 1642 disputationes.
1424 1575 1631 1625 Utrum
1700 1575 1895 1625 autem

233 1661 427 1717 verior
472 1661 549 1716 sit
594 1659 962 1728 Tertulliani,
1006 1676 1183 1730 quam
1237 1660 1534 1714 Ciceronis
1582 1665 1639 1715 et
1668 1659 1902 1728 Minutii

235 1749 461 1820 Opinio,
516 1754 583 1804 ut
630 1748 1007 1821 percipiatur,
1062 1749 1417 1819 inquirenda
1476 1753 1564 1803 est
1616 1748 1896 1813 Thaletis,

236 1838 565 1895 Simonidis
612 1844 670 1893 et
726 1838 904 1893 Crmsi
938 1843 1099 1892 aetas.
1162 1840 1228 1892 At
1272 1839 1443 1908 juxta
1502 1838 1897 1893 Eusebianum

234 1928 617 1992 Chronicum,
652 1944 805 1982 anno
842 1928 979 1981 1266
1012 1949 1040 1977 «
1071 1925 1282 1981 Thales
1326 1925 1586 1981 Milesius
1620 1926 1898 1998 physicus

233 2016 629 2088 philosophus
677 2016 1036 2087 agnoscitur.
1070 2038 1098 2065 η
1132 2015 1216 2069 Ad
1250 2031 1470 2069 annum
1503 2020 1699 2069 autem
1736 2016 1895 2079 1465,

239 2130 258 2153 ι
303 2106 381 2160 Ea
413 2122 537 2178 quae
570 2106 639 2160 de
685 2107 876 2159 Crmso
915 2109 1339 2167 memorantur,
1374 2105 1667 2174 quomodo
1708 2109 1896 2159 tenta-

233 2201 328 2249 ret
358 2194 617 2259 oracula,
673 2194 765 2248 his
806 2194 967 2247 fuere
997 2191 1386 2264 temporibus.
1417 2214 1437 2241 ι
1484 2193 1551 2246 Et
1583 2194 1734 2248 duos
1769 2198 1899 2264 post

234 2300 451 2347 annos,
486 2283 679 2338 Thales
724 2284 990 2337 moritur.
1023 2280 1147 2336 Duo
1172 2281 1396 2352 itaque,
1428 2289 1488 2335 ut
1523 2286 1685 2336 notat
1715 2281 1895 2336 Scali-

232 2389 362 2445 ger,
397 2372 673 2428 Thaletes
706 2375 1127 2436 memorantur,
1161 2387 1411 2441 quorum
1440 2370 1595 2439 prior
1621 2370 1899 2443 physicus

233 2462 632 2533 philosophus
691 2460 937 2532 Lycurgi
997 2465 1053 2515 et
1109 2459 1324 2531 Orphei
1366 2464 1554 2527 aetate,
1613 2461 1901 2529 posterior

233 2556 376 2623 post
407 2552 693 2606 ducentos
727 2566 870 2621 pene
904 2565 1089 2604 annos
1129 2549 1303 2603 Crcesi
1338 2556 1598 2619 tempore
1630 2549 1899 2605 ﬂoruisse

231 2640 620 2709 perhibentur
649 2637 885 2711 (Scalig.
920 2637 1039 2693 Not.
1074 2639 1137 2692 in
1164 2636 1367 2692 Chron.
1397 2638 1588 2691 Euseb.
1625 2654 1753 2708 pag.
1784 2637 1898 2707 74).

234 2729 426 2799 Atqui
466 2728 869 2783 Tertullianus
893 2728 963 2782 de
983 2726 1218 2781 Thalete
1268 2726 1643 2797 physicorum
1685 2725 1899 2797 princi-

234 2835 308 2889 pe
332 2817 720 2889 loquitur,qui
742 2817 973 2871 duobus
995 2815 1225 2871 saeculis
1243 2815 1423 2870 Crcesi
1447 2816 1743 2887 antiquior
1764 2831 1899 2870 cum

234 2923 306 2962 eo
342 2907 555 2975 vivere,
576 2923 639 2960 ac
671 2905 915 2978 proinde
936 2904 1020 2958 illi
1054 2905 1403 2975 respondere
1435 2920 1545 2958 non
1576 2909 1862 2975 potuerat.

310 3014 650 3069 Simonides
678 3018 876 3068 autem
906 3013 964 3065 in
1020 3012 1226 3066 eodem
1259 3011 1585 3066 Eusebiano
1615 3011 1900 3065 Chronico

232 3104 460 3158 vixisse
516 3102 772 3157 traditur
817 3117 970 3156 anno
1024 3101 1181 3155 1531.
1233 3100 1317 3155 Ibi
1379 3102 1533 3155 enim
1595 3099 1898 3171 legimus:

2003 606 2215 660 aquam
2267 604 2396 644 esse
2448 606 2640 644 rerum
2713 591 2978 646 omnium
3028 591 3289 661 initium,
3350 608 3415 649 ac
3470 595 3648 650 Deum

2005 682 2257 734 mentem
2282 695 2429 747 esse,
2454 695 2583 749 qum
2610 696 2675 735 ex
2698 696 2852 751 aqua
2874 681 3075 735 omnia
3109 680 3421 737 formavit?
3446 682 3647 752 (Cicer.

2007 768 2105 822 lib.
2139 786 2179 834 1,
2210 767 2276 823 de
2320 768 2441 822 Nat.
2475 768 2620 824 deor.
2656 785 2787 840 pag.
2822 769 2923 824 199
2956 788 2968 837 ;
3033 772 3325 825 Dz’sseriat.
3360 772 3416 826 in
3452 773 3647 827 Minut.

2005 873 2131 930 cap.
2186 858 2235 925 4,
2287 863 2397 913 art.
2452 858 2523 924 1;
2574 862 2631 913 et
2682 860 2742 912 in
2789 860 3037 914 Lactant.
3086 876 3213 931 cap.
3269 861 3355 927 12,
3411 865 3518 915 art.
3575 862 3649 933 1.)

2004 948 2185 1005 Nemo
2213 951 2405 1002 autem
2432 946 2599 1002 nobis
2622 947 2887 1019 probavit
2911 946 3075 1003 illum
3109 950 3179 1004 de
3199 949 3306 1004 hac
3336 950 3648 1006 sententia.

2004 1040 2104 1093 aut
2121 1035 2436 1108 aliquando
2459 1037 2782 1105 dubitasse,
2807 1041 2909 1091 aut
2928 1054 3055 1092 eam
3079 1055 3338 1109 unquam
3364 1044 3650 1095 mutasse.

2003 1124 2059 1179 Si
2094 1124 2225 1195 quis
2256 1140 2427 1194 porro
2460 1122 2601 1178 illud
2654 1124 2723 1178 de
2774 1129 2884 1179 Deo
2917 1142 3264 1196 responsum
3298 1125 3522 1181 Thaleti
3557 1144 3649 1182 se-

2005 1213 2193 1268 cundo
2224 1212 2605 1267 tribuendum
2647 1228 2777 1267 esse
2828 1214 3183 1283 probaverit,
3243 1214 3490 1271 delenda
3522 1232 3650 1271 esse

2006 1302 2275 1358 ostendet
2304 1319 2372 1357 ex
2420 1300 2764 1356 Tertulliani
2800 1306 2955 1357 textu
2988 1302 3109 1357 hinc
3136 1306 3349 1359 verba:
3385 1306 3648 1376 Physica-

2006 1409 2129 1446 rum
2170 1393 2440 1462 princeps.
2495 1390 2799 1457 Caeterum,
2855 1392 3264 1463 cujuscunque
3310 1393 3649 1466 philosophi

2009 1481 2181 1536 luerit
2239 1479 2338 1534 illa
2386 1479 2709 1551 responsio,
2744 1479 2877 1551 quis
2937 1497 3064 1535 eam
3098 1482 3168 1535 ab
3202 1480 3301 1537 illo
3353 1483 3649 1538 adsertam

2006 1587 2135 1626 esse
2165 1570 2223 1623 in
2272 1568 2518 1624 dubium
2574 1568 2846 1624 vocabit?
2904 1568 3103 1625 Palam
3135 1570 3315 1644 igitur
3346 1572 3650 1629 confessus

2008 1664 2096 1714 est
2128 1659 2383 1731 ignotam
2418 1657 2529 1713 sibi
2565 1657 2743 1713 fuisse
2776 1657 3171 1715 Divinitatem.

2081 1767 2141 1820 ln
2166 1766 2423 1820 secundo
2455 1771 2651 1820 autem
2672 1766 2747 1820 ad
2786 1768 3045 1822 Nationes
3071 1767 3219 1822 libro
3250 1767 3650 1825 Tertullianus

2007 1854 2237 1910 Titaleti
2269 1854 2551 1926 praemisit
2592 1855 2929 1927 Diogenem,
2983 1858 3083 1927 qui
3109 1880 3135 1906 «
3169 1856 3475 1913 consultus
3508 1858 3649 1929 quid

2007 1946 2066 1999 in
2095 1943 2256 1999 cmlis
2288 1948 2497 2015 agatur
2548 1944 2823 2016 (ipsumet
2855 1951 2993 1999 sunt
3027 1945 3186 2001 illius
3216 1947 3410 2018 verba)
3438 1964 3450 2000 :
3487 1947 3650 2002 Nun-

2007 2051 2206 2105 quam,
2242 2033 2455 2105 inquit,
2489 2033 2546 2087 in
2606 2032 2813 2087 cmlum
2865 2034 3100 2088 ascendi
3150 2034 3415 2105 (Tertull.
3449 2034 3550 2090 lib.
3587 2053 3649 2105 ll,

2006 2124 2083 2180 ad
2125 2123 2250 2177 Nat.
2298 2139 2426 2194 cap.
2469 2122 2549 2194 2).
2602 2122 2770 2189 Item,
2821 2145 2847 2171 «
2901 2140 2973 2177 an
3029 2123 3107 2178 dii
3157 2129 3375 2193 essent,
3421 2124 3646 2191 Nescio,

2008 2211 2325 2283 respondit,
2363 2211 2474 2266 nisi
2508 2215 2570 2265 ut
2600 2210 2719 2266 sint
2749 2212 3039 2283 expedire,
3075 2234 3101 2261 ››
3138 2213 3243 2268 hoc
3277 2217 3388 2280 est,
3419 2214 3647 2280 Nescio,

2009 2303 2104 2357 sed
2125 2300 2350 2355 cunctis
2386 2300 2526 2354 utile
2556 2305 2645 2355 est
2667 2303 2720 2354 et
2743 2300 2974 2371 expedit
2994 2300 3132 2355 deos
3165 2318 3313 2356 esse.
3342 2301 3465 2355 Non
3501 2301 3649 2356 mul-

2009 2395 2135 2445 tum
2168 2388 2403 2460 quidem
2436 2406 2469 2442 a
2500 2387 2690 2459 priore
2722 2405 3002 2459 responso
3038 2388 3181 2443 illud
3216 2389 3401 2459 abest,
3434 2390 3584 2461 quod
3619 2407 3652 2445 a

2008 2479 2260 2550 Diogene
2310 2476 2508 2549 cynico
2558 2476 2781 2531 homini
2833 2478 2903 2533 de
2955 2477 3287 2533 coelestibus
3338 2478 3653 2534 disserenti

2009 2569 2210 2623 datum
2244 2565 2513 2621 Laertius
2545 2565 2627 2621 sic
2668 2566 2901 2622 retulit:
2933 2571 3197 2627 Ηοσταῖος
3230 2565 3387 2641 πάρει
3418 2565 3525 2620 ἀπὸ
3556 2571 3652 2621 τοῦ

2009 2655 2274 2731 οὐρανοῦ;
2310 2656 2678 2724 ριιιιηίίοηιιηι
2717 2656 2785 2711 de
2833 2657 2962 2711 ctelo
3014 2658 3212 2711 venisti
3252 2657 3463 2729 (Laert.
3498 2656 3534 2711 l.
3572 2675 3648 2723 vx,

2007 2745 2071 2801 de
2108 2747 2188 2802 Vit
2218 2748 2407 2818 Diog.,
2433 2746 2460 2817 ἓ
2482 2746 2571 2815 39)
2597 2745 2624 2799 Ἰ
2672 2747 2743 2800 At
2791 2745 2941 2811 vide,
3000 2762 3219 2815 quaeso,
3252 2751 3451 2801 utrum
3500 2764 3533 2802 a
3563 2764 3657 2802 se-

2009 2836 2200 2890 cunda
2235 2834 2464 2906 longius
2497 2834 2649 2889 absit
2687 2833 2807 2889 haec
2841 2835 3108 2903 ejusdem
3147 2834 3415 2905 Diogenis
3448 2835 3647 2890 scisci-

2011 2924 2152 2978 tanti
2186 2923 2365 2995 Lysiae
2416 2922 2897 2995 pharmacopolae,
2933 2941 3004 2977 an
3038 2924 3175 2978 deos
3208 2940 3337 2978 esse
3366 2924 3650 2990 crederet,

2011 3011 2353 3083 responsio:
2393 3014 2517 3071 Πῶς
2548 3009 2607 3064 οὐ
2666 3010 2896 3081 νομίζω,
2934 3009 3070 3064 ὅπου
3118 3010 3208 3064 καὶ
3265 3011 3321 3064 σὲ
3372 3012 3514 3071 Οεοῖς
3556 3008 3651 3084 ιχ-

2010 3100 2135 3174 Ορὸν
2192 3093 2604 3171 ὑπολαμϐάνω;
2644 3100 2914 3168 Quomodo
2966 3117 3073 3155 non
3122 3101 3302 3165 credo,
3335 3101 3516 3172 quite
3543 3099 3653 3154 diis

235 3218 263 3245 «
304 3194 602 3247 Pindarus
625 3191 771 3246 817
803 3196 859 3246 et
890 3189 1220 3245 Simonides
1242 3189 1403 3261 lyrici
1424 3194 1604 3260 poeta:
1636 3189 1899 3259 insignes
1936 3250 1971 3261 κ
2007 3190 2296 3247 inimicum
2337 3197 2464 3260 puto
2514 3190 2678 3261 (Ibid.
2726 3192 2752 3258 §
2791 3189 2929 3260 42)?
2977 3190 3092 3244 Nos
3139 3193 3331 3243 tamen
3387 3187 3653 3243 Laertius

236 3282 557 3338 habentur.
599 3300 621 3330 ι
658 3284 866 3334 Postea
905 3295 1037 3334 vero
1089 3280 1159 3333 ad
1200 3250 1440 3333 an'num.
1470 3279 1625 3343 1542,
1662 3250 1894 3347 Hieron,
1930 3250 1972 3315 (ἶ
2012 3279 2227 3332 ibidem
2262 3250 2535 3332 admonet
2569 3250 3090 3333 hancvscnt'entiam
3116 3278 3293 3332 tribui
3324 3277 3651 3346 Theodoro,

236 3371 420 3440 cujus
488 3368 771 3423 Minatius
835 3366 992 3421 Felix
1057 3366 1338 3432 meminit,
1376 3389 1404 3416 ‹‹
1453 3371 1583 3437 post
1620 3368 1898 3422 Gelonem

236 3460 553 3533 Syracusis
604 3458 974 3525 tyrannidem
1020 3457 1342 3512 exercebat.
1376 3477 1403 3505 »
1436 3458 1730 3521 Quantum
1763 3475 1900 3529 ergo

238 3551 409 3622 prior
454 3547 666 3602 Thales
723 3564 757 3601 a
814 3546 1007 3601 Crasso
1059 3546 1239 3601 distat
1284 3550 1474 3609 aetate,
1524 3551 1754 3601 tantum
1812 3546 1901 3601 Si-

238 3637 519 3693 monides
540 3636 731 3691 eidem
764 3634 999 3690 Hieroni
1025 3633 1323 3706 proximus
1356 3650 1483 3688 esse
1499 3634 1735 3689 dicitur.
1758 3635 1900 3690 Huic

236 3729 427 3799 igitur
459 3725 748 3781 Simonidi
783 3723 972 3795 magis
1023 3739 1201 3794 quam
1248 3722 1473 3778 Thaleti
1522 3723 1907 3795 physicorum‘

237 3815 524 3888 principi,
558 3814 915 3869 conveniunt
965 3815 1154 3866 citata:
1202 3812 1274 3866 de
1314 3812 1622 3867 Divinitate
1655 3813 1902 3868 interro-

234 3906 400 3975 gatio
432 3908 489 3958 et
537 3901 859 3972 responsio.
906 3901 989 3955 Ad
1045 3900 1164 3954 haec
1223 3916 1355 3955 vero
1418 3900 1647 3955 Minutii
1702 3902 1901 3974 opinio

236 4012 307 4050 eo
344 3992 541 4048 adhuc
570 3991 803 4045 videtur
832 3988 1213 4061 probabilior,
1249 3990 1403 4060 quod
1438 3989 1733 4045 Ciceronis
1767 4008 1901 4046 auo-

236 4084 491 4139 toritate
521 4079 877 4136 stabiliatur.

316 4176 524 4241 Neque
570 4169 786 4223 dixeris
818 4166 1106 4237 plurimos
1138 4167 1197 4221 in
1247 4168 1574 4224 Eusebiano
1619 4169 1906 4225 Chronico

236 4276 381 4317 esse
406 4261 467 4313 in
501 4256 859 4329 assignanda
890 4255 1214 4311 illustrium
1245 4258 1499 4311 virorum
1553 4262 1721 4312 aetate
1752 4275 1908 4313 erro-

235 4368 340 4406 res
372 4366 385 4414 ;
420 4364 558 4402 nam
602 4347 940 4417 quicunque
985 4344 1068 4399 illi
1102 4346 1240 4414 sint,
1272 4362 1441 4401 nemo
1484 4364 1623 4402 sane
1674 4349 1911 4421 negabit

236 4438 511 4496 Thaletis
542 4436 764 4507 physici
798 4434 1092 4504 Crcesique
1140 4440 1403 4505 tempora
1436 4436 1626 4507 magis
1659 4453 1691 4490 a
1735 4454 1796 4490 se
1828 4437 1913 4491 in-

234 4527 436 4581 vicem
460 4522 710 4593 sejungi,
746 4537 921 4591 quam
950 4524 1014 4574 ut
1045 4520 1221 4574 simul
1240 4520 1455 4576 vixisse
1477 4522 1768 4577 dicantur.
1798 4524 1911 4579 Nec

2012 3367 2111 3437 qui
2142 3366 2293 3420 hand
2330 3366 2503 3420 dubie
2532 3367 2757 3426 atheus.
2797 3372 2859 3421 ut
2891 3384 2921 3421 a
2954 3366 3121 3421 nobis
3152 3366 3308 3421 haud
3343 3364 3521 3421 semel
3550 3365 3651 3421 ob-

2010 3461 2325 3523 servatum,
2386 3455 2834 3526 cognominatus
2884 3460 2993 3510 est.
3034 3455 3091 3510 Si
3148 3472 3216 3511 ea
3273 3460 3465 3510 tamen
3524 3470 3652 3527 quae

2009 3542 2405 3599 Tertullianus
2462 3544 2615 3599 818
2687 3548 2883 3600 noster
2928 3544 3165 3614 Diogeni
3217 3542 3517 3612 adscribit,
3579 3542 3652 3597 ab

2013 3632 2124 3688 alio
2165 3634 2428 3703 ejusdem
2462 3633 2740 3703 nominis,
2800 3634 2900 3689 sed
2934 3634 3150 3706 (atheo,
3211 3633 3429 3705 scripta
3470 3632 3654 3687 fuisse

2012 3723 2351 3793 contendas,
2402 3722 2690 3777 habemus
2743 3723 2980 3794 quidem
3041 3722 3356 3789 Elianum,
3410 3720 3532 3793 qui,
3594 3724 3657 3775 ut

2016 3811 2259 3882 quidam
2319 3811 2503 3881 aiunt,
2539 3812 2963 3885 ﬂagitiosorum
3022 3812 3301 3867 horumce
3349 3810 3657 3865 hominum

2012 3898 2171 3971 gregi
2241 3901 2648 3955 adnumeravit
2699 3901 3014 3972 Diogenem
3088 3901 3352 3972 Phrygen
3410 3898 3646 3969 (AEIian.

2014 3988 2115 4043 lib.
2143 4006 2182 4042 ιι
2211 3993 2349 4042 Var.
2382 3990 2514 4043 Hist.
2548 3988 2577 4059 §
2619 3989 2731 4055 31).
2784 3988 3013 4052 Verum,
3049 3996 3437 4059 praeterquam
3501 3985 3656 4056 quod

2015 4077 2073 4131 in
2108 4081 2308 4131 nostra
2339 4076 2624 4130 librorum
2656 4076 2866 4130 rEliani
2918 4075 3169 4130 editione
3204 4075 3417 4145 legitur
3450 4072 3661 4144 Diony-

2018 4166 2141 4221 sius
2170 4166 2378 4237 Phryx,
2429 4164 2627 4219 nullus
2678 4165 2846 4219 nobis
2898 4164 3176 4219 indicavit
3226 4162 3321 4216 ubi
3378 4163 3662 4233 Diogenes

2017 4256 2148 4322 iste,
2218 4255 2339 4311 sive
2406 4254 2743 4327 Dionysius,
2794 4254 2971 4309 citata
3036 4253 3105 4308 ab
3174 4256 3407 4307 auctore
3460 4252 3661 4305 nostro

2019 4346 2192 4400 verba
2224 4343 2708 4416 pronuntiaverit.

2090 4449 2353 4505 Aliorum
2411 4467 2545 4505 vero
2607 4449 3087 4521 philosophorum
3150 4446 3405 4502 maxima
3458 4443 3667 4499 fuitde

2022 4539 2138 4595 Deo
2180 4540 2521 4611 opinionum
2582 4539 2831 4594 varietas
2890 4542 2946 4592 et
2974 4536 3288 4592 dissensio.
3320 4536 3428 4590 Alii
3484 4534 3663 4602 enim,

245 4621 347 4671 est
382 4613 537 4684 quod
572 4627 784 4681 urgeas
833 4613 1218 4664 memoratam
1286 4611 1725 4681 responsionem
1750 4614 1906 4668 Tha-

2022 4627 2640 4700 inquitTertullianus,
2678 4626 2955 4680 nimirum
3014 4624 3317 4689 Platonici,
3344 4639 3665 4694 incorpora-

240 4705 353 4760 leti
389 4699 739 4773 philosopho
773 4704 829 4752 et
873 4697 1248 4768 physicorum
1300 4699 1549 4771 principi
1583 4706 1736 4756 recte
1778 4719 1913 4756 con-

240 4807 489 4865 gruere,
549 4788 793 4843 minime
850 4803 984 4841 vero
1027 4785 1333 4851 Simonidi,
1394 4788 1493 4859 qui
1545 4791 1801 4861 poeticae,
1848 4797 1912 4847 ut

240 4881 391 4937 alibi
424 4878 706 4943 vidimus,
754 4892 990 4948 operam
1053 4876 1228 4931 dabat
1279 4877 1524 4950 (Dissert.
1583 4881 1641 4934 in
1705 4882 1908 4936 Minue.

242 4972 439 5028 Octav.
485 4985 611 5039 cap.
671 4966 725 5032 3,
775 4968 883 5020 art.
917 4965 972 5035 3,
1014 4970 1122 5020 art.
1168 4968 1241 5034 2;
1276 4972 1332 5022 et
1364 4974 1505 5023 tom.
1558 4968 1601 5036 Ι,
1642 4964 1907 5041 Apparet.

241 5075 389 5131 pag.
426 5056 616 5125 1284).
657 5056 805 5111 Nam
853 5057 1000 5125 pota:
1046 5054 1201 5125 apud
1234 5055 1497 5113 ethnicos
1527 5057 1586 5112 in
1621 5058 1912 5130 theologo-

242 5164 393 5205 rum
444 5146 815 5202 habebantur
845 5158 1110 5197 numero.

324 5251 588 5322 Denique
602 5249 907 5317 Minutius,
928 5246 1221 5303 Ciceronis
1236 5250 1571 5307 testimonio
1595 5253 1909 5324 fretus,po-

240 5343 369 5400 tuit
391 5339 763 5406 Tertulliani,
791 5336 1029 5393 tametsi
1052 5335 1241 5406 plura,
1265 5337 1417 5394 sicut
1446 5341 1907 5410 observavimus,

240 5449 319 5487 ex
350 5432 483 5501 ejus
515 5430 683 5485 libris
715 5424 1089 5498 excerpserit,
1133 5424 1285 5481 hanc
1312 5429 1599 5499 corrigere
1621 5431 1691 5485 de
1724 5432 1910 5503 primo

240 5520 499 5577 Thalete
530 5524 588 5574 et
611 5518 807 5573 Croeso
830 5513 1186 5586 opinionem.
1212 5516 1281 5570 Et
1310 5529 1463 5573 certe
1495 5522 1784 5590 quomodo
1817 5520 1911 5576 hic

238 5608 465 5665 Thales
498 5609 570 5664 de
602 5605 912 5662 Divinitate
944 5602 1341 5676 interrogatus
1381 5606 1528 5663 nihil
1561 5611 1913 5682 respondere

240 5715 436 5755 ausus
468 5697 697 5768 fuisset,
723 5694 845 5770 qui,
877 5691 1184 5750 sicutalibi
1215 5700 1347 5765 post
1375 5699 1649 5758 eumdem
1678 5699 1913 5759 Cicero-

2021 4718 2125 4773 iem
2157 4717 2339 4772 Deum
2369 4725 2692 4771 asseverant
2740 4715 3032 4786 (Apologet.
3068 4732 3193 4784 cap,
3227 4714 3315 4780 47,
3352 4728 3479 4784 pag.
3513 4711 3664 4783 515).

2022 4808 2201 4862 Visne
2233 4806 2487 4877 aliquem
2543 4805 2650 4860 tibi
2684 4810 2891 4860 testem
2945 4802 3235 4875 proferri?
3276 4803 3357 4857 En
3388 4803 3553 4856 adest
3582 4800 3669 4856 Ci-

2024 4912 2175 4960 cero,
2204 4896 2301 4967 qui
2336 4893 2617 4951 Velleium
2669 4894 2751 4949 sic
2785 4894 2854 4948 de
2902 4893 3142 4947 Platone
3198 4892 3535 4963 loquentem
3584 4889 3668 4944 in-

2023 4985 2207 5040 duxit:
2240 4984 2431 5047 «Quod
2453 5000 2583 5038 vero
2608 4983 2731 5038 sine
2756 4998 2993 5054 corpore
3015 4981 3132 5037 ullo
3158 4981 3337 5035 Deum
3374 4977 3496 5033 vult
3517 4994 3668 5047 esse,

2024 5078 2087 5129 ut
2111 5074 2290 5129 Grznci
2322 5072 2527 5128 dicunt
2546 5070 2858 5144 ἀσώματον,
2884 5071 2942 5126 id
2976 5070 3150 5143 quale
3180 5086 3306 5126 esse
3339 5068 3545 5140 possit,
3579 5065 3672 5121 in-

2020 5163 2205 5236 telligi
2238 5181 2350 5219 non
2388 5168 2595 5237 potest.
2626 5185 2653 5213 »
2688 5164 2895 5233 (Cicer.
2930 5162 2968 5217 l.
3022 5180 3039 5217 1
3086 5162 3152 5217 do
3211 5163 3397 5216 Natur
3426 5158 3579 5213 deor.
3611 5174 3669 5229 p.

2020 5254 2212 5322 200,1.
2250 5258 2407 5326 xm.)
2440 5255 2653 5309 Eadem
2686 5253 2755 5307 de
2815 5252 2924 5308 hoc
2979 5250 3470 5324 philosophorum
3506 5247 3670 5320 prin-

2022 5343 2149 5415 cipe
2180 5348 2380 5398 narrat
2425 5341 2726 5398 Laertius:
2781 5342 3117 5410 Opinantur,
3173 5340 3388 5412 inquit,
3424 5339 3675 5394 animum

2021 5435 2163 5488 sicut
2226 5434 2416 5499 Deum,
2507 5447 2618 5487 esse
2699 5431 3098 5502 incorporalem
3175 5428 3463 5501 ἀσώματον
3538 5425 3672 5478 εἶναι

2024 5522 2238 5594 (Laert.
2290 5521 2391 5577 lib.
2452 5538 2537 5591 ιιι,
2610 5521 2670 5576 in
2750 5522 2863 5577 Vita
2914 5521 3156 5588 Platon.,
3206 5519 3236 5593 §
3282 5519 3394 5589 77).
3446 5512 3673 5570 Laertio

2024 5617 2219 5668 autem
2243 5611 2615 5679 Plutarchus,
2649 5611 2962 5681 Eusebius,
2994 5608 3295 5684 Apuleius,
3329 5610 3384 5663 et
3412 5602 3511 5659 alii
3552 5601 3676 5657 suf-

2021 5703 2327 5776 fragantur
2382 5700 2702 5778 (Plutarch.
2764 5700 2866 5757 lib.
2926 5717 2944 5756 ι
3011 5701 3075 5757 de
3129 5698 3309 5757 Placit
3354 5690 3674 5768 philosOph.
