4106 6178
394 312 511 374 903

913 307 1446 371 TERTULLIANI
1490 300 1811 368 OPERUM
1856 305 2056 367 PARS
2100 305 2150 366 Ῑ.
2183 339 2261 351 -
2293 300 2565 371 SERIES
2610 310 2658 385 Ι,
2703 308 3273 371 APOLOGETICA.

3690 311 3802 372 904

392 463 522 519 cap.
551 446 605 513 7,
641 458 773 516 pag.
807 441 907 496 831
938 458 951 510 ;
986 441 1190 496 Euseb.
1245 442 1387 495 Orat
1432 441 1748 503 Constant,
1788 454 1846 509 p.
1890 438 1996 491 200
2032 453 2048 506 ;
2083 448 2136 515 Α
2166 438 2313 494 Phil.
2347 443 2491 497 tom.
2524 441 2599 510 II,
2632 457 2767 513 pag.
2795 441 2864 495 28
2896 456 3058 512 seqq.
3088 444 3129 510 ).
3178 440 3305 496 Alio
3337 445 3532 496 autem
3563 441 3622 496 in
3654 440 3802 497 libro

388 536 613 591 Platon.
634 531 877 598 tom.IlI,
904 530 1130 602 pag.27,
1161 531 1251 598 28,
1276 532 1333 583 et
1353 527 1513 595 alibi;
1538 527 1741 600 Apulei
1765 527 1834 581 de
1872 527 2036 593 Deo].

461 621 905 691 Quantumlibet
946 624 1140 675 autem
1198 634 1331 672 vera
1386 618 1463 672 sit
1520 617 1641 671 haec
1700 616 1916 688 opinio,
1968 616 2039 671 ab

389 714 523 770 aliis
556 716 752 767 tamen
777 708 1094 782 gentilibus
1119 706 1485 779 philosophis
1508 706 1719 776 rejecta
1751 711 1859 761 est.
1894 705 2040 760 Nam

386 802 646 857 Velleius
706 800 860 872 apud
922 795 1419 867 Ciceronem,uti
1491 812 1624 850 mox
1675 795 2037 865 dicebamus,

390 891 777 948 contendebat
808 886 1052 955 intelligi
1111 904 1225 941 non
1279 902 1450 956 posse
1502 885 1641 956 quid
1676 884 1915 955 qualeve
1962 884 2041 938 sit

390 982 543 1054 quod
604 979 1011 1051 incorporeum
1070 979 1310 1031 vocatur
1363 975 1625 1045 (Socrat.,
1677 974 1881 1041 Cicer.,
1934 974 2032 1027 loc.

390 1074 485 1127 cil.
521 1070 757 1141 .Neque
816 1067 913 1123 alii
974 1066 1151 1121 etiam
1213 1065 1547 1137 philosophi
1600 1063 1886 1135 explicare
1935 1079 2034 1133 po-

384 1164 625 1216 tuerunt
657 1176 782 1230 qua:
817 1156 895 1212 sit
917 1172 1050 1210 vera
1082 1154 1161 1210 rei
1203 1155 1556 1225 incorporea:
1579 1153 1711 1207 idea
1751 1156 1806 1207 et
1854 1150 2030 1205 notio.

453 1249 625 1305 Stoici
661 1263 816 1313 vero,
873 1244 1061 1317 pergit
1109 1248 1312 1299 auctor
1359 1248 1579 1312 noster,
1612 1241 1795 1297 Deum
1829 1256 2032 1311 corpo-

384 1339 563 1395 ralem
599 1353 726 1392 esse
758 1334 1149 1408 praedicarunt
1182 1333 1477 1405 (Apologet.
1512 1347 1639 1402 cap.
1671 1330 1797 1396 515,
1832 1333 1972 1383 tom.
2011 1327 2032 1383 Ι

384 1430 646 1500 Apparat.
685 1424 789 1481 lib.
831 1440 914 1491 311,
975 1423 1207 1477 dissert.
1260 1423 1309 1491 1,
1362 1438 1487 1492 cap.
1540 1420 1626 1489 11,
1661 1422 1769 1474 art.
1802 1421 1870 1485 2;
1908 1418 2031 1473 Dis-

382 1522 573 1572 sertat.
628 1516 688 1569 in
737 1513 929 1568 Minut.
978 1528 1103 1583 cap.
1166 1513 1216 1577 4,
1264 1514 1370 1565 art.
1425 1510 1532 1581 10).
1567 1509 1646 1563 De
1692 1507 1800 1563 hac
1832 1509 2028 1562 autem

388 1604 717 1659 Stoicorum
752 1600 1046 1673 opinione,
1080 1617 1205 1670 qum
1240 1599 1382 1665 suis,
1416 1594 1911 1670 propterillorum
1946 1611 2029 1649 re-

378 1691 760 1765 pugnantias,
818 1688 1269 1744 difficultatibus
1336 1704 1451 1743 non
1502 1690 1678 1753 caret,
1733 1701 1840 1740 nos
1891 1683 2027 1738 alibi

374 1781 833 1853 disputavimus.
886 1778 1087 1832 Plures
1129 1782 1322 1832 autem
1375 1775 1706 1842 citavimus,
1759 1774 1858 1845 qui
1892 1773 2023 1827 illos

376 1870 435 1926 in
468 1871 627 1926 hunc
651 1884 905 1926 errorem
940 1883 1135 1923 revera
1166 1867 1361 1938 lapsos
1404 1866 1585 1921 fuisse
1616 1864 2022 1920 testiﬁcantur.

449 1976 831 2048 Prosequitur
872 1973 1307 2030 Tertullianus:
1342 1973 1473 2042 Alii,
1498 1971 1777 2026 nimirum
1810 1970 2024 2042 Epicu-

378 2088 479 2128 rus
510 2070 753 2141 ejusque
779 2070 1119 2135 sectatores,
1153 2082 1221 2121 θα)
1251 2066 1469 2130 atomis,
1506 2065 1611 2118 alii
1649 2080 1723 2119 ea:
1752 2062 2026 2132 numeris,

378 2155 873 2231 quemadmodum
927 2152 1305 2225 Pythagoras,
1339 2151 1445 2207 alii
1472 2166 1539 2206 ea:
1568 2152 1713 2219 igne,
1740 2151 1893 2205 sicut
1923 2149 2027 2204 He-

380 2246 648 2313 raclitus,
695 2245 881 2300 Deum
933 2246 1201 2297 constare
1266 2241 1607 2313 garriebant
1657 2238 2024 2305 (Tertullian.

377 2338 474 2393 loc.
529 2336 620 2389 cit.
671 2338 815 2389 tom.
864 2332 884 2385 Ι
932 2331 1195 2402 Apparet.
1258 2346 1386 2401 pag.
1422 2329 1560 2396 l135;
1620 2329 1903 2383 Dissertat.
1964 2330 2026 2381 in

378 2425 572 2480 Minui.
652 2421 761 2477 loc.
820 2420 971 2490 cit.;
1030 2422 1259 2474 Dissert.
1312 2420 1368 2474 in
1430 2420 1699 2484 Lactant,
1758 2434 1883 2488 cap.
1939 2419 2024 2487 12,

381 2519 489 2570 art.
530 2514 602 2582 1).
640 2511 741 2566 Hic
771 2514 965 2566 autem
1000 2525 1205 2565 omnes
1237 2507 1630 2580 epinabautur
1652 2524 1719 2562 ea
1749 2522 1876 2561 esse
1909 2505 2025 2577 pri-

383 2619 481 2658 ma
514 2616 706 2655 rerum
752 2599 1019 2653 omnium
1051 2596 1359 2669 principia,
1392 2612 1496 2651 nec
1530 2594 1673 2651 alios
1704 2612 1833 2651 esse
1865 2594 2027 2663 deos,

388 2694 452 2745 ut
483 2688 619 2744 alibi
653 2703 758 2743 nec
788 2687 969 2743 semel
993 2686 1226 2758 quidem
1258 2684 1802 2741 animadvertimus.

456 2779 657 2849 Neque
707 2776 903 2832 minus
953 2777 1263 2832 manifeste
1319 2774 1691 2847 probavimus
1748 2774 1939 2833 varias
1972 2779 2028 2830 et

382 2868 495 2925 sibi
543 2866 791 2922 invicem
854 2866 1152 2938 oppositas
1210 2864 1392 2920 fuisse
1441 2863 1925 2937 philosohporum
1959 2864 2030 2919 de

390 2957 608 3027 divina,
643 2955 794 3012 sicut
841 2956 921 3011 ait
960 2953 1380 3024 Tertullianus,
1412 2953 1773 3025 providentia
1804 2952 2027 3025 opinio-

384 3062 539 3102 nesa
590 3042 867 3100 Platonici
927 3043 1102 3113 enim,
1161 3042 1353 3113 inquit
1402 3041 1520 3113 ille,
1576 3047 1881 3097 curantem
1940 3058 2026 3097 re-

384 3152 539 3203 rum,
573 3138 774 3189 contra
821 3132 1085 3204 Epicurei
1134 3132 1384 3187 otiosum
1436 3136 1490 3185 et
1534 3131 1940 3200 inexercitum,
1972 3134 2028 3187 et

2156 526 2441 598 scriptum
2473 529 2545 584 ab
2578 545 2642 585 eo
2674 528 2949 601 legimus,
2984 529 3190 596 Deum,
3223 528 3481 585 universi
3514 530 3800 602 guberna~

2151 618 2356 684 torem,
2391 621 2525 688 post
2556 619 2843 673 mundum
2876 634 3087 690 resque
3109 635 3311 674 omnes
3346 623 3592 684 creatas,
3628 619 3803 674 dimi-

2152 705 2299 760 sisse
2329 706 2489 762 illius
2549 708 2785 779 regendi
2837 708 3120 779 habenas,
3153 712 3209 764 et
3264 708 3323 764 in
3358 726 3524 764 suam
3559 709 3805 765 rediisse

2150 795 2319 865 quasi
2345 794 2641 867 speculam
2666 796 2869 867 (Idem,
2893 796 3056 852 Polit.
3084 812 3215 868 pag.
3241 799 3348 851 272
3379 798 3563 869 seqq).
3600 801 3803 853 Postea

2145 899 2299 953 vero,
2333 900 2405 939 ne
2464 886 2743 955 mundus,
2802 884 2978 941 variis
3036 886 3487 957 tempestatibus
3539 892 3595 942 et
3627 886 3801 941 malis

2148 976 2484 1044 quassatus,
2529 974 2763 1045 penitus
2813 970 3254 1045 dissolveretur,
3300 978 3623 1047 resumpsit
3671 976 3800 1044 ejus

2144 1061 2633 1133 gubernaculum,
2668 1063 2874 1135 illique
2928 1062 3176 1120 sollicite
3208 1064 3497 1132 insidens,
3530 1066 3797 1138 ejusdem

2142 1152 2343 1207 mundi
2372 1156 2564 1224 partes
2596 1154 2825 1209 ornavit
2856 1157 2911 1209 et
2944 1154 3301 1209 moderatur.

2212 1242 2283 1295 At
2312 1240 2484 1297 Stoici
2521 1246 2724 1297 contra
2774 1241 2923 1297 hanc
2957 1241 3391 1298 Platonicorum
3454 1241 3794 1313 Opinionem

2141 1329 2556 1399 praedicabant,
2591 1331 2674 1386 uti
2726 1330 2807 1386 ait
2851 1330 3271 1402 Tertullianus,
3306 1336 3488 1387 Deum
3533 1346 3661 1387 esse
3700 1347 3798 1402 po.

2138 1418 2307 1472 situm
2349 1425 2509 1474 extra
2550 1421 2846 1487 mundum,
2880 1422 2979 1493 qui
3022 1422 3184 1492 ﬁguli
3238 1420 3395 1476 modo
3443 1421 3787 1476 extrinsecus

2140 1509 2384 1580 torqueat
2431 1509 2630 1565 molem
2689 1509 2829 1565 hanc
2882 1510 3188 1582 (Apologet.
3219 1511 3463 1581 cap.47,
3498 1513 3555 1564 et
3594 1508 3699 1566 lib.
3741 1527 3785 1564 11

2140 1594 2209 1649 ad
2254 1597 2473 1653 Nation.
2508 1614 2633 1669 cap.
2671 1599 2747 1670 2).
2796 1598 2907 1653 Sed
2958 1614 3075 1652 non
3137 1597 3425 1652 minimus
3474 1596 3788 1653 dubitandi

2137 1683 2300 1740 locus
2331 1694 2416 1741 est
2440 1690 2638 1742 utrum
2678 1686 2800 1742 haec
2831 1686 2961 1757 ipsa
2984 1686 3158 1741 fuerit
3188 1686 3517 1743 Stoicorum
3552 1690 3789 1740 senten-

2138 1773 2239 1827 tia.
2287 1774 2428 1829 Nam
2488 1779 2680 1829 Zenon
2739 1774 2974 1829 illorum
3043 1775 3493 1847 antesignanus,
3544 1776 3795 1846 ejusque

2137 1862 2392 1929 asseclae,
2427 1863 2510 1917 uti
2568 1880 2635 1919 ex
2666 1863 2896 1919 Laertio
2945 1867 3001 1919 et
3058 1862 3366 1919 Plutarcho
3420 1863 3645 1919 discere
3676 1869 3793 1931 est,

2137 1950 2534 2007 arbitrabatur
2564 1953 2747 2007 Deum
2790 1968 2917 2008 esse
2948 1957 3228 2023 mentem,
3263 1970 3388 2025 qua:
3422 1953 3620 2007 omnia
3655 1970 3792 2024 per-

2138 2040 2326 2111 tingat
2386 2057 2450 2095 ac
2488 2045 2750 2112 penetret
2799 2043 3011 2111 (Laert.
3071 2041 3171 2096 lib.
3232 2059 3329 2110 vn,
3366 2042 3463 2097 Vit.
3525 2043 3797 2115 chon.§

2139 2129 2240 2183 138
2265 2133 2320 2183 et
2352 2130 2451 2183 147
2480 2148 2496 2196 ;
2558 2129 2850 2186 Plutarch.
2908 2132 3012 2188 lib.
3055 2148 3072 2186 1
3104 2130 3169 2186 de
3231 2132 3437 2188 Placit.
3469 2131 3790 2203 Philosoph.

2136 2235 2261 2289 cap.
2295 2219 2351 2287 7,
2397 2235 2528 2290 pag.
2579 2221 2726 2292 882).
2767 2220 2884 2276 Nos
2926 2221 3104 2276 etiam
3156 2220 3298 2275 alibi
3349 2220 3796 2276 observavimus

2136 2307 2287 2363 hanc
2336 2324 2533 2364 revera
2577 2309 2758 2365 fuisse
2808 2309 3043 2366 illorum
3095 2311 3455 2382 opinionem.
3490 2310 3617 2373 Qua
3654 2326 3797 2382 ergo

2138 2398 2363 2453 ratione
2394 2403 2597 2455 auctor
2648 2405 2846 2456 noster
2892 2406 3013 2456 tam
3060 2405 3464 2456 asseveranter
3495 2401 3799 2457 afﬁrmare

2138 2486 2329 2558 potuit
2359 2488 2582 2543 Stoicos
2627 2489 2897 2546 docuisse
2923 2492 3100 2545 Deum
3133 2490 3389 2562 positum
3441 2506 3571 2546 esse
3601 2489 3797 2546 instar

2138 2575 2301 2647 figuli
2343 2580 2504 2632 extra
2550 2578 2896 2635 fabricatam
2930 2596 2963 2635 a
3015 2596 3075 2635 se
3100 2583 3284 2634 totam
3330 2579 3536 2634 mundi
3571 2580 3792 2636 molem

2137 2666 2325 2736 (Tom.
2377 2666 2420 2736 Ι,
2480 2670 2744 2739 Apparet.
2795 2684 2925 2740 pag.
2956 2668 3101 2735 780;
3134 2668 3293 2739 Lips.
3344 2667 3448 2723 lib.
3492 2686 3510 2722 1
3545 2669 3792 2740 Psyche-

2139 2756 2241 2827 Iog.
2274 2757 2437 2812 Stoic.
2482 2756 2715 2813 dissert.
2750 2759 2838 2826 31,
2872 2774 3005 2831 pag.
3032 2758 3160 2825 565,
3184 2762 3328 2813 tom.
3363 2757 3510 2829 IV)?

2208 2861 2583 2917 Difficultatis
2633 2862 2816 2932 hujus
2875 2863 3093 2918 nodum
3147 2866 3305 2918 secat
3346 2862 3566 2934 potius,
3610 2880 3793 2935 quam

2140 2949 2312 3006 solvit
2329 2949 2749 3023 Lipsius.Haud
2771 2951 3332 3007 dubitanteretenim
3354 2951 3791 3008 Tertullianum

2140 3040 2219 3094 ibi
2252 3040 2447 3111 arguit
2499 3040 2735 3108 erroris,
2767 3058 2879 3111 quo
2926 3041 3134 3097 Stoicis
3176 3040 3320 3096 illud
3364 3041 3594 3111 tribuit,
3628 3043 3789 3113 quod

2142 3131 2212 3185 ab
2246 3130 2317 3186 iis
2351 3148 2454 3185 nec
2515 3130 2760 3199 dictum,
2794 3147 2900 3186 nec
2946 3130 3265 3203 cogitatum
3298 3131 3537 3203 quidem
3572 3132 3785 3187 fuerat.

385 3228 451 3279 ut
474 3224 555 3278 ita
585 3222 850 3291 dixerim,
884 3228 1177 3277 neminem
1199 3219 1478 3275 humanis
1510 3220 1686 3277 rebus
1718 3238 1845 3276 esse
1879 3238 2025 3292 prae-
2059 3197 2104 3267 CI
2142 3221 2299 3275 Itane
2328 3237 2462 3276 vero
2502 3222 2718 3277 erravit
2747 3220 3187 3277 Tertullianus?
3219 3221 3519 3293 Numquid
3551 3221 3791 3294 ignora-

384 3311 675 3367 dicebant.
712 3334 732 3363 ι
791 3310 1148 3383 (Tertullian.
1182 3310 1457 3382 Apologet.
1491 3326 1613 3381 cap.
1653 3310 1741 3381 47,
1764 3314 1821 3365 et
1850 3309 1951 3365 lib.
1986 3327 2027 3366 11

382 3400 455 3456 ad
508 3403 730 3458 Nation.
772 3415 897 3471 cap.
930 3400 1008 3471 2.)
1054 3399 1132 3455 De
1164 3399 1404 3454 Platone
1434 3398 1485 3454 si
1540 3398 1708 3470 plura
1737 3399 1898 3465 velis,
1934 3399 2029 3455 adi

386 3488 701 3556 Laertium,
762 3493 820 3544 et
867 3487 1157 3543 dicentem
1218 3487 1461 3542 audies:
1495 3483 1676 3541 Ο’ίεται
1725 3485 1812 3541 καὶ
1874 3486 2026 3549 θεοὺς

381 3575 567 3649 ἐνορᾷν
616 3576 683 3629 τὰ
748 3575 1076 3650 ἀνθρώπινα.
1112 3575 1263 3631 819
1310 3576 1629 3630 Arbitmlur
1673 3580 1723 3631 et
1772 3577 1894 3633 deos
1924 3578 2026 3632 hu-

377 3684 545 3723 mana
576 3682 797 3722 cernere
844 3670 893 3721 et
922 3681 1118 3720 curare
1148 3664 1355 3736 (Laerl.
1391 3664 1491 3719 lib.
1525 3681 1588 3719 111
1648 3667 1750 3721 Vit.
1784 3668 2024 3735 Platon.,

379 3756 541 3827 Q78).
576 3755 689 3811 Nec
739 3753 835 3810 alii
868 3751 1067 3826 plures
1116 3752 1358 3819 citandi,
1409 3754 1883 3824 quandoquidem
1918 3755 2028 3812 hoc

381 3850 437 3900 et
465 3845 711 3916 ipsemet
758 3844 919 3899 Plato
974 3843 1187 3915 saapius
1240 3843 1492 3898 asseruit
1539 3843 1771 3911 (P/tood.,
1805 3850 1945 3901 tom.
1982 3846 2024 3916 Ι,

380 3951 437 4007 p.
470 3935 560 4003 62,
605 3937 753 4006 post.
808 3933 1008 4004 med.).
1050 3931 1282 3987 Alicubi
1321 3931 1477 3987 enim
1510 3933 1592 3988 ait
1617 3933 1797 3989 Deum
1840 3934 2027 3990 nostri

379 4039 582 4079 curam
615 4037 836 4093 gerere,
872 4037 984 4075 non
1018 4036 1187 4075 secus
1220 4036 1284 4074 ac
1322 4019 1399 4074 rei
1436 4038 1552 4075 suae
1584 4022 1979 4093 possessionis
2008 4023 2025 4093 )

379 4109 479 4165 Τὸν
505 4107 692 4164 θεόντε
708 4110 837 4165 εἶναι
858 4109 948 4165 τὸν
976 4107 1406 4183 ἐπιμελούμενον
1428 4109 1558 4163 εἶναι
1583 4112 1857 4184 ἡμῶν,καὶ
1878 4115 2024 4186 ἡμᾶς

381 4196 585 4254 ἐκείνου
640 4202 892 4273 κτήματα
951 4200 1083 4255 εἶναι
1116 4202 1323 4271 (Idem,
1358 4200 1395 4255 l.
1429 4217 1484 4270 Χ,
1531 4201 1597 4255 d6
1627 4203 1751 4273 [κερ.
1787 4221 1841 4275 p.
1875 4206 2022 4273 285).

379 4290 527 4346 Alibi
559 4308 692 4347 vero
716 4292 870 4347 haud
905 4290 1241 4345 dubitanter
1272 4293 1562 4344 asseverat
1591 4291 1841 4360 primam
1866 4292 2025 4349 insa-

384 4372 543 4428 niam
560 4389 687 4428 esse
704 4373 842 4428 deos
859 4370 1420 4443 negare,secundam
1437 4373 1633 4424 autem
1652 4388 1909 4428 asserere
1927 4390 2025 4430 eos

382 4477 580 4516 curam
613 4479 729 4517 non
768 4462 981 4516 habere
1014 4457 1321 4512 hominum
1350 4454 1458 4510 εΤὸ
1482 4452 1749 4532 δεύτερον,
1786 4455 1940 4522 ὄντας
1963 4461 2022 4516 οὐ

2138 3310 2255 3378 bat,
2282 3314 2384 3365 aut
2421 3327 2489 3365 ex
2520 3314 2715 3366 mente
2747 3310 2907 3366 illius
2951 3311 3266 3380 exciderat,
3299 3311 3454 3380 quod
3488 3311 3668 3366 Stoici
3719 3312 3791 3366 de

2139 3404 2334 3454 mente
2383 3399 2599 3467 divina,
2650 3400 2940 3455 mundum
3016 3399 3354 3456 universum
3411 3400 3790 3471 pervadente,

2138 3488 2549 3544 tradiderant?
2590 3489 2829 3545 Minime
2871 3489 3129 3561 quidem.
3184 3488 3330 3545 Nam
3373 3488 3486 3544 alio
3538 3489 3597 3544 in
3639 3488 3796 3546 libro

2139 3578 2256 3633 haec
2290 3577 2525 3650 scriptis
2556 3578 2895 3633 mandavit:
2928 3579 3082 3635 820
3115 3600 3136 3628 ι
3171 3577 3346 3633 Stoici
3371 3578 3573 3634 volunt
3602 3579 3795 3635 Deum

2140 3666 2223 3722 sic
2276 3683 2377 3738 per
2432 3668 2738 3722 materiam
2788 3668 3141 3734 decurrisse,
3193 3667 3487 3739 quomodo
3530 3668 3643 3723 mel
3691 3686 3797 3740 per

2139 3757 2318 3811 favos.
2356 3779 2384 3806 »
2442 3756 2709 3828 (Tertull.
2741 3756 2869 3812 adv.
2923 3758 3246 3825 Hermogen.
3299 3772 3427 3828 cap.
3479 3756 3591 3829 44.)
3640 3759 3793 3813 Con-

2136 3846 2502 3901 tradictionis
2560 3846 2761 3918 itaque
2820 3846 3039 3917 potius,
3090 3861 3267 3916 quam
3328 3846 3639 3902 oblivionis
3690 3852 3795 3903 aut

2134 3933 2479 4005 ignorantiae
2519 3934 2853 3991 insimulari
2901 3935 3122 3990 debuit.
3158 3935 3267 3989 Sed
3295 3937 3548 4004 majores
3580 3935 3791 4007 procul

2137 4022 2315 4077 dubio
2346 4028 2513 4078 erant
2560 4024 2911 4089 Stoicorum,
2960 4039 3137 4093 quam
3189 4022 3556 4090 Tertulliani,
3608 4040 3792 4096 repu-

2135 4110 2411 4182 gnantize,
2446 4128 2593 4183 quas
2638 4111 2986 4167 Plutarchus
3035 4111 3281 4182 integris
3333 4111 3390 4165 in
3426 4111 3591 4167 libris
3621 4118 3794 4183 pate-

2135 4201 2289 4267 fecit,
2348 4217 2572 4271 nosque
2659 4200 2875 4255 alicubi
2950 4200 3329 4269 notavimus(
3376 4202 3662 4256 Dz'sscrtat.
3737 4205 3795 4255 in

2132 4290 2379 4343 Lactant.
2442 4306 2568 4361 cap.
2618 4290 2711 4359 21,
2771 4294 2878 4344 art.
2942 4290 3020 4360 2).
3081 4289 3283 4344 Nonne
3351 4305 3487 4361 ergo
3546 4289 3792 4344 illorum

2134 4377 2349 4448 potius,
2375 4395 2552 4449 quam
2578 4378 2755 4449 hujus
2776 4377 3183 4450 repugnantiis
3208 4378 3264 4432 id
3291 4378 3503 4433 ascribi
3536 4382 3797 4450 poterat?

2206 4483 2352 4547 Quid
2394 4500 2548 4551 vero,
2584 4485 2637 4540 si
2662 4486 2899 4553 Seneca,
2929 4489 2988 4539 et
3017 4484 3141 4555 ipse
3172 4484 3424 4556 Stoicus,
3459 4485 3611 4540 hanc
3644 4502 3797 4541 con—

379 4549 681 4626 φροντίζιιν
717 4547 1016 4621 ἀνθρώπων
1043 4546 1215 4614 (Ibid.
1252 4561 1383 4618 pag.
1425 4546 1530 4600 899
1562 4563 1683 4619 seq.
1791 4550 1895 4605 Sed
1920 4550 2027 4608 huc

2143 4546 2553 4627 tradictionem
2587 4572 2829 4627 tollendi
2862 4546 3349 4627 nobis-rationem
3374 4546 3639 4644 suggerit
3666 4574 3795 4628 ‘lDe

381 4639 483 4695 ille
513 4645 717 4711 postea
740 4638 927 4692 fusius
961 4636 1435 4708 prosequitur,fet
1455 4635 1729 4692 insanum
1764 4638 1907 4695 illud
1942 4658 2029 4697 er-

381 4744 575 4784 rorem
599 4727 934 4799 proﬂigatet
951 4725 1155 4781 evertit
1177 4726 1481 4796 (Dissertat.
1508 4726 1566 4780 in
1588 4726 1834 4784 Lactant.
1860 4745 1908 4783 c.
1943 4731 2029 4798 14,

382 4822 492 4875 art.
530 4818 600 4886 1).
625 4818 696 4870 At
726 4815 1191 4872 absurdissimus
1218 4813 1317 4869 ille
1346 4831 1506 4869 error
1536 4820 1624 4870 est
1646 4816 1877 4888 Epicuri
1909 4835 2029 4874 sec-

380 4910 757 4977 tatorumque
788 4906 937 4977 ejus,
973 4904 1125 4959 sicut
1155 4922 1186 4958 a
1220 4904 1387 4958 nobis
1419 4903 1884 4962 demonstratum
1919 4912 2026 4963 est.

456 5012 847 5079 Quamobrem
908 5017 1111 5068 auctor
1161 5013 1358 5065 noster
1415 5011 1589 5082 paulo
1637 5019 1770 5084 post
1817 5015 2030 5086 adjecit

384 5102 818 5158 Platonicorum
851 5102 921 5157 de
954 5101 1089 5156 sede
1118 5098 1217 5154 Dei
1249 5098 1581 5170 opinionem
1616 5101 1817 5171 fuisse,
1858 5104 2028 5160 illum

384 5192 640 5247 residere
662 5214 690 5241 ‹‹
724 5193 880 5248 intra
898 5190 1208 5259 mundum,
1242 5189 1361 5258 qui,
1396 5190 1805 5260 gubernatoris
1835 5210 2026 5251 exem-

384 5279 502 5353 plo,
544 5280 697 5335 intra
744 5280 888 5336 illud
939 5282 1173 5335 maneat
1228 5277 1383 5348 quod
1434 5282 1671 5351 regat.»
1726 5282 2024 5355 (Apolegct.

385 5386 513 5442 cap.
549 5370 635 5437 47,
659 5375 717 5425 et
746 5369 847 5425 lib.
899 5387 939 5424 11
972 5369 1042 5423 ad
1071 5369 1296 5423 Naiton.
1328 5382 1454 5439 cap.
1487 5369 1565 5435 2.)
1592 5369 1661 5424 Et
1691 5387 1831 5427 sane
1862 5372 2026 5430 Plato

386 5459 645 5516 decernit
675 5460 998 5531 probatque
1046 5455 1301 5513 mirabili
1333 5457 1588 5527 quadam
1621 5466 1816 5516 mente
1847 5467 1902 5519 et
1933 5480 2026 5519 sa-

385 5549 624 5621 pientia,
659 5566 784 5621 quae
830 5550 983 5605 Deus
1021 5548 1145 5620 ipse
1194 5548 1301 5613 est,
1335 5545 1493 5601 hunc
1543 5551 1830 5607 mundum
1872 5556 2026 5609 certe

274 5666 278 5670 ι
387 5640 817 5713 constitutaque
855 5639 1059 5697 ordine
1109 5640 1448 5694 constanter
1494 5636 1808 5710 gubernari
1857 5642 2027 5715 (Plat.

2142 4662 2258 4717 Deo
2316 4660 2605 4732 siquidem
2680 4662 2837 4717 hunc
2909 4661 3006 4716 ille
3069 4661 3307 4717 disserit
3364 4662 3423 4717 in
3484 4664 3794 4719 modum:

2142 4772 2169 4801 ‹‹
2204 4751 2352 4815 Quid
2398 4756 2489 4806 est
2527 4751 2683 4807 Deus
2706 4751 2733 4805 ?
2762 4755 2924 4806 Mens
2972 4751 3255 4806 universi.
3291 4751 3439 4815 Quid
3471 4757 3563 4807 est
3586 4751 3798 4808 Deus?

2141 4839 2301 4902 Quod
2334 4839 2494 4896 vides
2539 4845 2753 4907 totum,
2788 4845 2844 4895 et
2883 4841 3039 4911 quod
3089 4856 3206 4895 non
3253 4840 3417 4896 vides
3446 4845 3663 4896 totum.
3699 4841 3798 4896 Sic

2140 4928 2379 4983 demum
2411 4929 2754 5000 magnitudo
2778 4946 2886 4985 sua
2916 4928 2999 4984 illi
3033 4929 3321 4999 redditur,
3345 4946 3461 5001 qua
3490 4928 3637 4985 nihil
3664 4947 3800 4985 ma-

2132 5017 2232 5086 jus
2282 5017 2593 5088 excogitari
2650 5022 2861 5089 potest,
2915 5017 2965 5073 si
3028 5016 3188 5073 solus
3237 5023 3349 5073 est.
3408 5019 3616 5074 Omnia
3640 5036 3799 5091 Opus

2139 5121 2314 5163 suum
2346 5110 2402 5159 et
2433 5106 2585 5161 intra
2613 5112 2669 5161 et
2704 5111 2865 5162 extra
2893 5110 3072 5161 tenet.
3095 5127 3123 5157 »
3159 5109 3386 5173 (Senec.
3420 5107 3647 5162 Praefat.
3683 5107 3795 5162 lib.

2138 5211 2179 5261 1,
2201 5194 2464 5250 Natural.
2500 5195 2706 5263 Quaest.
2740 5210 2871 5267 pag.
2902 5195 3029 5249 793.
3058 5194 3074 5266 )
3122 5194 3327 5251 Nonne
3357 5195 3511 5251 enim
3542 5194 3636 5251 his
3662 5211 3800 5251 ver-

2138 5284 2229 5340 bis
2278 5285 2571 5357 signiﬁcat
2627 5291 2809 5341 Deum
2860 5290 2918 5341 et
2978 5285 3132 5340 intra
3178 5289 3237 5341 et
3284 5290 3446 5341 extra
3494 5286 3798 5341 mundum

2139 5388 2286 5443 esse,
2318 5374 2455 5444 quia
2513 5374 2674 5429 omni
2721 5389 2894 5446 opere
2942 5389 3049 5429 suo
3108 5374 3297 5444 major
3354 5375 3480 5430 est?
3509 5376 3575 5430 At
3605 5374 3656 5429 si
3693 5373 3801 5429 illa

2138 5463 2251 5518 fuit
2272 5464 2602 5520 Stoicorum
2628 5464 2846 5536 opinio,
2876 5464 3001 5519 duae
3026 5464 3263 5520 fuerunt
3283 5465 3546 5535 ejusdem
3560 5464 3794 5537 opinio~

2139 5552 2231 5608 nis
2264 5556 2478 5625 partes.
2503 5554 2651 5622 Quid
2676 5571 2833 5627 ergo,
2859 5553 2907 5609 si
2931 5552 3333 5610 Tertullianus
3358 5555 3530 5610 unius
3550 5559 3794 5610 tantum

2139 5642 2329 5717 partis’
2354 5645 2704 5717 meminerit,
2738 5650 2802 5703 ut
2831 5643 3052 5703 Stoicos
3082 5643 3399 5704 Platonicis
3430 5644 3801 5720 opponeret?
