4106 6178
282 288 396 347 905

1194 286 1263 345 D.
1310 286 1408 347 LE
1452 285 1774 348 NOUBRY
1820 284 2469 347 OBSERVATIONES
2517 286 2777 349 NOV/E.

3570 283 3688 367 906

352 419 538 491 Objici
567 424 763 476 tamen
796 424 987 493 potest
1015 420 1165 477 hanc
1196 420 1462 477 eamdem
1490 420 1825 491 Opinionem
1850 419 1922 475 ab
1950 420 2005 486 Α
2109 419 2366 492 Denique
2397 438 2511 476 non
2544 419 2853 476 minimam
2876 417 3070 475 adhuc
3095 433 3163 474 ea
3183 414 3528 475 Tertulliani
3547 433 3676 474 ver-

280 510 407 582 ipso
439 513 657 565 Seneca
702 510 883 565 tribui
905 510 1226 582 Epicureis,
1262 526 1408 582 quos
1447 508 1663 565 idcirco
1715 508 1926 564 acriter

280 598 519 671 corripit
566 603 624 655 et
682 600 972 673 exagitat:
1032 622 1060 651 «
1112 601 1218 667 Tu,
1271 600 1538 672 Epicure,
1597 598 1923 670 inquiebat,

277 688 463 744 Deum
486 688 771 743 inermem
800 690 1009 745 facis...
1035 688 1334 761 projecisti
1357 705 1487 743 cum
1514 692 1671 743 extra
1700 691 1921 743 metum

276 777 399 849 (alii
430 777 545 849 legi
575 778 796 846 volunt,
822 784 982 834 extra
1013 781 1269 848 metam).
1296 782 1457 832 Hunc
1492 778 1673 848 igitur
1689 781 1921 848 septum

275 866 503 938 ingenti
530 867 787 937 quodam
821 872 878 922 et
901 866 1293 938 inexplicabili
1321 884 1510 935 muro,
1553 866 1921 936 divisumque

273 957 343 1011 de
375 961 680 1011 contractu
704 962 761 1011 et
791 962 1109 1027 conspectu
1154 954 1512 1022 mortalium,
1564 973 1678 1011 non
1738 955 1919 1010 habes

273 1062 457 1117 quare
488 1046 759 1100 verearis.
780 1044 957 1099 Nulla
979 1045 1063 1099 illi
1088 1061 1189 1099 nec
1216 1045 1652 1113 tribuendi,nec
1675 1043 1919 1099 nocendi

270 1134 521 1188 materia
554 1138 662 1188 est.
697 1135 761 1187 In
786 1134 980 1189 medio
1015 1132 1320 1189 intervallo
1352 1133 1531 1204 hujus
1565 1139 1621 1189 et
1677 1134 1919 1189 alterius

271 1223 403 1277 coeli
437 1224 729 1289 desertus,
764 1224 892 1279 sine
923 1223 1186 1292 animali,
1219 1223 1345 1278 sine
1377 1222 1636 1287 homine,
1669 1223 1795 1278 sine
1834 1240 1915 1290 re,

277 1312 487 1367 ruinas
518 1312 898 1377 mundorum,
920 1329 1099 1385 supra
1119 1329 1181 1367 se
1201 1312 1470 1383 circaque
1502 1328 1563 1368 se
1587 1312 1917 1367 cadentium

283 1401 487 1467 evitat,
521 1418 636 1456 non
669 1401 987 1457 exaudiens
1018 1406 1169 1471 vota,
1203 1418 1307 1457 nec
1348 1402 1532 1457 nostri
1574 1400 1859 1457 curiosus.
1888 1422 1916 1451 »

266 1490 280 1561 (
321 1490 504 1561 Idem,
536 1491 637 1545 lib.
670 1508 723 1545 1v
752 1491 817 1545 de
837 1492 1068 1561 Bcneﬁc.
1103 1508 1227 1561 cap.
1272 1490 1360 1556 19,
1386 1506 1516 1562 pag.
1549 1492 1663 1563 79.)
1687 1493 1749 1546 In
1772 1508 1915 1562 qua-

264 1582 404 1635 dam
441 1596 674 1651 quoque
716 1580 956 1651 epistola
983 1580 1252 1635 eumdem
1286 1578 1521 1635 illorum
1544 1597 1800 1636 errorem
1833 1580 1917 1635 sic

262 1670 543 1741 reprobat
571 1685 637 1724 ac
668 1668 1017 1740 proscribit:
1052 1692 1079 1718 ‹‹
1104 1669 1230 1724 Non
1261 1669 1331 1725 de
1352 1684 1421 1726 ea
1444 1669 1813 1741 philosophia
1833 1668 1915 1726 lo-

2035 508 2110 563 ba
2138 509 2353 566 habent
2382 509 2808 579 difﬁcultatem,
2843 508 3060 582 quibus
3092 505 3249 563 aliud
3300 506 3679 580 philosopho-

2034 615 2164 654 rum
2196 598 2266 653 de
2314 599 2431 654 Deo
2484 598 2689 653 mundi
2750 601 3005 654 creatore
3065 595 3379 653 dissidium
3432 596 3675 653 notavit.

2035 692 2315 755 «Totum,
2367 687 2581 759 inquit,
2632 688 2742 742 hoc
2784 686 2988 743 mundi
3044 704 3278 759 corpus,
3338 687 3459 743 sive
3506 687 3672 742 inna-

2031 782 2157 833 tum
2225 782 2283 832 et
2341 776 2646 843 infectum,
2702 777 3026 832 secundum
3093 777 3501 850 Pythagoram,
3555 776 3675 833 sive

2031 872 2238 923 natum
2280 871 2335 925 et
2387 867 2629 934 factum,
2701 868 3028 922 secundum
3069 866 3393 923 Platonem.
3425 886 3455 916 »
3506 864 3670 938 (Ter—

2030 956 2261 1012 tullian.
2298 956 2587 1026 Apologet.
2649 972 2776 1027 cap.
2834 958 2921 1025 11,
2976 974 3034 1028 p.
3089 957 3238 1027 332.)
3272 958 3456 1022 Quam
3515 955 3671 1011 enim

2030 1050 2254 1102 certum
2287 1049 2376 1100 est
2406 1044 2555 1099 hanc
2588 1045 2659 1100 de
2691 1046 2911 1101 mundo
2961 1050 3152 1102 creato
3184 1046 3387 1117 fuisse,
3419 1047 3486 1101 ut
3532 1042 3671 1100 alibi

2029 1134 2417 1203 ostendimus,
2446 1134 2707 1191 Platonis
2727 1136 3084 1207 opinionem,
3117 1143 3235 1193 tam
3266 1136 3479 1192 falsum
3511 1134 3671 1191 vide-

2027 1229 2123 1280 tur
2153 1225 2541 1297 Pythagoram
2571 1225 2842 1281 docuisse
2872 1224 3041 1281 illum
3074 1226 3345 1281 innatum
3375 1229 3432 1281 et
3485 1224 3668 1279 infec-

2027 1318 2155 1369 tum
2184 1313 2387 1370 fuisse.
2422 1312 2569 1370 Nam
2604 1313 2824 1369 ibidem
2856 1316 3290 1371 observarimus
3311 1333 3344 1370 a
3365 1312 3666 1371 Lactantio

2027 1403 2334 1459 adﬁrmate
2357 1402 2724 1474 pronuntiari
2747 1418 2949 1459 omnes
2973 1404 3045 1458 ad
3076 1404 3390 1475 Epicurum
3413 1402 3669 1475 philoso-

2029 1492 2198 1567 phos,
2230 1509 2296 1547 ac
2318 1491 2668 1547 nominatim
2696 1491 3487 1565 Pythagoricos,constanter
3504 1507 3668 1548 asse-

2028 1583 2217 1640 ruisse
2240 1581 2530 1635 mundum
2562 1596 2692 1636 esse
2722 1579 2938 1636 factum
2972 1586 3031 1638 et
3060 1588 3322 1639 creatum
3356 1582 3665 1654 (Dissertat.

2026 1672 2089 1727 in
2118 1671 2371 1725 Lactant.
2397 1686 2524 1741 cap.
2557 1670 2647 1737 21,
2681 1673 2791 1725 art.
2821 1671 2901 1740 2.)
2933 1671 3083 1736 Quin
3112 1672 3288 1728 etiam
3318 1671 3668 1729 Plutarchus

261 1776 435 1861 quor,
458 1775 586 1861 quis
618 1757 801 1814 civem
836 1762 1000 1861 extra
1016 1758 1266 1861 patriam
1302 1758 1524 1861 posuit,
1547 1764 1913 1861 extra'mun-
1943 1794 1990 1861 Β
2028 1757 2709 1861 disertissimedeclarat
2759 1760 3039 1859 eamdem.
3087 1761 3269 1820 fuisse
3327 1762 3664 1836 Pythagoras

260 1852 408 1904 dum
442 1849 604 1915 deos,
634 1864 765 1919 quae
812 1848 1086 1903 virtutem
1145 1846 1429 1919 voluptati
1461 1848 1640 1916 dedit,
1666 1873 1687 1902 ι
1725 1850 1907 1915 Idem,

258 1956 301 2003 1,
327 1937 504 2009 epist.
527 1937 617 2004 79,
650 1954 783 2009 pag.
816 1938 907 2009 74)
925 1936 1293 2009 philosophia
1313 1936 1577 1993 videlicet
1606 1938 1909 2009 Epicurea.

2022 1856 2190 1921 atque
2220 1847 2477 1904 Platonis
2510 1864 2578 1903 ea
2601 1848 2671 1903 de
2701 1864 2763 1904 re
2792 1850 3166 1906 sententiam.
3199 1855 3280 1906 En
3311 1853 3509 1909 Graeca
3537 1853 3665 1923 ejus

2019 1939 2234 1995 verba:
2272 1934 2585 2009 Πυθαγόρας
2643 1934 2731 1989 καὶ
2793 1935 3022 1991 Πλάτων
3079 1938 3302 2014 γενητὸν
3366 1941 3470 1997 ὑπὸ
3528 1944 3662 1996 Θεοῦ

260 2026 388 2082 Non
422 2025 753 2080 Stoicorum
774 2042 931 2098 ergo,
956 2026 1056 2080 sed
1090 2026 1507 2097 Epicureorum
1530 2027 1681 2083 hanc
1702 2028 1910 2083 falsam
2020 2027 2110 2082 τὸν
2140 2024 2368 2098 κόσμον,
2412 2030 2521 2081 etc.
2557 2027 2980 2099 Pythagorasct
3002 2030 3157 2086 Plato
3195 2033 3465 2087 mundum
3494 2050 3527 2088 a
3557 2034 3663 2089 Deo

262 2116 538 2188 opionem
568 2115 747 2170 fuisse
782 2116 1151 2171 testiﬁcatur.

337 2223 545 2278 Nonne
575 2226 771 2278 autem
804 2238 872 2277 ex
931 2221 1062 2289 hoc,
1116 2222 1343 2293 inquiet
1398 2222 1635 2295 aliquis,
1685 2226 1912 2281 Seneca:

263 2312 607 2369 testimonio
667 2311 938 2367 concludi
997 2316 1216 2383 potest,
1290 2314 1728 2368 emendandum
1785 2331 1917 2371 esse

266 2399 621 2455 Tertulliani
652 2404 899 2471 textum,
932 2403 1107 2472 atque
1138 2400 1195 2455 in
1228 2416 1294 2456 eo
1316 2401 1694 2457 scribendum
1726 2405 1918 2475 Epicu-

264 2491 352 2547 rei
382 2506 488 2561 pro
520 2491 727 2547 Stoici?
745 2491 917 2546 Recte
940 2490 1203 2562 quidem,
1228 2491 1276 2546 si
1309 2490 1452 2546 illud
1476 2492 1701 2548 ratione
1720 2492 1919 2565 aliqua

263 2580 417 2636 satis
450 2580 652 2651 utique
691 2579 882 2635 valida
944 2581 1238 2649 probetur.
1292 2586 1368 2636 At
1425 2586 1580 2637 certe
1623 2598 1737 2638 non
1804 2600 1921 2640 una

266 2670 386 2724 fuit
413 2670 739 2724 Stoicorum
772 2670 843 2724 de
876 2674 988 2725 Deo
1018 2669 1333 2737 sententia,
1367 2672 1469 2727 sed
1518 2670 1793 2741 maxima,
1838 2673 1921 2728 uti

266 2759 553 2827 diximus,
576 2758 920 2830 Opinionum
953 2758 1224 2814 varietas.
1253 2759 1313 2813 Si
1344 2758 1443 2831 qui
1466 2764 1660 2815 autem
1685 2778 1753 2816 ex
1780 2760 1918 2829 illis,

268 2848 360 2902 uti
413 2848 696 2919 przefatus
751 2852 987 2914 Seneca,
1047 2848 1231 2903 Deum
1279 2848 1476 2919 aliquo
1534 2850 1705 2906 modo
1761 2855 1923 2908 extra

269 2936 487 2991 mundi
517 2937 663 2992 ﬁnes
695 2935 951 3007 positum
994 2936 1459 3003 somniaverunt,
1516 2937 1658 2993 illud
1700 2939 1923 2994 Tertul-

268 3025 434 3081 liano
468 3025 614 3081 satis
635 3025 817 3080 fuisse
840 3025 970 3096 quis
1002 3042 1264 3095 unquam
1295 3026 1698 3083 inﬁciahitur?
1730 3029 1923 3084 Potuit

268 3115 435 3171 enim
470 3114 790 3186 Epicureis,
825 3130 974 3184 quos
991 3113 1208 3169 ethnici
1231 3116 1720 3186 aspernabantur,
1742 3119 1920 3173 omis-
1954 3138 2001 3186 ,,‘

270 3204 382 3269 sis,
416 3204 746 3259 Stoicorum
789 3203 975 3258 facere
1017 3203 1393 3259 mentionem.
1457 3204 1920 3279 Verumtamem,

274 3310 645 3366 quaecunque
674 3292 932 3364 genuina
987 3293 1063 3348 sit
1120 3292 1463 3348 Tertulliani
1521 3293 1711 3363 lectio,
1771 3296 1923 3353 idem

273 3384 395 3439 erit
425 3381 955 3454 argumentationis
984 3382 1112 3452 ejus
1144 3383 1375 3452 pondus
1406 3399 1471 3437 ac
1529 3385 1725 3441 robur.
1780 3386 1924 3443 Nam

271 3491 344 3529 ex
377 3488 448 3527 ea
478 3477 538 3526 et
565 3471 657 3526 his
679 3471 954 3526 omnibus
976 3487 1103 3541 quas
1134 3470 1417 3527 hactenus
1448 3473 1748 3545 disputata
1764 3479 1923 3546 sunt,

271 3560 465 3618 cuivis
480 3560 704 3631 liquido
722 3560 963 3631 patebit,
990 3576 1167 3631 quam
1188 3561 1544 3631 meritojure
1560 3563 1656 3618 ille
1696 3581 1925 3621 asseve-

275 3655 369 3706 ret
383 3655 503 3704 tam
518 3648 753 3703 difﬁcile
768 3648 949 3704 fuisse
961 3648 1326 3720 philosophis
1340 3651 1616 3708 omnibus
1631 3657 1924 3721 naturam,

268 3737 624 3810 qualitatem
637 3742 692 3792 et
713 3738 910 3792 sedem
929 3736 1026 3791 Dei
1041 3738 1367 3809 designare,
1408 3740 1555 3796 821
1576 3758 1749 3812 quam
1766 3742 1823 3797 id
1844 3742 1927 3798 vel

277 3828 501 3882 inﬁmae
528 3826 703 3881 sortis
733 3826 1060 3881 Christiano
1092 3832 1431 3898 promptum
1464 3830 1751 3902 facileque
1796 3832 1925 3886 fuit.

346 3933 571 3989 Verum
595 3932 739 3987 illud
764 3932 955 3987 adhuc
980 3932 1327 3989 auctoritate
1374 3936 1761 3993 conﬁrmatur
1798 3938 1926 3993 Pla-

278 4022 467 4089 tonis,
492 4020 729 4076 illorum
761 4020 1025 4077 omnium
1059 4021 1224 4078 facile
1258 4022 1556 4095 principis,
1592 4028 1713 4097 qui,
1774 4027 1929 4083 sicut

273 4114 409 4185 ipse
430 4109 830 4165 Tertullianus
863 4116 1150 4165 memorat
1172 4127 1396 4183 nosque
1423 4112 1578 4169 haud
1601 4115 1783 4170 semel
1802 4116 1929 4171 ani-

280 4199 735 4265 madvertimus,
761 4198 955 4271 palam
985 4200 1279 4269 professus
1323 4205 1431 4269 est,
1470 4225 1491 4251 ι
1541 4202 1927 4260 factitatorem

281 4287 697 4345 universitatis
727 4303 918 4359 neque
947 4288 1191 4343 inveniri
1226 4289 1478 4358 facilem,
1524 4297 1579 4347 et
1627 4294 1929 4349 inventum

277 4378 548 4435 enarrari
573 4378 631 4432 in
664 4394 868 4433 omnes
916 4377 1238 4433 difﬁcilem.
1268 4400 1295 4429 ››
1332 4380 1693 4450 (Tertullian.
1728 4384 1926 4455 Apolo-

276 4471 391 4540 ρει.
416 4484 546 4538 cap.
580 4468 688 4535 116;
720 4466 868 4523 Plat.
903 4467 1035 4521 Tim.
1069 4483 1197 4537 pag.
1228 4467 1319 4539 28)
1370 4470 1756 4534 Quamobrem
1810 4490 1929 4529 sec.

281 4539 511 4612 tatores
551 4557 704 4627 ejus,
754 4554 837 4611 uti
871 4555 985 4611 alio
1011 4556 1073 4611 in
1103 4555 1255 4611 libro
1316 4557 1397 4612 ait
1449 4564 1653 4615 auctor
1708 4567 1928 4630 noster,
1962 4539 2006 4603 D

279 4646 482 4714 illum,
518 4668 546 4695 ‹‹
580 4661 757 4717 quem
789 4662 902 4700 non
927 4643 1161 4716 penitus
1184 4646 1564 4717 admiserant,
1590 4667 1777 4722 neque
1800 4669 1937 4708 nos-

281 4752 352 4791 se
387 4739 727 4807 potuerunt,
762 4750 949 4804 neque
974 4734 1201 4802 timere,
1229 4751 1333 4790 nec
1357 4735 1492 4792 inde
1524 4754 1748 4810 sapere,
1771 4758 1935 4797 exor-

284 4824 553 4880 bitantes
586 4823 808 4879 scilicet
836 4824 909 4878 ab
939 4822 1108 4878 initio
1139 4824 1459 4897 sapientiae,
1504 4827 1560 4881 id
1609 4834 1720 4896 est,
1779 4835 1938 4885 metu

293 4914 356 4968 in
394 4912 581 4967 Deum
614 4935 643 4963 n
676 4913 866 4983 (Tom.
901 4916 925 4965 Ι
953 4913 1216 4984 Apparat.
1276 4930 1414 4986 pag.
1453 4916 1594 4985 9/18;
1653 4918 1936 4974 Dissertat.

287 5005 354 5059 in
402 5002 593 5057 Minut.
657 5006 849 5059 Octav.
913 5018 1040 5074 cap.
1096 5002 1147 5057 4.
1212 5008 1321 5058 art.
1378 5005 1458 5075 2.)
1507 5006 1760 5069 Quilibet
1808 5024 1939 5064 vero

288 5090 667 5147 Christianus
697 5090 864 5145 illum
899 5090 1138 5161 invenit,
1171 5096 1228 5147 et
1258 5115 1286 5142 «
1322 5095 1476 5164 quod
1511 5095 1569 5149 in
1630 5101 1741 5152 Deo
1791 5114 1943 5168 quae-

292 5181 471 5248 ritur,
505 5198 565 5236 re
586 5196 821 5252 quoque
852 5179 1137 5251 assignat,
1167 5199 1194 5231 ιι
1232 5182 1598 5250 (Tertullian.
1651 5186 1752 5241 lib.
1802 5203 1842 5241 ιι
1873 5186 1943 5241 ad

294 5271 525 5326 Nation.
558 5287 686 5342 cap.
718 5270 774 5341 2)
806 5268 1001 5340 ipsum
1062 5268 1332 5324 videlicet
1377 5288 1506 5327 esse
1563 5291 1767 5345 unum,
1824 5292 1944 5331 om-

294 5360 684 5431 nipotentem,
733 5359 1055 5429 inﬁnitum,
1090 5359 1288 5413 mundi
1323 5365 1663 5428 creatorem,
1713 5368 1770 5418 et
1827 5380 1941 5437 quo

289 5447 445 5503 nihil
471 5449 665 5518 majus
695 5448 1024 5519 meliusque
1054 5447 1365 5519 excogitari
1417 5454 1627 5521 potest.
1690 5452 1945 5525 Quapro-

292 5541 428 5609 pter
458 5554 592 5593 eum
619 5538 805 5608 timet,
837 5543 895 5594 et
924 5537 1095 5609 longe
1113 5536 1301 5607 magis
1332 5539 1504 5610 sapit,
1541 5558 1718 5613 quam
1743 5542 1800 5598 hi
1837 5559 1942 5599 οω-

290 5628 447 5687 teris
476 5626 845 5701 philosOphis
868 5626 1274 5701 sapientiores.

588 5758 851 5819 ΡΑτιιοι..
898 5754 948 5816 I.

2020 2121 2229 2190 factum
2259 2115 2519 2171 arbritati
2547 2120 2675 2172 sunt
2705 2116 3023 2187 (Plutarch.
3049 2119 3151 2176 lib.
3184 2137 3222 2177 ιι
3254 2123 3328 2178 De
3354 2124 3507 2180 Plac.
3530 2124 3663 2195 phi-

2025 2207 2236 2279 tosoph.
2268 2222 2394 2276 cap.
2431 2205 2483 2274 4,
2517 2222 2651 2277 pag.
2708 2206 2857 2278 886).
2907 2208 3055 2271 Quid
3117 2209 3302 2282 ergo?
3362 2213 3664 2270 Erravitne

2025 2298 2217 2353 adhuc
2246 2293 2645 2350 Tertullianus
2676 2312 2742 2351 ac
2765 2312 2978 2352 nomen
3011 2298 3347 2371 Pythagora;
3401 2318 3504 2373 pro
3551 2302 3666 2360 alio

2026 2385 2106 2440 ibi
2136 2384 2283 2456 ipse,
2342 2380 2429 2437 vel
2486 2381 2764 2439 librarius
2819 2384 3126 2457 scripsisse
3183 2387 3467 2445 dicendus
3526 2390 3670 2447 est?

2027 2472 2325 2543 Numquid
2348 2470 2563 2542 potius,
2588 2470 2726 2541 quia
2755 2472 3003 2529 celebris
3023 2473 3118 2530 hic
3158 2475 3544 2550 philosophus
3595 2480 3670 2537 ab

2028 2563 2233 2619 eodem
2294 2559 2630 2629 Plutarcho,
2689 2560 2942 2631 Laertio,
2998 2563 3361 2622 Theodoreto
3426 2571 3484 2623 et
3539 2568 3672 2625 aliis

2030 2652 2299 2709 docuisse
2330 2648 2670 2721 perhibetur
2701 2651 2987 2707 unitatem
3018 2668 3146 2709 esse
3175 2671 3372 2711 rerum
3405 2657 3672 2715 omnium

2031 2738 2409 2814 principium,
2445 2741 2623 2807 atque
2671 2753 2738 2792 ex
2788 2741 3052 2796 numeris
3101 2742 3300 2799 omnia
3338 2745 3488 2813 ﬁeri,
3536 2747 3675 2804 inde

2031 2834 2237 2886 auctor
2282 2831 2483 2881 noster
2514 2827 2721 2882 conﬁci
2742 2844 2915 2899 posse
2944 2831 3499 2907 putavitmundum,
3522 2836 3674 2893 sicut

2032 2918 2318 2974 unitatem
2351 2919 2408 2970 et
2441 2931 2721 2972 numeros
2763 2934 2866 2973 nec
2889 2924 3082 2975 ortum
3111 2920 3290 2977 fuisse
3319 2940 3424 2979 nec
3450 2925 3671 2983 factum

2032 3007 2188 3081 (Ibid.
2213 3005 2313 3060 lib.
2348 3021 2408 3074 ιι,
2444 3019 2571 3075 cap.
2606 3005 2668 3073 3;
2702 3004 2889 3061 Laert.
2915 3007 3018 3062 lib.
3054 3026 3171 3077 νιιι,
3203 3015 3230 3081 §
3259 3012 3368 3080 25;
3402 3014 3669 3072 Theodo-

2033 3102 2137 3153 ret.
2172 3113 2348 3152 serm.
2392 3099 2446 3163 2,
2470 3098 2545 3150 De
2568 3096 2873 3167 principio,
2908 3114 3040 3169 pag.
3089 3099 3262 3163 489)?
3315 3102 3426 3157 Sed
3480 3105 3530 3159 si
3592 3106 3674 3162 ita

2034 3204 2126 3243 res
2158 3203 2221 3243 se
2252 3187 2484 3255 habeat,
2519 3186 2681 3243 citati
2707 3202 2740 3240 a
2770 3186 2939 3241 nobis
2969 3192 3238 3245 auctores
3268 3191 3483 3247 erroris
3540 3210 3697 3265 pro-7

2034 3277 2125 3332 cul
2155 3276 2332 3332 dubio
2362 3278 2800 3333 convincentur.
2838 3276 3132 3348 Numquid
3166 3278 3345 3351 igitur
3394 3282 3675 3354 probabi-

2036 3366 2152 3422 lius
2201 3366 2315 3423 dici
2347 3370 2541 3438 potest
2596 3365 2977 3437 Pythagoram
3038 3368 3357 3425 errantium
3414 3387 3576 3429 more
3615 3374 3676 3429 in

2036 3456 2240 3510 eadem
2297 3472 2414 3510 non
2477 3453 2877 3528 permansisse
2934 3457 3272 3512 sententia?
3324 3458 3455 3515 Haec
3503 3461 3677 3518 velim

2035 3544 2349 3615 expendas,
2381 3548 2437 3599 et
2467 3542 2832 3615 pronunties.

2108 3631 2288 3687 Multo
2320 3632 2518 3704 itaque
2548 3631 2742 3687 verius
2773 3631 3108 3704 certiusque
3152 3633 3299 3690 illud
3353 3640 3461 3706 est,
3520 3638 3676 3711 quod

2037 3726 2240 3778 auctor
2266 3727 2462 3777 noster
2495 3721 2759 3791 tradidit,
2793 3722 3079 3777 mundum
3134 3740 3203 3778 ex
3231 3724 3415 3782 nihilo
3474 3746 3507 3782 a
3562 3729 3680 3787 Deo

2036 3816 2321 3881 creatum,
2354 3834 2381 3860 «
2414 3811 2587 3865 verbo
2620 3827 2735 3882 quo
2760 3811 2963 3881 jussit,
2990 3811 3211 3869 ratione
3226 3832 3342 3886 qua
3363 3816 3677 3891 disposuit,

2036 3900 2250 3956 virtute
2285 3916 2399 3970 qua
2428 3898 2639 3969 potuit.
2672 3921 2700 3949 »
2728 3899 3087 3969 (Tertullian.
3120 3902 3393 3973 Apologet.
3428 3922 3555 3977 cap.
3591 3908 3679 3979 17,

2039 3994 2095 4046 et
2125 4005 2250 4059 cap.
2283 3988 2397 4058 21.)
2428 3988 2581 4043 822
2617 3988 2779 4053 Quod
2814 3988 3049 4058 quidem
3081 3990 3154 4044 ab
3211 4008 3277 4048 eo
3334 3995 3671 4065 repetitum,

2038 4083 2147 4135 eta
2175 4076 2421 4132 Minutio
2450 4075 2656 4141 Felice,
2687 4081 2748 4131 ut
2780 4075 2921 4131 alibi
2955 4078 3499 4152 animadvertimus,
3524 4087 3680 4140 tran-

2040 4166 2327 4237 scriptum
2354 4170 2445 4221 est
2504 4167 2788 4221 Dissertat.
2840 4166 2902 4219 in
2955 4167 3147 4223 Μίνωι.
3202 4169 3380 4225 Octav.
3450 4189 3575 4244 cap.
3623 4174 3679 4245 2,

2040 4260 2148 4311 art.
2180 4255 2260 4326 5).
2294 4255 2404 4309 Sed
2460 4254 2613 4325 quod
2659 4254 2728 4310 de
2776 4256 2886 4311 hoc
2926 4255 3022 4311 Dei
3080 4257 3253 4313 verbo
3302 4260 3681 4319 Tertulianus

2042 4347 2229 4412 docet,
2255 4345 2397 4415 jam,
2431 4343 2481 4399 si
2523 4342 2732 4415 placet,
2793 4343 3105 4417 diligenter
3133 4350 3556 4419 expendamus.

2655 4450 2882 4505 CAPUT
2909 4450 3060 4508 VIII.

2532 4524 2609 4578 De
2633 4521 2841 4578 Christi
2863 4524 3190 4582 divinitate.

2558 4628 2875 4669 ARTICULUS
2916 4629 3157 4670 PRIMUS.

2047 4703 2122 4757 De
2144 4703 2327 4775 parii;
2345 4700 2492 4758 Filii
2522 4702 2621 4775 Dei
2675 4701 3010 4771 nominibus,
3038 4720 3103 4757 ac
3156 4720 3323 4775 quam
3384 4706 3688 4766 luculenter

2120 4773 2494 4828 Tertullianus
2550 4772 2734 4828 doceat
2764 4775 2887 4829 veri
2904 4772 3219 4845 summique
3261 4778 3369 4833 Dei
3421 4781 3689 4840 attributa

2118 4846 2209 4900 illi
2238 4847 2548 4913 convenire,
2580 4860 2807 4916 cumque
2838 4862 3013 4901 unum
3034 4851 3085 4903 et
3112 4856 3382 4905 aeternum
3406 4866 3532 4907 cum
3576 4854 3688 4910 Pa-

2120 4924 2204 4971 tre
2222 4933 2320 4973 suo
2343 4932 2457 4972 esse
2486 4917 2673 4970 Deum.

2124 5003 2271 5066 Quid
2308 5004 2383 5057 sit
2412 5002 2693 5072 Verbum,
2727 5003 2913 5075 Ratio,
2949 5005 3174 5074 Sermo,
3224 5013 3281 5064 et
3309 5009 3513 5074 Fillius
3562 5012 3687 5087 Dei,

2052 5097 2117 5147 ut
2140 5092 2537 5148 Tertullianus
2568 5093 2843 5149 omnibus
2876 5095 3203 5169 patefaciet,
3238 5100 3469 5158 duobus
3500 5106 3691 5164 modis

2051 5186 2108 5237 et
2136 5182 2347 5249 Deum,
2370 5187 2427 5236 et
2458 5182 2710 5237 Verbum
2748 5183 2840 5238 Dei
2867 5184 3100 5240 Fillium
3134 5189 3488 5249 considerari
3517 5212 3693 5267 posse

2051 5271 2238 5325 docet.
2270 5272 2452 5326 Ambo
2485 5270 2640 5325 enim
2675 5274 2927 5344 spectari
2949 5281 3198 5344 possunt
3226 5285 3544 5353 antequam
3567 5285 3695 5357 ipse

2055 5360 2207 5414 Deus
2240 5361 2527 5415 mundum
2554 5360 2643 5416 vel
2683 5366 3003 5417 creaturam
3026 5364 3207 5421 ullam
3238 5371 3583 5442 condiderit,
3607 5374 3695 5432 vel

2054 5446 2287 5517 quando
2310 5449 2569 5504 mundus
2598 5450 2670 5504 ab
2701 5467 2766 5505 eo
2816 5455 3046 5507 creatus
3070 5458 3178 5509 est.
3212 5455 3291 5513 De
3322 5464 3570 5534 utroque
3586 5479 3695 5522 au-

2054 5538 2171 5590 tem
2203 5543 2335 5592 ante
2363 5540 2715 5595 creationem
2752 5542 2955 5597 mundi
2987 5542 3096 5599 hoc
3126 5548 3409 5618 tanquam
3439 5551 3695 5606 certissi-

2054 5650 2219 5691 mum
2252 5637 2590 5699 constituit:
2628 5661 2657 5691 κ
2688 5639 2838 5701 Ante
2882 5640 3081 5701 omnia
3126 5641 3281 5703 Deus
3329 5649 3454 5704 erat
3506 5645 3691 5723 solus,

3347 5775 3424 5843 29
