4106 6178
476 258 594 324 907

993 258 1519 322 TERTULLIANI
1567 255 1889 319 OPERUM
1936 246 2135 312 PARS
2178 251 2224 309 Ι.
2260 284 2337 294 -
2368 248 2643 311 SElilES
2690 250 2736 323 Ι,
2784 248 3341 311 APOLOGIS'I‘IGA.

3722 256 3824 317 908

480 397 607 470 ipse
638 395 749 453 sibi
772 395 1052 466 mundus,
1077 398 1133 451 et
1162 394 1348 460 locus,
1381 399 1438 450 et
1463 393 1683 449 omnia.
1709 390 1881 447 Solus
1899 392 2118 455 autem,
2157 386 2207 453 Α
2236 383 2480 449 tantius,
2517 389 2579 439 ut
2609 403 2715 442 suo
2748 386 2871 443 loco
2893 385 3169 454 vidimus,
3200 386 3465 443 certiores
3484 405 3582 444 nos
3603 389 3831 447 fecerunt

485 486 625 559 quia
651 485 797 542 nihil
829 485 988 542 aliud
1021 484 1385 541 extrinsecus
1408 481 1821 555 praeterillum.
1848 482 2128 534 Caeterum

487 594 559 633 ne
589 581 728 633 tunc
749 574 982 646 quidem
1014 573 1174 630 solus
1199 592 1211 641 ;
1238 572 1492 628 habebat
1522 572 1679 628 enim
1706 586 1931 637 secum,
1954 581 2131 638 quam

485 665 741 722 habebat
770 664 830 720 in
856 665 1195 735 semetipso,
1230 665 1514 718 rationem
1548 678 1717 717 suam
1748 660 1987 716 scilicet.
2022 655 2131 709 Ra-

483 755 747 824 tionalis,
780 758 837 811 et
866 755 1011 810 ratio
1042 754 1100 808 in
1132 753 1259 824 ipso
1283 751 1542 823 prius,et
1573 750 1654 805 ita
1668 750 1880 822 abipso
1913 746 2131 801 omnia.

487 846 622 910 Qum
654 845 801 902 ratio
832 861 1042 901 sensus
1074 842 1260 914 ipsius
1288 846 1395 897 est.
1429 841 1588 895 Hanc
1619 840 1799 895 Graeci
1832 835 1997 909 Λόγος
2048 832 2134 888 di-

490 940 653 1001 cunt,
685 951 801 1006 quo
824 933 1101 990 vocabulo
1150 932 1326 987 etiam
1358 946 1689 986 sermonem
1747 926 2135 999 appellamus.

496 1026 747 1097 Ideoque
767 1025 897 1096 jam
930 1024 990 1077 in
1025 1039 1134 1077 usu
1166 1025 1257 1076 est
1286 1024 1621 1075 nostrorum
1654 1035 1756 1089 per
1786 1014 2137 1087 simplicita-

491 1117 613 1172 tem
644 1112 1141 1186 interpretationis
1165 1126 1496 1166 sermonem
1514 1109 1703 1164 dicere
1735 1107 1794 1161 in
1820 1104 2139 1178 primordio

495 1204 651 1277 apud
687 1205 867 1259 Deum
900 1202 1101 1269 fuisse,
1135 1216 1268 1255 cum
1302 1198 1490 1269 magis
1523 1199 1811 1253 rationem
1848 1196 2141 1265 competat

500 1291 1133 1364 antiquioremhaberi;
1152 1289 1291 1361 quia
1310 1305 1423 1343 non
1438 1286 1788 1342 sermonalis
1805 1305 1837 1340 a
1850 1282 2140 1357 principio

496 1384 599 1439 sed
634 1381 934 1438 rationalis
962 1381 1115 1436 Deus
1144 1378 1316 1434 etiam
1350 1384 1483 1432 ante
1511 1375 1889 1447 principium,
1921 1377 1978 1427 et
2006 1371 2146 1445 quia

498 1473 624 1546 ipse
672 1488 901 1544 quoque
949 1487 1142 1527 sermo
1201 1468 1427 1526 ratione
1484 1467 1837 1532 consistens,
1888 1466 2143 1537 priorem

496 1578 649 1629 eam,
685 1567 748 1619 ut
778 1561 1174 1618 substantiam
1208 1575 1399 1625 suam,
1462 1557 1750 1612 ostendat.
1809 1556 2029 1610 Tamen
2088 1562 2146 1610 et

500 1652 585 1707 sic
616 1652 762 1708 nihil
794 1653 1057 1707 interest.
1089 1649 1235 1706 Nam
1266 1652 1324 1704 et
1353 1646 1402 1702 si
1423 1646 1577 1701 Deus
1626 1646 1889 1701 nondum
1923 1661 2144 1699 sermo-

2239 475 2395 530 hunc
2418 471 2579 549 λόγον
2614 493 2646 531 a
2676 478 2903 532 Zenone
2934 477 3167 532 ethnico
3213 476 3547 549 philosopho
3600 480 3831 550 agnitum

2242 581 2416 635 quem
2475 567 2858 622 universitati:
2916 567 3303 622 factitatorem
3350 582 3471 623 esse
3523 569 3838 639 praedicabat

2242 654 2447 725 (Idem,
2499 657 2756 727 Apologet
2815 674 2941 727 cap.
3000 657 3104 723 21;
3162 657 3450 712 Dissertat.
3507 658 3563 711 in
3616 662 3836 713 Lactant.

2243 762 2368 815 cap.
2404 746 2487 813 16,
2523 752 2631 800 art.
2668 746 2739 816 1).
2778 746 2955 799 Addit
2990 750 3194 800 auctor
3220 750 3443 803 noster:
3484 766 3504 794 ι
3561 745 3839 806 Cleanthes

2243 834 2303 888 in
2337 836 2609 905 spiritum
2644 836 2924 905 congerit,
2957 851 3131 905 quem
3156 841 3565 906 permeatorem
3594 836 3841 892 universi-

2245 925 2382 979 tatis
2415 925 2689 979 aiiirmat.
2720 948 2745 971 ‹‹
2774 924 3143 992 (Tertullian.
3196 926 3294 979 lac.
3329 927 3418 979 cit.
3439 941 3459 986 ,·
3480 929 3615 981 tom.
3646 925 3665 980 Ι
3694 928 3844 998 Appa-

2248 1024 2358 1069 ναι.
2396 1030 2527 1085 pag.
2569 1015 2709 1082 782;
2768 1015 3059 1069 Dissertat.
3119 1016 3179 1069 in
3226 1014 3424 1084 Minue,
3471 1015 3579 1071 Oct.
3632 1032 3745 1086 cap.
3798 1018 3840 1085 4,

2250 1108 2359 1158 art.
2398 1106 2421 1158 1
2452 1122 2464 1172 ;
2500 1109 2556 1158 et
2599 1106 2894 1159 Dissertat.
2954 1106 3015 1158 in
3044 1105 3317 1169 Lactant.,
3375 1120 3499 1175 cap.
3541 1104 3626 1171 l2,
3657 1110 3754 1160 art.
3786 1107 3847 1172 1.)

2251 1198 2326 1248 At
2346 1193 2439 1247 hic
2469 1193 2775 1249 Cleanthes
2798 1193 3042 1247 Zenonis
3065 1193 3391 1264 discipulus
3414 1194 3539 1263 fuit,
3563 1196 3847 1265 quedmad-

2254 1283 2494 1337 modum
2528 1282 2666 1337 alibi
2698 1282 3135 1349 annotavimus,
3167 1282 3268 1337 ubi
3308 1282 3480 1338 etiam
3512 1283 3849 1356 exposuimus

2252 1389 2377 1444 qua:
2410 1372 2567 1427 illius
2603 1373 2773 1427 fuerit
2802 1373 2872 1426 de
2906 1373 3019 1427 Deo
3040 1372 3350 1439 sententia,
3388 1391 3455 1427 ex
3484 1390 3595 1444 qua
3622 1374 3694 1444 id,
3723 1374 3850 1444 quod

2254 1466 2454 1517 narrat
2482 1461 2901 1531 Tertullianus,
2939 1463 3318 1533 desumptum
3352 1462 3593 1519 videtur.

2324 1574 2455 1625 Jam
2486 1587 2619 1626 vero
2659 1587 2727 1625 ex
2747 1569 2859 1637 his,
2887 1587 3010 1641 quia
3043 1570 3135 1625 ille
3168 1570 3237 1626 de
3266 1570 3369 1626 Dei
3399 1571 3603 1641 Verbo,
3624 1588 3854 1628 sermone

2255 1664 2312 1714 et
2360 1660 2581 1715 ratione
2613 1660 2777 1725 dixit,
2807 1660 2887 1715 ita
2919 1659 3241 1731 explicatis,
3269 1660 3461 1732 colligi
3488 1662 3677 1733 utique
3700 1666 3855 1733 potest

500 1760 635 1801 nem
667 1760 844 1800 suum
879 1743 1139 1808 miserat.
1176 1738 1418 1812 Ρτοίῦάθ
1450 1754 1585 1793 eum
1616 1754 1749 1792 Cum
1797 1736 1926 1829 ἱρεδξ
1981 1741 2037 1791 et
2085 1736 2144 1790 in
2177 1763 2225 1829 Β
2258 1764 2605 1819 persuasum
2639 1748 2878 1803 omnino
2914 1746 3025 1819 ipsi
3075 1746 3257 1803 fuisse
3294 1746 3442 1803 illud
3501 1748 3736 1804 interius
3775 1748 3853 1804 Dei

499 1831 627 1905 ipsa
650 1834 877 1891 ratione
907 1833 1063 1888 intra
1091 1829 1478 1900 semetipsum
1510 1828 1767 1896 habetat,
1818 1825 1991 1881 tacite
2047 1842 2147 1881 co-

502 1922 745 1994 gitando
774 1921 1210 1993 etdisponendo
1238 1935 1459 1985 secum,
1492 1934 1619 1987 qua:
1670 1932 1771 1987 per
1809 1931 2144 1971 sermonem

507 2028 641 2067 mox
669 2018 794 2068 erat
823 2013 1109 2067 dicturus.
1143 2009 1288 2064 Cum
1321 2007 1541 2061 ratione
1560 2008 1715 2061 enim
1742 2023 1850 2061 sua
1882 2006 2149 2077 cogitans

508 2106 683 2171 atque
713 2101 1031 2173 disponens
1060 2114 1390 2156 sermonem
1440 2112 1567 2151 eam
1602 2095 1913 2164 efficiebat,
1974 2111 2149 2167 quam

508 2205 777 2246 sermone
798 2190 1086 2246 tractabat
1115 2210 1143 2237 «
1179 2184 1540 2256 (Tertullian.
1575 2185 1697 2239 adv.
1721 2186 1891 2239 Prax.
1925 2202 2030 2256 cap
2067 2186 2145 2257 5.)

506 2282 639 2335 Haec
690 2284 909 2346 autem,
939 2276 1051 2333 etsi
1100 2274 1274 2347 paulo
1320 2272 1600 2342 longiora,
1662 2273 1876 2327 idcirco
1924 2273 2149 2344 integra

506 2370 841 2441 retulimus,
900 2370 1037 2441 quia
1108 2367 1308 2423 omnia
1357 2364 1643 2438 singulari
1717 2366 2039 2421 attentione
2092 2370 2149 2421 et

506 2461 778 2518 examine
808 2459 986 2530 digna
1017 2460 1176 2514 sunt.

572 2550 769 2605 Primo
800 2548 998 2619 itaque
1019 2545 1277 2601 declarat
1304 2544 1489 2599 Deum
1521 2548 1655 2598 ante
1675 2543 2056 2615 principium,
2083 2544 2141 2598 id

503 2645 595 2695 est
624 2639 696 2694 ab
728 2636 888 2692 omni
910 2637 1254 2700 aeternitate,
1277 2649 1341 2688 ac
1367 2632 1609 2703 proinde
1640 2636 1954 2703 antequam
1979 2650 2145 2687 mun-

501 2728 614 2784 dus
641 2732 956 2791 crearetur,
975 2725 1155 2779 fuisse
1195 2727 1250 2777 et
1277 2721 1467 2777 solum
1499 2725 1553 2775 et
1577 2736 1691 2775 non
1724 2722 1937 2775 solum.
1997 2725 2145 2777 Ante

504 2817 711 2872 mundi
743 2816 959 2888 quippe
990 2812 1340 2868 creationem
1365 2808 1526 2865 solus
1558 2813 1701 2874 erat,
1727 2811 1840 2879 ipse
1858 2811 1968 2865 sibi
1983 2828 2142 2866 mun-

500 2909 626 2973 dus,
670 2908 818 2962 locus
846 2913 898 2961 et
924 2903 1133 2971 omnia,
1167 2900 1304 2971 quia
1335 2898 1480 2953 nihil
1531 2902 1736 2969 praeter
1765 2916 1826 2953 se
1860 2901 2140 2957 extrinse-

502 3013 607 3053 cus
639 2995 910 3050 habebat.
960 2991 1108 3046 Tum
1138 2994 1335 3045 tamen
1362 2993 1486 3042 erat
1537 2986 1720 3053 solus,
1774 2989 1915 3058 quia
1971 3006 2140 3047 suam

500 3085 755 3143 habebat
784 3083 1092 3138 rationem.
1142 3083 1291 3133 Ante
1349 3076 1703 3148 principium
1744 3094 1897 3145 vero,
1948 3096 2047 3134 seu
2108 3096 2142 3135 a

500 3132 1304 3230 tota-asternitaterationalis
1327 3132 1457 3233 fuit,
1491 3132 1965 3236 quandoquidem
1986 3132 2142 3225 Deus
2172 3132 2215 3201 α

500 3279 631 3319 esse
660 3278 777 3318 non
807 3262 1018 3332 potest,
1052 3256 1165 3313 nisi
1197 3256 1275 3311 sit
1304 3271 1480 3310 sensu
1511 3259 1569 3308 et
1600 3254 1823 3309 ratione
1842 3257 2141 3326 praeditus.

570 3369 860 3433 Secundo,
891 3365 1148 3420 divinam
1178 3360 1340 3416 illam
1374 3364 1770 3431 aeternamque
1818 3362 1918 3417 Dei
1970 3366 2145 3420 ratio-

503 3472 637 3514 nem
670 3456 866 3522 Graeci,
896 3453 1110 3524 inquit,
1143 3449 1307 3523 λόγον
1342 3450 1552 3516 dicunt,
1586 3448 1742 3504 haud
1771 3450 1949 3506 dubie
2006 3454 2147 3524 quia

498 3547 755 3604 Joannes
785 3542 1082 3614 Evangelii
1112 3540 1205 3595 sui
1235 3538 1403 3594 initio
1453 3537 1723 3609 scripsit:
1774 3538 1858 3591 ’Ev
1895 3539 2041 3613 ἀρχῆ
2077 3541 2141 3608 ἦν

504 3636 532 3689 ὁ
567 3634 729 3709 λόγος
766 3633 1047 3705 (loan.)1,
1092 3632 1165 3701 1).
1199 3628 1344 3684 Nam
1404 3627 1529 3697 ipse
1576 3626 1972 3684 Tertullianus
2025 3630 2146 3686 haec

504 3726 706 3781 Latine
738 3725 817 3778 ita
851 3722 1083 3777 citavit:
1144 3721 1206 3774 In
1270 3717 1544 3787 principio
1600 3716 1930 3773 eratSermo.

504 3819 557 3871 et
576 3816 764 3869 Sermo
790 3811 943 3883 apud
980 3811 1147 3865 Deum
1183 3816 1232 3863 et
1290 3808 1429 3860 Deus
1484 3814 1605 3860 erat
1662 3806 1849 3862 Sermo
1898 3810 2145 3877 ('l‘ertul-

504 3905 645 3960 lian.
678 3902 807 3960 adv.
840 3902 1022 3955 Herm.
1056 3914 1185 3969 cap.
1219 3898 1332 3966 20).
1382 3895 1535 3949 823
1592 3895 1727 3964 EJUS
1759 3901 1951 3951 autem
1997 3904 2145 3953 tem-

504 4010 645 4068 pore
676 4009 803 4047 mos
832 3990 1177 4053 invaluerat,
1211 3992 1275 4041 ut
1306 3985 1485 4040 Filius
1527 3984 1626 4039 Dei
1660 4002 1692 4038 a
1724 3986 1947 4041 Latinis
1988 3989 2146 4044 dice-

501 4089 664 4141 retur
691 4087 913 4147 Sermo,
945 4096 1078 4134 cum
1112 4075 1322 4132 melius
1344 4076 1605 4131 Graecum
1643 4074 1784 4130 illud
1819 4094 2029 4133 nomen
2052 4076 2148 4132 λό-

496 4192 592 4249 γος
626 4173 698 4228 ab
728 4170 845 4227 illis
878 4170 1024 4225 ratio
1055 4167 1170 4223 dici
1201 4166 1518 4221 debuisset.
1553 4166 1677 4229 Qua
1697 4166 1932 4235 quidem
1968 4168 2145 4221 dein-

496 4261 913 4335 terpretatione
942 4259 1192 4330 egimus,
1222 4253 1703 4310 ubiostendimus
1725 4257 2144 4326 transcriptum

498 4352 683 4409 fuisse
707 4368 741 4407 a
771 4347 1067 4405 Lactantio
1098 4346 1254 4401 hunc
1284 4341 1625 4398 Tertulliani
1674 4342 1866 4396 locum
1915 4344 2146 4413 (υίεδεν.

498 4445 599 4497 tat.
620 4443 685 4495 in
713 4444 965 4494 Lactant.
1001 4453 1126 4508 cap.
1162 4436 1248 4501 16,
1277 4438 1367 4487 art
1393 4432 1469 4503 2).

572 4547 789 4615 Tertio,
826 4563 932 4602 nos
962 4545 1061 4599 ille
1091 4542 1342 4597 monitos
1368 4537 1503 4593 facit
1524 4554 1630 4592 cur
1645 4536 1905 4592 Graecum
1931 4556 2139 4594 nomen

505 4634 670 4711 λόγος
695 4635 897 4691 Latine
937 4634 1084 4688 ratio
1108 4632 1303 4704 potius
1335 4644 1510 4699 quam
1544 4642 1722 4682 sermo
1751 4628 2140 4684 vertidebeat.

503 4728 682 4794 Deus,
713 4724 925 4796 inquit,
959 4726 1093 4777 ante
1123 4720 1474 4792 principium
1510 4716 1803 4771 rationalis
1831 4717 1959 4785 fuit,
1993 4734 2142 4771 non-

501 4820 642 4874 dum
674 4821 871 4871 tamen
902 4811 1249 4875 sermonalis,
1278 4810 1420 4879 quia
1468 4807 1721 4862 habebat
1781 4805 1934 4859 intra
1958 4821 2019 4860 se
2051 4824 2142 4861 ra-

502 4908 746 4972 tionem,
776 4905 876 4961 sed
901 4903 1161 4958 nondum
1185 4913 1513 4955 sermonem
1529 4900 1690 4951 extra
1713 4910 1773 4949 se
1796 4895 1987 4965 ipsum
2004 4896 2145 4950 emi-

504 5001 690 5053 serat:
711 4996 785 5049 At
813 4992 1091 5064 quoniam
1133 4990 1202 5043 ab
1237 4994 1452 5042 esterno
1484 4986 1639 5040 sicut
1695 4983 2004 5053 rationem,
2064 4984 2143 5039 ita

501 5091 559 5140 et
612 5097 964 5139 sermomem
1044 5078 1195 5131 intra
1248 5092 1311 5131 se
1368 5074 1592 5139 habuit,
1652 5072 1947 5127 licentiam
2000 5073 2140 5127 Ter-

498 5172 786 5229 tullianus
845 5167 1161 5236 unicuique
1242 5165 1405 5218 dedit
1475 5168 1725 5231 utroque
1785 5160 2028 5215 rationis
2087 5166 2142 5216 et

500 5258 791 5316 sermonis
876 5254 1112 5310 nomine
1162 5268 1263 5323 pro
1340 5249 1504 5304 libito
1574 5248 1793 5304 utendi.
1871 5248 1955 5301 Ab
2041 5248 2139 5303 ilio

501 5352 701 5406 autem
720 5345 899 5401 Filius
913 5344 1013 5399 Dei
1032 5358 1143 5397 non
1165 5344 1393 5395 tantum
1412 5355 1625 5405 sermo,
1644 5338 1786 5392 ratio
1801 5342 1857 5391 et
1876 5337 2138 5400 verbum,

502 5438 601 5496 sed
627 5435 837 5508 sophia
866 5434 1040 5489 etiam
1074 5447 1175 5486 seu
1208 5427 1491 5500 sapientia
1509 5432 1749 5481 vocatur
1771 5425 2138 5497 (Tertullian.

503 5530 568 5586 de
609 5542 773 5584 carne
817 5523 1042 5591 Christi,
1077 5536 1203 5591 cap.
1242 5520 1346 5585 18;
1378 5518 1501 5573 adv.
1548 5520 1804 5586 Hermog.
1866 5532 1992 5587 cap.
2028 5516 2137 5587 18).

572 5619 855 5680 Ριιωιθιιθα
880 5613 979 5673 ille
1002 5612 1063 5669 in
1091 5625 1199 5669 suo
1225 5608 1591 5683 Apologetico,
1624 5621 1689 5664 ac
1737 5610 1940 5679 postea
1996 5606 2141 5662 Lac-

2172 4503 2220 4567 D

2264 1838 2518 1893 Verbum
2545 1842 2659 1891 tam
2683 1843 2962 1892 aeternum
2995 1853 3142 1902 esse,
3194 1854 3373 1909 quam
3428 1838 3729 1908 ipsummet
3753 1838 3856 1908 ejus

2259 1927 2514 1994 Patrem,
2548 1926 2647 1997 qui
2680 1925 2846 1981 illum
2872 1927 2944 1980 ab
2992 1930 3204 1982 aeterno
3264 1927 3526 1997 quidem,
3584 1926 3677 1981 sed
3733 1926 3855 1980 intra

2261 2016 2643 2087 semetipsum
2667 2016 2969 2083 duntaxat,
2996 2014 3255 2086 protulit.
3281 2015 3362 2069 De
3386 2015 3492 2070 hac
3510 2019 3694 2071 autem
3714 2014 3851 2069 Verbi

2261 2105 2443 2161 divini
2464 2106 2784 2160 azternitate
2816 2106 2969 2159 infra
2998 2106 3184 2160 fusius
3215 2106 3508 2175 agendum
3539 2106 3687 2175 (in/r.
3714 2107 3805 2159 art.
3829 2105 3855 2157 8

2259 2200 2315 2250 et
2344 2196 2547 2266 seqq).
2584 2195 2750 2250 Prius
2774 2195 2927 2249 enim
2961 2211 3091 2249 vera
3106 2211 3169 2248 ac
3189 2194 3422 2248 sincera
3438 2194 3682 2249 auctoris
3703 2192 3853 2248 nostri

2257 2286 2327 2340 de
2359 2302 2633 2356 suprema
2651 2284 2808 2339 illius
2822 2284 3121 2338 divinitate
3146 2284 3443 2338 sententia
3464 2283 3854 2340 accuratissime

2258 2387 2290 2425 a
2320 2370 2489 2426 nobis
2510 2370 2870 2426 enucleanda
2899 2371 3359 2442 exponendaque
3392 2376 3499 2426 est.

2330 2458 2591 2513 Primum
2616 2457 2813 2529 itaque
2841 2459 3010 2512 docet
3039 2457 3174 2511 huic
3206 2457 3406 2513 divino
3442 2457 3625 2513 Verbo
3680 2461 3730 2512 ct
3776 2454 3851 2511 Dei

2256 2547 2399 2603 Filio
2427 2548 2624 2603 omnia
2655 2546 2839 2602 Patris
2874 2547 2964 2601 sui
2996 2546 3193 2601 aeterni
3252 2548 3496 2603 nomina
3525 2552 3580 2602 et
3615 2547 3854 2602 attributa

2254 2639 2559 2694 convenire
2591 2653 2603 2690 :
2645 2658 2665 2687 ι
2703 2636 2969 2705 Nomina,
2995 2636 3187 2706 inquit
3218 2635 3445 2691 Patris:
3499 2637 3641 2691 Deus
3693 2636 3852 2691 omni-

2256 2734 2481 2801 potens,
2515 2726 2843 2781 altissimus
2866 2725 3154 2780 Dominus
3174 2726 3484 2795 virtutum,
3520 2744 3612 2782 rex
3634 2726 3847 2789 lsraelia,

2255 2819 2362 2885 Qui
2395 2822 2502 2882 est,
2536 2819 2825 2887 quatenus
2857 2814 2937 2868 ita
2968 2814 3283 2885 Scriptura
3316 2815 3548 2881 docent,
3580 2816 3691 2869 hinc
3731 2814 3848 2869 dici-

2255 2924 2385 2963 mus
2414 2912 2470 2961 et
2501 2906 2557 2960 in
2594 2904 2828 2959 Fillium
2859 2902 3226 2975 competisse,
3255 2910 3310 2959 et
3340 2904 3403 2959 in
3449 2905 3540 2959 his
3571 2904 3848 2959 Filiuinve-

2254 2998 2431 3063 nisse,
2467 3001 2523 3050 et
2554 2996 2610 3048 in
2643 2993 2733 3048 his
2761 3008 2993 3063 semper
3024 2992 3232 3063 egisse,
3266 2996 3321 3047 et
3353 2993 3442 3048 sic
3473 3011 3539 3048 ea
3584 2993 3638 3047 in
3685 3009 3738 3047 se
3765 2991 3848 3046 ho-

2256 3086 2515 3142 minibus
2550 3083 2974 3137 manifestas-se.
3008 3080 3235 3151 Omnia,
3272 3081 3490 3152 inquit,
3524 3080 3699 3137 Patris
3748 3097 3850 3136 mea

2254 3180 2409 3232 sunt.
2435 3175 2551 3229 Cur
2581 3188 2696 3225 non
2729 3175 2786 3224 et
2814 3168 3257 3223 nominaPCum
3315 3185 3458 3241 ergo
3513 3169 3648 3241 legis
3699 3170 3849 3225 Deum

2255 3263 2738 3333 omnipotentem,
2774 3262 2830 3312 et
2860 3256 3235 3323 altissimum,
3269 3261 3325 3312 et
3352 3258 3537 3314 Deum
3584 3259 3849 3321 virtutum,

2254 3357 2309 3407 et
2342 3352 2552 3422 Regem
2587 3345 2842 3413 Israelis,
2875 3350 2930 3401 et
2950 3345 3057 3410 Qui
3107 3350 3217 3415 est,
3266 3346 3401 3403 vide
3460 3366 3530 3403 ne
3598 3365 3689 3420 per
3756 3346 3852 3401 hac

2255 3440 2436 3495 Filius
2465 3440 2639 3494 etiam
2669 3437 3122 3501 demonstretur,
3164 3452 3270 3491 suo
3316 3437 3459 3506 jure
3505 3436 3849 3508 omnipotens,

2255 3546 2371 3599 qua
2397 3545 2587 3583 sermo
2617 3526 2719 3584 Dei
2742 3524 3180 3595 omnipotentis,
3221 3542 3459 3597 quaque
3509 3527 3753 3581 omnium
3780 3539 3853 3578 ac-

2256 3620 2409 3690 cepit
2462 3621 2838 3689 poteetalem:
2896 3612 3260 3683 Altissimus,
3332 3631 3455 3685 qua
3508 3617 3724 3671 dextera
3773 3610 3852 3667 Dei

2256 3710 2567 3777 exaltatus,
2602 3707 2751 3761 sicut
2784 3704 2987 3759 Petrus
3032 3704 3089 3758 in
3134 3704 3293 3758 Actis
3325 3706 3728 3761 concionatur:
3758 3702 3848 3756 Do-

2258 3801 2455 3854 minus
2486 3797 2791 3862 virtutum,
2812 3792 2948 3863 quia
2970 3792 3167 3847 omnia
3191 3793 3461 3861 subjecta
3478 3800 3612 3849 sunt
3641 3793 3713 3846 illi
3731 3792 3849 3846 al’a-

2257 3895 2371 3945 tre:
2406 3889 2521 3942 Rex
2552 3880 3305 3952 lsraelis,quiailliproprie
3326 3882 3678 3938 ceciditsors
3694 3878 3848 3953 gentis

2258 3979 2451 4033 istius.
2488 3981 2651 4039 item,
2676 3972 2783 4038 Qui
2815 3974 2904 4025 est
2934 3970 3211 4041 quoniam
3244 3971 3403 4027 82.1
3428 3972 3589 4026 multi
3620 3972 3851 4025 dicuntur

2256 4066 2378 4136 ﬁlii,
2405 4064 2501 4135 qui
2536 4079 2649 4118 non
2681 4065 2843 4116 sunt.
2882 4082 2909 4107 »
2928 4058 3289 4129 (Tertullian.
3315 4060 3629 4116 adv.Praa:.
3647 4076 3739 4130 cap
3763 4057 3849 4125 17.)

2326 4178 2396 4227 At
2424 4172 2660 4243 quibus,
2692 4168 2931 4223 obsecro
2956 4171 3031 4228 te,
3090 4166 3281 4220 verbis
3338 4166 3560 4222 clarius
3614 4160 3851 4221 declarari

2256 4269 2313 4317 et
2345 4260 2528 4316 asseri
2562 4262 2745 4327 potest
2772 4271 3045 4325 suprema
3067 4254 3281 4310 Christi
3310 4254 3442 4310 Filii
3464 4256 3562 4311 Dei
3586 4250 3854 4310 divinitas?

2255 4350 2396 4413 Quis
2425 4364 2492 4401 ea
2521 4344 2720 4400 omnia
2748 4344 2867 4397 veri
2899 4342 3234 4411 summique
3265 4342 3367 4397 Dei
3431 4344 3696 4399 attributa
3748 4353 3851 4409 pos.

2256 4440 2445 4493 sidere
2466 4440 2674 4507 potest,
2710 4434 2821 4487 nisi
2843 4447 3114 4487 summus
3134 4434 3192 4485 et
3223 4448 3379 4486 unus
3402 4449 3536 4488 cum
3557 4438 3751 4487 interno
3770 4428 3852 4482 Pa-

2253 4535 2340 4585 tre
2373 4526 2564 4582 Deus?
2588 4524 2735 4588 Quid
2761 4522 3079 4591 vero,quod
3114 4521 3518 4577 Tertullianus
3549 4523 3663 4576 haec
3691 4517 3853 4574 omnia

2254 4625 2310 4674 et
2339 4617 2571 4687 singula
2598 4611 2860 4667 Sermoni
2895 4610 3154 4681 Filioque
3184 4610 3282 4665 Dei
3307 4612 3635 4677 convenire,
3659 4625 3758 4664 non
3780 4621 3853 4660 so-

2252 4708 2372 4762 lum
2396 4707 2462 4760 ad
2475 4705 2688 4766 ﬁrmat,
2709 4700 2807 4755 sed
2832 4698 3244 4770 probatetiam,
3262 4695 3853 4772 variisquerationibus

2253 4796 2599 4852 conlirmare
2630 4791 2837 4844 nititur
2855 4788 2881 4841 ?
2903 4787 3256 4842 Persuasum
3280 4805 3417 4860 ergo
3450 4786 3651 4843 habuit
3670 4783 3847 4841 Filium

2252 4886 2352 4941 Dei
2386 4898 2567 4939 unum
2599 4878 2987 4948 eamdemque
3014 4893 3146 4931 cum
3174 4894 3279 4931 suo
3312 4877 3479 4933 Patre
3510 4894 3632 4932 esse
3674 4874 3846 4929 Deum.

2324 4978 2520 5045 Neque
2552 4973 2816 5038 insurgat
2838 4968 3030 5022 nescio
3063 4968 3197 5038 quis
3221 4973 3322 5023 aut
3341 4970 3594 5024 Arianus
3611 4972 3707 5022 aut
3723 4958 3849 5017 Soci-

2252 5069 2489 5130 nianus,
2521 5068 2576 5117 et
2608 5061 2774 5114 nobis
2806 5058 3045 5127 objiciat
3078 5058 3149 5112 ab
3180 5074 3246 5113 eo
3279 5075 3395 5114 non
3442 5065 3594 5113 recte
3652 5047 3848 5126 probari

2250 5157 2543 5229 quomodo
2572 5152 2765 5207 divina
2794 5148 2895 5203 illa
2925 5150 3205 5205 attributa
3235 5150 3378 5205 Filio
3399 5150 3497 5205 Dei
3522 5142 3849 5205 conveniant,

2249 5252 2413 5307 Nunc
2444 5248 2600 5303 enim
2635 5260 2744 5298 non
2771 5240 3127 5311 inquirimus
3146 5257 3324 5312 quam
3344 5241 3555 5307 valida,
3578 5238 3717 5307 quod
3737 5247 3849 5305 pro-

2248 5342 2387 5395 batu
2415 5348 2612 5392 tamen
2645 5330 3123 5399 facillimum,est,
3146 5348 3211 5385 ac
3233 5332 3401 5387 firma
3422 5330 3541 5385 sint
3560 5330 3681 5398 ejus
3702 5334 3849 5391 argu-

2252 5434 2469 5491 menta,
2505 5424 2604 5479 sed
2639 5438 2765 5493 quae
2797 5419 2874 5475 sit
2902 5421 3030 5489 ejus
3060 5422 3371 5491 sententia,
3414 5434 3587 5491 quam
3636 5412 3850 5493 probare

2248 5516 2449 5573 voluit.
2483 5492 2667 5582 Atqui
2682 5526 2750 5564 ex
2778 5508 2967 5579 ipsius
2980 5509 3170 5564 verbis
3199 5506 3628 5565 evidentissima
3642 5492 3849 5589 conﬁci-

2249 5608 2348 5662 tur
2375 5601 2543 5658 illum
2574 5597 2837 5669 aliosque
2868 5612 3071 5657 omnes
3108 5596 3455 5658 orthodoxae
3509 5595 3636 5669 ejus
3687 5589 3849 5647 aetatis
