4106 6178
302 262 419 322 909

1221 264 1294 323 D.
1342 263 1438 325 LE
1482 264 1806 326 NOURRY
1849 263 2501 329 OBSERVATIONES
2546 270 2812 333 NOV/E.

3604 280 3724 346 910

297 394 676 450 Christianos
707 410 809 465 pro
851 400 1007 451 certo
1041 396 1279 468 penitus
1314 397 1590 453 habuisse
1616 398 1870 453 Verbum
1901 402 1958 452 et
1984 401 2037 466 Α
2069 398 2471 470 pellat3verbis
2519 420 2531 458 :
2562 404 2765 461 Dicere
2795 422 2909 462 non
2955 407 3202 478 potestis
3247 408 3545 469 Christum
3592 429 3723 471 esse

295 483 515 539 Filium
548 484 651 539 Dei
689 500 887 539 verum
921 502 1049 541 esse
1076 486 1283 553 Deum,
1317 504 1553 557 eosque,
1588 487 1764 542 sicuti
1816 488 1953 541 Pra-

300 589 495 641 xeam,
529 578 735 629 contra
760 589 936 644 quem
968 574 1049 629 ibi
1082 574 1180 629 ille
1202 575 1552 646 disputat,et
1582 575 1729 631 alios
1763 576 1951 630 omni-

295 678 372 717 no
403 677 654 728 errasse,
690 662 792 733 qui
825 680 995 718 secus
1027 664 1378 720 sentiebant.

2064 494 2373 546 communis
2446 494 2775 550 conditionis
2837 496 3132 552 hominem
3182 499 3340 569 (Ibid.
3421 517 3550 571 cap.
3599 503 3716 575 23).

2060 576 2359 634 Venturus
2392 581 2683 653 siquidem
2720 589 2808 639 est
2835 584 2894 639 in
2928 585 3044 640 ﬁne
3069 588 3299 655 mundi,
3334 592 3391 644 ut
3414 591 3513 646 Dei
3541 593 3720 648 virtus

2060 673 2110 718 et
2142 666 2236 719 Dei
2265 670 2531 737 spiritus,
2564 675 2614 725 et
2642 688 2839 743 sermo,
2880 682 2935 728 et
2979 677 3276 745 sapientia,
3329 680 3380 733 et
3436 680 3613 750 ratio,
3660 688 3715 737 et

365 769 734 841 Quapropter
766 769 905 824 alibi
931 770 1088 825 hunc
1120 771 1220 826 Dei
1245 771 1589 826 Sermonem
1622 775 1679 827 et
1740 771 1947 825 Filium
2056 753 2156 807 Dei
2183 756 2604 813 Filius-Palam
2658 761 2855 832 ίεὶίυνι
2910 768 3086 835 atque
3143 765 3203 819 in
3264 782 3362 821 0P3
3410 773 3468 822 et
3525 768 3710 826 οουῙίε

290 857 448 912 Patri
476 874 581 911 suo
606 874 806 928 parem
826 861 883 913 et
904 857 1354 929 aaqualem,alibi
1380 861 1506 930 ipso
1532 876 1643 913 non
1661 860 1946 914 minorem

289 961 421 1000 esse
442 945 834 1001 disertissime
858 948 1337 1017 proﬁtetur.Nam
1383 972 1409 998 ‹‹
1458 964 1591 1003 cum
1644 949 1941 1020 (Patrem),

282 1033 712 1104 inquit,parem
742 1035 853 1089 sibi
878 1036 1118 1104 faciens,
1154 1037 1224 1089 de
1256 1053 1372 1107 quo
1431 1038 1799 1107 procedendo
1863 1037 1944 1091 Fi-

278 1121 401 1177 lius
437 1124 624 1178 factus
658 1127 765 1178 est.
803 1145 831 1171 »
866 1124 1020 1193 (Ibid.
1056 1141 1182 1195 cap.
1214 1126 1294 1195 7.)
1338 1126 1543 1180 Postea
1575 1143 1737 1181 vero:
1774 1128 1935 1181 Idem

276 1210 382 1265 Dei
420 1211 624 1277 Filius,
660 1234 687 1260 «
723 1211 916 1266 Unum
950 1230 1179 1279 sumus,
1215 1214 1436 1284 dicens,
1479 1230 1583 1284 ego
1643 1219 1698 1269 et
1749 1215 1937 1282 Pater,

274 1300 541 1355 ostendit
565 1302 714 1355 duos
737 1317 887 1367 esse,
917 1318 1065 1372 quos
1099 1309 1291 1373 aequat
1335 1308 1391 1357 et
1428 1304 1648 1374 jungit.
1688 1326 1716 1351 »
1774 1305 1935 1375 (Ibid.

273 1404 407 1459 cap.
432 1389 550 1459 22.)
584 1388 811 1444 Rursus
843 1394 1040 1445 autem
1075 1390 1188 1445 alio
1222 1391 1281 1445 in
1305 1390 1454 1445 libro
1492 1408 1503 1444 :
1538 1413 1565 1439 ‹‹
1598 1390 1662 1445 Et
1705 1392 1933 1462 Sermo,

274 1476 493 1547 inquit,
531 1482 703 1541 Deus,
738 1480 839 1548 qui
891 1478 949 1533 in
992 1479 1185 1550 effigie
1244 1479 1345 1533 Dei
1391 1479 1770 1546 constitutus,
1818 1497 1934 1535 non

274 1566 550 1636 rapinam
584 1566 936 1621 existimavit
967 1567 1179 1638 pariari
1210 1568 1383 1623 Deo.»
1420 1569 1686 1638 (Idem,de
1705 1572 1930 1625 Resurr.

272 1670 435 1709 cam.
469 1654 973 1725 cap.6).Audivisti
1000 1670 1141 1709 sane
1164 1670 1342 1725 quam
1376 1656 1683 1726 perspicue
1717 1654 1929 1711 Filium

2056 841 2596 902 infensissimorum
2629 850 2943 906 Christiani
2994 853 3253 909 nominis
3285 854 3544 911 hostium
3602 874 3706 914 au-

2056 931 2254 988 dacter
2302 941 2642 1006 pronuntiat
2699 944 2756 994 et
2813 945 3172 997 contestatur
3222 942 3519 999 Christum
3578 963 3709 1003 esse

2053 1021 2250 1076 aeterni
2286 1024 2468 1081 Patris
2502 1026 2592 1081 sui
2642 1027 3005 1084 Sermonem.
3066 1031 3421 1102 Sapientiam
3479 1036 3539 1088 et
3592 1039 3706 1090 Ra-

2051 1107 2293 1179 tionem,
2327 1130 2442 1184 qna
2470 1115 2541 1169 ab
2576 1122 2789 1172 aeterno
2820 1117 3004 1173 Filius
3036 1121 3164 1189 ejus
3198 1126 3306 1175 est.
3340 1123 3708 1194 Quapropter

2052 1196 2268 1254 diserte
2302 1203 2558 1258 affirmat
2590 1204 2649 1259 in
2682 1205 2914 1261 Christo
2947 1208 3095 1263 duas
3149 1225 3278 1264 esse
3334 1211 3433 1265 Dei
3488 1216 3543 1266 et
3598 1214 3704 1267 ho-

2055 1286 2231 1343 minis
2254 1295 2518 1358 naturas,
2550 1293 2838 1365 illumque
2870 1301 2991 1351 tam
3052 1314 3252 1351 verum
3308 1316 3437 1354 esse
3493 1305 3699 1369 Deum,

2049 1390 2231 1445 quam
2264 1396 2465 1436 verum
2489 1382 2811 1437 hominem.

2652 1532 2972 1572 ARTICULUS
3028 1535 3087 1572 II.

2047 1601 2223 1668 Quam
2252 1600 2452 1656 diserte
2482 1604 2855 1659 Tertullianus
2881 1613 3157 1661 asseveret
3173 1622 3344 1662 unam
3371 1614 3425 1663 et
3454 1611 3702 1670 eamdem

2113 1687 2227 1726 esse
2258 1677 2448 1747 Patris
2500 1678 2695 1747 aeterni
2740 1678 2960 1747 ejusque
3008 1680 3141 1732 Filii
3195 1681 3569 1737 substantiam
3622 1701 3691 1740 ac

269 1745 373 1798 Dei
408 1745 559 1800 Patri
586 1760 693 1799 suo
721 1760 918 1815 parem
946 1745 1349 1815 aequalemque
1373 1750 1597 1800 asserat
1618 1747 1755 1815 gjam
1790 1748 1928 1802 audi
1960 1766 2007 1830 Β
2109 1752 2389 1815 naturam,
2424 1746 2545 1800 licet
2590 1745 2957 1804 distincta—sit
2987 1752 3274 1821 utriusque
3296 1768 3550 1823 persona.

272 1834 573 1904 quomodo
605 1832 771 1887 illum
791 1850 906 1888 non
932 1834 1218 1888 minorem
1252 1850 1381 1888 esse
1411 1834 1681 1903 praedicet
1710 1852 1759 1888 ευ
1794 1835 1927 1891 Om-

268 1922 375 1977 nia
406 1922 516 1977 sibi
544 1922 759 1977 tradita
789 1923 932 1976 dicit
962 1940 995 1978 a
1026 1924 1215 1977 Patre.
1251 1922 1486 1990 Credas,
1546 1924 1594 1977 si
1652 1925 1929 1980 creatoris

270 2016 364 2066 est
393 2011 865 2081 Christus,cujus
890 2012 1107 2080 omnia,
1144 2013 1281 2083 quia
1314 2028 1427 2066 non
1456 2012 1668 2066 minori
1703 2029 1763 2067 se
1812 2018 1930 2069 tra-

272 2100 429 2154 didit
456 2101 659 2157 omnia
688 2101 832 2155 Filio
860 2106 1110 2168 creator,
1161 2118 1298 2172 quae
1330 2118 1432 2172 per
1461 2118 1591 2156 eum
1650 2102 1931 2173 condidit,

272 2204 381 2261 per
411 2206 744 2244 sermonem
775 2206 948 2245 suum
982 2190 1263 2245 scilicet.»
1297 2191 1502 2262 (Idem.
1528 2191 1747 2246 advers.
1780 2198 1931 2247 Mar-

270 2280 423 2333 cion.
458 2295 585 2349 cap.
617 2280 728 2350 2‘5).
753 2279 925 2347 Atqui
958 2279 1007 2333 si
1034 2296 1148 2334 non
1182 2280 1500 2348 minor,sed
1535 2289 1713 2350 paret
1742 2298 1933 2352 mqua-

274 2367 357 2422 lis
390 2369 540 2423 Patri
573 2384 681 2423 suo
708 2367 785 2422 sit
830 2368 929 2423 Dei
966 2368 1165 2435 Filius,
1198 2385 1370 2424 verus
1402 2369 1601 2440 procul
1635 2370 1815 2424 dubio
1846 2375 1934 2426 est

279 2472 421 2510 cum
454 2472 519 2509 eo
555 2457 723 2509 Deus.
756 2457 987 2510 Etenim
1020 2459 1090 2512 ab
1122 2458 1325 2513 eodem
1358 2456 1743 2525 Tertulliano,
1778 2459 1933 2514 sicut

276 2562 419 2600 mox
449 2544 723 2610 vidimus,
767 2544 1098 2600 altissimus
1156 2550 1213 2600 et
1273 2546 1646 2617 omnipotens
1694 2547 1927 2603 dicitur.

271 2637 359 2687 At
410 2648 518 2687 nec
566 2634 683 2688 duo
746 2634 1023 2689 altissimi
1063 2638 1120 2689 et
1150 2634 1606 2705 omnipotentes,
1640 2636 1797 2691 sicut
1827 2652 1932 2691 nec

276 2721 400 2776 duo
431 2721 513 2775 dii
535 2738 664 2777 esse
698 2727 970 2793 possunt.
1013 2722 1157 2778 Nam
1181 2722 1343 2789 alibi,
1373 2723 1456 2777 uti
1511 2724 1929 2779 animadverti-

274 2810 667 2880 mus,dixerat
690 2810 874 2865 Deum
910 2812 1038 2866 ideo
1061 2827 1189 2867 esse
1223 2828 1428 2879 unum,
1463 2811 1598 2883 quia
1627 2818 1718 2867 est
1769 2830 1928 2867 sum-

272 2915 438 2965 mus,
474 2905 650 2969 atque
683 2900 921 2969 idcirco,
943 2924 970 2951 α
1000 2905 1174 2968 Deus,
1200 2901 1414 2972 inquit,
1443 2901 1491 2955 si
1517 2917 1631 2956 non
1650 2918 1805 2956 unus
1821 2907 1929 2971 est,

273 3005 401 3043 non
434 2994 545 3043 est.
584 3010 612 3038 »
644 2989 805 3061 (Cap.
839 3006 1031 3061 super.
1068 2997 1176 3044 art.
1213 2991 1288 3059 1.)

357 3076 534 3131 Plura
562 3083 758 3132 autem
791 3078 841 3133 si
874 3078 1006 3149 quis
1038 3079 1348 3149 desideret,
1382 3078 1431 3133 is
1464 3078 1679 3150 ipsum,
1712 3079 1784 3135 de
1810 3096 1925 3150 quo

280 3167 545 3237 agimus,
576 3167 1119 3238 Apologeticumejus
1168 3166 1383 3222 librum
1434 3169 1623 3239 adeat,
1666 3169 1765 3223 ubi
1815 3169 1932 3237 ille,

280 3260 423 3326 post
454 3255 686 3310 brevem
718 3256 1059 3312 Christianae
1091 3257 1163 3311 de
1198 3256 1336 3311 Filio
1386 3258 1502 3323 Dei,
1544 3258 1774 3313 Christo
1819 3259 1929 3313 Do-

283 3343 473 3408 mino,
501 3344 777 3398 doctrina:
808 3346 1252 3416 expositionem,
1307 3346 1571 3401 ethnicos
1621 3346 1740 3401 haec
1795 3346 1934 3401 allo-

278 3432 490 3503 quitur
514 3432 572 3486 in
603 3433 780 3488 verba
816 3451 827 3489 :
863 3434 1161 3496 «Quaerite
1190 3451 1347 3506 ergo,
1384 3436 1431 3489 si
1487 3452 1618 3490 vera
1674 3441 1763 3490 est
1818 3436 1931 3491 ista

280 3522 566 3576 divinitas
594 3522 808 3577 Christi
836 3540 846 3577 :
874 3524 923 3579 si
964 3540 1030 3578 ea
1060 3530 1168 3591 est,
1203 3541 1319 3594 qua
1341 3527 1574 3595 cognita
1604 3527 1672 3580 ad
1708 3527 1925 3580 bonum

281 3610 418 3679 quis
454 3612 807 3666 reformatur
840 3634 853 3678 ς
888 3613 1155 3683 sequitur
1179 3620 1240 3667 ut
1271 3615 1418 3668 falsa
1448 3615 1523 3667 sit
1555 3615 1771 3683 quaavis
1812 3612 1926 3668 alia

277 3704 599 3769 comperta,
636 3701 693 3755 in
729 3701 933 3771 primis
966 3701 1087 3770 illa,
1123 3720 1249 3773 qum
1281 3702 1691 3773 (manuscripti
1740 3704 1922 3757 nostri

276 3788 509 3843 codices
541 3794 599 3843 et
630 3789 769 3844 editi
803 3791 1198 3845 adduntomni
1228 3794 1459 3859 ratione,
1485 3808 1611 3863 quae
1636 3792 1922 3863 Rigaltius

275 3876 542 3947 sustulit)
574 3878 924 3934 delitescens
954 3880 1064 3934 sub
1097 3854 1521 3934 nominibus'et
1562 3854 1921 3949 imaginibus

275 3970 670 4037 mortuorum,
696 3966 1052 4038 quibusdam
1085 3968 1270 4038 signis
1301 3974 1356 4021 et
1384 3966 1682 4022 miraculis
1713 3972 1767 4021 et
1788 3984 1917 4022 ora-

277 4054 427 4109 culis
453 4055 626 4110 fidem
658 4056 981 4112 divinitatis
1013 4062 1343 4128 operatur.»
1377 4056 1577 4125 (idem,
1600 4056 1747 4112 825
1783 4056 1919 4126 Apo-

272 4143 437 4213 loget.
474 4160 601 4215 cap.
633 4145 750 4216 2|.)
781 4148 903 4212 Quo
934 4150 1127 4201 autem
1152 4146 1326 4200 modo
1357 4162 1490 4200 vera
1544 4151 1600 4200 et
1648 4162 1919 4217 suprema

268 4231 494 4287 Christi
522 4234 800 4288 divinitas
828 4235 1016 4305 potuit
1046 4250 1307 4305 unquam
1371 4234 1558 4306 magis
1615 4240 1808 4305 aperte
1865 4239 1922 4290 et

270 4326 683 4377 asseveranter
755 4322 936 4378 asseri
996 4339 1061 4377 ac
1119 4322 1468 4391 praedicari?
1524 4322 1919 4379 Tertullianus

270 4410 496 4480 quippe
524 4411 717 4482 palam
743 4417 1036 4467 asseverat
1058 4428 1184 4467 eam
1214 4415 1332 4466 tam
1366 4427 1493 4467 esse
1516 4428 1917 4483 veram,quam

266 4498 425 4553 falsa
451 4504 543 4554 est
573 4499 846 4570 quaelibet
877 4500 992 4555 alia
1023 4500 1297 4556 divinitas
1329 4518 1362 4555 a
1384 4499 1702 4571 gentilibus
1729 4501 1927 4573 agnita
1961 4488 2001 4551 Ι)

268 4592 329 4643 et
366 4588 719 4646 introducta.
757 4591 878 4646 lmo
908 4607 1041 4645 vero
1060 4589 1275 4645 clamat
1298 4590 1380 4645 ita
1405 4606 1597 4644 veram
1631 4608 1759 4646 esse
1781 4590 1919 4646 alio-

271 4693 408 4731 rum
444 4678 735 4744 omnium,
768 4684 944 4750 atque
971 4678 1142 4734 etiam
1168 4679 1499 4733 daemonum
1534 4678 1918 4749 divinitatem,

269 4766 373 4836 qui
396 4766 510 4820 sub
530 4772 891 4823 mortuorum
912 4768 1247 4823 nominibus
1266 4772 1322 4823 et
1341 4767 1702 4839 imaginibus
1725 4768 1921 4824 delite-

273 4860 531 4922 scentes,
565 4856 771 4927 signis,
804 4857 1126 4923 miraculis,
1163 4856 1416 4912 oraculis
1441 4856 1613 4911 ﬁdem
1656 4857 1923 4911 divinita-

272 4945 352 4999 tis
389 4946 869 5015 operabantur,id
902 4952 1009 5016 est,
1046 4947 1319 5001 omnibus
1370 4948 1717 5017 persuadere
1749 4963 1919 5001 cona-

275 5034 500 5087 bantur
530 5033 648 5088 htBC
681 5035 870 5106 signa,
906 5035 1190 5091 miracula
1221 5040 1275 5090 et
1304 5034 1543 5091 oracula
1574 5035 1696 5089 ﬁeri
1729 5035 1923 5091 divina

279 5139 389 5177 sua
418 5127 729 5193 potestate,
762 5142 828 5179 ac
861 5142 1025 5179 veros
1084 5141 1146 5180 se
1200 5141 1329 5178 esse
1376 5124 1535 5179 deos.
1594 5124 1734 5187 Quis
1787 5140 1922 5195 ergo

278 5228 394 5267 non
428 5210 622 5266 videat
654 5212 762 5268 hac
788 5215 1096 5284 utriusque
1126 5230 1267 5267 verae
1299 5218 1355 5268 et
1394 5212 1611 5267 fictitiee
1659 5213 1924 5268 divinita-

280 5298 356 5354 tis
391 5301 760 5371 oppositione
792 5320 985 5358 veram
1036 5319 1102 5358 ac
1161 5319 1511 5359 summama
1567 5302 1922 5359 Tertulliano

279 5387 567 5444 declarari
600 5390 813 5447 Christi
839 5391 1201 5447 divinitatem
1223 5391 1250 5445 ?

354 5496 560 5567 Neque
591 5496 735 5552 satis
756 5498 949 5555 adhuc
970 5514 1108 5557 esse
1142 5498 1367 5570 putavit
1389 5498 1499 5553 hoc
1547 5498 1629 5553 ibi
1685 5492 1924 5569 dixisse,

281 5586 383 5643 sed
416 5584 598 5659 paulo
626 5590 761 5659 post
791 5589 1027 5646 eosdem
1057 5588 1325 5646 ethnicos
1374 5587 1469 5645 his
1525 5588 1719 5645 adhuc
1767 5605 1926 5647 com-

2111 1862 2295 1922 Quam
2328 1860 2542 1916 diserte
2564 1878 2629 1917 ac
2661 1867 3000 1918 constanter
3031 1865 3430 1923 Tertullianus
3460 1869 3682 1938 docuit,

2041 1946 2251 2001 Filium
2285 1948 2379 2002 Dei
2415 1966 2599 2006 unum
2630 1954 2687 2006 et
2716 1953 2989 2008 eumdem
3024 1967 3153 2009 esse
3196 1972 3329 2010 cum
3378 1960 3541 2014 Patre
3585 1976 3693 2016 suo

2041 2035 2247 2106 Deum,
2272 2037 2353 2091 ita
2384 2054 2525 2093 sane
2552 2056 2728 2094 unam
2764 2044 2819 2095 et
2866 2042 3131 2097 eamdem
3183 2045 3492 2117 utriusque
3548 2048 3692 2103 sub-

2041 2125 2319 2180 stantiam
2355 2144 2420 2181 ac
2452 2132 2744 2195 naturam,
2771 2130 2870 2184 sed
2904 2130 3211 2187 distinctas
3248 2149 3532 2204 personas
3563 2153 3694 2193 esse

2042 2214 2314 2269 asseruit.
2348 2219 2471 2270 Non
2507 2217 2683 2271 semel
2718 2217 2933 2289 quippe
2966 2219 3021 2273 id
3070 2220 3236 2289 dixit,
3294 2224 3393 2277 sed
3454 2225 3695 2296 saepius,

2042 2317 2107 2356 ac
2136 2303 2458 2372 praesertim
2484 2304 2543 2358 in
2572 2321 2677 2359 suo
2699 2306 3070 2377 Apologetico,
3114 2308 3211 2362 ubi
3244 2310 3313 2365 de
3343 2313 3517 2366 Verbi
3573 2313 3694 2370 sive

2044 2388 2167 2443 Filii
2214 2390 2309 2444 Dei
2341 2392 2718 2462 generatione
2750 2394 2833 2448 sic
2865 2395 3128 2466 disputat
3161 2412 3227 2449 :«
3262 2397 3448 2467 Hunc,
3478 2400 3691 2470 inquit,

2041 2472 2216 2551 Λόγων
2251 2496 2319 2534 ex
2351 2480 2468 2535 Deo
2527 2481 2818 2552 prolatum
2869 2483 3207 2548 didicimus,
3264 2490 3320 2541 et
3360 2487 3691 2559 prolatione

2041 2573 2406 2638 generatum,
2444 2574 2499 2624 et
2532 2570 2747 2627 idcirco
2775 2571 2984 2627 Filium
3008 2573 3131 2639 Dei,
3155 2579 3213 2630 et
3242 2574 3423 2631 Deum
3455 2578 3677 2635 dictum

2040 2672 2108 2711 ex
2142 2657 2367 2713 unitate
2401 2659 2769 2715 substantiae.
2819 2660 2964 2715 Nam
2999 2666 3056 2716 et
3105 2668 3255 2718 Deus
3287 2664 3531 2735 spiritus
3566 2684 3580 2723 :
3630 2672 3690 2723 et

2042 2760 2173 2799 cum
2202 2746 2404 2802 radius
2429 2764 2497 2802 ex
2529 2747 2648 2803 sole
2681 2749 3020 2821 porrigitur,
3054 2752 3243 2822 portio
3270 2768 3339 2807 ex
3397 2769 3636 2811 summa
3668 2773 3683 2824 ;

2040 2835 2138 2889 sed
2174 2834 2259 2889 sol
2290 2837 2399 2890 erit
2430 2836 2488 2891 in
2522 2838 2705 2903 radio,
2729 2838 2869 2909 quia
2898 2837 3039 2894 solis
3070 2844 3160 2894 est
3185 2840 3408 2906 radius,
3442 2858 3549 2899 nec
3578 2860 3679 2900 se-

2042 2929 2283 2994 paratur
2312 2925 2663 2991 substantia,
2698 2928 2797 2982 sed
2832 2928 3197 2995 extenditur;
3232 2929 3313 2983 ita
3342 2935 3399 2985 et
3428 2935 3498 2986 de
3556 2933 3688 3004 Spi-

2042 3012 2156 3067 ritu
2186 3012 2456 3083 Spiritus,
2486 3019 2541 3069 et
2571 3016 2641 3070 de
2674 3016 2784 3069 Deo
2816 3015 2990 3085 Deus,
3024 3016 3307 3073 utlumen
3340 3019 3410 3074 de
3467 3020 3689 3079 lumine

1966 3127 2008 3194 ρ
2047 3117 2381 3194 accensum.
2410 3107 2631 3194 AManet
2673 3104 2899 3194 integra
2948 3108 3005 3159 et
3070 3104 3361 3163 indefecta
3430 3111 3688 3167 materies

2045 3191 2281 3257 matrix,
2314 3192 2420 3247 etsi
2455 3192 2651 3261 plures
2682 3192 2815 3247 inde
2845 3195 3119 3249 traduces
3150 3196 3503 3266 qualitatum
3559 3217 3691 3255 mu-

2042 3282 2269 3347 tueris;
2305 3282 2387 3336 ita
2419 3283 2573 3353 quod
2608 3282 2677 3335 de
2710 3287 2821 3337 Deo
2852 3283 3176 3353 profectum
3209 3290 3319 3351 est,
3367 3291 3519 3343 Deus
3574 3294 3686 3357 est,

2040 3375 2095 3425 et
2126 3370 2226 3425 Dei
2267 3369 2527 3435 Filius,et
2551 3387 2704 3425 unus
2734 3371 2906 3425 ambo
2934 3371 3036 3427 :ita
3057 3373 3128 3428 de
3159 3373 3380 3445 Spiritu
3406 3377 3687 3450 Spiritus,

2038 3463 2094 3514 et
2124 3459 2195 3514 de
2226 3459 2341 3513 Deo
2368 3459 2520 3513 Deus
2554 3458 2789 3513 modulo
2822 3458 3117 3516 alternum
3140 3479 3451 3519 numerum
3473 3468 3685 3539 gradu,

2038 3564 2153 3602 non
2187 3552 2340 3601 statu
2369 3547 2525 3613 fecit,
2558 3551 2615 3601 et
2644 3564 2676 3601 a
2708 3548 2946 3603 matrice
2965 3550 3356 3617 excessit,non
3383 3555 3679 3611 recessit.»

2036 3637 2194 3706 (Ibid.
2222 3654 2347 3707 cap.
2380 3637 2497 3704 21.)
2520 3641 2604 3689 Ita
2634 3652 2775 3691 sane
2825 3636 2903 3691 ibi
2951 3638 3272 3708 gentilibus
3333 3641 3680 3714 simpliciter

2033 3742 2099 3780 ac
2132 3727 2357 3779 sincere
2388 3724 2646 3779 declarat
2678 3724 2813 3795 quid
2848 3726 3161 3782 Christiani
3184 3729 3254 3783 de
3271 3730 3453 3785 divini
3478 3731 3675 3803 Verbi,

2032 3830 2096 3869 ac
2131 3813 2372 3884 proinde
2405 3812 2526 3867 Filii
2560 3813 2659 3867 Dei
2694 3818 2905 3867 natura
2935 3830 2997 3867 ac
3055 3819 3432 3885 generatione
3489 3823 3677 3877 senti-

2031 3903 2369 3965 rent.Quam
2405 3902 2629 3955 sincera
2653 3906 2847 3956 autem
2883 3902 2958 3956 sit
2990 3903 3110 3958 haec
3149 3905 3478 3976 explicatio,
3537 3909 3675 3967 inde

2030 3991 2231 4062 liquet,
2262 3991 2412 4061 quod
2448 3990 2495 4044 si
2529 3989 2718 4044 celare
2740 3994 2841 4043 aut
2871 3990 3248 4048 dissimulare
3288 3994 3508 4065 aliquid
3570 4014 3674 4068 po-

2028 4080 2263 4142 tuisset,
2314 4078 2458 4132 illud
2504 4082 2656 4133 certe
2686 4094 2800 4132 non
2824 4081 2950 4132 erat
2979 4078 3243 4135 dicturus
3277 4081 3334 4136 in
3366 4082 3515 4138 libro
3565 4102 3673 4157 pu-

2031 4168 2201 4236 blico,
2237 4183 2407 4237 quem
2442 4166 2693 4222 ethnicis
2732 4165 3030 4233 omnibus,
3063 4183 3129 4223 ac
3187 4170 3432 4225 Romani
3491 4174 3670 4232 etiam

2028 4255 2649 4328 imperiiantistitibus
2671 4255 2968 4310 offerebat.
3001 4255 3155 4311 826
3204 4263 3277 4312 At
3319 4275 3435 4330 quo
3484 4263 3675 4335 magis

2029 4362 2162 4400 vera
2193 4352 2467 4416 certaque
2497 4349 2584 4400 est
2615 4345 2730 4400 ista
2761 4344 3071 4415 expositio,
3103 4361 3169 4402 eo
3202 4348 3392 4420 magis
3409 4350 3675 4409 studiose

2035 4450 2067 4488 a
2098 4432 2267 4488 nobis
2299 4432 2617 4487 examinari
2650 4432 2838 4487 debet.

2105 4521 2253 4576 Dicit
2285 4522 2482 4592 itaque
2512 4521 2701 4593 primo
2730 4537 2743 4587 ;
2773 4526 2933 4576 Hunc
2961 4538 3034 4577 ea:
3062 4525 3165 4578 Deo
3194 4524 3469 4595 prolatum
3522 4528 3675 4587 didi-

2030 4611 2231 4667 cimus.
2265 4611 2372 4665 Sed
2406 4611 2579 4677 unde,
2614 4626 2835 4681 quaeso,
2868 4610 2963 4665 ille
2996 4611 3213 4683 aliique
3242 4613 3557 4673 Christiani
3615 4620 3673 4675 id

2031 4700 2358 4755 didicerant
2390 4697 2413 4751 Ρ
2447 4698 2569 4755 Non
2599 4699 2839 4753 aliunde
2870 4700 3149 4771 profecto,
3185 4702 3297 4757 nisi
3354 4722 3424 4760 ex
3489 4708 3674 4763 sacris

2029 4787 2370 4859 Scripturis,
2403 4804 2467 4842 ac
2494 4791 2650 4843 certa
2680 4788 3089 4859 constantique
3136 4790 3206 4844 ab
3265 4793 3546 4862 apostolis
3600 4797 3672 4853 ad

2033 4894 2207 4934 suum
2242 4893 2430 4947 usque
2462 4880 2690 4947 tempus
2714 4876 3046 4931 traditione.
3083 4878 3256 4935 Plura
3287 4886 3483 4939 autem
3532 4884 3672 4941 alibi

2032 4967 2173 5023 citat
2206 4966 2355 5019 hanc
2386 4965 2443 5017 in
2468 4982 2587 5019 rem
2622 4966 2885 5034 ejusdem
2930 4983 3105 5021 sacrae
3154 4969 3467 5041 Scripturae
3524 4973 3677 5043 loca,

2034 5061 2208 5126 atque
2247 5054 2305 5108 in
2342 5054 2548 5124 primis
2578 5054 2637 5108 in
2670 5054 2817 5109 libro
2848 5055 3114 5110 adversus
3155 5059 3446 5128 Praxeam,
3493 5061 3675 5119 haere-

2034 5162 2164 5201 seos
2214 5142 2783 5212 Patripassianorum
2836 5144 3149 5199 fautorem.
3182 5150 3252 5200 At
3302 5149 3378 5203 ibi
3438 5166 3675 5225 quoque

2033 5231 2307 5305 praeclare
2327 5232 2493 5285 docet
2523 5230 2673 5285 hanc
2695 5248 2822 5287 esse
2854 5232 2986 5287 ﬁdei
3020 5240 3232 5289 nostris
3255 5237 3515 5308 regulam
3546 5257 3674 5312 qua

2033 5324 2107 5379 ab
2139 5318 2435 5389 Evangelii
2462 5318 2628 5375 initio
2660 5321 3011 5388 decucurrit,
3045 5326 3102 5377 et
3151 5324 3511 5395 quibuslibet
3557 5330 3676 5385 has-

2035 5411 2231 5467 reticis
2263 5413 2354 5463 est
2374 5410 2692 5479 antiquior.
2725 5411 3019 5465 «Constat
3065 5418 3260 5468 autem
3318 5414 3400 5482 id,
3459 5418 3674 5488 inquit,

2032 5514 2237 5556 verum
2268 5513 2398 5552 esse
2429 5499 2841 5569 quodcumque
2872 5498 3156 5571 primum,
3182 5501 3240 5556 id
3272 5519 3401 5560 esse
3458 5505 3673 5563 falsum

2038 5587 2452 5665 quodcumque
2508 5587 2821 5659 posterius.
2883 5610 2913 5639 »
2972 5588 3240 5663 (Tertull.
3300 5593 3424 5648 adv.
3471 5594 3674 5671 Prom,
