4106 6178
480 318 594 381 911

1012 316 1541 379 TERTULLIANI
1591 313 1908 374 OPEBUM
1962 308 2158 370 PARS
2205 307 2251 367 l.
2289 340 2364 350 -—
2396 303 2668 366 SERIES
2714 303 2762 375 Ι,
2808 298 3366 365 APOLOGETIGA.

3735 299 3836 361 912

483 468 612 524 cap.
643 451 722 522 2.)
754 451 1061 522 Perperam
1094 449 1274 520 igitur
1304 448 1540 519 quidam
1593 442 1975 501 insulsissimi
2023 441 2121 495 ho-

2249 472 2354 512 non
2386 455 2514 510 ideo
2547 454 2695 508 duos
2726 451 2874 507 Deos
2899 451 3094 516 faciat,
3146 449 3246 503 sed
3304 464 3504 514 unum,
3559 446 3656 502 hoc
3710 447 3839 518 ipso,

484 542 673 598 mines
701 541 1079 596 venditarunt
1100 538 1243 593 illud
1267 538 1337 592 de
1361 535 1520 609 Λόγῳ
1542 541 1597 592 et
1626 535 1766 590 Filio
1789 533 1887 590 Dei
1912 534 2126 603 dogma

485 628 766 702 apostolis
787 629 1113 701 primisque
1144 643 1341 682 eorum
1375 625 1682 696 discipulis
1731 625 1910 678 fuisse
1965 621 2124 675 inco-

485 719 738 792 gnitum,
823 736 888 774 ac
963 719 1220 774 secundo
1273 717 1553 771 duntaxat
1599 713 1865 770 Ecclesiae
1915 709 2126 767 saeculo

485 809 768 866 haustum
800 824 867 863 ex
898 806 1384 879 philosophorum
1407 805 1875 876 opinionibus,et
1896 818 1929 856 a
1959 799 2127 856 Chri-

487 898 696 955 stianis
723 901 1043 968 receptum.
1078 895 1136 950 Si
1156 912 1281 967 qua:
1330 895 1487 949 enim
1537 894 1594 947 in
1654 892 1944 964 praecipuo
1994 887 2131 942 fidei

489 986 826 1046 Christianae
858 987 1045 1059 capite
1067 985 1220 1040 facta
1251 984 1457 1039 fuisset
1477 982 1832 1050 immutatio,
1864 981 1984 1034 haec
2007 995 2131 1033 om-

491 1076 657 1132 nium
690 1093 755 1132 ac
785 1075 1074 1148 praecipue
1122 1072 1464 1129 Tertulliani
1515 1073 1777 1128 animum
1821 1067 2132 1142 percellere

491 1165 760 1222 debebat.
784 1166 909 1221 Non
929 1164 1302 1220 mediocriter
1323 1163 1478 1218 enim
1502 1160 1878 1218 eruditusille
1908 1161 1993 1214 vir
2024 1159 2132 1213 sub

491 1255 735 1311 secundi
769 1254 963 1310 seaculi
996 1259 1051 1309 et
1081 1253 1234 1308 tertii
1267 1252 1498 1307 initium
1529 1252 1863 1316 ﬂoruit,nec
1896 1248 2135 1321 proinde

492 1345 966 1416 potuitignorare
989 1359 1165 1414 quam
1193 1348 1346 1398 certo
1368 1343 1487 1398 haec
1510 1342 1842 1397 communis
1871 1339 2133 1393 omnium

492 1433 757 1489 doctrina
779 1434 852 1489 ab
875 1431 1155 1505 apostolis
1175 1433 1245 1487 ad
1270 1449 1444 1487 suum
1471 1447 1656 1501 usque
1683 1436 1913 1501 tempus
1944 1434 2134 1483 trans-

493 1521 678 1578 missa
706 1521 804 1578 sit.

562 1611 853 1678 Secundo,
913 1610 1012 1667 ille
1067 1612 1236 1667 docet
1285 1610 1543 1666 Verbum
1602 1609 1866 1665 divinum
1915 1623 2042 1664 esse
2073 1607 2138 1664 de

493 1701 708 1773 Spiritu
739 1701 1012 1773 Spiritum
1044 1718 1058 1769 ;
1093 1700 1231 1772 quia
1264 1700 1362 1755 Dei
1393 1704 1481 1755 est
1509 1699 1784 1765 Verbum,
1814 1698 2020 1770 (Ratio,
2080 1701 2139 1752 et

2234 545 2387 617 quod
2423 549 2479 599 et
2524 549 2672 598 Deus
2725 558 2790 596 ex
2840 540 3064 596 unitate
3115 537 3300 594 Patris
3346 536 3526 591 vocari
3575 535 3783 591 habeat.
3819 557 3842 582 υ

2244 633 2512 704 (Tertull.
2545 633 2672 688 adv.
2707 633 2879 686 Prax.
2914 647 3046 701 cap.
3109 629 3219 697 49).
3279 625 3450 682 Vides
3503 642 3636 680 sane
3689 643 3842 697 quam

2239 725 2458 780 diserte
2493 722 2716 790 ibiille,
2751 721 2903 776 sicut
2955 719 3113 785 alibi,
3174 720 3459 772 asseveret
3514 715 3708 770 Filium
3761 716 3846 771 Dei

2239 814 2417 867 alium
2447 829 2577 867 esse
2607 829 2639 866 a
2670 811 2834 865 Patre
2867 826 2993 875 suo,
3028 824 3135 862 non
3197 810 3363 866 statu.
3420 805 3508 858 sed
3564 804 3744 874 gradu,
3801 805 3848 859 id

2241 906 2348 968 est,
2376 917 2489 955 non
2511 905 2744 965 natura,
2782 898 2883 953 sed
2919 914 3189 969 persona,
3226 912 3352 966 quae
3374 894 3571 948 ordine
3624 894 3851 948 secunda

2244 989 2652 1059 distinguitur,
2677 993 2853 1058 atque
2902 986 3010 1040 hac
3041 984 3413 1039 distinctione
3464 999 3586 1036 esse
3641 982 3850 1052 quidem

2243 1081 2413 1146 duos,
2447 1079 2567 1135 sive
2597 1078 2745 1132 duas
2799 1092 3100 1148 personas,
3145 1091 3178 1128 a
3207 1090 3267 1130 se
3293 1071 3535 1127 invicem
3555 1069 3849 1137 distinctas,

2245 1170 2340 1224 sed
2402 1169 2550 1223 duos
2609 1172 2755 1222 Deos
2814 1165 2930 1220 dici
2991 1181 3106 1219 non
3166 1177 3358 1235 posse,
3401 1161 3539 1232 quia
3568 1160 3754 1216 eadem
3781 1164 3855 1214 est

2244 1256 2550 1329 utriusque
2584 1255 2936 1326 substantia,
2971 1258 3026 1309 et
3057 1253 3273 1308 idcirco
3307 1251 3476 1308 ambo
3526 1266 3672 1306 unus
3722 1249 3853 1304 Deus

2244 1347 2406 1418 (Ibid.
2441 1363 2566 1418 cap.
2596 1347 2672 1416 2).

2314 1454 2513 1525 Neque
2543 1450 2758 1506 dixeris
2789 1449 2868 1505 ibi
2903 1450 3074 1506 taceri
3122 1464 3382 1521 persona:
3441 1460 3669 1500 nomen.
3726 1444 3850 1501 Nam

2245 1541 2392 1598 illud
2425 1541 2534 1598 hac
2565 1541 2754 1597 Patris
2781 1544 2837 1596 et
2858 1539 2987 1594 Filii
3026 1536 3400 1594 distinctione
3434 1535 3576 1592 satis
3608 1533 3855 1590 subintel-

2243 1631 2465 1704 ligitur.
2500 1630 2645 1698 Quia
2675 1629 2831 1686 enim
2865 1645 3045 1684 unam
3077 1627 3223 1682 dixit
3252 1643 3382 1682 esse
3441 1624 3735 1695 utriusque
3764 1639 3850 1677 na-

2244 1725 2460 1789 turam,
2493 1720 2618 1776 sola
2647 1721 2932 1775 duntaxat
2955 1734 3202 1790 persona
3225 1714 3511 1787 distingui
3532 1717 3588 1769 et
3612 1713 3719 1768 duo
3745 1727 3850 1768 esse

495 1791 697 1887 $911110
729 1791 935 1887 096‘“,
968 1791 1243 1887 41’9199613
1281 1806 1406 1861 (⁵⁸9·
1435 1789 1550 1887 ἓίλ
1589 1813 1608 1838 ⁴¹
1645 1792 1788 1887 ⁸⁸η)
1818 1784 2137 1886 είευιιειιὲιξί
2168 1823 2214 1887 Β
2246 1784 2514 1883 possunt.
2558 1809 2775 1864 Deinde
2831 1784 3045 1863 nomen
3089 1819 3383 1878 personas,
3418 1784 3538 1858 ibeo
3595 1801 3711 1874 ipso
3757 1816 3850 1871 quo

497 1879 597 1947 ait,
627 1879 934 1951 [Spiritum
988 1878 1378 1950 intelligimus
1430 1879 1490 1933 in
1521 1877 1757 1932 nomine
1807 1876 2134 1945 sermonis}

497 1969 580 2024 ita
610 1973 668 2024 et
699 1985 1032 2024 sermonem
1075 1985 1308 2039 quoque
1361 1967 1736 2040 agnoscimus
1794 1967 1853 2022 in
1905 1966 2139 2021 nomine

497 2057 762 2130 spiritus.
794 2059 938 2114 Nam
971 2063 1027 2113 et
1057 2057 1300 2129 spiritus
1330 2057 1661 2113 substantia
1693 2061 1780 2112 est
1826 2055 2136 2123 sermonis,

497 2152 554 2202 et
584 2164 776 2203 sermo
798 2148 1056 2220 operatio
1089 2147 1350 2219 spiritus,
1383 2152 1459 2216 (et
1515 2148 1628 2202 duo
1678 2163 1861 2202 unum
1912 2150 2070 2201 sunt.
2106 2166 2135 2194 ››

493 2238 701 2309 (Idem,
750 2237 872 2292 adv.
931 2238 1102 2292 Prax.
1165 2254 1289 2308 cap.
1346 2237 1463 2307 26.)
1519 2235 1886 2292 Existimavit
1941 2236 2138 2307 itaque

492 2327 970 2397 Sermonem,seu
1003 2327 1282 2397 Verbum,
1327 2331 1384 2381 et
1435 2326 1642 2380 Filium
1702 2325 1799 2380 Dei
1847 2341 1974 2381 esse
2014 2324 2136 2396 spi-

490 2415 691 2484 ritum,
747 2431 989 2486 remque
1036 2415 1208 2487 plane
1260 2414 1648 2486 spiritualem,
1700 2432 1732 2468 a
1789 2428 2138 2486 quacunque

483 2504 734 2561 materia
791 2509 847 2560 et
895 2505 1056 2559 omni
1117 2521 1175 2560 re
1233 2521 1514 2576 corporea
1573 2503 1910 2558 discretam.
2001 2505 2136 2567 Qua:

487 2591 730 2662 quidem
783 2590 940 2646 illius
1000 2592 1294 2647 sententia
1341 2591 1474 2646 inde
1524 2592 1928 2658 confirmatur,
1979 2590 2136 2660 quod

486 2677 616 2750 ipse
649 2679 868 2734 ibidem
903 2679 1240 2750 pronuntiat
1271 2679 1435 2734 illum
1466 2695 1595 2735 esse
1628 2681 1889 2748 spiritum
1921 2681 1992 2734 de
2020 2681 2135 2749 spi-

487 2769 629 2834 ritu,
653 2768 708 2822 id
739 2774 848 2837 est,
883 2768 1096 2840 spiritu
1129 2786 1194 2824 ac
1216 2770 1566 2840 cogitatione
1600 2768 1799 2824 aaterni
1833 2769 2017 2824 Patris
2042 2769 2133 2823 sui

492 2855 786 2929 prolatum
818 2874 884 2913 ac
913 2859 1177 2930 genitum
1238 2859 1441 2926 (Idem,
1501 2858 1774 2930 Apotoget.
1835 2875 1962 2929 cap.
2019 2858 2132 2929 21).

494 2945 709 3002 Divinas
741 2947 1036 3019 siquidem
1069 2947 1438 3019 cogitationis
1470 2947 1715 3020 prolatio
1766 2964 1881 3003 non
1941 2946 2135 3002 solum

493 3035 640 3092 nihil
671 3035 934 3108 corporei
964 3036 1242 3107 admittit,
1269 3037 1368 3092 sed
1402 3054 1554 3092 unus
1589 3053 1721 3092 cum
1782 3053 1887 3092 suo
1949 3037 2135 3106 Patre,

493 3142 527 3181 a
557 3141 671 3197 quo
703 3125 1016 3197 profertur,
1043 3125 1198 3181 Deus
1230 3131 1337 3181 est.
1371 3127 1443 3181 At
1471 3125 1609 3197 quid
1645 3143 1793 3197 opus
1847 3130 1936 3181 est
1979 3126 2035 3180 id
2105 3142 2139 3180 a

491 3196 664 3269 nobis
693 3196 949 3285 probari,
996 3214 1151 3284 quod
1209 3214 1279 3268 ab
1329 3213 1427 3269 illo
1485 3196 1875 3270 disertissime
1925 3214 2138 3286 bisque
2170 3196 2211 3262 C

493 3301 766 3373 ipsismet
813 3302 1007 3359 verbis
1050 3303 1372 3358 asseritur:
1413 3326 1433 3352 ι
1496 3303 1659 3367 Quod
1707 3306 1778 3359 de
1831 3304 1946 3359 Deo
2007 3321 2137 3375 pro-

492 3391 710 3446 fectum
743 3395 851 3459 est,
886 3395 1040 3447 Deus
1071 3395 1180 3458 est,
1203 3395 1258 3446 et
1286 3391 1380 3446 Dei
1404 3391 1604 3462 Filius,
1634 3398 1691 3449 et
1739 3410 1893 3448 unus
1944 3393 2138 3463 ambo,

495 3483 553 3535 et
582 3480 654 3536 de
689 3481 800 3536 Deo
833 3486 984 3536 Deus
1015 3481 1043 3535 ?
1071 3503 1099 3532 »
1132 3481 1312 3551 (Ibid)

565 3587 788 3652 Tertio,
848 3586 1248 3641 Tertullianus
1306 3587 1562 3642 allirmat
1618 3588 1787 3644 illum
1837 3606 1970 3645 cum
2026 3591 2140 3648 Deo

501 3675 668 3731 Patre
699 3691 885 3730 unum
917 3692 1046 3731 esse
1071 3675 1255 3730 Deum
1285 3692 1357 3731 ex
1403 3679 1612 3732 unitate
1667 3679 2014 3751 substantiw,
2077 3697 2142 3736 ac

500 3764 747 3836 proinde
781 3781 960 3819 unam
992 3769 1049 3820 et
1079 3765 1344 3820 eamdem
1368 3781 1495 3821 esse
1527 3767 1833 3838 utriusque
1865 3769 2140 3824 substan-

502 3853 648 3908 tiam
671 3853 890 3925 (Ibid.).
920 3855 961 3907 A
997 3853 1162 3909 Patre
1193 3855 1348 3908 enim
1381 3872 1485 3909 suo
1535 3874 1643 3912 non
1702 3867 2010 3928 separatur,
2060 3859 2145 3913 in-

503 3941 653 4013 quit,
685 3942 1021 4010 substantia,
1052 3943 1145 3998 sed
1174 3943 1488 3998 extenditur
1521 3962 1533 3999 :
1570 3945 1849 4014 quoniam
1884 3945 2028 4001 hunc
2075 3963 2145 4002 ex

503 4036 634 4100 Deo,
666 4031 752 4087 uti
784 4031 975 4088 adhuc
1007 4031 1394 4103 illeloquitur,
1432 4035 1709 4104 prolatum
1745 4035 2038 4091 didicimus
2094 4039 2145 4092 et

498 4122 811 4192 prolatione
841 4130 1161 4191 generatum
1195 4122 1392 4190 (Ibid).
1428 4122 1572 4187 Quia
1601 4139 1733 4178 vero
1787 4124 1858 4178 ab
1914 4124 2011 4179 illo
2063 4126 2144 4180 ita

499 4210 716 4283 prediit
745 4215 802 4266 et
833 4211 1070 4283 genitus
1103 4217 1212 4281 est,
1265 4209 1502 4280 idcirco,
1566 4213 2066 4282 quemadmodum
2112 4231 2145 4269 a

496 4299 664 4356 Patre
696 4316 802 4356 suo
835 4317 950 4356 non
974 4305 1281 4371 separatur
1313 4300 1753 4369 substantia,sic
1785 4301 1854 4356 ab
1886 4301 1985 4357 illo
2012 4320 2142 4373 per-

495 4407 643 4446 sona
668 4390 1075 4461 distinguitur.
1119 4389 1242 4443 Non
1305 4390 1461 4443 enim
1507 4390 1710 4444 eadem
1770 4406 1897 4445 esse
1957 4397 2146 4463 potest

494 4479 687 4534 Patris
718 4483 776 4533 et
805 4479 932 4533 Filii
963 4478 1063 4533 Dei
1097 4493 1364 4549 persona.
1429 4481 1500 4532 At
1558 4479 1760 4533 eadem
1818 4484 2013 4534 tamen
2055 4485 2144 4536 est

499 4568 809 4639 utriusque
843 4568 1193 4634 substantia,
1223 4567 1694 4638 quandoquidem
1723 4585 1877 4623 unus
1899 4574 1989 4623 est
2010 4587 2140 4625 cum
2173 4569 2218 4632 D

501 4657 672 4710 Patre
702 4656 858 4711 Deus
886 4673 955 4711 ex
983 4660 1200 4712 unitate
1227 4659 1570 4723 substantiae,
1615 4673 1647 4710 a
1678 4674 1795 4728 qua
1824 4658 1972 4714 827
2035 4677 2148 4714 non

503 4753 816 4816 separatur,
849 4746 939 4801 sed
969 4746 1287 4801 extenditur
1317 4747 1519 4816 (1ὺίιί.).
1554 4747 1633 4801 Ex
1665 4745 1773 4801 hac
1794 4748 1950 4801 enim
2007 4749 2145 4803 sub-

508 4836 746 4900 stantia,
778 4839 1060 4905 tanquam
1091 4837 1346 4904 matrice,
1382 4853 1488 4891 non
1508 4838 1747 4899 recessit,
1779 4837 1871 4891 sed
1899 4839 2142 4906 excessit;

509 4926 684 4994 atque
714 4924 795 4979 ita
826 4923 1059 4996 quidem
1083 4924 1253 4979 ambo
1299 4943 1450 4979 unus
1490 4925 1762 4997 idemque
1805 4926 1957 4982 Deus
1984 4932 2142 4983 sunt.

577 5027 772 5101 Neque
800 5029 880 5086 ibi
929 5035 1181 5100 tantum,
1211 5031 1312 5085 sed
1371 5031 1427 5086 in
1489 5049 1593 5086 suo
1653 5032 1842 5087 adhuc
1885 5033 2145 5090 adversus

502 5119 784 5176 Praxeam
816 5119 986 5187 libro,
1012 5119 1155 5174 illud
1190 5119 1279 5174 bis
1312 5120 1621 5176 confirmat
1666 5121 1857 5177 verbis
1892 5139 1902 5176 :
1958 5147 1977 5172 α
2039 5128 2146 5179 Ra-

501 5208 722 5264 tionem
757 5209 1146 5272 reddidimus,
1182 5226 1298 5278 qua
1321 5209 1406 5262 Dii
1442 5227 1555 5264 non
1589 5210 1702 5265 duo
1735 5211 2142 5279 dicantur,nec

498 5297 752 5367 Domini,
787 5299 885 5353 sed
925 5316 1042 5369 qua
1066 5300 1232 5353 Pater
1262 5304 1318 5352 et
1349 5298 1529 5353 Filius
1561 5299 1710 5367 duo;
1748 5307 1803 5354 et
1859 5301 1966 5355 hoc
2024 5320 2139 5358 non

494 5401 562 5442 ex
597 5386 966 5459 separatione
1017 5387 1386 5457 substantias,
1443 5388 1544 5442 sed
1605 5404 1673 5443 ex
1729 5389 2136 5461 dispositione,

496 5491 634 5533 cum
665 5474 1036 5532 individuum
1067 5481 1124 5532 et
1170 5476 1568 5548 inseparatum
1624 5477 1836 5533 Filium
1886 5497 1919 5534 a
1970 5484 2140 5536 Patre

496 5566 976 5644 pronuntiamus,
1011 5583 1115 5622 nec
1145 5569 1325 5638 statu,
1370 5566 1470 5622 sed
1528 5567 1711 5639 gradu
1771 5567 1974 5636 alium,
2038 5569 2139 5641 qui

500 5657 613 5720 etsi
645 5656 800 5718 Deus
843 5656 1094 5728 dicatur,
1149 5658 1382 5731 quando
1439 5657 1781 5714 nominatur
1819 5657 2138 5732 singularis

2247 1902 2404 1956 nunc
2427 1899 2650 1954 utimur
2667 1896 3088 1969 signiﬁcatu,in
3106 1896 3308 1951 eodem
3330 1893 3590 1948 adversus
3620 1893 3855 1946 Praxeam

2246 1989 2393 2044 libro
2425 1988 2701 2058 sumitur,
2735 1987 2890 2042 sicut
2918 2003 2983 2041 ex
3015 1984 3156 2040 locis
3185 1984 3338 2038 intra
3373 1980 3621 2037 citandis
3663 1980 3856 2036 eviden-

2247 2078 2475 2133 tissime
2506 2077 2742 2148 patebit.

2316 2169 2387 2222 At
2414 2183 2527 2221 non
2557 2165 2749 2221 solum
2784 2166 3065 2221 adversus
3096 2164 3402 2228 Praxeam,
3437 2161 3536 2216 sed
3570 2159 3734 2215 etiam
3776 2156 3856 2210 ad-

2245 2272 2449 2311 versus
2478 2254 2852 2310 Valentinum
2887 2253 3067 2308 alium
3102 2251 3443 2305 haereticum
3474 2249 3621 2304 hanc
3651 2248 3715 2301 de
3758 2245 3854 2298 dis-

2245 2345 2431 2400 tincta
2463 2343 2592 2399 Filii
2627 2343 2930 2414 Patrisque
2962 2357 3228 2414 persona,
3263 2338 3364 2393 sed
3422 2355 3538 2392 una
3589 2336 3854 2403 utriusque

2247 2433 2582 2489 substantia
2611 2432 2938 2487 doctrinam
2981 2434 3207 2485 tutatur
3250 2445 3314 2483 ac
3358 2429 3700 2500 prepugnat.
3754 2423 3851 2477 Duo

2247 2523 2544 2578 enimvero
2593 2526 2760 2577 erant
2817 2518 3111 2575 Valentini
3165 2533 3418 2585 errores,
3469 2531 3612 2586 quos
3655 2512 3740 2568 ille
3782 2509 3853 2564 his

2247 2611 2557 2683 descripsit
2576 2611 2803 2666 verbis:
2847 2633 2866 2658 ι
2903 2607 3252 2664 Valentinus
3291 2605 3568 2678 probolas
3614 2619 3756 2667 suas,
3808 2599 3852 2653 id

2245 2705 2334 2757 est
2383 2701 2610 2755 divinas
2657 2698 3030 2771 prolationes,
3090 2695 3376 2751 discernit
3432 2700 3488 2750 et
3535 2696 3762 2764 separat,
3813 2691 3855 2741 et

2246 2792 2326 2845 ita
2352 2790 2519 2860 longe
2565 2789 2748 2861 ponit,
2774 2793 2837 2843 ut
2892 2789 3032 2842 ZEon
3083 2790 3313 2841 Patrem
3361 2784 3588 2839 nesciat
3641 2804 3666 2832 »
3723 2776 3853 2849 (Ibid.

2246 2896 2372 2950 cap.
2397 2879 2496 2950 8.).
2530 2878 2862 2934 Secundum
2895 2883 3089 2932 autem
3120 2875 3276 2930 hunc
3305 2889 3586 2940 errorem,
3619 2871 3681 2925 de
3708 2868 3853 2923 .Eone

2246 2972 2476 3023 Patrem
2537 2967 2858 3033 nesciente,
2920 2964 3131 3020 refellit
3204 2965 3458 3018 Joannis
3517 2957 3850 3030 Evangeliste

2248 3056 2630 3111 auctoritate:
2667 3079 2693 3105 ‹‹
2729 3055 2893 3127 Apud
2931 3072 3058 3121 nos,
3082 3053 3296 3124 inquit,
3330 3051 3496 3106 solus
3556 3049 3720 3106 Filius
3772 3044 3850 3099 Pa-

2249 3150 2399 3200 trem
2434 3143 2612 3211 novit,
2646 3148 2703 3198 et
2732 3143 2926 3198 sinum
2961 3142 3291 3211 Patrisipse
3341 3139 3625 3212 exposuit.
3661 3160 3685 3186 »
3731 3135 3851 3189 Tum

2250 3232 2460 3288 deinde
2488 3233 2744 3304 primum
2774 3231 3067 3287 Valentini
3098 3232 3168 3285 de
3201 3230 3496 3301 separatis
3527 3224 3724 3282 divinis
3744 3237 3854 3294 pro-

2249 3321 2569 3379 lationibus
2590 3338 2867 3392 errorem,
2903 3321 3014 3391 his,
3067 3337 3191 3392 quae
3239 3319 3309 3374 ad
3377 3317 3726 3392 propositum
3780 3327 3855 3364 no-

2249 3417 2436 3468 strum
2467 3411 2656 3483 magis
2685 3410 2933 3477 faciunt,
2965 3410 3158 3465 verbis
3190 3407 3402 3463 evertit
3430 3425 3441 3462 :
3469 3431 3494 3457 ‹‹
3521 3407 3708 3462 Sermo
3736 3405 3781 3455 et
3807 3399 3851 3453 in

2250 3502 2417 3557 Patre
2449 3516 2701 3571 semper,
2745 3499 2898 3554 sicut
2929 3498 3075 3553 dixit
3109 3515 3121 3553 :
3156 3501 3264 3568 Ego
3297 3499 3356 3550 in
3392 3499 3565 3552 Patre
3597 3511 3608 3550 :
3648 3498 3700 3548 et
3726 3485 3850 3560 apud

2251 3591 2434 3646 Deum
2476 3606 2728 3660 semper,
2762 3591 2916 3644 sicut
2947 3587 3234 3658 scriptum
3267 3590 3399 3641 est:
3435 3587 3497 3640 Et
3525 3586 3701 3639 Sermo
3757 3585 3856 3633 erat

2251 3681 2404 3750 apud
2433 3680 2623 3733 Deum.
2661 3679 3046 3748 Etnunquam
3089 3680 3403 3746 separatus
3462 3692 3495 3728 a
3552 3673 3724 3738 Patre,
3775 3668 3855 3721 aut

2253 3767 2407 3823 alius
2439 3785 2470 3823 a
2497 3767 2684 3831 Patre,
2719 3767 2858 3838 quia
2879 3768 2987 3834 Ego
3016 3774 3068 3820 et
3101 3767 3263 3819 Pater
3292 3781 3476 3818 unum
3506 3777 3697 3816 sumus.
3745 3753 3855 3811 Inde

2253 3874 2384 3912 vero
2417 3856 2713 3912 concludit
2745 3856 2901 3910 hunc
2936 3857 3279 3910 Sermonem
3333 3853 3664 3922 Filiumque
3702 3843 3785 3902 Dci
3833 3858 3856 3894 a

2253 3951 2424 4002 Patre
2455 3964 2561 4002 suo
2593 3962 2722 4001 esse
2754 3945 3124 4010 distinctum,
3159 3943 3296 4014 quia
3322 3943 3398 3998 ab
3433 3959 3497 3998 eo
3529 3936 3757 4013 prodivit
3804 3945 3854 3985 ac

2255 4036 2514 4108 prolatus
2540 4035 2809 4104 est;sed
2868 4035 2938 4089 ab
2999 4051 3064 4089 eo
3115 4050 3231 4088 non
3289 4030 3574 4104 separari,
3633 4021 3855 4099 quando-

2255 4125 2490 4196 quidem
2568 4142 2686 4179 una
2735 4124 3043 4195 utriusque
3101 4127 3192 4177 est
3237 4127 3472 4176 natura.
3535 4118 3675 4183 Quin
3711 4112 3854 4169 etiam

2253 4214 2426 4286 paulo
2460 4218 2590 4286 post
2620 4214 2872 4284 adjecit:
2914 4237 2933 4262 ε
2980 4212 3103 4267 Non
3155 4211 3494 4266 diversitate
3543 4208 3711 4264 alium
3754 4213 3855 4256 esse
3892 4229 3894 4231 -

2255 4302 2464 4358 Filium
2498 4304 2747 4372 aPatre,
2799 4303 2898 4357 sed
2960 4301 3394 4366 distributione,
3458 4315 3560 4354 nec
3614 4292 3856 4350 divisione

2255 4389 2457 4457 alium,
2491 4393 2589 4446 sed
2623 4391 2996 4446 distinctione
3027 4390 3212 4461 ;'quia
3239 4406 3351 4444 non
3390 4389 3469 4443 sit
3499 4388 3665 4457 Eidem
3721 4381 3856 4435 Pater

2255 4486 2310 4535 et
2331 4480 2530 4546 Filius,
2562 4479 2648 4535 vel
2683 4480 2918 4536 modulo
2979 4479 3128 4534 alius
3178 4478 3248 4533 ab
3302 4476 3440 4532 alio.
3502 4499 3530 4526 »
3583 4471 3748 4544 (Ibid)
3803 4469 3854 4519 Δΐ

2253 4586 2408 4624 nunc
2431 4569 2888 4624 animadveritas
2930 4568 3102 4623 velim
3149 4567 3359 4621 Filium
3413 4565 3511 4620 Dei
3561 4565 3628 4618 ab
3683 4575 3740 4613 eo
3765 4551 3855 4609 dici

2256 4659 2438 4715 alium
2471 4677 2504 4714 a
2538 4661 2786 4727 Patre,et
2816 4676 2929 4714 non
2953 4655 3433 4725 alium,videlicet
3469 4654 3692 4710 aliuma
3720 4649 3856 4702 Patre

2256 4765 2522 4819 persona,
2557 4754 2613 4803 et
2669 4748 3002 4803 substantia
3049 4764 3163 4802 non
3205 4745 3409 4814 alium,
3435 4745 3573 4816 quia
3603 4743 3714 4795 haec
3741 4733 3855 4790 sub-

2254 4837 2471 4893 stantia
2502 4837 2560 4891 in
2595 4845 2841 4908 utroque
2873 4836 3042 4908 plane
3063 4837 3262 4891 eadem
3286 4839 3396 4890 est.

2325 4946 2465 5002 Cum
2497 4945 2678 5016 igitur
2713 4944 2888 4999 Filius
2922 4962 2954 4999 a
2985 4945 3149 4999 Patre
3180 4960 3286 4998 suo
3309 4942 3386 4996 sit
3416 4927 3855 5002 distinctus,quia

2254 5035 2379 5090 duae
2402 5040 2541 5089 sunt
2579 5035 2636 5089 in
2697 5052 2815 5089 una
2865 5034 3188 5105 eademque
3223 5031 3556 5087 substantia
3608 5033 3853 5097 persona,

2255 5129 2408 5178 recte
2441 5123 2592 5179 828
2630 5123 2866 5195 quidem
2909 5124 2976 5179 de
3015 5123 3217 5178 eodem
3263 5119 3402 5174 Filio
3454 5117 3554 5173 Dei
3603 5115 3657 5168 in
3693 5107 3853 5181 Apolo-

2251 5214 2441 5284 getico,
2475 5213 2745 5283 scripsit:
2786 5237 2804 5261 α
2869 5211 3125 5280 Modulo,
3163 5234 3188 5260 »
3240 5204 3724 5281 quemadmodum
3771 5195 3854 5252 ad-

2251 5319 2457 5358 versus
2507 5303 2877 5358 Valentinum
2937 5302 3104 5357 dixit.
3147 5325 3174 5352 ‹‹
3230 5299 3519 5355 alternum
3576 5298 3852 5348 numerum

2251 5392 2458 5463 gradu,
2493 5409 2609 5447 non
2643 5397 2822 5461 statu,
2852 5391 3041 5446 fecit.»
3074 5391 3185 5446 Sed
3218 5387 3504 5462 Rigaltius
3535 5385 3729 5439 contra
3751 5388 3853 5468 mf

2251 5481 2693 5551 nuscriptorum
2726 5485 3087 5547 nostrorum,
3120 5485 3178 5535 et
3234 5477 3495 5534 omnium
3551 5475 3714 5527 antea
3749 5463 3852 5558 etii:

2248 5575 2440 5624 torum
2471 5570 2740 5625 codicum
2773 5571 2946 5628 ﬁdem
2980 5570 3060 5625 ibi
3090 5568 3286 5643 priora
3312 5565 3486 5623 verba
3533 5561 3615 5618 sic
3668 5551 3852 5621 corrigi

2246 5656 2458 5717 voluit:
2488 5658 2778 5717 «Modulo
2828 5660 3101 5734 alterum,
3156 5675 3272 5719 non
3321 5667 3581 5722 numero.
3615 5671 3636 5700 ι
3691 5643 3850 5720 (Idem
