4106 6178
251 386 370 448 913

1197 387 1271 444 D.
1316 385 1414 445 LE
1458 386 1782 448 NOURRY
1830 383 2472 447 OBSERVATIONES
2519 387 2779 448 NOVE.

3556 382 3675 440 914

252 519 529 591 Apologet.
580 533 705 590 cap.
755 518 869 589 21.)
942 517 1176 573 Nullam
1231 517 1621 575 nihilominus
1665 519 1908 590 hujusce
1939 519 1990 586 Α
2021 517 2270 589 Spiritus
2303 518 2488 573 sancti
2520 519 2824 574 divinitate
2852 535 2917 574 ac
2948 517 3336 574 sanctissimae
3367 513 3673 570 Trinitatis

253 608 683 665 emendationis
735 607 989 662 reddidit
1040 607 1346 662 rationem.
1419 609 1718 680 Numquid
1772 626 1906 680 ergo

253 699 502 769 putavit,
565 697 739 753 sicuti
798 696 1048 764 videtur,
1111 695 1194 751 sic
1271 697 1603 752 immutatis
1653 699 1909 755 auctoris

263 787 480 854 verbis,
529 786 690 840 illius
741 785 1074 840 accuratius
1124 787 1338 840 servari
1389 787 1760 843 antitheses?
1799 788 1908 843 Sed

252 878 416 932 nefas
480 875 680 948 procul
735 875 912 931 dubio
968 880 1056 931 est
1101 875 1311 932 veteris
1354 879 1608 932 auctoris
1682 882 1908 932 textum

255 965 554 1021 levissima
587 967 923 1036 conjectura
953 965 1288 1030 immutare,
1321 965 1508 1021 multo
1541 966 1737 1020 minus
1761 985 1906 1038 pria-

249 1061 486 1128 postera
523 1055 936 1111 immutatione
969 1071 1210 1110 sensum
1245 1056 1374 1124 ejus
1407 1056 1466 1110 in
1499 1056 1680 1110 alium
1713 1057 1904 1112 detor-

249 1161 431 1217 quere
465 1145 634 1216 plane
666 1145 1087 1216 oppositum,et
1112 1145 1169 1198 in
1201 1161 1539 1214 eum,quem
1572 1146 1902 1218 impugnat,

247 1250 530 1290 errorem.
562 1233 709 1288 Nam
741 1233 1158 1300 Tertullianus,
1193 1234 1276 1288 uti
1321 1234 1541 1289 affatim
1593 1236 1902 1306 probatum

244 1329 361 1391 est,
393 1323 763 1395 apertissime
795 1324 964 1379 docet
995 1323 1206 1377 Filium
1237 1323 1339 1378 Dei
1369 1324 1587 1379 modulo
1619 1329 1675 1380 et
1704 1325 1899 1395 gradu,

243 1413 366 1468 sive
401 1428 651 1484 persona
680 1413 862 1467 alium
902 1429 1032 1468 esse
1061 1429 1094 1467 a
1129 1413 1292 1467 Patre
1323 1429 1450 1483 suo,
1507 1414 1607 1468 sed
1635 1429 1816 1468 unum
1847 1418 1904 1468 et

241 1502 517 1556 eumdem
550 1501 907 1571 substantia,
941 1507 999 1556 et
1031 1501 1248 1557 idcirco
1281 1503 1430 1557 duas
1461 1519 1590 1558 esse
1623 1519 1900 1574 personas

240 1591 585 1661 distinctas,
631 1607 818 1646 unum
864 1596 1061 1646 tamen
1117 1597 1318 1646 Deum.
1395 1591 1713 1663 Utriusque
1763 1608 1898 1661 ergo

239 1696 510 1751 persona“:
539 1697 571 1734 a
610 1695 673 1735 se
712 1679 960 1735 invicem
993 1679 1284 1735 distinctis
1317 1696 1630 1736 numerum
1662 1683 1900 1736 alterum

240 1769 495 1824 faciunt.

312 1858 595 1913 Praeterea
626 1857 724 1913 ille
757 1857 975 1929 palam,
1000 1859 1500 1929 quemadmodum
1532 1859 1590 1913 in
1627 1858 1893 1930 sequenti

233 1946 488 2002 articulo
536 1946 893 2011 videbimus,
945 1963 1080 2001 cum
1139 1951 1260 2002 tota
1304 1947 1557 2002 Ecclesia
1606 1948 1892 2003 catholica

235 2036 503 2091 declarat
552 2042 670 2091 tres
722 2052 850 2091 esse
896 2035 954 2090 in
1014 2036 1391 2092 sanctissima
1440 2037 1723 2092 Trinitate
1762 2054 1890 2108 per-

235 2141 440 2180 sonas.
473 2125 612 2180 Jure
639 2125 818 2196 igitur
847 2125 1053 2180 merito
1085 2125 1233 2180 dixit
1265 2126 1474 2180 Filium
1525 2126 1622 2180 Dei
1671 2126 1892 2181 modulo

238 2215 490 2271 alterum
519 2231 652 2269 cum
678 2216 842 2269 Patre
875 2231 982 2270 suo
1012 2231 1306 2270 numerum
1339 2216 1544 2271 facere.
1577 2216 1706 2270 Jam
1738 2215 1892 2271 enim

238 2320 382 2359 eum
415 2303 700 2358 dicentem
747 2303 1082 2358 audivimus
1115 2322 1126 2358 :
1163 2326 1190 2354 «
1224 2308 1348 2359 Non
1401 2308 1491 2359 est
1537 2305 1692 2359 idem
1727 2305 1895 2358 Pater

237 2398 297 2448 et
351 2393 533 2448 Filius
583 2393 844 2459 modulo,
893 2414 919 2442 »
977 2393 1033 2447 id
1088 2397 1178 2448 est
1225 2410 1291 2448 eo
1342 2394 1690 2465 prolationis
1722 2395 1893 2449 modo

236 2499 360 2554 quo
392 2481 596 2536 Fillius
645 2499 679 2536 a
733 2485 901 2536 Patre
961 2482 1214 2554 prodivit
1277 2483 1482 2552 (Idem,
1543 2483 1662 2538 adv.
1725 2485 1895 2538 Prax.

239 2587 376 2642 cap.
410 2573 465 2641 8)
499 2571 678 2625 Filius
709 2588 845 2644 ergo
888 2588 1020 2626 cum
1071 2575 1241 2627 Patre
1275 2588 1585 2628 numerum
1637 2573 1771 2627 facit
1815 2574 1899 2628 al-

235 2665 487 2730 ternum,
519 2660 577 2714 id
609 2665 719 2728 est,
752 2665 993 2732 uterque
1024 2661 1192 2716 Pater
1234 2665 1290 2715 et
1335 2660 1514 2716 Filius
1565 2661 1896 2717 alternatim

235 2749 625 2819 vicissimque
640 2749 886 2803 duarum
911 2764 1296 2819 personarum
1317 2765 1629 2804 numerum
1652 2749 1896 2805 faciunt.

237 2838 598 2894 Tertulliani
631 2842 826 2893 autem
855 2837 1010 2892 hunc
1040 2854 1170 2894 esse
1226 2855 1467 2894 sensum
1496 2838 1689 2910 colligi
1739 2839 1897 2895 haud

235 2929 446 2998 inepte
495 2931 688 2999 potest
735 2927 826 2981 his
875 2927 1004 2996 ejus
1053 2927 1111 2981 in
1176 2929 1380 2983 eodem
1433 2927 1581 2983 libro
1655 2929 1895 2986 verbis:

239 3040 269 3066 «
310 3021 484 3072 Pater
515 3015 724 3070 Filium
759 3017 918 3080 facit,
960 3019 1018 3070 et
1071 3020 1298 3072 Patrem
1349 3017 1546 3072 Filius.
1598 3019 1668 3072 Et
1697 3017 1796 3089 qui
1829 3033 1894 3072 ex

235 3105 524 3162 alterutro
557 3105 726 3171 ﬁant,
762 3104 1151 3176 asemetipsis
1205 3105 1315 3160 sibi
1352 3106 1474 3161 fieri
1533 3106 1693 3162 nullo
1727 3108 1896 3162 modo

237 3199 520 3268 possunt,
555 3199 619 3249 ut
651 3195 818 3250 Pater
850 3210 912 3249 se
944 3194 1056 3248 sibi
1091 3194 1304 3259 Filium
1329 3195 1524 3262 faciat,
1545 3200 1600 3250 et
1633 3195 1810 3250 Filius
1834 3211 1895 3251 se

2023 607 2303 678 mysterio
2336 609 2550 678 dogma
2576 626 2689 664 non
2720 609 2912 664 minas
2943 609 3156 664 diserte
3189 606 3398 662 asserit
3428 609 3484 661 et
3523 621 3671 678 prm-

2020 697 2197 767 dicat,
2231 697 2375 751 illud
2411 698 2727 769 separatim
2752 699 2809 752 in
2844 699 2948 754 hoc
2981 696 3225 753 articulo
3264 697 3670 768 exponendum

2019 802 2147 842 esse
2179 787 2476 842 duximus.
2515 788 2772 842 Primum
2805 789 3001 859 itaque
3027 793 3228 842 contra
3255 791 3530 841 Praxeam
3565 787 3669 842 Pa-

2016 875 2460 947 tripassianum,
2496 877 2596 947 qui
2631 878 2900 931 eumdem
2936 878 3163 931 Patrem
3218 880 3274 930 et
3326 874 3535 929 Filium
3571 875 3668 930 Dei

2015 981 2144 1020 esse
2176 964 2496 1033 effutiebat,
2530 965 2647 1019 haec
2679 967 2750 1020 de
2791 966 3099 1021 Trinitatis
3131 964 3431 1037 mysterio,
3480 965 3667 1020 tribus

2015 1053 2283 1108 videlicet
2314 1053 2530 1109 divinis
2563 1055 2828 1124 personis
2852 1059 2908 1110 et
2940 1072 3057 1109 una
3109 1054 3431 1125 eademque
3462 1070 3664 1109 earum

2015 1148 2244 1209 natura,
2306 1144 2552 1198 firmiter
2583 1144 2870 1199 credenda
2909 1161 3036 1199 esse
3068 1144 3323 1199 declarat
3354 1161 3367 1200 :
3404 1165 3432 1192 ιι
3459 1143 3664 1199 Custo-

2014 1233 2228 1304 diatur,
2263 1232 2476 1303 inquit,
2509 1233 2840 1289 meonomiaa
2875 1237 3333 1304 sacramentum,
3370 1249 3495 1305 quas
3527 1233 3660 1288 uni-

2012 1327 2190 1377 tatem
2222 1322 2280 1377 in
2320 1323 2668 1378 Trinitatem
2723 1323 3003 1395 disponit,
3057 1327 3175 1378 tres
3220 1322 3502 1394 dirigens,
3555 1324 3658 1379 Pa-

2011 1416 2184 1482 trem,
2216 1416 2272 1466 et
2304 1411 2536 1482 Filium,
2569 1417 2626 1468 et
2651 1412 2930 1482 Spiritum
2965 1416 3235 1468 sanctum
3270 1429 3282 1468 :
3311 1416 3430 1468 tres
3462 1414 3658 1468 autem

2011 1518 2126 1556 non
2159 1504 2336 1567 statu,
2371 1502 2472 1556 sed
2504 1502 2688 1573 gradu
2717 1521 2729 1567 ;
2763 1519 2866 1557 nec
2898 1502 3254 1570 substantia,
3297 1503 3398 1558 sed
3428 1502 3653 1569 forma;

2011 1607 2115 1648 nec
2147 1592 2562 1661 potestate,sed
2597 1591 2786 1663 specie
2813 1610 2824 1658 ;
2861 1593 3033 1648 unius
3059 1596 3255 1647 autem
3287 1590 3653 1658 substantia,

2007 1685 2064 1736 et
2107 1680 2281 1736 unius
2331 1684 2540 1749 status,
2593 1685 2650 1735 et
2699 1681 2876 1736 unius
2933 1683 3286 1752 potestatis;
3322 1681 3461 1752 quia
3500 1696 3654 1736 unus

2009 1775 2181 1836 Deus,
2215 1787 2283 1825 ex
2313 1786 2426 1840 quo
2458 1774 2514 1825 et
2538 1770 2757 1841 gradus
2808 1770 2927 1841 isti,
2982 1775 3038 1826 et
3087 1772 3308 1837 formas,
3341 1775 3396 1826 et
3425 1769 3649 1841 species

2007 1860 2064 1914 in
2098 1859 2333 1915 nomine
2364 1859 2572 1926 Patris,
2605 1867 2658 1913 et
2694 1859 2844 1924 Filii,
2877 1864 2934 1915 et
2964 1859 3217 1932 Spiritus
3248 1859 3436 1916 sancti
3464 1860 3644 1932 depu-

2002 1953 2220 2004 tantur.
2257 1969 2283 1997 »
2315 1947 2578 2018 (Tertull.
2618 1947 2741 2003 adv.
2797 1955 2990 2015 Prima,
3045 1966 3170 2021 cap.
3219 1950 3298 2018 2.)
3347 1949 3527 2004 Nemo
3558 1951 3648 2004 est

2001 2043 2196 2093 autem
2231 2037 2329 2109 qui
2357 2054 2470 2091 non
2497 2036 2807 2109 intelligat,
2867 2038 3101 2094 nomine
3145 2042 3337 2104 status,
3392 2037 3549 2092 sicut
3580 2037 3639 2091 in

2002 2125 2301 2196 superiore
2327 2124 2571 2180 articulo
2605 2125 2968 2195 monuimus,
3003 2125 3158 2180 idem
3207 2124 3526 2198 significari
3574 2138 3642 2179 ac

2002 2215 2394 2269 substantiam
2417 2219 2761 2269 etnaturam
2794 2214 2894 2270 Dei
2929 2233 2942 2282 ;
2975 2216 3191 2285 gradus
3221 2215 3644 2281 autem,formm

2003 2308 2058 2358 et
2089 2303 2300 2374 speciei
2342 2303 2682 2358 nominibus
2731 2304 2958 2358 divinas
3007 2319 3307 2374 personas,
3341 2308 3514 2375 atque
3546 2319 3643 2358 eo-

2005 2409 2138 2448 rum
2161 2393 2422 2447 ordinem
2453 2397 2512 2446 et
2541 2392 2857 2448 exsistendi
2891 2394 3152 2447 modum.
3205 2392 3508 2448 Manifeste
3537 2391 3648 2462 igi-

2005 2487 2099 2537 tur
2129 2483 2295 2537 docet
2326 2486 2442 2536 tres
2473 2498 2600 2536 esse
2641 2482 3050 2538 sanctissimae.
3101 2481 3408 2536 Trinitatis
3457 2497 3650 2553 perso-

2007 2589 2134 2640 nas,
2185 2588 2312 2643 quaa
2363 2587 2658 2626 numerum
2705 2573 2828 2626 sine
2871 2571 3139 2627 divisione
3180 2573 3496 2642 patiuntur,
3548 2571 3650 2626 sed

2009 2679 2189 2717 unam
2221 2661 2607 2732 eamdemque
2640 2676 2767 2716 esse
2799 2676 3001 2716 earum
3033 2660 3450 2717 substantiam.

2081 2770 2286 2824 Postea
2314 2784 2448 2823 vero
2480 2767 2632 2823 hanc
2663 2767 2968 2823 catholicis
3006 2767 3275 2823 Ecclesiae
3316 2766 3650 2823 doctrinam

2007 2862 2196 2929 atque,
2231 2861 2296 2912 ut
2326 2857 2451 2928 ipse
2484 2857 2584 2928 ait,
2612 2858 2874 2929 regulam
2910 2857 3099 2912 fusius
3132 2857 3404 2928 huncque
3434 2857 3493 2912 in
3526 2873 3652 2912 mo-

2007 2949 2149 3002 dum
2171 2946 2408 3019 exponit
2429 2963 2494 3002 ac
2509 2946 2818 3001 conﬁrmat
2834 2962 2846 3000 :
2864 2969 2891 2996 «
2909 2946 3215 3002 Trinitatis
3240 2963 3341 3018 per
3353 2951 3650 3002 consertos

2007 3041 2063 3092 et
2095 3052 2384 3091 connexos
2414 3036 2631 3105 gradus
2664 3053 2696 3090 a
2728 3039 2895 3090 Patre
2926 3035 3262 3105 decurrens,
3309 3040 3365 3090 et
3413 3051 3653 3090 monar-

2006 3126 2148 3180 chiae
2177 3124 2320 3179 nihil
2353 3125 2658 3196 obstrepit,
2683 3128 2738 3179 et
2767 3125 3096 3180 meonomiaa
3129 3129 3346 3180 statum
3379 3124 3646 3197 protegit.

2012 3217 2166 3270 Hanc
2196 3231 2288 3269 me
2318 3215 2579 3285 regulam
2613 3214 2966 3285 professum,
3002 3213 3140 3285 quia
3182 3215 3548 3286 inseparatos
3579 3214 3651 3270 ab

233 3286 353 3342 sibi
387 3287 759 3340 Patrem-"~-
793 3283 1015 3374 Habeat
1060 3299 1293 3340 necesse
1325 3285 1629 3374 θειγΡδίθΓ
1661 3285 1892 3355 Filium:
1927 3273 1968 3339 α
2009 3306 2287 3360 alterutro
2319 3273 2570 3358 Patrem.
2605 3273 2658 3358 et
2688 3303 2919 3368 Filium,
2953 3273 3332 3374 et‘Spiritum
3381 3307 3652 3358 sanctum

232 3380 300 3430 ut
337 3375 501 3429 Pater
531 3374 631 3443 sit,
665 3377 722 3428 et
750 3372 935 3428 Filius
966 3373 1216 3438 Patrem,
1251 3378 1313 3427 ut
1344 3373 1523 3430 Filius
1555 3374 1648 3429 sit.
1670 3397 1697 3424 »
1719 3375 1889 3446 (Ibid.

233 3481 368 3535 cap.
404 3465 508 3533 10.)
543 3463 805 3518 Audisne
838 3479 1015 3534 quam
1045 3462 1374 3519 luculenter
1401 3463 1498 3519 ille
1548 3465 1753 3520 doceat
1785 3465 1892 3520 Pa-

234 3559 390 3609 trem
423 3557 479 3608 et
516 3553 732 3607 Filium
764 3552 847 3608 sic
879 3553 1028 3606 inter
1058 3570 1120 3608 se
1151 3554 1444 3625 componi,
1472 3559 1534 3608 ut
1567 3555 1732 3610 Pater
1758 3571 1891 3610 cum

235 3643 414 3712 Filio,
449 3659 514 3696 ac
545 3641 805 3697 vicissim
837 3640 1019 3697 Filius
1051 3658 1186 3699 cum
1243 3644 1412 3699 Patre
1465 3661 1777 3700 numerum
1811 3644 1891 3700 al-

233 3736 476 3788 ternum
508 3731 771 3787 faciant?

305 3820 554 3890 Verum,
606 3820 746 3891 quia
803 3821 1103 3876 infinitum
1161 3825 1251 3878 est
1306 3821 1458 3877 inter
1515 3821 1782 3878 homines
1837 3828 1895 3878 et

231 3916 426 3966 Deum
455 3910 941 3977 discrimen,hinc
974 3911 1217 3966 minime
1243 3911 1581 3966 dubitanter
1603 3916 1895 3968 asseverat

233 3999 456 4056 Filium
490 3999 591 4054 Dei
623 3999 804 4056 alium
834 4017 963 4056 esse
1003 4017 1036 4056 a
1086 4005 1253 4056 Patre
1282 4001 1460 4071 gradu
1508 4001 1769 4072 quidem,
1801 4002 1895 4058 sed

230 4106 350 4145 non
378 4093 547 4157 statu,
583 4089 689 4145 hoc
723 4090 1002 4158 est,illum
1034 4107 1142 4147 sua
1163 4093 1538 4162 generatione
1566 4107 1691 4147 esse
1717 4091 1895 4146 alium

230 4179 449 4252 gradu,
483 4193 587 4234 seu
620 4180 824 4235 ordine
854 4181 1180 4236 secundum
1226 4179 1384 4248 (Ibid.
1419 4196 1543 4251 cap.
1575 4182 1652 4251 2),
1696 4185 1896 4253 utpote

230 4269 513 4341 genitum
545 4285 579 4322 a
612 4268 798 4335 Patre,
840 4269 940 4324 sed
975 4285 1088 4324 non
1118 4273 1288 4337 statu,
1338 4269 1395 4322 id
1445 4274 1556 4340 est,
1608 4287 1722 4326 non
1756 4271 1895 4325 sub-

233 4357 467 4414 stantia
497 4373 562 4412 ac
623 4361 852 4425 natura,
910 4374 1034 4428 quae
1067 4374 1185 4413 una
1242 4358 1561 4430 eademque
1617 4359 1675 4413 in
1710 4359 1808 4414 illo
1840 4363 1896 4415 et

237 4447 417 4502 Patre
451 4462 555 4500 suo
587 4451 695 4513 est,
731 4446 840 4501 Sed
873 4445 964 4501 his
995 4444 1156 4501 illius
1189 4447 1364 4502 dictis
1393 4464 1598 4502 novam
1632 4449 1896 4504 certelu-

237 4552 373 4591 cem
406 4551 477 4590 ea
509 4535 753 4602 dabunt,
804 4551 929 4606 quae
961 4535 1031 4589 de
1065 4535 1330 4605 ejusdem
1379 4536 1506 4589 Filii
1552 4541 1606 4592 et
1644 4537 1896 4608 Spiritus

2002 3398 2206 3463 testor,
2255 3398 2385 3448 tene
2437 3393 2678 3464 ubique,
2730 3397 2787 3447 et
2828 3392 2906 3447 ita
2954 3396 3010 3446 et
3059 3392 3353 3462 quomodo
3422 3391 3656 3446 dicatur

2003 3499 2306 3554 agnosces.
2358 3483 2498 3537 Ecce
2542 3482 2696 3537 enim
2745 3481 2872 3536 dico
2923 3480 3105 3536 alium
3152 3497 3281 3536 esse
3312 3484 3564 3547 Patrem,
3599 3484 3655 3535 et

2002 3572 2183 3627 alium
2216 3573 2450 3636 Filium,
2501 3575 2558 3626 et
2597 3571 2781 3626 alium
2833 3571 3117 3642 Spiritum
3167 3574 3462 3626 sanctum.
3507 3567 3653 3626 Male

2003 3663 2212 3734 accipit
2240 3662 2450 3717 idiotes
2482 3661 2732 3732 quisque
2769 3664 2871 3715 aut
2903 3675 3207 3732 perversos
3239 3658 3348 3715 hoc
3405 3659 3648 3714 dictum.

2004 3751 2173 3824 quasi
2207 3750 2600 3806 diversitatem
2637 3753 2826 3815 sonet,
2859 3753 2916 3804 et
2945 3766 3011 3805 ex
3044 3749 3382 3804 diversitate
3412 3763 3650 3818 separa-

2001 3844 2221 3899 tionem
2255 3843 2565 3914 protendat
2596 3842 2805 3908 Patris,
2840 3845 2897 3895 et
2927 3839 3076 3908 Filii,
3111 3844 3166 3894 et
3213 3839 3489 3908 Spiritus.
3534 3838 3649 3893 Ne-

2005 3932 2274 3988 cessitate
2303 3937 2498 3986 autem
2530 3931 2638 3985 hoc
2665 3931 2814 3996 dico,
2849 3945 2983 3983 cum
3015 3928 3286 3983 eumdem
3323 3928 3652 3995 Patrem,et

2006 4021 2242 4085 Filium,
2275 4024 2331 4075 et
2377 4019 2659 4090 Spiritum
2699 4018 3062 4074 contendunt
3091 4017 3372 4071 adversus
3418 4029 3651 4070 oecono-

2005 4110 2184 4166 miam
2218 4109 2564 4164 monarchiae
2610 4107 2941 4171 adulantes,
2974 4122 3090 4160 non
3134 4107 3364 4160 tantum
3415 4102 3652 4158 diversi-

2005 4203 2124 4254 tate
2154 4197 2335 4253 alium
2370 4197 2578 4252 Filium
2612 4214 2645 4250 a
2675 4197 2861 4263 Patre,
2883 4210 2988 4249 nec
3019 4192 3304 4248 divisione
3336 4191 3651 4260 alium,sed

2006 4287 2383 4343 distinctione
2413 4304 2425 4353 ;
2461 4286 2597 4356 quia
2628 4301 2741 4340 non
2777 4284 2854 4339 sit
2885 4283 3039 4338 idem
3071 4283 3239 4337 Pater
3267 4285 3324 4337 et
3355 4279 3653 4352 Filius,vel

2007 4377 2242 4432 modulo
2266 4376 2418 4431 alius
2450 4376 2520 4430 ab
2554 4374 2687 4429 alio.
2746 4396 2772 4422 »
2825 4372 2983 4444 (Ibid.
3041 4388 3167 4443 cap.
3225 4372 3306 4439 9.)
3353 4369 3652 4440 Numquid

2006 4467 2221 4522 clarius
2250 4465 2531 4520 meliusve
2563 4462 2838 4534 explicari
2873 4463 3062 4533 potest
3101 4475 3234 4515 vera
3265 4464 3323 4514 et
3371 4457 3654 4515 catholica

2006 4556 2077 4611 de
2109 4571 2275 4610 sacro
2297 4553 2596 4610 Trinitatis
2621 4551 2895 4622 mysterio
2927 4549 3192 4604 doctrina
3214 4549 3240 4603 ‘t
3273 4547 3472 4602 Palam
3495 4545 3652 4602 enim

237 4625 437 4681 sancti
471 4623 772 4678 divinitate
813 4641 878 4678 ac
927 4641 1090 4679 sacro
1142 4625 1448 4680 Trinitatis
1496 4627 1770 4696 mysterio
1802 4626 1897 4681 ille
1929 4648 1973 4712 Β
2005 4649 2062 4699 et
2093 4648 2292 4698 contra
2322 4642 2727 4698 hmreticomm
2765 4655 2989 4695 errores
3038 4641 3240 4693 auctor
3288 4640 3485 4692 noster
3515 4652 3652 4706 ριιο-

239 4713 512 4783 tradidit,
545 4716 602 4768 et
632 4729 665 4768 a
695 4713 862 4768 nobis
889 4714 1014 4783 jam
1057 4713 1364 4768 enodanda
1412 4712 1897 4786 explanandaque

237 4807 408 4858 sunt.

854 4943 1166 4982 ARTICULUS
1207 4943 1288 4980 Ill.

236 5035 420 5103 Quam
476 5032 675 5088 diserte
745 5034 1114 5088 Tertullianus

309 5105 425 5160 Fili
487 5107 607 5170 Dei,
669 5121 906 5161 necnon
948 5105 1190 5175 Spiritus
1247 5107 1427 5160 sancti
1483 5106 1778 5162 divinitate
1836 5124 1901 5163 ac

309 5191 475 5302 ,ἔξει-ἑ)
505 5178 790 5233 Trinitatis
819 5180 1086 5248 mysterio
1106 5179 1412 5232 doctrinam
1435 5178 1672 5249 explicet
1689 5195 1754 5234 ac
1773 5181 1899 5234 vin-

355 5264 436 5303 zce
471 5290 484 5302 .

1186 5032 1544 5089 orthodoxam
1603 5033 1779 5089 adhuc
1835 5035 1901 5090 de

311 5373 717 5430 Tertullianus
751 5391 868 5431 non
899 5374 970 5430 iis
999 5376 1231 5429 tantum
1265 5389 1390 5444 quas
1431 5374 1763 5444 retulimus,
1796 5379 1898 5432 sed

241 5461 380 5520 aliis
395 5462 588 5518 adhuc
612 5463 880 5536 pluribus
903 5464 959 5519 in
985 5461 1508 5533 locis,oatholicam
1532 5465 1600 5520 de
1625 5482 1901 5537 suprema

242 5551 403 5608 829
454 5553 584 5607 Filii
639 5553 737 5609 Dei
785 5553 1116 5624 Christique
1161 5552 1386 5607 Domini
1431 5553 1734 5611 divinitate
1767 5573 1900 5612 sen-

244 5641 500 5697 tentiam
534 5646 654 5698 tam
688 5647 1088 5701 asseveranter
1120 5657 1297 5713 quam
1349 5644 1656 5715 perspicue
1704 5650 1902 5702 tuetur

247 5747 317 5789 ac
342 5731 622 5791 vindicat.
664 5735 772 5794 Sed
807 5733 947 5806 quia
977 5733 1036 5790 in
1066 5730 1139 5790 iis
1187 5731 1539 5791 catholicum
1571 5751 1802 5808 quoque
1833 5738 1903 5794 de

2006 4735 2204 4788 {itctur
2255 4733 2512 4799 Patrem,
2565 4734 2620 4784 et
2660 4728 2895 4794 Filium,
2947 4731 3003 4781 et
3048 4725 3328 4797 Spiritum
3381 4729 3652 4780 sanctum

2008 4827 2126 4877 tres
2170 4838 2299 4877 esse
2345 4835 2648 4892 personas,
2700 4835 2732 4871 a
2780 4833 2843 4872 se
2892 4816 3140 4872 invicem
3191 4814 3517 4880 distinctas,
3553 4813 3654 4869 sed

2008 4911 2135 4967 sine
2178 4910 2534 4978 diversitate,
2581 4906 2865 4962 divisione
2933 4910 2988 4960 et
3046 4904 3433 4977 separatione,
3514 4901 3655 4974 quia

2007 5018 2126 5056 una
2157 5009 2243 5056 est
2266 4999 2500 5055 illarum
2533 4995 2886 5052 substantia.
2928 4996 3000 5050 At
3030 4993 3176 5050 hanc
3206 5009 3336 5050 esse
3363 4993 3658 5048 asseverat

2008 5091 2340 5148 orthodoxa
2372 5088 2506 5144 ﬁdei
2540 5085 2824 5159 regulam,
2861 5100 2988 5156 quas
3021 5084 3079 5139 in
3120 5083 3304 5140 sacris
3335 5081 3652 5154 Scripturis

2007 5180 2243 5248 tradita,
2291 5184 2464 5249 atque
2496 5195 2529 5234 a
2577 5175 2900 5246 majoribus
2945 5178 3206 5246 accepta,
3257 5173 3328 5230 ab
3377 5172 3656 5229 omnibus

2010 5271 2261 5327 tenenda
2292 5273 2399 5325 est.

2081 5379 2446 5448 Quapropter
2475 5374 2533 5429 id
2566 5389 2680 5432 non
2713 5371 2895 5427 semel
2928 5369 3138 5442 bisque
3171 5369 3388 5426 dixisse
3414 5371 3658 5425 conten-

2008 5471 2124 5535 tus,
2158 5469 2360 5538 postea
2389 5464 2579 5520 adhuc
2612 5461 2820 5533 repetit
2850 5464 2906 5515 et
2938 5459 3273 5515 corroborat
3306 5475 3319 5514 :
3358 5481 3379 5509 ι
3407 5457 3545 5521 Nos,
3568 5456 3655 5510 in-

2011 5557 2156 5628 quit,
2190 5555 2288 5627 qui
2321 5558 2376 5610 et
2407 5558 2670 5624 tempora
2701 5554 2757 5605 et
2803 5565 3012 5605 causas
3060 5547 3492 5620 Scripturarum
3525 5559 3652 5615 per-

2011 5647 2109 5704 Dei
2135 5643 2382 5718 gratiam
2415 5642 2767 5716 inspicimus
2800 5639 3052 5694 maxime
3075 5636 3376 5700 Paracleti,
3410 5649 3524 5689 non
3547 5631 3654 5686 ho-

2013 5736 2242 5795 minum
2273 5733 2568 5808 discipuli,
2601 5734 2748 5789 duos
2781 5728 3021 5803 quidem
3061 5725 3376 5783 deﬁnimus
3419 5724 3651 5781 Patrem
