  <div class='ocr_page' id='page_1' title='image "/cluster/home/n/w/nwhite01/storage/ocr_20150623/1/hvd.32044096580337/465.png"; bbox 0 0 4118 6182; ppageno 0'>
   <div class='ocr_carea' id='block_1_1' title="bbox 503 371 622 434">
    <p class='ocr_par' dir='ltr' id='par_1_1' title="bbox 503 371 622 434">
     <span class='ocr_line' id='line_1_1' title="bbox 503 371 622 434; baseline -0.017 0"><span class='ocrx_word' id='word_1_1' title='bbox 503 371 622 434; x_wconf 73' lang='grc'>915</span> 
     </span>
    </p>
   </div>
   <div class='ocr_carea' id='block_1_2' title="bbox 505 504 2227 576">
    <p class='ocr_par' dir='ltr' id='par_1_2' title="bbox 505 504 2227 576">
     <span class='ocr_line' id='line_1_2' title="bbox 505 504 2227 576; baseline -0.001 -13"><span class='ocrx_word' id='word_1_2' title='bbox 505 511 563 563; x_wconf 90' lang='lat' dir='ltr'>et</span> <span class='ocrx_word' id='word_1_3' title='bbox 588 505 822 572; x_wconf 88' lang='lat' dir='ltr'>Filium,</span> <span class='ocrx_word' id='word_1_4' title='bbox 854 508 911 559; x_wconf 91' lang='lat' dir='ltr'>et</span> <span class='ocrx_word' id='word_1_5' title='bbox 945 506 1069 573; x_wconf 89' lang='lat' dir='ltr'>jam</span> <span class='ocrx_word' id='word_1_6' title='bbox 1114 509 1232 558; x_wconf 86' lang='lat' dir='ltr'>tres</span> <span class='ocrx_word' id='word_1_7' title='bbox 1289 504 1443 559; x_wconf 79' lang='lat'>830</span> <span class='ocrx_word' id='word_1_8' title='bbox 1495 521 1627 559; x_wconf 90' lang='lat' dir='ltr'>cum</span> <span class='ocrx_word' id='word_1_9' title='bbox 1674 505 1891 576; x_wconf 78' lang='lat' dir='ltr'>Spiritu</span> <span class='ocrx_word' id='word_1_10' title='bbox 1944 510 2147 561; x_wconf 90' lang='lat' dir='ltr'>sancto</span> <span class='ocrx_word' id='word_1_11' title='bbox 2176 508 2227 573; x_wconf 85' lang='grc' dir='ltr'><strong>Α</strong></span> 
     </span>
    </p>
   </div>
   <div class='ocr_carea' id='block_1_3' title="bbox 508 592 2157 662">
    <p class='ocr_par' dir='ltr' id='par_1_3' title="bbox 508 592 2157 662">
     <span class='ocr_line' id='line_1_3' title="bbox 508 592 2157 662; baseline -0.001 -11"><span class='ocrx_word' id='word_1_12' title='bbox 508 594 833 652; x_wconf 88' lang='lat' dir='ltr'>secundum</span> <span class='ocrx_word' id='word_1_13' title='bbox 867 592 1150 647; x_wconf 89' lang='lat' dir='ltr'>rationem</span> <span class='ocrx_word' id='word_1_14' title='bbox 1202 592 1553 662; x_wconf 86' lang='lat' dir='ltr'>aconomia,</span> <span class='ocrx_word' id='word_1_15' title='bbox 1605 608 1733 662; x_wconf 80' lang='lat' dir='ltr'>qua</span> <span class='ocrx_word' id='word_1_16' title='bbox 1780 593 1917 647; x_wconf 80' lang='lat' dir='ltr'>facit</span> <span class='ocrx_word' id='word_1_17' title='bbox 1947 610 2157 649; x_wconf 87' lang='lat' dir='ltr'>nume-</span> 
     </span>
    </p>
   </div>
   <div class='ocr_carea' id='block_1_4' title="bbox 508 681 2158 753">
    <p class='ocr_par' dir='ltr' id='par_1_4' title="bbox 508 681 2158 753">
     <span class='ocr_line' id='line_1_4' title="bbox 508 681 2158 753; baseline -0.002 -13"><span class='ocrx_word' id='word_1_18' title='bbox 508 700 663 751; x_wconf 85' lang='lat' dir='ltr'>rum,</span> <span class='ocrx_word' id='word_1_19' title='bbox 695 699 790 749; x_wconf 90' lang='lat' dir='ltr'>ne,</span> <span class='ocrx_word' id='word_1_20' title='bbox 839 687 906 735; x_wconf 92' lang='lat' dir='ltr'>ut</span> <span class='ocrx_word' id='word_1_21' title='bbox 955 686 1148 737; x_wconf 90' lang='lat' dir='ltr'>vestra</span> <span class='ocrx_word' id='word_1_22' title='bbox 1189 682 1536 753; x_wconf 80' lang='lat' dir='ltr'>perversitas</span> <span class='ocrx_word' id='word_1_23' title='bbox 1588 681 1780 747; x_wconf 82' lang='lat' dir='ltr'>infert,</span> <span class='ocrx_word' id='word_1_24' title='bbox 1834 686 2002 736; x_wconf 87' lang='lat' dir='ltr'>Pater</span> <span class='ocrx_word' id='word_1_25' title='bbox 2035 683 2158 753; x_wconf 89' lang='lat' dir='ltr'>ipse</span> 
     </span>
    </p>
   </div>
   <div class='ocr_carea' id='block_1_5' title="bbox 510 770 2157 842">
    <p class='ocr_par' dir='ltr' id='par_1_5' title="bbox 510 770 2157 842">
     <span class='ocr_line' id='line_1_5' title="bbox 510 770 2157 842; baseline -0.001 -14"><span class='ocrx_word' id='word_1_26' title='bbox 510 773 783 829; x_wconf 82' lang='lat' dir='ltr'>credatur</span> <span class='ocrx_word' id='word_1_27' title='bbox 812 775 988 825; x_wconf 88' lang='lat' dir='ltr'>natus</span> <span class='ocrx_word' id='word_1_28' title='bbox 1045 773 1101 824; x_wconf 91' lang='lat' dir='ltr'>et</span> <span class='ocrx_word' id='word_1_29' title='bbox 1153 786 1383 840; x_wconf 82' lang='lat' dir='ltr'>passus,</span> <span class='ocrx_word' id='word_1_30' title='bbox 1434 771 1588 839; x_wconf 89' lang='lat' dir='ltr'>quod</span> <span class='ocrx_word' id='word_1_31' title='bbox 1640 786 1755 824; x_wconf 91' lang='lat' dir='ltr'>non</span> <span class='ocrx_word' id='word_1_32' title='bbox 1800 770 1935 826; x_wconf 88' lang='lat' dir='ltr'>licet</span> <span class='ocrx_word' id='word_1_33' title='bbox 1979 772 2157 842; x_wconf 89' lang='lat' dir='ltr'>credi,</span> 
     </span>
    </p>
   </div>
   <div class='ocr_carea' id='block_1_6' title="bbox 512 858 2158 933">
    <p class='ocr_par' dir='ltr' id='par_1_6' title="bbox 512 858 2158 933">
     <span class='ocr_line' id='line_1_6' title="bbox 512 858 2158 933; baseline -0.001 -17"><span class='ocrx_word' id='word_1_34' title='bbox 512 860 792 933; x_wconf 89' lang='lat' dir='ltr'>quoniam</span> <span class='ocrx_word' id='word_1_35' title='bbox 827 875 942 914; x_wconf 92' lang='lat' dir='ltr'>non</span> <span class='ocrx_word' id='word_1_36' title='bbox 973 858 1055 914; x_wconf 89' lang='lat' dir='ltr'>ita</span> <span class='ocrx_word' id='word_1_37' title='bbox 1085 860 1367 913; x_wconf 90' lang='lat' dir='ltr'>traditum</span> <span class='ocrx_word' id='word_1_38' title='bbox 1395 864 1507 915; x_wconf 90' lang='lat' dir='ltr'>est.</span> <span class='ocrx_word' id='word_1_39' title='bbox 1546 859 1702 929; x_wconf 90' lang='lat' dir='ltr'>(Ibid.</span> <span class='ocrx_word' id='word_1_40' title='bbox 1736 876 1864 931; x_wconf 85' lang='lat' dir='ltr'>cap.</span> <span class='ocrx_word' id='word_1_41' title='bbox 1902 861 2158 931; x_wconf 84' lang='lat' dir='ltr'>13.)Cum</span> 
     </span>
    </p>
   </div>
   <div class='ocr_carea' id='block_1_7' title="bbox 514 948 2159 1018">
    <p class='ocr_par' dir='ltr' id='par_1_7' title="bbox 514 948 2159 1018">
     <span class='ocr_line' id='line_1_7' title="bbox 514 948 2159 1018; baseline -0.001 -11"><span class='ocrx_word' id='word_1_42' title='bbox 514 956 711 1007; x_wconf 85' lang='lat' dir='ltr'>autem</span> <span class='ocrx_word' id='word_1_43' title='bbox 742 948 839 1004; x_wconf 91' lang='lat' dir='ltr'>ille</span> <span class='ocrx_word' id='word_1_44' title='bbox 870 948 989 1002; x_wconf 86' lang='lat' dir='ltr'>hac</span> <span class='ocrx_word' id='word_1_45' title='bbox 1030 948 1329 1011; x_wconf 85' lang='lat' dir='ltr'>scriberet,</span> <span class='ocrx_word' id='word_1_46' title='bbox 1355 949 1479 1018; x_wconf 89' lang='lat' dir='ltr'>jam</span> <span class='ocrx_word' id='word_1_47' title='bbox 1531 949 1820 1003; x_wconf 82' lang='lat' dir='ltr'>defecerat</span> <span class='ocrx_word' id='word_1_48' title='bbox 1851 951 1920 1003; x_wconf 89' lang='lat' dir='ltr'>ab</span> <span class='ocrx_word' id='word_1_49' title='bbox 1965 951 2159 1005; x_wconf 84' lang='lat' dir='ltr'>Eccle-</span> 
     </span>
    </p>
   </div>
   <div class='ocr_carea' id='block_1_8' title="bbox 514 1037 2160 1105">
    <p class='ocr_par' dir='ltr' id='par_1_8' title="bbox 514 1037 2160 1105">
     <span class='ocr_line' id='line_1_8' title="bbox 514 1037 2160 1105; baseline -0.001 -9"><span class='ocrx_word' id='word_1_50' title='bbox 514 1041 603 1095; x_wconf 89' lang='lat' dir='ltr'>sia</span> <span class='ocrx_word' id='word_1_51' title='bbox 634 1038 920 1095; x_wconf 88' lang='lat' dir='ltr'>catholica</span> <span class='ocrx_word' id='word_1_52' title='bbox 946 1037 1015 1091; x_wconf 87' lang='lat' dir='ltr'>ad</span> <span class='ocrx_word' id='word_1_53' title='bbox 1050 1037 1540 1105; x_wconf 80' lang='lat' dir='ltr'>Montanistarum</span> <span class='ocrx_word' id='word_1_54' title='bbox 1587 1053 1833 1103; x_wconf 89' lang='lat' dir='ltr'>errores,</span> <span class='ocrx_word' id='word_1_55' title='bbox 1867 1043 1923 1093; x_wconf 91' lang='lat' dir='ltr'>et</span> <span class='ocrx_word' id='word_1_56' title='bbox 1955 1041 2160 1094; x_wconf 91' lang='lat' dir='ltr'>absur-</span> 
     </span>
    </p>
   </div>
   <div class='ocr_carea' id='block_1_9' title="bbox 519 1125 2159 1184">
    <p class='ocr_par' dir='ltr' id='par_1_9' title="bbox 519 1125 2159 1184">
     <span class='ocr_line' id='line_1_9' title="bbox 519 1125 2159 1184; baseline -0.002 0"><span class='ocrx_word' id='word_1_57' title='bbox 519 1130 661 1184; x_wconf 91' lang='lat' dir='ltr'>dum</span> <span class='ocrx_word' id='word_1_58' title='bbox 688 1127 821 1182; x_wconf 81' lang='lat' dir='ltr'>falsi</span> <span class='ocrx_word' id='word_1_59' title='bbox 851 1125 1129 1181; x_wconf 85' lang='lat' dir='ltr'>Paracleti</span> <span class='ocrx_word' id='word_1_60' title='bbox 1156 1130 1554 1179; x_wconf 89' lang='lat' dir='ltr'>commentum</span> <span class='ocrx_word' id='word_1_61' title='bbox 1577 1125 1910 1181; x_wconf 85' lang='lat' dir='ltr'>imbiberat.</span> <span class='ocrx_word' id='word_1_62' title='bbox 1945 1128 2159 1182; x_wconf 89' lang='lat' dir='ltr'>Sanam</span> 
     </span>
    </p>
   </div>
   <div class='ocr_carea' id='block_1_10' title="bbox 514 1214 2159 1286">
    <p class='ocr_par' dir='ltr' id='par_1_10' title="bbox 514 1214 2159 1286">
     <span class='ocr_line' id='line_1_10' title="bbox 514 1214 2159 1286; baseline -0.002 -13"><span class='ocrx_word' id='word_1_63' title='bbox 514 1221 711 1273; x_wconf 86' lang='lat' dir='ltr'>tamen</span> <span class='ocrx_word' id='word_1_64' title='bbox 743 1220 801 1271; x_wconf 88' lang='lat' dir='ltr'>et</span> <span class='ocrx_word' id='word_1_65' title='bbox 823 1215 1204 1272; x_wconf 83' lang='lat' dir='ltr'>orthodoxam</span> <span class='ocrx_word' id='word_1_66' title='bbox 1240 1214 1310 1268; x_wconf 92' lang='lat' dir='ltr'>de</span> <span class='ocrx_word' id='word_1_67' title='bbox 1341 1214 1642 1269; x_wconf 84' lang='lat' dir='ltr'>Trinitatis</span> <span class='ocrx_word' id='word_1_68' title='bbox 1675 1217 1951 1286; x_wconf 88' lang='lat' dir='ltr'>mysterio</span> <span class='ocrx_word' id='word_1_69' title='bbox 1986 1218 2159 1272; x_wconf 85' lang='lat' dir='ltr'>ﬁdem</span> 
     </span>
    </p>
   </div>
   <div class='ocr_carea' id='block_1_11' title="bbox 517 1304 2160 1375">
    <p class='ocr_par' dir='ltr' id='par_1_11' title="bbox 517 1304 2160 1375">
     <span class='ocr_line' id='line_1_11' title="bbox 517 1304 2160 1375; baseline -0.001 -14"><span class='ocrx_word' id='word_1_70' title='bbox 517 1307 735 1362; x_wconf 86' lang='lat' dir='ltr'>diserte</span> <span class='ocrx_word' id='word_1_71' title='bbox 767 1304 976 1360; x_wconf 83' lang='lat' dir='ltr'>asserit</span> <span class='ocrx_word' id='word_1_72' title='bbox 1006 1319 1071 1358; x_wconf 91' lang='lat' dir='ltr'>ac</span> <span class='ocrx_word' id='word_1_73' title='bbox 1100 1308 1317 1358; x_wconf 85' lang='lat' dir='ltr'>tuetur.</span> <span class='ocrx_word' id='word_1_74' title='bbox 1352 1304 1493 1365; x_wconf 88' lang='lat' dir='ltr'>Quis</span> <span class='ocrx_word' id='word_1_75' title='bbox 1529 1320 1663 1375; x_wconf 90' lang='lat' dir='ltr'>ergo</span> <span class='ocrx_word' id='word_1_76' title='bbox 1696 1305 1933 1375; x_wconf 83' lang='lat' dir='ltr'>negabit</span> <span class='ocrx_word' id='word_1_77' title='bbox 1960 1322 2160 1360; x_wconf 90' lang='lat' dir='ltr'>verum</span> 
     </span>
    </p>
   </div>
   <div class='ocr_carea' id='block_1_12' title="bbox 520 1391 2163 1464">
    <p class='ocr_par' dir='ltr' id='par_1_12' title="bbox 520 1391 2163 1464">
     <span class='ocr_line' id='line_1_12' title="bbox 520 1391 2163 1464; baseline -0.001 -13"><span class='ocrx_word' id='word_1_78' title='bbox 520 1411 649 1451; x_wconf 86' lang='lat' dir='ltr'>esse</span> <span class='ocrx_word' id='word_1_79' title='bbox 699 1394 807 1449; x_wconf 90' lang='lat' dir='ltr'>hoc</span> <span class='ocrx_word' id='word_1_80' title='bbox 856 1392 1215 1464; x_wconf 83' lang='lat' dir='ltr'>pracipuum</span> <span class='ocrx_word' id='word_1_81' title='bbox 1286 1391 1623 1447; x_wconf 81' lang='lat' dir='ltr'>Christiana</span> <span class='ocrx_word' id='word_1_82' title='bbox 1677 1392 1937 1463; x_wconf 82' lang='lat' dir='ltr'>religioni</span> <span class='ocrx_word' id='word_1_83' title='bbox 1985 1395 2163 1449; x_wconf 89' lang='lat' dir='ltr'>docu-</span> 
     </span>
    </p>
   </div>
   <div class='ocr_carea' id='block_1_13' title="bbox 520 1480 2166 1553">
    <p class='ocr_par' dir='ltr' id='par_1_13' title="bbox 520 1480 2166 1553">
     <span class='ocr_line' id='line_1_13' title="bbox 520 1480 2166 1553; baseline -0.002 -14"><span class='ocrx_word' id='word_1_84' title='bbox 520 1487 808 1551; x_wconf 87' lang='lat' dir='ltr'>mentum,</span> <span class='ocrx_word' id='word_1_85' title='bbox 859 1482 1014 1551; x_wconf 91' lang='lat' dir='ltr'>qund</span> <span class='ocrx_word' id='word_1_86' title='bbox 1069 1480 1165 1535; x_wconf 90' lang='lat' dir='ltr'>ille</span> <span class='ocrx_word' id='word_1_87' title='bbox 1215 1496 1565 1551; x_wconf 90' lang='lat' dir='ltr'>quocunque</span> <span class='ocrx_word' id='word_1_88' title='bbox 1608 1480 1667 1534; x_wconf 91' lang='lat' dir='ltr'>in</span> <span class='ocrx_word' id='word_1_89' title='bbox 1715 1486 1897 1548; x_wconf 89' lang='lat' dir='ltr'>statu,</span> <span class='ocrx_word' id='word_1_90' title='bbox 1950 1500 2015 1537; x_wconf 87' lang='lat' dir='ltr'>ac</span> <span class='ocrx_word' id='word_1_91' title='bbox 2067 1498 2166 1553; x_wconf 89' lang='lat' dir='ltr'>per</span> 
     </span>
    </p>
   </div>
   <div class='ocr_carea' id='block_1_14' title="bbox 519 1571 2167 1641">
    <p class='ocr_par' dir='ltr' id='par_1_14' title="bbox 519 1571 2167 1641">
     <span class='ocr_line' id='line_1_14' title="bbox 519 1571 2167 1641; baseline -0.001 -13"><span class='ocrx_word' id='word_1_92' title='bbox 519 1577 705 1628; x_wconf 88' lang='lat' dir='ltr'>totam</span> <span class='ocrx_word' id='word_1_93' title='bbox 735 1571 1066 1640; x_wconf 86' lang='lat' dir='ltr'>vitam,tam</span> <span class='ocrx_word' id='word_1_94' title='bbox 1099 1574 1433 1624; x_wconf 85' lang='lat' dir='ltr'>constanter</span> <span class='ocrx_word' id='word_1_95' title='bbox 1462 1571 1933 1641; x_wconf 81' lang='lat' dir='ltr'>propugnavit,et</span> <span class='ocrx_word' id='word_1_96' title='bbox 1963 1588 1997 1625; x_wconf 91' lang='lat' dir='ltr'>a</span> <span class='ocrx_word' id='word_1_97' title='bbox 2025 1571 2167 1626; x_wconf 80' lang='lat' dir='ltr'>solis</span> 
     </span>
    </p>
   </div>
   <div class='ocr_carea' id='block_1_15' title="bbox 520 1658 2170 1733">
    <p class='ocr_par' dir='ltr' id='par_1_15' title="bbox 520 1658 2170 1733">
     <span class='ocr_line' id='line_1_15' title="bbox 520 1658 2170 1733; baseline -0.002 -18"><span class='ocrx_word' id='word_1_98' title='bbox 520 1661 694 1733; x_wconf 88' lang='lat' dir='ltr'>plane</span> <span class='ocrx_word' id='word_1_99' title='bbox 721 1658 1055 1715; x_wconf 87' lang='lat' dir='ltr'>errantibus</span> <span class='ocrx_word' id='word_1_100' title='bbox 1090 1658 1503 1729; x_wconf 84' lang='lat' dir='ltr'>impugnatum</span> <span class='ocrx_word' id='word_1_101' title='bbox 1555 1658 1733 1713; x_wconf 86' lang='lat' dir='ltr'>fuisse</span> <span class='ocrx_word' id='word_1_102' title='bbox 1774 1658 2170 1714; x_wconf 79' lang='lat' dir='ltr'>testiﬁcatur?</span> 
     </span>
    </p>
   </div>
   <div class='ocr_carea' id='block_1_16' title="bbox 596 1763 2163 1836">
    <p class='ocr_par' dir='ltr' id='par_1_16' title="bbox 596 1763 2163 1836">
     <span class='ocr_line' id='line_1_16' title="bbox 596 1763 2163 1836; baseline 0 -14"><span class='ocrx_word' id='word_1_103' title='bbox 596 1767 767 1822; x_wconf 88' lang='lat' dir='ltr'>Prius</span> <span class='ocrx_word' id='word_1_104' title='bbox 797 1765 1092 1820; x_wconf 87' lang='lat' dir='ltr'>enimvero</span> <span class='ocrx_word' id='word_1_105' title='bbox 1125 1763 1266 1817; x_wconf 90' lang='lat' dir='ltr'>illud</span> <span class='ocrx_word' id='word_1_106' title='bbox 1321 1763 1391 1818; x_wconf 89' lang='lat' dir='ltr'>ab</span> <span class='ocrx_word' id='word_1_107' title='bbox 1425 1780 1489 1819; x_wconf 91' lang='lat' dir='ltr'>eo</span> <span class='ocrx_word' id='word_1_108' title='bbox 1541 1764 1826 1834; x_wconf 87' lang='lat' dir='ltr'>scriptum</span> <span class='ocrx_word' id='word_1_109' title='bbox 1876 1764 2163 1836; x_wconf 88' lang='lat' dir='ltr'>legimus:</span> 
     </span>
    </p>
   </div>
   <div class='ocr_carea' id='block_1_17' title="bbox 526 1853 2247 1946">
    <p class='ocr_par' dir='ltr' id='par_1_17' title="bbox 526 1853 2247 1946">
     <span class='ocr_line' id='line_1_17' title="bbox 526 1853 2247 1946; baseline 0.001 -38"><span class='ocrx_word' id='word_1_110' title='bbox 526 1878 556 1908; x_wconf 85' lang='grc'>‹‹</span> <span class='ocrx_word' id='word_1_111' title='bbox 590 1854 769 1919; x_wconf 88' lang='lat' dir='ltr'>Quale</span> <span class='ocrx_word' id='word_1_112' title='bbox 782 1858 871 1909; x_wconf 89' lang='lat' dir='ltr'>est</span> <span class='ocrx_word' id='word_1_113' title='bbox 893 1858 957 1907; x_wconf 87' lang='lat' dir='ltr'>ut</span> <span class='ocrx_word' id='word_1_114' title='bbox 983 1858 1131 1908; x_wconf 86' lang='lat' dir='ltr'>Deus</span> <span class='ocrx_word' id='word_1_115' title='bbox 1150 1853 1495 1908; x_wconf 88' lang='lat' dir='ltr'>divisionem</span> <span class='ocrx_word' id='word_1_116' title='bbox 1518 1856 1574 1907; x_wconf 89' lang='lat' dir='ltr'>et</span> <span class='ocrx_word' id='word_1_117' title='bbox 1595 1853 2024 1925; x_wconf 88' lang='lat' dir='ltr'>dispersionem</span> <span class='ocrx_word' id='word_1_118' title='bbox 2048 1855 2167 1926; x_wconf 92' lang='lat' dir='ltr'>pati</span> <span class='ocrx_word' id='word_1_119' title='bbox 2201 1881 2247 1946; x_wconf 84' lang='lat' dir='ltr'><strong>B</strong></span> 
     </span>
    </p>
   </div>
   <div class='ocr_carea' id='block_1_18' title="bbox 524 1941 2173 2012">
    <p class='ocr_par' dir='ltr' id='par_1_18' title="bbox 524 1941 2173 2012">
     <span class='ocr_line' id='line_1_18' title="bbox 524 1941 2173 2012; baseline 0 -13"><span class='ocrx_word' id='word_1_120' title='bbox 524 1944 790 1999; x_wconf 89' lang='lat' dir='ltr'>videatur</span> <span class='ocrx_word' id='word_1_121' title='bbox 818 1942 879 1995; x_wconf 91' lang='lat' dir='ltr'>in</span> <span class='ocrx_word' id='word_1_122' title='bbox 914 1941 1049 1995; x_wconf 79' lang='lat' dir='ltr'>Filio</span> <span class='ocrx_word' id='word_1_123' title='bbox 1099 1945 1156 1995; x_wconf 91' lang='lat' dir='ltr'>et</span> <span class='ocrx_word' id='word_1_124' title='bbox 1205 1941 1426 2012; x_wconf 85' lang='lat' dir='ltr'>Spiritu</span> <span class='ocrx_word' id='word_1_125' title='bbox 1477 1946 1699 2009; x_wconf 90' lang='lat' dir='ltr'>sancto,</span> <span class='ocrx_word' id='word_1_126' title='bbox 1759 1944 2083 1997; x_wconf 90' lang='lat' dir='ltr'>secundum</span> <span class='ocrx_word' id='word_1_127' title='bbox 2116 1950 2173 1999; x_wconf 92' lang='lat' dir='ltr'>et</span> 
     </span>
    </p>
   </div>
   <div class='ocr_carea' id='block_1_19' title="bbox 524 2029 2169 2096">
    <p class='ocr_par' dir='ltr' id='par_1_19' title="bbox 524 2029 2169 2096">
     <span class='ocr_line' id='line_1_19' title="bbox 524 2029 2169 2096; baseline 0 -9"><span class='ocrx_word' id='word_1_128' title='bbox 524 2031 767 2087; x_wconf 88' lang='lat' dir='ltr'>tertium</span> <span class='ocrx_word' id='word_1_129' title='bbox 798 2030 1020 2086; x_wconf 88' lang='lat' dir='ltr'>sortitis</span> <span class='ocrx_word' id='word_1_130' title='bbox 1050 2029 1391 2096; x_wconf 90' lang='lat' dir='ltr'>locum,tam</span> <span class='ocrx_word' id='word_1_131' title='bbox 1422 2032 1794 2086; x_wconf 87' lang='lat' dir='ltr'>consortibus</span> <span class='ocrx_word' id='word_1_132' title='bbox 1825 2032 2169 2088; x_wconf 85' lang='lat' dir='ltr'>substantia</span> 
     </span>
    </p>
   </div>
   <div class='ocr_carea' id='block_1_20' title="bbox 522 2118 2169 2191">
    <p class='ocr_par' dir='ltr' id='par_1_20' title="bbox 522 2118 2169 2191">
     <span class='ocr_line' id='line_1_20' title="bbox 522 2118 2169 2191; baseline -0.001 -15"><span class='ocrx_word' id='word_1_133' title='bbox 522 2120 896 2191; x_wconf 88' lang='lat' dir='ltr'>Patris,quas</span> <span class='ocrx_word' id='word_1_134' title='bbox 928 2136 1043 2174; x_wconf 89' lang='lat' dir='ltr'>non</span> <span class='ocrx_word' id='word_1_135' title='bbox 1075 2119 1296 2188; x_wconf 89' lang='lat' dir='ltr'>patitur</span> <span class='ocrx_word' id='word_1_136' title='bbox 1325 2118 1383 2172; x_wconf 91' lang='lat' dir='ltr'>in</span> <span class='ocrx_word' id='word_1_137' title='bbox 1415 2124 1499 2172; x_wconf 90' lang='lat' dir='ltr'>tot</span> <span class='ocrx_word' id='word_1_138' title='bbox 1531 2118 1869 2191; x_wconf 79' lang='lat' dir='ltr'>angelorum</span> <span class='ocrx_word' id='word_1_139' title='bbox 1905 2137 2169 2190; x_wconf 83' lang='lat' dir='ltr'>numero,</span> 
     </span>
    </p>
   </div>
   <div class='ocr_carea' id='block_1_21' title="bbox 524 2207 2169 2282">
    <p class='ocr_par' dir='ltr' id='par_1_21' title="bbox 524 2207 2169 2282">
     <span class='ocr_line' id='line_1_21' title="bbox 524 2207 2169 2282; baseline -0.001 -16"><span class='ocrx_word' id='word_1_140' title='bbox 524 2214 582 2266; x_wconf 90' lang='lat' dir='ltr'>et</span> <span class='ocrx_word' id='word_1_141' title='bbox 612 2210 852 2282; x_wconf 87' lang='lat' dir='ltr'>quidem</span> <span class='ocrx_word' id='word_1_142' title='bbox 884 2213 1005 2264; x_wconf 87' lang='lat' dir='ltr'>tam</span> <span class='ocrx_word' id='word_1_143' title='bbox 1030 2224 1063 2263; x_wconf 87' lang='lat' dir='ltr'>a</span> <span class='ocrx_word' id='word_1_144' title='bbox 1084 2208 1417 2263; x_wconf 86' lang='lat' dir='ltr'>substantia</span> <span class='ocrx_word' id='word_1_145' title='bbox 1446 2207 1699 2263; x_wconf 84' lang='lat' dir='ltr'>alienis?</span> <span class='ocrx_word' id='word_1_146' title='bbox 1730 2230 1757 2257; x_wconf 84' lang='lat'><strong>»</strong></span> <span class='ocrx_word' id='word_1_147' title='bbox 1791 2210 2169 2282; x_wconf 85' lang='lat' dir='ltr'>(Ibid.cap.3.)</span> 
     </span>
    </p>
   </div>
   <div class='ocr_carea' id='block_1_22' title="bbox 521 2297 2172 2370">
    <p class='ocr_par' dir='ltr' id='par_1_22' title="bbox 521 2297 2172 2370">
     <span class='ocr_line' id='line_1_22' title="bbox 521 2297 2172 2370; baseline 0 -16"><span class='ocrx_word' id='word_1_148' title='bbox 521 2298 807 2369; x_wconf 89' lang='lat' dir='ltr'>Intelligis</span> <span class='ocrx_word' id='word_1_149' title='bbox 840 2297 1096 2369; x_wconf 87' lang='lat' dir='ltr'>profecto</span> <span class='ocrx_word' id='word_1_150' title='bbox 1128 2301 1347 2368; x_wconf 87' lang='lat' dir='ltr'>quanta</span> <span class='ocrx_word' id='word_1_151' title='bbox 1378 2297 1792 2369; x_wconf 88' lang='lat' dir='ltr'>perspicuitate</span> <span class='ocrx_word' id='word_1_152' title='bbox 1819 2299 2013 2353; x_wconf 88' lang='lat' dir='ltr'>adhuc</span> <span class='ocrx_word' id='word_1_153' title='bbox 2046 2317 2172 2370; x_wconf 86' lang='lat' dir='ltr'>pro-</span> 
     </span>
    </p>
   </div>
   <div class='ocr_carea' id='block_1_23' title="bbox 520 2385 2174 2458">
    <p class='ocr_par' dir='ltr' id='par_1_23' title="bbox 520 2385 2174 2458">
     <span class='ocr_line' id='line_1_23' title="bbox 520 2385 2174 2458; baseline 0.001 -15"><span class='ocrx_word' id='word_1_154' title='bbox 520 2387 1004 2443; x_wconf 87' lang='lat' dir='ltr'>nuntiet.Patrem</span> <span class='ocrx_word' id='word_1_155' title='bbox 1040 2385 1226 2441; x_wconf 83' lang='lat' dir='ltr'>aFilio</span> <span class='ocrx_word' id='word_1_156' title='bbox 1259 2390 1314 2440; x_wconf 89' lang='lat' dir='ltr'>et</span> <span class='ocrx_word' id='word_1_157' title='bbox 1333 2385 1552 2457; x_wconf 87' lang='lat' dir='ltr'>Spiritu</span> <span class='ocrx_word' id='word_1_158' title='bbox 1578 2392 1778 2441; x_wconf 89' lang='lat' dir='ltr'>sancto</span> <span class='ocrx_word' id='word_1_159' title='bbox 1810 2388 1894 2442; x_wconf 91' lang='lat' dir='ltr'>sic</span> <span class='ocrx_word' id='word_1_160' title='bbox 1924 2404 2174 2458; x_wconf 87' lang='lat' dir='ltr'>persona</span> 
     </span>
    </p>
   </div>
   <div class='ocr_carea' id='block_1_24' title="bbox 526 2474 2171 2547">
    <p class='ocr_par' dir='ltr' id='par_1_24' title="bbox 526 2474 2171 2547">
     <span class='ocr_line' id='line_1_24' title="bbox 526 2474 2171 2547; baseline 0.001 -16"><span class='ocrx_word' id='word_1_161' title='bbox 526 2475 831 2547; x_wconf 84' lang='lat' dir='ltr'>distingui,</span> <span class='ocrx_word' id='word_1_162' title='bbox 864 2479 931 2531; x_wconf 90' lang='lat' dir='ltr'>ut</span> <span class='ocrx_word' id='word_1_163' title='bbox 962 2474 1139 2530; x_wconf 84' lang='lat' dir='ltr'>Filius</span> <span class='ocrx_word' id='word_1_164' title='bbox 1180 2480 1236 2530; x_wconf 89' lang='lat' dir='ltr'>et</span> <span class='ocrx_word' id='word_1_165' title='bbox 1265 2475 1519 2545; x_wconf 89' lang='lat' dir='ltr'>Spiritus</span> <span class='ocrx_word' id='word_1_166' title='bbox 1559 2480 1798 2529; x_wconf 89' lang='lat' dir='ltr'>sanctus</span> <span class='ocrx_word' id='word_1_167' title='bbox 1847 2478 2171 2533; x_wconf 91' lang='lat' dir='ltr'>secundum</span> 
     </span>
    </p>
   </div>
   <div class='ocr_carea' id='block_1_25' title="bbox 524 2563 2173 2635">
    <p class='ocr_par' dir='ltr' id='par_1_25' title="bbox 524 2563 2173 2635">
     <span class='ocr_line' id='line_1_25' title="bbox 524 2563 2173 2635; baseline 0.001 -15"><span class='ocrx_word' id='word_1_168' title='bbox 524 2570 581 2620; x_wconf 89' lang='lat' dir='ltr'>et</span> <span class='ocrx_word' id='word_1_169' title='bbox 611 2563 845 2619; x_wconf 88' lang='lat' dir='ltr'>tertium</span> <span class='ocrx_word' id='word_1_170' title='bbox 881 2566 1074 2618; x_wconf 91' lang='lat' dir='ltr'>locum</span> <span class='ocrx_word' id='word_1_171' title='bbox 1107 2563 1382 2618; x_wconf 86' lang='lat' dir='ltr'>habeant.</span> <span class='ocrx_word' id='word_1_172' title='bbox 1434 2563 1611 2617; x_wconf 85' lang='lat' dir='ltr'>Plane</span> <span class='ocrx_word' id='word_1_173' title='bbox 1655 2568 1851 2618; x_wconf 90' lang='lat' dir='ltr'>tamen</span> <span class='ocrx_word' id='word_1_174' title='bbox 1904 2581 2173 2635; x_wconf 87' lang='lat' dir='ltr'>prorsus-</span> 
     </span>
    </p>
   </div>
   <div class='ocr_carea' id='block_1_26' title="bbox 527 2651 2171 2724">
    <p class='ocr_par' dir='ltr' id='par_1_26' title="bbox 527 2651 2171 2724">
     <span class='ocr_line' id='line_1_26' title="bbox 527 2651 2171 2724; baseline 0.002 -17"><span class='ocrx_word' id='word_1_175' title='bbox 527 2669 640 2724; x_wconf 88' lang='lat' dir='ltr'>que</span> <span class='ocrx_word' id='word_1_176' title='bbox 693 2652 993 2707; x_wconf 87' lang='lat' dir='ltr'>contendit</span> <span class='ocrx_word' id='word_1_177' title='bbox 1037 2656 1095 2707; x_wconf 92' lang='lat' dir='ltr'>et</span> <span class='ocrx_word' id='word_1_178' title='bbox 1120 2651 1375 2706; x_wconf 88' lang='lat' dir='ltr'>afﬁrmat</span> <span class='ocrx_word' id='word_1_179' title='bbox 1420 2651 1645 2706; x_wconf 90' lang='lat' dir='ltr'>nullam</span> <span class='ocrx_word' id='word_1_180' title='bbox 1678 2653 1834 2707; x_wconf 87' lang='lat' dir='ltr'>inter</span> <span class='ocrx_word' id='word_1_181' title='bbox 1890 2668 1986 2708; x_wconf 90' lang='lat' dir='ltr'>eos</span> <span class='ocrx_word' id='word_1_182' title='bbox 2043 2670 2171 2710; x_wconf 88' lang='lat' dir='ltr'>esse</span> 
     </span>
    </p>
   </div>
   <div class='ocr_carea' id='block_1_27' title="bbox 530 2740 2175 2811">
    <p class='ocr_par' dir='ltr' id='par_1_27' title="bbox 530 2740 2175 2811">
     <span class='ocr_line' id='line_1_27' title="bbox 530 2740 2175 2811; baseline 0.002 -16"><span class='ocrx_word' id='word_1_183' title='bbox 530 2740 878 2796; x_wconf 88' lang='lat' dir='ltr'>divisionem</span> <span class='ocrx_word' id='word_1_184' title='bbox 929 2744 1031 2795; x_wconf 90' lang='lat' dir='ltr'>aut</span> <span class='ocrx_word' id='word_1_185' title='bbox 1078 2740 1530 2811; x_wconf 90' lang='lat' dir='ltr'>dispersionem,</span> <span class='ocrx_word' id='word_1_186' title='bbox 1576 2740 1675 2795; x_wconf 92' lang='lat' dir='ltr'>sed</span> <span class='ocrx_word' id='word_1_187' title='bbox 1720 2742 1986 2810; x_wconf 87' lang='lat' dir='ltr'>ejusdem</span> <span class='ocrx_word' id='word_1_188' title='bbox 2038 2759 2175 2798; x_wconf 90' lang='lat' dir='ltr'>con-</span> 
     </span>
    </p>
   </div>
   <div class='ocr_carea' id='block_1_28' title="bbox 540 2828 2174 2901">
    <p class='ocr_par' dir='ltr' id='par_1_28' title="bbox 540 2828 2174 2901">
     <span class='ocr_line' id='line_1_28' title="bbox 540 2828 2174 2901; baseline 0.001 -17"><span class='ocrx_word' id='word_1_189' title='bbox 540 2834 729 2885; x_wconf 88' lang='lat' dir='ltr'>sortes</span> <span class='ocrx_word' id='word_1_190' title='bbox 760 2828 1128 2897; x_wconf 87' lang='lat' dir='ltr'>substantia,</span> <span class='ocrx_word' id='word_1_191' title='bbox 1179 2845 1303 2899; x_wconf 82' lang='lat' dir='ltr'>qua</span> <span class='ocrx_word' id='word_1_192' title='bbox 1359 2829 1415 2882; x_wconf 91' lang='lat' dir='ltr'>in</span> <span class='ocrx_word' id='word_1_193' title='bbox 1447 2828 1531 2883; x_wconf 89' lang='lat' dir='ltr'>eis</span> <span class='ocrx_word' id='word_1_194' title='bbox 1580 2832 1700 2883; x_wconf 87' lang='lat' dir='ltr'>tam</span> <span class='ocrx_word' id='word_1_195' title='bbox 1733 2847 1873 2897; x_wconf 91' lang='lat' dir='ltr'>una,</span> <span class='ocrx_word' id='word_1_196' title='bbox 1905 2846 2080 2901; x_wconf 88' lang='lat' dir='ltr'>quam</span> <span class='ocrx_word' id='word_1_197' title='bbox 2116 2832 2174 2886; x_wconf 92' lang='lat' dir='ltr'>in</span> 
     </span>
    </p>
   </div>
   <div class='ocr_carea' id='block_1_29' title="bbox 531 2917 2175 2991">
    <p class='ocr_par' dir='ltr' id='par_1_29' title="bbox 531 2917 2175 2991">
     <span class='ocr_line' id='line_1_29' title="bbox 531 2917 2175 2991; baseline 0.002 -18"><span class='ocrx_word' id='word_1_198' title='bbox 531 2917 784 2991; x_wconf 78' lang='lat' dir='ltr'>angelis,</span> <span class='ocrx_word' id='word_1_199' title='bbox 835 2917 1274 2989; x_wconf 83' lang='lat' dir='ltr'>quantumlibet</span> <span class='ocrx_word' id='word_1_200' title='bbox 1322 2918 1612 2989; x_wconf 82' lang='lat' dir='ltr'>perfectis,</span> <span class='ocrx_word' id='word_1_201' title='bbox 1664 2918 1853 2974; x_wconf 91' lang='lat' dir='ltr'>divisa</span> <span class='ocrx_word' id='word_1_202' title='bbox 1901 2924 1958 2974; x_wconf 89' lang='lat' dir='ltr'>et</span> <span class='ocrx_word' id='word_1_203' title='bbox 2004 2936 2175 2991; x_wconf 86' lang='lat' dir='ltr'>sepa-</span> 
     </span>
    </p>
   </div>
   <div class='ocr_carea' id='block_1_30' title="bbox 528 3011 790 3064">
    <p class='ocr_par' dir='ltr' id='par_1_30' title="bbox 528 3011 790 3064">
     <span class='ocr_line' id='line_1_30' title="bbox 528 3011 790 3064; baseline 0 -1"><span class='ocrx_word' id='word_1_204' title='bbox 528 3012 655 3064; x_wconf 90' lang='lat' dir='ltr'>rata</span> <span class='ocrx_word' id='word_1_205' title='bbox 681 3011 790 3063; x_wconf 88' lang='lat' dir='ltr'>est.</span> 
     </span>
    </p>
   </div>
   <div class='ocr_carea' id='block_1_31' title="bbox 597 3098 2175 3170">
    <p class='ocr_par' dir='ltr' id='par_1_31' title="bbox 597 3098 2175 3170">
     <span class='ocr_line' id='line_1_31' title="bbox 597 3098 2175 3170; baseline 0.003 -19"><span class='ocrx_word' id='word_1_206' title='bbox 597 3099 815 3154; x_wconf 89' lang='lat' dir='ltr'>Verum</span> <span class='ocrx_word' id='word_1_207' title='bbox 847 3098 1010 3154; x_wconf 89' lang='lat' dir='ltr'>nulla</span> <span class='ocrx_word' id='word_1_208' title='bbox 1040 3099 1241 3170; x_wconf 91' lang='lat' dir='ltr'>procul</span> <span class='ocrx_word' id='word_1_209' title='bbox 1273 3098 1449 3154; x_wconf 91' lang='lat' dir='ltr'>dubio</span> <span class='ocrx_word' id='word_1_210' title='bbox 1490 3098 1873 3170; x_wconf 85' lang='lat' dir='ltr'>explicatione</span> <span class='ocrx_word' id='word_1_211' title='bbox 1902 3100 2045 3155; x_wconf 91' lang='lat' dir='ltr'>illud</span> <span class='ocrx_word' id='word_1_212' title='bbox 2082 3101 2175 3155; x_wconf 90' lang='lat' dir='ltr'>in-</span> 
     </span>
    </p>
   </div>
   <div class='ocr_carea' id='block_1_32' title="bbox 534 3189 2175 3260">
    <p class='ocr_par' dir='ltr' id='par_1_32' title="bbox 534 3189 2175 3260">
     <span class='ocr_line' id='line_1_32' title="bbox 534 3189 2175 3260; baseline 0.001 -16"><span class='ocrx_word' id='word_1_213' title='bbox 534 3190 717 3259; x_wconf 87' lang='lat' dir='ltr'>diget,</span> <span class='ocrx_word' id='word_1_214' title='bbox 751 3191 905 3260; x_wconf 91' lang='lat' dir='ltr'>quod</span> <span class='ocrx_word' id='word_1_215' title='bbox 936 3190 1007 3244; x_wconf 87' lang='lat' dir='ltr'>ab</span> <span class='ocrx_word' id='word_1_216' title='bbox 1041 3190 1140 3243; x_wconf 93' lang='lat' dir='ltr'>illo</span> <span class='ocrx_word' id='word_1_217' title='bbox 1174 3207 1287 3244; x_wconf 90' lang='lat' dir='ltr'>non</span> <span class='ocrx_word' id='word_1_218' title='bbox 1321 3190 1511 3244; x_wconf 89' lang='lat' dir='ltr'>solum</span> <span class='ocrx_word' id='word_1_219' title='bbox 1545 3189 1915 3259; x_wconf 89' lang='lat' dir='ltr'>apertissime</span> <span class='ocrx_word' id='word_1_220' title='bbox 1957 3207 2175 3245; x_wconf 91' lang='lat' dir='ltr'>renun-</span> 
     </span>
    </p>
   </div>
   <div class='ocr_carea' id='block_1_33' title="bbox 525 3278 2173 3350">
    <p class='ocr_par' dir='ltr' id='par_1_33' title="bbox 525 3278 2173 3350">
     <span class='ocr_line' id='line_1_33' title="bbox 525 3278 2173 3350; baseline 0.002 -19"><span class='ocrx_word' id='word_1_221' title='bbox 525 3278 727 3347; x_wconf 88' lang='lat' dir='ltr'>tiatur,</span> <span class='ocrx_word' id='word_1_222' title='bbox 761 3279 861 3333; x_wconf 89' lang='lat' dir='ltr'>sed</span> <span class='ocrx_word' id='word_1_223' title='bbox 902 3279 1032 3349; x_wconf 90' lang='lat' dir='ltr'>ipsa</span> <span class='ocrx_word' id='word_1_224' title='bbox 1076 3281 1251 3334; x_wconf 89' lang='lat' dir='ltr'>etiam</span> <span class='ocrx_word' id='word_1_225' title='bbox 1297 3279 1578 3349; x_wconf 81' lang='lat' dir='ltr'>probatur</span> <span class='ocrx_word' id='word_1_226' title='bbox 1633 3295 1813 3334; x_wconf 86' lang='lat' dir='ltr'>sacra</span> <span class='ocrx_word' id='word_1_227' title='bbox 1862 3280 2173 3350; x_wconf 91' lang='lat' dir='ltr'>Scriptura</span> 
     </span>
    </p>
   </div>
   <div class='ocr_carea' id='block_1_34' title="bbox 525 3367 2177 3439">
    <p class='ocr_par' dir='ltr' id='par_1_34' title="bbox 525 3367 2177 3439">
     <span class='ocr_line' id='line_1_34' title="bbox 525 3367 2177 3439; baseline 0.002 -19"><span class='ocrx_word' id='word_1_228' title='bbox 525 3367 975 3433; x_wconf 85' lang='lat' dir='ltr'>auctoritate,ac</span> <span class='ocrx_word' id='word_1_229' title='bbox 1007 3367 1097 3421; x_wconf 89' lang='lat' dir='ltr'>his</span> <span class='ocrx_word' id='word_1_230' title='bbox 1127 3367 1499 3436; x_wconf 89' lang='lat' dir='ltr'>potissimum</span> <span class='ocrx_word' id='word_1_231' title='bbox 1520 3367 1765 3422; x_wconf 85' lang='lat' dir='ltr'>Joannis</span> <span class='ocrx_word' id='word_1_232' title='bbox 1797 3368 2177 3439; x_wconf 79' lang='lat' dir='ltr'>Evangelista</span> 
     </span>
    </p>
   </div>
   <div class='ocr_carea' id='block_1_35' title="bbox 523 3455 2176 3527">
    <p class='ocr_par' dir='ltr' id='par_1_35' title="bbox 523 3455 2176 3527">
     <span class='ocr_line' id='line_1_35' title="bbox 523 3455 2176 3527; baseline 0.001 -16"><span class='ocrx_word' id='word_1_233' title='bbox 523 3455 719 3511; x_wconf 90' lang='lat' dir='ltr'>verbis</span> <span class='ocrx_word' id='word_1_234' title='bbox 749 3471 762 3509; x_wconf 91' lang='lat'>:</span> <span class='ocrx_word' id='word_1_235' title='bbox 801 3476 825 3507; x_wconf 76' lang='grc' dir='ltr'>σι</span> <span class='ocrx_word' id='word_1_236' title='bbox 858 3456 977 3525; x_wconf 86' lang='lat' dir='ltr'>Ego</span> <span class='ocrx_word' id='word_1_237' title='bbox 1007 3460 1065 3510; x_wconf 90' lang='lat' dir='ltr'>et</span> <span class='ocrx_word' id='word_1_238' title='bbox 1099 3456 1266 3510; x_wconf 91' lang='lat' dir='ltr'>Pater</span> <span class='ocrx_word' id='word_1_239' title='bbox 1312 3471 1493 3510; x_wconf 91' lang='lat' dir='ltr'>unum</span> <span class='ocrx_word' id='word_1_240' title='bbox 1536 3472 1767 3511; x_wconf 91' lang='lat' dir='ltr'>sumus.</span> <span class='ocrx_word' id='word_1_241' title='bbox 1794 3478 1824 3506; x_wconf 85' lang='lat'>»</span> <span class='ocrx_word' id='word_1_242' title='bbox 1856 3457 2176 3527; x_wconf 88' lang='lat' dir='ltr'>Postquam</span> 
     </span>
    </p>
   </div>
   <div class='ocr_carea' id='block_1_36' title="bbox 526 3539 2172 3616">
    <p class='ocr_par' dir='ltr' id='par_1_36' title="bbox 526 3539 2172 3616">
     <span class='ocr_line' id='line_1_36' title="bbox 526 3539 2172 3616; baseline 0 -16"><span class='ocrx_word' id='word_1_243' title='bbox 526 3544 686 3600; x_wconf 87' lang='lat' dir='ltr'>enim</span> <span class='ocrx_word' id='word_1_244' title='bbox 720 3543 843 3598; x_wconf 83' lang='lat' dir='ltr'>hac</span> <span class='ocrx_word' id='word_1_245' title='bbox 875 3543 1094 3607; x_wconf 81' lang='lat' dir='ltr'>citavit,</span> <span class='ocrx_word' id='word_1_246' title='bbox 1128 3544 1211 3598; x_wconf 93' lang='lat' dir='ltr'>sic</span> <span class='ocrx_word' id='word_1_247' title='bbox 1244 3542 1618 3614; x_wconf 88' lang='lat' dir='ltr'>prosequitur</span> <span class='ocrx_word' id='word_1_248' title='bbox 1668 3539 1825 3613; x_wconf 80' lang='lat' dir='ltr'>(Ibid.</span> <span class='ocrx_word' id='word_1_249' title='bbox 1879 3562 2006 3616; x_wconf 88' lang='lat' dir='ltr'>cap.</span> <span class='ocrx_word' id='word_1_250' title='bbox 2038 3548 2124 3613; x_wconf 85' lang='lat'>22)</span> <span class='ocrx_word' id='word_1_251' title='bbox 2159 3562 2172 3600; x_wconf 89' lang='lat'>:</span> 
     </span>
    </p>
   </div>
   <div class='ocr_carea' id='block_1_37' title="bbox 533 3631 2175 3705">
    <p class='ocr_par' dir='ltr' id='par_1_37' title="bbox 533 3631 2175 3705">
     <span class='ocr_line' id='line_1_37' title="bbox 533 3631 2175 3705; baseline 0.002 -22"><span class='ocrx_word' id='word_1_252' title='bbox 533 3654 555 3681; x_wconf 79' lang='grc' dir='ltr'>ι</span> <span class='ocrx_word' id='word_1_253' title='bbox 593 3631 696 3686; x_wconf 88' lang='lat' dir='ltr'>Hic</span> <span class='ocrx_word' id='word_1_254' title='bbox 709 3647 845 3702; x_wconf 86' lang='lat' dir='ltr'>ergo</span> <span class='ocrx_word' id='word_1_255' title='bbox 861 3632 986 3701; x_wconf 89' lang='lat' dir='ltr'>jam</span> <span class='ocrx_word' id='word_1_256' title='bbox 1006 3632 1255 3703; x_wconf 87' lang='lat' dir='ltr'>gradum</span> <span class='ocrx_word' id='word_1_257' title='bbox 1272 3631 1473 3686; x_wconf 90' lang='lat' dir='ltr'>volunt</span> <span class='ocrx_word' id='word_1_258' title='bbox 1498 3632 1668 3702; x_wconf 75' lang='lat' dir='ltr'>ﬁgere</span> <span class='ocrx_word' id='word_1_259' title='bbox 1685 3633 1998 3701; x_wconf 87' lang='lat' dir='ltr'>stulti,imo</span> <span class='ocrx_word' id='word_1_260' title='bbox 2020 3634 2175 3705; x_wconf 86' lang='lat' dir='ltr'>caci,</span> 
     </span>
    </p>
   </div>
   <div class='ocr_carea' id='block_1_38' title="bbox 530 3719 2177 3791">
    <p class='ocr_par' dir='ltr' id='par_1_38' title="bbox 530 3719 2177 3791">
     <span class='ocr_line' id='line_1_38' title="bbox 530 3719 2177 3791; baseline 0.002 -16"><span class='ocrx_word' id='word_1_261' title='bbox 530 3719 633 3791; x_wconf 92' lang='lat' dir='ltr'>qui</span> <span class='ocrx_word' id='word_1_262' title='bbox 666 3736 781 3775; x_wconf 91' lang='lat' dir='ltr'>non</span> <span class='ocrx_word' id='word_1_263' title='bbox 812 3720 1067 3787; x_wconf 89' lang='lat' dir='ltr'>videant,</span> <span class='ocrx_word' id='word_1_264' title='bbox 1102 3719 1311 3790; x_wconf 90' lang='lat' dir='ltr'>primo,</span> <span class='ocrx_word' id='word_1_265' title='bbox 1344 3721 1448 3791; x_wconf 85' lang='lat' dir='ltr'>Ego</span> <span class='ocrx_word' id='word_1_266' title='bbox 1478 3729 1529 3775; x_wconf 78' lang='lat' dir='ltr'>et</span> <span class='ocrx_word' id='word_1_267' title='bbox 1568 3722 1737 3776; x_wconf 84' lang='lat' dir='ltr'>Pater</span> <span class='ocrx_word' id='word_1_268' title='bbox 1766 3722 2015 3776; x_wconf 89' lang='lat' dir='ltr'>duorum</span> <span class='ocrx_word' id='word_1_269' title='bbox 2049 3739 2177 3778; x_wconf 91' lang='lat' dir='ltr'>esse</span> 
     </span>
    </p>
   </div>
   <div class='ocr_carea' id='block_1_39' title="bbox 530 3810 2174 3882">
    <p class='ocr_par' dir='ltr' id='par_1_39' title="bbox 530 3810 2174 3882">
     <span class='ocr_line' id='line_1_39' title="bbox 530 3810 2174 3882; baseline 0.001 -15"><span class='ocrx_word' id='word_1_270' title='bbox 530 3810 1021 3882; x_wconf 82' lang='lat' dir='ltr'>signiﬁcationem</span> <span class='ocrx_word' id='word_1_271' title='bbox 1058 3829 1070 3878; x_wconf 94' lang='lat'><strong>;</strong></span> <span class='ocrx_word' id='word_1_272' title='bbox 1105 3811 1317 3866; x_wconf 88' lang='lat' dir='ltr'>dehinc</span> <span class='ocrx_word' id='word_1_273' title='bbox 1347 3812 1406 3866; x_wconf 91' lang='lat' dir='ltr'>in</span> <span class='ocrx_word' id='word_1_274' title='bbox 1435 3812 1777 3878; x_wconf 88' lang='lat' dir='ltr'>novissimo,</span> <span class='ocrx_word' id='word_1_275' title='bbox 1802 3815 2028 3879; x_wconf 77' lang='lat' dir='ltr'>Sumus,</span> <span class='ocrx_word' id='word_1_276' title='bbox 2058 3831 2174 3869; x_wconf 90' lang='lat' dir='ltr'>non</span> 
     </span>
    </p>
   </div>
   <div class='ocr_carea' id='block_1_40' title="bbox 527 3900 2174 3975">
    <p class='ocr_par' dir='ltr' id='par_1_40' title="bbox 527 3900 2174 3975">
     <span class='ocr_line' id='line_1_40' title="bbox 527 3900 2174 3975; baseline 0.002 -19"><span class='ocrx_word' id='word_1_277' title='bbox 527 3917 597 3956; x_wconf 84' lang='lat' dir='ltr'>ex</span> <span class='ocrx_word' id='word_1_278' title='bbox 627 3900 806 3956; x_wconf 90' lang='lat' dir='ltr'>unius</span> <span class='ocrx_word' id='word_1_279' title='bbox 836 3916 965 3955; x_wconf 86' lang='lat' dir='ltr'>esse</span> <span class='ocrx_word' id='word_1_280' title='bbox 998 3917 1269 3971; x_wconf 88' lang='lat' dir='ltr'>persona,</span> <span class='ocrx_word' id='word_1_281' title='bbox 1296 3904 1449 3972; x_wconf 92' lang='lat' dir='ltr'>quod</span> <span class='ocrx_word' id='word_1_282' title='bbox 1486 3901 1789 3972; x_wconf 84' lang='lat' dir='ltr'>pluraliter</span> <span class='ocrx_word' id='word_1_283' title='bbox 1820 3903 2040 3958; x_wconf 86' lang='lat' dir='ltr'>dictum</span> <span class='ocrx_word' id='word_1_284' title='bbox 2065 3909 2174 3975; x_wconf 89' lang='lat' dir='ltr'>est,</span> 
     </span>
    </p>
   </div>
   <div class='ocr_carea' id='block_1_41' title="bbox 524 3992 2176 4063">
    <p class='ocr_par' dir='ltr' id='par_1_41' title="bbox 524 3992 2176 4063">
     <span class='ocr_line' id='line_1_41' title="bbox 524 3992 2176 4063; baseline 0.001 -17"><span class='ocrx_word' id='word_1_285' title='bbox 524 3994 652 4046; x_wconf 91' lang='lat' dir='ltr'>tum</span> <span class='ocrx_word' id='word_1_286' title='bbox 686 3992 865 4061; x_wconf 89' lang='lat' dir='ltr'>quod,</span> <span class='ocrx_word' id='word_1_287' title='bbox 900 4008 1069 4047; x_wconf 88' lang='lat' dir='ltr'>unum</span> <span class='ocrx_word' id='word_1_288' title='bbox 1096 4009 1304 4063; x_wconf 75' lang='lat' dir='ltr'>sumus,</span> <span class='ocrx_word' id='word_1_289' title='bbox 1331 4010 1467 4060; x_wconf 89' lang='lat' dir='ltr'>non,</span> <span class='ocrx_word' id='word_1_290' title='bbox 1503 4010 1658 4048; x_wconf 93' lang='lat' dir='ltr'>unus</span> <span class='ocrx_word' id='word_1_291' title='bbox 1690 3994 1988 4049; x_wconf 82' lang='lat' dir='ltr'>sumus.Si</span> <span class='ocrx_word' id='word_1_292' title='bbox 2019 3996 2176 4048; x_wconf 89' lang='lat' dir='ltr'>enim</span> 
     </span>
    </p>
   </div>
   <div class='ocr_carea' id='block_1_42' title="bbox 526 4080 2176 4153">
    <p class='ocr_par' dir='ltr' id='par_1_42' title="bbox 526 4080 2176 4153">
     <span class='ocr_line' id='line_1_42' title="bbox 526 4080 2176 4153; baseline 0.002 -18"><span class='ocrx_word' id='word_1_293' title='bbox 526 4080 790 4146; x_wconf 81' lang='lat' dir='ltr'>dixisset,</span> <span class='ocrx_word' id='word_1_294' title='bbox 823 4081 985 4136; x_wconf 90' lang='lat' dir='ltr'>Unus</span> <span class='ocrx_word' id='word_1_295' title='bbox 1017 4098 1246 4149; x_wconf 90' lang='lat' dir='ltr'>sumus,</span> <span class='ocrx_word' id='word_1_296' title='bbox 1284 4083 1570 4153; x_wconf 90' lang='lat' dir='ltr'>potuisset</span> <span class='ocrx_word' id='word_1_297' title='bbox 1613 4084 1891 4153; x_wconf 89' lang='lat' dir='ltr'>adjuvare</span> <span class='ocrx_word' id='word_1_298' title='bbox 1941 4090 2176 4138; x_wconf 86' lang='lat' dir='ltr'>senten-</span> 
     </span>
    </p>
   </div>
   <div class='ocr_carea' id='block_1_43' title="bbox 524 4168 2177 4243">
    <p class='ocr_par' dir='ltr' id='par_1_43' title="bbox 524 4168 2177 4243">
     <span class='ocr_line' id='line_1_43' title="bbox 524 4168 2177 4243; baseline 0.001 -18"><span class='ocrx_word' id='word_1_299' title='bbox 524 4169 668 4225; x_wconf 91' lang='lat' dir='ltr'>tiam</span> <span class='ocrx_word' id='word_1_300' title='bbox 702 4168 960 4225; x_wconf 91' lang='lat' dir='ltr'>illorum.</span> <span class='ocrx_word' id='word_1_301' title='bbox 995 4169 1158 4225; x_wconf 85' lang='lat' dir='ltr'>Unus</span> <span class='ocrx_word' id='word_1_302' title='bbox 1189 4171 1346 4226; x_wconf 86' lang='lat' dir='ltr'>enim</span> <span class='ocrx_word' id='word_1_303' title='bbox 1379 4169 1696 4242; x_wconf 86' lang='lat' dir='ltr'>singularis</span> <span class='ocrx_word' id='word_1_304' title='bbox 1735 4171 1964 4226; x_wconf 91' lang='lat' dir='ltr'>numeri</span> <span class='ocrx_word' id='word_1_305' title='bbox 1996 4172 2177 4243; x_wconf 90' lang='lat' dir='ltr'>signi-</span> 
     </span>
    </p>
   </div>
   <div class='ocr_carea' id='block_1_44' title="bbox 526 4259 2178 4331">
    <p class='ocr_par' dir='ltr' id='par_1_44' title="bbox 526 4259 2178 4331">
     <span class='ocr_line' id='line_1_44' title="bbox 526 4259 2178 4331; baseline 0.002 -18"><span class='ocrx_word' id='word_1_306' title='bbox 526 4259 720 4314; x_wconf 83' lang='lat' dir='ltr'>ﬁcatio</span> <span class='ocrx_word' id='word_1_307' title='bbox 748 4259 980 4314; x_wconf 89' lang='lat' dir='ltr'>videtur</span> <span class='ocrx_word' id='word_1_308' title='bbox 1012 4275 1024 4312; x_wconf 90' lang='lat'>:</span> <span class='ocrx_word' id='word_1_309' title='bbox 1060 4259 1252 4313; x_wconf 88' lang='lat' dir='ltr'>adhuc</span> <span class='ocrx_word' id='word_1_310' title='bbox 1282 4275 1414 4314; x_wconf 90' lang='lat' dir='ltr'>cum</span> <span class='ocrx_word' id='word_1_311' title='bbox 1450 4261 1563 4314; x_wconf 92' lang='lat' dir='ltr'>duo</span> <span class='ocrx_word' id='word_1_312' title='bbox 1598 4259 1909 4314; x_wconf 88' lang='lat' dir='ltr'>masculini</span> <span class='ocrx_word' id='word_1_313' title='bbox 1942 4262 2178 4331; x_wconf 82' lang='lat' dir='ltr'>genesis</span> 
     </span>
    </p>
   </div>
   <div class='ocr_carea' id='block_1_45' title="bbox 528 4347 2175 4418">
    <p class='ocr_par' dir='ltr' id='par_1_45' title="bbox 528 4347 2175 4418">
     <span class='ocr_line' id='line_1_45' title="bbox 528 4347 2175 4418; baseline 0.001 -15"><span class='ocrx_word' id='word_1_314' title='bbox 528 4348 707 4404; x_wconf 87' lang='lat' dir='ltr'>Unum</span> <span class='ocrx_word' id='word_1_315' title='bbox 736 4348 878 4402; x_wconf 90' lang='lat' dir='ltr'>dicit</span> <span class='ocrx_word' id='word_1_316' title='bbox 907 4347 1156 4402; x_wconf 87' lang='lat' dir='ltr'>neutrali</span> <span class='ocrx_word' id='word_1_317' title='bbox 1205 4347 1399 4415; x_wconf 87' lang='lat' dir='ltr'>verbo,</span> <span class='ocrx_word' id='word_1_318' title='bbox 1450 4348 1605 4417; x_wconf 85' lang='lat' dir='ltr'>quod</span> <span class='ocrx_word' id='word_1_319' title='bbox 1658 4363 1772 4402; x_wconf 91' lang='lat' dir='ltr'>non</span> <span class='ocrx_word' id='word_1_320' title='bbox 1825 4348 2075 4418; x_wconf 87' lang='lat' dir='ltr'>pertinet</span> <span class='ocrx_word' id='word_1_321' title='bbox 2106 4352 2175 4405; x_wconf 91' lang='lat' dir='ltr'>ad</span> 
     </span>
    </p>
   </div>
   <div class='ocr_carea' id='block_1_46' title="bbox 523 4435 2174 4507">
    <p class='ocr_par' dir='ltr' id='par_1_46' title="bbox 523 4435 2174 4507">
     <span class='ocr_line' id='line_1_46' title="bbox 523 4435 2174 4507; baseline 0.002 -18"><span class='ocrx_word' id='word_1_322' title='bbox 523 4435 1121 4507; x_wconf 87' lang='lat' dir='ltr'>singularitatem,sed</span> <span class='ocrx_word' id='word_1_323' title='bbox 1145 4437 1215 4490; x_wconf 89' lang='lat' dir='ltr'>ad</span> <span class='ocrx_word' id='word_1_324' title='bbox 1236 4436 1621 4500; x_wconf 89' lang='lat' dir='ltr'>unitatem,ad</span> <span class='ocrx_word' id='word_1_325' title='bbox 1644 4436 2083 4492; x_wconf 85' lang='lat' dir='ltr'>similitudinem</span> <span class='ocrx_word' id='word_1_326' title='bbox 2104 4439 2174 4493; x_wconf 91' lang='lat' dir='ltr'>ad</span> 
     </span>
    </p>
   </div>
   <div class='ocr_carea' id='block_1_47' title="bbox 522 4524 2178 4593">
    <p class='ocr_par' dir='ltr' id='par_1_47' title="bbox 522 4524 2178 4593">
     <span class='ocr_line' id='line_1_47' title="bbox 522 4524 2178 4593; baseline 0.003 -17"><span class='ocrx_word' id='word_1_327' title='bbox 522 4524 1015 4593; x_wconf 87' lang='lat' dir='ltr'>conjunctionem,</span> <span class='ocrx_word' id='word_1_328' title='bbox 1074 4526 1143 4578; x_wconf 91' lang='lat' dir='ltr'>ad</span> <span class='ocrx_word' id='word_1_329' title='bbox 1185 4524 1554 4580; x_wconf 89' lang='lat' dir='ltr'>dilectionem</span> <span class='ocrx_word' id='word_1_330' title='bbox 1614 4524 1803 4580; x_wconf 89' lang='lat' dir='ltr'>Patris</span> <span class='ocrx_word' id='word_1_331' title='bbox 1841 4566 1852 4578; x_wconf 92' lang='lat'>.</span> <span class='ocrx_word' id='word_1_332' title='bbox 1892 4566 1903 4579; x_wconf 97' lang='lat'>.</span> <span class='ocrx_word' id='word_1_333' title='bbox 1940 4567 1953 4580; x_wconf 94' lang='lat'>.</span> <span class='ocrx_word' id='word_1_334' title='bbox 2002 4527 2178 4583; x_wconf 88' lang='lat' dir='ltr'>Unum</span> 
     </span>
    </p>
   </div>
   <div class='ocr_carea' id='block_1_48' title="bbox 1026 369 2258 431">
    <p class='ocr_par' dir='ltr' id='par_1_48' title="bbox 1026 369 2258 431">
     <span class='ocr_line' id='line_1_48' title="bbox 1026 369 2258 431; baseline 0.001 -2"><span class='ocrx_word' id='word_1_335' title='bbox 1026 369 1553 431; x_wconf 81' lang='lat' dir='ltr'>TERTULLIANI</span> <span class='ocrx_word' id='word_1_336' title='bbox 1598 369 1923 431; x_wconf 82' lang='lat' dir='ltr'>OPERUM</span> <span class='ocrx_word' id='word_1_337' title='bbox 1967 371 2165 430; x_wconf 79' lang='lat' dir='ltr'>PARS</span> <span class='ocrx_word' id='word_1_338' title='bbox 2213 371 2258 430; x_wconf 89' lang='grc' dir='ltr'><strong>Ι.</strong></span> 
     </span>
    </p>
   </div>
   <div class='ocr_carea' id='block_1_49' title="bbox 2288 360 3857 446">
    <p class='ocr_par' dir='ltr' id='par_1_49' title="bbox 2288 360 3857 446">
     <span class='ocr_line' id='line_1_49' title="bbox 2288 360 3857 446; baseline 0.003 -16"><span class='ocrx_word' id='word_1_339' title='bbox 2288 404 2364 415; x_wconf 92' lang='grc'><strong>-</strong></span> <span class='ocrx_word' id='word_1_340' title='bbox 2396 371 2670 433; x_wconf 83' lang='lat' dir='ltr'>SEBIES</span> <span class='ocrx_word' id='word_1_341' title='bbox 2716 371 2765 446; x_wconf 87' lang='grc' dir='ltr'>Ι,</span> <span class='ocrx_word' id='word_1_342' title='bbox 2814 370 3374 433; x_wconf 82' lang='lat' dir='ltr'>APOLOGETICA.</span> <span class='ocrx_word' id='word_1_343' title='bbox 3428 360 3431 361; x_wconf 10' lang='lat'><em>7</em></span> <span class='ocrx_word' id='word_1_344' title='bbox 3754 375 3857 436; x_wconf 70' lang='lat'>916</span> 
     </span>
    </p>
   </div>
   <div class='ocr_carea' id='block_1_50' title="bbox 2263 507 3859 578">
    <p class='ocr_par' dir='ltr' id='par_1_50' title="bbox 2263 507 3859 578">
     <span class='ocr_line' id='line_1_50' title="bbox 2263 507 3859 578; baseline 0.002 -17"><span class='ocrx_word' id='word_1_345' title='bbox 2263 521 2474 577; x_wconf 88' lang='lat' dir='ltr'>person</span> <span class='ocrx_word' id='word_1_346' title='bbox 2490 524 2890 578; x_wconf 85' lang='lat' dir='ltr'>as,unamque</span> <span class='ocrx_word' id='word_1_347' title='bbox 2909 508 3189 561; x_wconf 81' lang='lat' dir='ltr'>duntaxat</span> <span class='ocrx_word' id='word_1_348' title='bbox 3205 510 3467 562; x_wconf 85' lang='lat' dir='ltr'>naturam</span> <span class='ocrx_word' id='word_1_349' title='bbox 3481 507 3703 562; x_wconf 84' lang='lat' dir='ltr'>.Etenim</span> <span class='ocrx_word' id='word_1_350' title='bbox 3720 508 3859 564; x_wconf 84' lang='lat' dir='ltr'>idille</span> 
     </span>
    </p>
   </div>
   <div class='ocr_carea' id='block_1_51' title="bbox 2270 595 3856 664">
    <p class='ocr_par' dir='ltr' id='par_1_51' title="bbox 2270 595 3856 664">
     <span class='ocr_line' id='line_1_51' title="bbox 2270 595 3856 664; baseline 0.004 -17"><span class='ocrx_word' id='word_1_351' title='bbox 2270 595 2477 664; x_wconf 87' lang='lat' dir='ltr'>probat</span> <span class='ocrx_word' id='word_1_352' title='bbox 2508 596 2598 651; x_wconf 91' lang='lat' dir='ltr'>bis</span> <span class='ocrx_word' id='word_1_353' title='bbox 2626 596 2926 651; x_wconf 87' lang='lat' dir='ltr'>Geneseos</span> <span class='ocrx_word' id='word_1_354' title='bbox 2955 595 3179 650; x_wconf 89' lang='lat' dir='ltr'>verbis:</span> <span class='ocrx_word' id='word_1_355' title='bbox 3215 596 3495 650; x_wconf 74' lang='lat' dir='ltr'>Faciamus</span> <span class='ocrx_word' id='word_1_356' title='bbox 3514 595 3769 652; x_wconf 79' lang='lat' dir='ltr'>hominem</span> <span class='ocrx_word' id='word_1_357' title='bbox 3796 598 3856 653; x_wconf 83' lang='lat' dir='ltr'>ad</span> 
     </span>
    </p>
   </div>
   <div class='ocr_carea' id='block_1_52' title="bbox 2268 683 3857 755">
    <p class='ocr_par' dir='ltr' id='par_1_52' title="bbox 2268 683 3857 755">
     <span class='ocr_line' id='line_1_52' title="bbox 2268 683 3857 755; baseline 0.003 -19"><span class='ocrx_word' id='word_1_358' title='bbox 2268 684 2568 753; x_wconf 75' lang='lat' dir='ltr'>imaginem</span> <span class='ocrx_word' id='word_1_359' title='bbox 2592 694 2648 740; x_wconf 71' lang='lat' dir='ltr'>et</span> <span class='ocrx_word' id='word_1_360' title='bbox 2672 685 3103 739; x_wconf 79' lang='lat' dir='ltr'>similitudinem</span> <span class='ocrx_word' id='word_1_361' title='bbox 3134 693 3374 738; x_wconf 79' lang='lat' dir='ltr'>nostram</span> <span class='ocrx_word' id='word_1_362' title='bbox 3403 683 3690 753; x_wconf 76' lang='lat' dir='ltr'>(Gen.83|</span> <span class='ocrx_word' id='word_1_363' title='bbox 3724 685 3857 755; x_wconf 76' lang='lat'>1,26).</span> 
     </span>
    </p>
   </div>
   <div class='ocr_carea' id='block_1_53' title="bbox 2271 772 3863 843">
    <p class='ocr_par' dir='ltr' id='par_1_53' title="bbox 2271 772 3863 843">
     <span class='ocr_line' id='line_1_53' title="bbox 2271 772 3863 843; baseline 0.002 -18"><span class='ocrx_word' id='word_1_364' title='bbox 2271 772 2337 825; x_wconf 86' lang='lat' dir='ltr'>Et</span> <span class='ocrx_word' id='word_1_365' title='bbox 2366 772 2495 827; x_wconf 87' lang='lat' dir='ltr'>aliis</span> <span class='ocrx_word' id='word_1_366' title='bbox 2521 789 2533 826; x_wconf 94' lang='lat'>:</span> <span class='ocrx_word' id='word_1_367' title='bbox 2560 776 2691 828; x_wconf 83' lang='lat' dir='ltr'>Ecce</span> <span class='ocrx_word' id='word_1_368' title='bbox 2720 774 2892 828; x_wconf 86' lang='lat' dir='ltr'>Adam</span> <span class='ocrx_word' id='word_1_369' title='bbox 2922 775 3101 843; x_wconf 74' lang='lat' dir='ltr'>factus</span> <span class='ocrx_word' id='word_1_370' title='bbox 3118 781 3195 827; x_wconf 80' lang='lat' dir='ltr'>est</span> <span class='ocrx_word' id='word_1_371' title='bbox 3214 778 3472 843; x_wconf 82' lang='lat' dir='ltr'>tanquam</span> <span class='ocrx_word' id='word_1_372' title='bbox 3492 789 3625 827; x_wconf 77' lang='lat' dir='ltr'>unus</span> <span class='ocrx_word' id='word_1_373' title='bbox 3653 788 3715 827; x_wconf 74' lang='lat' dir='ltr'>ea:</span> <span class='ocrx_word' id='word_1_374' title='bbox 3730 775 3863 828; x_wconf 69' lang='lat' dir='ltr'>nobis</span> 
     </span>
    </p>
   </div>
   <div class='ocr_carea' id='block_1_54' title="bbox 2272 861 3863 933">
    <p class='ocr_par' dir='ltr' id='par_1_54' title="bbox 2272 861 3863 933">
     <span class='ocr_line' id='line_1_54' title="bbox 2272 861 3863 933; baseline 0 -18"><span class='ocrx_word' id='word_1_375' title='bbox 2272 863 2631 933; x_wconf 78' lang='lat' dir='ltr'>(Gm.m,22).</span> <span class='ocrx_word' id='word_1_376' title='bbox 2649 867 2794 917; x_wconf 89' lang='lat' dir='ltr'>Nam</span> <span class='ocrx_word' id='word_1_377' title='bbox 2825 862 2964 918; x_wconf 90' lang='lat' dir='ltr'>inde</span> <span class='ocrx_word' id='word_1_378' title='bbox 2985 861 3080 917; x_wconf 91' lang='lat' dir='ltr'>ille</span> <span class='ocrx_word' id='word_1_379' title='bbox 3108 862 3192 916; x_wconf 90' lang='lat' dir='ltr'>sic</span> <span class='ocrx_word' id='word_1_380' title='bbox 3210 866 3677 933; x_wconf 76' lang='lat' dir='ltr'>argumentatur:</span> <span class='ocrx_word' id='word_1_381' title='bbox 3704 885 3721 910; x_wconf 74' lang='grc' dir='ltr'>α</span> <span class='ocrx_word' id='word_1_382' title='bbox 3742 862 3863 926; x_wconf 88' lang='lat' dir='ltr'>Quia</span> 
     </span>
    </p>
   </div>
   <div class='ocr_carea' id='block_1_55' title="bbox 2263 950 3865 1021">
    <p class='ocr_par' dir='ltr' id='par_1_55' title="bbox 2263 950 3865 1021">
     <span class='ocr_line' id='line_1_55' title="bbox 2263 950 3865 1021; baseline 0.001 -17"><span class='ocrx_word' id='word_1_383' title='bbox 2263 950 2385 1021; x_wconf 88' lang='lat' dir='ltr'>jam</span> <span class='ocrx_word' id='word_1_384' title='bbox 2419 952 2752 1007; x_wconf 83' lang='lat' dir='ltr'>adharebat</span> <span class='ocrx_word' id='word_1_385' title='bbox 2782 952 2863 1005; x_wconf 90' lang='lat' dir='ltr'>illi</span> <span class='ocrx_word' id='word_1_386' title='bbox 2894 952 3101 1020; x_wconf 90' lang='lat' dir='ltr'>Filius,</span> <span class='ocrx_word' id='word_1_387' title='bbox 3135 952 3391 1006; x_wconf 89' lang='lat' dir='ltr'>secunda</span> <span class='ocrx_word' id='word_1_388' title='bbox 3413 966 3667 1021; x_wconf 87' lang='lat' dir='ltr'>persona,</span> <span class='ocrx_word' id='word_1_389' title='bbox 3694 953 3865 1005; x_wconf 89' lang='lat' dir='ltr'>Sermo</span> 
     </span>
    </p>
   </div>
   <div class='ocr_carea' id='block_1_56' title="bbox 2274 1039 3868 1111">
    <p class='ocr_par' dir='ltr' id='par_1_56' title="bbox 2274 1039 3868 1111">
     <span class='ocr_line' id='line_1_56' title="bbox 2274 1039 3868 1111; baseline 0.001 -20"><span class='ocrx_word' id='word_1_390' title='bbox 2274 1039 2545 1109; x_wconf 87' lang='lat' dir='ltr'>ipsius,et</span> <span class='ocrx_word' id='word_1_391' title='bbox 2575 1040 3025 1111; x_wconf 81' lang='lat' dir='ltr'>tertia,Spiritus</span> <span class='ocrx_word' id='word_1_392' title='bbox 3062 1039 3123 1094; x_wconf 90' lang='lat' dir='ltr'>in</span> <span class='ocrx_word' id='word_1_393' title='bbox 3152 1039 3576 1104; x_wconf 87' lang='lat' dir='ltr'>Sermone,idec</span> <span class='ocrx_word' id='word_1_394' title='bbox 3600 1039 3868 1109; x_wconf 84' lang='lat' dir='ltr'>pluraliter</span> 
     </span>
    </p>
   </div>
   <div class='ocr_carea' id='block_1_57' title="bbox 2274 1128 3866 1197">
    <p class='ocr_par' dir='ltr' id='par_1_57' title="bbox 2274 1128 3866 1197">
     <span class='ocr_line' id='line_1_57' title="bbox 2274 1128 3866 1197; baseline -0.002 -17"><span class='ocrx_word' id='word_1_395' title='bbox 2274 1129 2715 1197; x_wconf 86' lang='lat' dir='ltr'>pronuntiavit:</span> <span class='ocrx_word' id='word_1_396' title='bbox 2749 1131 3056 1196; x_wconf 71' lang='lat' dir='ltr'>Faciamus,</span> <span class='ocrx_word' id='word_1_397' title='bbox 3107 1134 3183 1196; x_wconf 86' lang='lat' dir='ltr'>et,</span> <span class='ocrx_word' id='word_1_398' title='bbox 3235 1137 3498 1197; x_wconf 75' lang='lat' dir='ltr'>nostram,</span> <span class='ocrx_word' id='word_1_399' title='bbox 3546 1134 3618 1190; x_wconf 87' lang='lat' dir='ltr'>et,</span> <span class='ocrx_word' id='word_1_400' title='bbox 3666 1128 3866 1182; x_wconf 77' lang='lat' dir='ltr'>nobis.»</span> 
     </span>
    </p>
   </div>
   <div class='ocr_carea' id='block_1_58' title="bbox 2271 1217 3871 1290">
    <p class='ocr_par' dir='ltr' id='par_1_58' title="bbox 2271 1217 3871 1290">
     <span class='ocr_line' id='line_1_58' title="bbox 2271 1217 3871 1290; baseline 0.001 -20"><span class='ocrx_word' id='word_1_401' title='bbox 2271 1221 2415 1272; x_wconf 92' lang='lat' dir='ltr'>Tum</span> <span class='ocrx_word' id='word_1_402' title='bbox 2451 1219 2624 1289; x_wconf 89' lang='lat' dir='ltr'>paulo</span> <span class='ocrx_word' id='word_1_403' title='bbox 2652 1224 2819 1290; x_wconf 88' lang='lat' dir='ltr'>post:</span> <span class='ocrx_word' id='word_1_404' title='bbox 2847 1240 2874 1267; x_wconf 92' lang='grc'>‹‹</span> <span class='ocrx_word' id='word_1_405' title='bbox 2902 1218 3162 1287; x_wconf 89' lang='lat' dir='ltr'>Denique</span> <span class='ocrx_word' id='word_1_406' title='bbox 3185 1234 3436 1289; x_wconf 84' lang='lat' dir='ltr'>sequens</span> <span class='ocrx_word' id='word_1_407' title='bbox 3459 1217 3741 1288; x_wconf 86' lang='lat' dir='ltr'>Scriptura</span> <span class='ocrx_word' id='word_1_408' title='bbox 3773 1218 3871 1271; x_wconf 83' lang='lat' dir='ltr'>dis-</span> 
     </span>
    </p>
   </div>
   <div class='ocr_carea' id='block_1_59' title="bbox 2277 1304 3872 1378">
    <p class='ocr_par' dir='ltr' id='par_1_59' title="bbox 2277 1304 3872 1378">
     <span class='ocr_line' id='line_1_59' title="bbox 2277 1304 3872 1378; baseline -0.001 -18"><span class='ocrx_word' id='word_1_409' title='bbox 2277 1306 2490 1377; x_wconf 88' lang='lat' dir='ltr'>tinguit</span> <span class='ocrx_word' id='word_1_410' title='bbox 2517 1307 2668 1360; x_wconf 90' lang='lat' dir='ltr'>inter</span> <span class='ocrx_word' id='word_1_411' title='bbox 2698 1323 2977 1378; x_wconf 88' lang='lat' dir='ltr'>personas</span> <span class='ocrx_word' id='word_1_412' title='bbox 3015 1324 3028 1361; x_wconf 92' lang='lat'>:</span> <span class='ocrx_word' id='word_1_413' title='bbox 3061 1309 3124 1360; x_wconf 84' lang='lat' dir='ltr'>Et</span> <span class='ocrx_word' id='word_1_414' title='bbox 3152 1308 3283 1375; x_wconf 77' lang='lat' dir='ltr'>fecit</span> <span class='ocrx_word' id='word_1_415' title='bbox 3311 1308 3452 1361; x_wconf 79' lang='lat' dir='ltr'>Deus</span> <span class='ocrx_word' id='word_1_416' title='bbox 3489 1306 3750 1360; x_wconf 85' lang='lat' dir='ltr'>hominem</span> <span class='ocrx_word' id='word_1_417' title='bbox 3775 1322 3790 1358; x_wconf 91' lang='lat'>:</span> <span class='ocrx_word' id='word_1_418' title='bbox 3815 1304 3872 1360; x_wconf 85' lang='lat' dir='ltr'>ad</span> 
     </span>
    </p>
   </div>
   <div class='ocr_carea' id='block_1_60' title="bbox 2274 1393 3871 1466">
    <p class='ocr_par' dir='ltr' id='par_1_60' title="bbox 2274 1393 3871 1466">
     <span class='ocr_line' id='line_1_60' title="bbox 2274 1393 3871 1466; baseline -0.002 -16"><span class='ocrx_word' id='word_1_419' title='bbox 2274 1397 2574 1465; x_wconf 83' lang='lat' dir='ltr'>imaginem</span> <span class='ocrx_word' id='word_1_420' title='bbox 2608 1398 2702 1450; x_wconf 86' lang='lat' dir='ltr'>Dei</span> <span class='ocrx_word' id='word_1_421' title='bbox 2726 1398 2855 1466; x_wconf 79' lang='lat' dir='ltr'>fecit</span> <span class='ocrx_word' id='word_1_422' title='bbox 2884 1396 3184 1450; x_wconf 83' lang='lat' dir='ltr'>illum.Cur</span> <span class='ocrx_word' id='word_1_423' title='bbox 3207 1411 3319 1449; x_wconf 91' lang='lat' dir='ltr'>non</span> <span class='ocrx_word' id='word_1_424' title='bbox 3354 1411 3544 1453; x_wconf 89' lang='lat' dir='ltr'>suam.</span> <span class='ocrx_word' id='word_1_425' title='bbox 3571 1394 3618 1448; x_wconf 91' lang='lat' dir='ltr'>si</span> <span class='ocrx_word' id='word_1_426' title='bbox 3643 1393 3871 1463; x_wconf 90' lang='lat' dir='ltr'>unusqui</span> 
     </span>
    </p>
   </div>
   <div class='ocr_carea' id='block_1_61' title="bbox 2276 1482 3870 1552">
    <p class='ocr_par' dir='ltr' id='par_1_61' title="bbox 2276 1482 3870 1552">
     <span class='ocr_line' id='line_1_61' title="bbox 2276 1482 3870 1552; baseline -0.001 -16"><span class='ocrx_word' id='word_1_427' title='bbox 2276 1484 2605 1550; x_wconf 86' lang='lat' dir='ltr'>faciebat,et</span> <span class='ocrx_word' id='word_1_428' title='bbox 2632 1501 2744 1537; x_wconf 90' lang='lat' dir='ltr'>non</span> <span class='ocrx_word' id='word_1_429' title='bbox 2768 1488 2891 1538; x_wconf 89' lang='lat' dir='ltr'>erat</span> <span class='ocrx_word' id='word_1_430' title='bbox 2912 1484 2983 1537; x_wconf 89' lang='lat' dir='ltr'>ad</span> <span class='ocrx_word' id='word_1_431' title='bbox 3008 1485 3178 1552; x_wconf 86' lang='lat' dir='ltr'>cujus</span> <span class='ocrx_word' id='word_1_432' title='bbox 3198 1482 3445 1537; x_wconf 84' lang='lat' dir='ltr'>faciebat</span> <span class='ocrx_word' id='word_1_433' title='bbox 3472 1482 3499 1535; x_wconf 88' lang='lat'><strong>?</strong></span> <span class='ocrx_word' id='word_1_434' title='bbox 3529 1482 3659 1535; x_wconf 89' lang='lat' dir='ltr'>Erat</span> <span class='ocrx_word' id='word_1_435' title='bbox 3685 1485 3870 1549; x_wconf 88' lang='lat' dir='ltr'>autem,</span> 
     </span>
    </p>
   </div>
   <div class='ocr_carea' id='block_1_62' title="bbox 2276 1569 3875 1643">
    <p class='ocr_par' dir='ltr' id='par_1_62' title="bbox 2276 1569 3875 1643">
     <span class='ocr_line' id='line_1_62' title="bbox 2276 1569 3875 1643; baseline -0.002 -17"><span class='ocrx_word' id='word_1_436' title='bbox 2276 1573 2345 1626; x_wconf 89' lang='lat' dir='ltr'>ad</span> <span class='ocrx_word' id='word_1_437' title='bbox 2379 1573 2547 1642; x_wconf 86' lang='lat' dir='ltr'>cujus</span> <span class='ocrx_word' id='word_1_438' title='bbox 2583 1572 2894 1643; x_wconf 90' lang='lat' dir='ltr'>imaginem</span> <span class='ocrx_word' id='word_1_439' title='bbox 2943 1572 3210 1637; x_wconf 84' lang='lat' dir='ltr'>faciebat,</span> <span class='ocrx_word' id='word_1_440' title='bbox 3263 1572 3333 1625; x_wconf 90' lang='lat' dir='ltr'>ad</span> <span class='ocrx_word' id='word_1_441' title='bbox 3385 1570 3510 1625; x_wconf 82' lang='lat' dir='ltr'>Filii</span> <span class='ocrx_word' id='word_1_442' title='bbox 3536 1570 3766 1636; x_wconf 80' lang='lat' dir='ltr'>scilicet,</span> <span class='ocrx_word' id='word_1_443' title='bbox 3795 1569 3875 1640; x_wconf 89' lang='lat' dir='ltr'>qui</span> 
     </span>
    </p>
   </div>
   <div class='ocr_carea' id='block_1_63' title="bbox 2276 1660 3874 1731">
    <p class='ocr_par' dir='ltr' id='par_1_63' title="bbox 2276 1660 3874 1731">
     <span class='ocr_line' id='line_1_63' title="bbox 2276 1660 3874 1731; baseline -0.001 -17"><span class='ocrx_word' id='word_1_444' title='bbox 2276 1660 2451 1715; x_wconf 89' lang='lat' dir='ltr'>homo</span> <span class='ocrx_word' id='word_1_445' title='bbox 2484 1662 2717 1716; x_wconf 86' lang='lat' dir='ltr'>futurus</span> <span class='ocrx_word' id='word_1_446' title='bbox 2762 1662 2975 1716; x_wconf 88' lang='lat' dir='ltr'>certior</span> <span class='ocrx_word' id='word_1_447' title='bbox 3020 1667 3075 1716; x_wconf 89' lang='lat' dir='ltr'>et</span> <span class='ocrx_word' id='word_1_448' title='bbox 3122 1661 3334 1726; x_wconf 88' lang='lat' dir='ltr'>verior,</span> <span class='ocrx_word' id='word_1_449' title='bbox 3387 1661 3695 1731; x_wconf 88' lang='lat' dir='ltr'>imaginem</span> <span class='ocrx_word' id='word_1_450' title='bbox 3736 1674 3874 1713; x_wconf 84' lang='lat' dir='ltr'>suam</span> 
     </span>
    </p>
   </div>
   <div class='ocr_carea' id='block_1_64' title="bbox 2278 1746 3877 1821">
    <p class='ocr_par' dir='ltr' id='par_1_64' title="bbox 2278 1746 3877 1821">
     <span class='ocr_line' id='line_1_64' title="bbox 2278 1746 3877 1821; baseline -0.001 -18"><span class='ocrx_word' id='word_1_451' title='bbox 2278 1751 2491 1806; x_wconf 89' lang='lat' dir='ltr'>fecerat</span> <span class='ocrx_word' id='word_1_452' title='bbox 2519 1752 2626 1805; x_wconf 91' lang='lat' dir='ltr'>dici</span> <span class='ocrx_word' id='word_1_453' title='bbox 2659 1751 2977 1817; x_wconf 81' lang='lat' dir='ltr'>hominem,</span> <span class='ocrx_word' id='word_1_454' title='bbox 3028 1752 3127 1821; x_wconf 90' lang='lat' dir='ltr'>qui</span> <span class='ocrx_word' id='word_1_455' title='bbox 3175 1754 3319 1804; x_wconf 89' lang='lat' dir='ltr'>tunc</span> <span class='ocrx_word' id='word_1_456' title='bbox 3371 1750 3442 1804; x_wconf 90' lang='lat' dir='ltr'>de</span> <span class='ocrx_word' id='word_1_457' title='bbox 3492 1749 3628 1803; x_wconf 90' lang='lat' dir='ltr'>limo</span> <span class='ocrx_word' id='word_1_458' title='bbox 3676 1746 3877 1803; x_wconf 84' lang='lat' dir='ltr'>formari</span> 
     </span>
    </p>
   </div>
   <div class='ocr_carea' id='block_1_65' title="bbox 2276 1835 3877 1911">
    <p class='ocr_par' dir='ltr' id='par_1_65' title="bbox 2276 1835 3877 1911">
     <span class='ocr_line' id='line_1_65' title="bbox 2276 1835 3877 1911; baseline -0.002 -18"><span class='ocrx_word' id='word_1_459' title='bbox 2276 1839 2549 1906; x_wconf 89' lang='lat' dir='ltr'>habebat,</span> <span class='ocrx_word' id='word_1_460' title='bbox 2593 1839 2787 1911; x_wconf 85' lang='lat' dir='ltr'>imago</span> <span class='ocrx_word' id='word_1_461' title='bbox 2831 1841 2950 1895; x_wconf 89' lang='lat' dir='ltr'>veri</span> <span class='ocrx_word' id='word_1_462' title='bbox 2997 1844 3053 1894; x_wconf 92' lang='lat' dir='ltr'>et</span> <span class='ocrx_word' id='word_1_463' title='bbox 3091 1839 3438 1893; x_wconf 90' lang='lat' dir='ltr'>similitudo.</span> <span class='ocrx_word' id='word_1_464' title='bbox 3489 1860 3517 1887; x_wconf 84' lang='lat'>»</span> <span class='ocrx_word' id='word_1_465' title='bbox 3566 1842 3676 1892; x_wconf 91' lang='lat' dir='ltr'>Nec</span> <span class='ocrx_word' id='word_1_466' title='bbox 3738 1835 3877 1907; x_wconf 88' lang='lat' dir='ltr'>longe</span> 
     </span>
    </p>
   </div>
   <div class='ocr_carea' id='block_1_66' title="bbox 2282 1925 3878 2000">
    <p class='ocr_par' dir='ltr' id='par_1_66' title="bbox 2282 1925 3878 2000">
     <span class='ocr_line' id='line_1_66' title="bbox 2282 1925 3878 2000; baseline -0.002 -17"><span class='ocrx_word' id='word_1_467' title='bbox 2282 1934 2475 2000; x_wconf 84' lang='lat' dir='ltr'>postea</span> <span class='ocrx_word' id='word_1_468' title='bbox 2514 1946 2526 1984; x_wconf 93' lang='lat'>:</span> <span class='ocrx_word' id='word_1_469' title='bbox 2560 1951 2588 1978; x_wconf 86' lang='lat'><strong>«</strong></span> <span class='ocrx_word' id='word_1_470' title='bbox 2622 1928 2838 1998; x_wconf 88' lang='lat' dir='ltr'>Alium,</span> <span class='ocrx_word' id='word_1_471' title='bbox 2874 1928 3086 2000; x_wconf 90' lang='lat' dir='ltr'>inquit,</span> <span class='ocrx_word' id='word_1_472' title='bbox 3112 1946 3143 1983; x_wconf 88' lang='lat' dir='ltr'>a</span> <span class='ocrx_word' id='word_1_473' title='bbox 3176 1933 3339 1983; x_wconf 78' lang='lat' dir='ltr'>Patre</span> <span class='ocrx_word' id='word_1_474' title='bbox 3371 1927 3603 1993; x_wconf 75' lang='lat' dir='ltr'>Filium,</span> <span class='ocrx_word' id='word_1_475' title='bbox 3627 1925 3878 1998; x_wconf 90' lang='lat' dir='ltr'>quomodo</span> 
     </span>
    </p>
   </div>
   <div class='ocr_carea' id='block_1_67' title="bbox 2280 2018 3878 2089">
    <p class='ocr_par' dir='ltr' id='par_1_67' title="bbox 2280 2018 3878 2089">
     <span class='ocr_line' id='line_1_67' title="bbox 2280 2018 3878 2089; baseline -0.004 -17"><span class='ocrx_word' id='word_1_476' title='bbox 2280 2018 2539 2089; x_wconf 91' lang='lat' dir='ltr'>accipere</span> <span class='ocrx_word' id='word_1_477' title='bbox 2569 2018 2782 2073; x_wconf 89' lang='lat' dir='ltr'>debeas</span> <span class='ocrx_word' id='word_1_478' title='bbox 2811 2021 2928 2083; x_wconf 89' lang='lat' dir='ltr'>jam</span> <span class='ocrx_word' id='word_1_479' title='bbox 2964 2018 3267 2088; x_wconf 84' lang='lat' dir='ltr'>professus</span> <span class='ocrx_word' id='word_1_480' title='bbox 3300 2033 3463 2084; x_wconf 90' lang='lat' dir='ltr'>sum,</span> <span class='ocrx_word' id='word_1_481' title='bbox 3505 2029 3762 2087; x_wconf 71' lang='lat' dir='ltr'>personae,</span> <span class='ocrx_word' id='word_1_482' title='bbox 3789 2029 3878 2068; x_wconf 87' lang='lat' dir='ltr'>non</span> 
     </span>
    </p>
   </div>
   <div class='ocr_carea' id='block_1_68' title="bbox 2278 2102 3880 2174">
    <p class='ocr_par' dir='ltr' id='par_1_68' title="bbox 2278 2102 3880 2174">
     <span class='ocr_line' id='line_1_68' title="bbox 2278 2102 3880 2174; baseline -0.004 -13"><span class='ocrx_word' id='word_1_483' title='bbox 2278 2107 2605 2163; x_wconf 66' lang='lat' dir='ltr'>substantiae</span> <span class='ocrx_word' id='word_1_484' title='bbox 2639 2106 2911 2172; x_wconf 90' lang='lat' dir='ltr'>nomine;</span> <span class='ocrx_word' id='word_1_485' title='bbox 2945 2107 3012 2161; x_wconf 82' lang='lat' dir='ltr'>ad</span> <span class='ocrx_word' id='word_1_486' title='bbox 3049 2106 3513 2174; x_wconf 89' lang='lat' dir='ltr'>dictinctionem,</span> <span class='ocrx_word' id='word_1_487' title='bbox 3536 2121 3646 2160; x_wconf 91' lang='lat' dir='ltr'>non</span> <span class='ocrx_word' id='word_1_488' title='bbox 3676 2105 3740 2157; x_wconf 88' lang='lat' dir='ltr'>ad</span> <span class='ocrx_word' id='word_1_489' title='bbox 3760 2102 3880 2156; x_wconf 88' lang='lat' dir='ltr'>divi-</span> 
     </span>
    </p>
   </div>
   <div class='ocr_carea' id='block_1_69' title="bbox 2282 2190 3879 2264">
    <p class='ocr_par' dir='ltr' id='par_1_69' title="bbox 2282 2190 3879 2264">
     <span class='ocr_line' id='line_1_69' title="bbox 2282 2190 3879 2264; baseline -0.004 -14"><span class='ocrx_word' id='word_1_490' title='bbox 2282 2194 2529 2250; x_wconf 87' lang='lat' dir='ltr'>sionem.</span> <span class='ocrx_word' id='word_1_491' title='bbox 2565 2197 2874 2262; x_wconf 83' lang='lat' dir='ltr'>Caterum,</span> <span class='ocrx_word' id='word_1_492' title='bbox 2924 2194 3033 2249; x_wconf 87' lang='lat' dir='ltr'>etsi</span> <span class='ocrx_word' id='word_1_493' title='bbox 3082 2194 3300 2264; x_wconf 91' lang='lat' dir='ltr'>ubique</span> <span class='ocrx_word' id='word_1_494' title='bbox 3349 2199 3519 2249; x_wconf 89' lang='lat' dir='ltr'>teneo</span> <span class='ocrx_word' id='word_1_495' title='bbox 3564 2208 3730 2246; x_wconf 91' lang='lat' dir='ltr'>unam</span> <span class='ocrx_word' id='word_1_496' title='bbox 3766 2190 3879 2245; x_wconf 85' lang='lat' dir='ltr'>sub-</span> 
     </span>
    </p>
   </div>
   <div class='ocr_carea' id='block_1_70' title="bbox 2282 2278 3879 2348">
    <p class='ocr_par' dir='ltr' id='par_1_70' title="bbox 2282 2278 3879 2348">
     <span class='ocr_line' id='line_1_70' title="bbox 2282 2278 3879 2348; baseline -0.004 -10"><span class='ocrx_word' id='word_1_497' title='bbox 2282 2284 2556 2339; x_wconf 89' lang='lat' dir='ltr'>stantiam</span> <span class='ocrx_word' id='word_1_498' title='bbox 2588 2285 2645 2338; x_wconf 91' lang='lat' dir='ltr'>in</span> <span class='ocrx_word' id='word_1_499' title='bbox 2678 2284 2865 2338; x_wconf 89' lang='lat' dir='ltr'>tribus</span> <span class='ocrx_word' id='word_1_500' title='bbox 2896 2284 3343 2348; x_wconf 86' lang='lat' dir='ltr'>coharentibus,</span> <span class='ocrx_word' id='word_1_501' title='bbox 3392 2288 3590 2336; x_wconf 90' lang='lat' dir='ltr'>tamen</span> <span class='ocrx_word' id='word_1_502' title='bbox 3622 2280 3785 2335; x_wconf 87' lang='lat' dir='ltr'>alium</span> <span class='ocrx_word' id='word_1_503' title='bbox 3812 2278 3879 2332; x_wconf 86' lang='lat' dir='ltr'>di-</span> 
     </span>
    </p>
   </div>
   <div class='ocr_carea' id='block_1_71' title="bbox 2282 2369 3880 2445">
    <p class='ocr_par' dir='ltr' id='par_1_71' title="bbox 2282 2369 3880 2445">
     <span class='ocr_line' id='line_1_71' title="bbox 2282 2369 3880 2445; baseline -0.005 -17"><span class='ocrx_word' id='word_1_504' title='bbox 2282 2390 2409 2428; x_wconf 88' lang='lat' dir='ltr'>cam</span> <span class='ocrx_word' id='word_1_505' title='bbox 2453 2378 2680 2445; x_wconf 83' lang='lat' dir='ltr'>Oportet</span> <span class='ocrx_word' id='word_1_506' title='bbox 2726 2389 2794 2427; x_wconf 86' lang='lat' dir='ltr'>ex</span> <span class='ocrx_word' id='word_1_507' title='bbox 2844 2374 3191 2427; x_wconf 86' lang='lat' dir='ltr'>necessitate</span> <span class='ocrx_word' id='word_1_508' title='bbox 3233 2388 3451 2427; x_wconf 87' lang='lat' dir='ltr'>sensus</span> <span class='ocrx_word' id='word_1_509' title='bbox 3500 2387 3626 2426; x_wconf 90' lang='lat' dir='ltr'>eum</span> <span class='ocrx_word' id='word_1_510' title='bbox 3677 2369 3768 2441; x_wconf 90' lang='lat' dir='ltr'>qui</span> <span class='ocrx_word' id='word_1_511' title='bbox 3805 2369 3880 2437; x_wconf 86' lang='lat' dir='ltr'>ju-</span> 
     </span>
    </p>
   </div>
   <div class='ocr_carea' id='block_1_72' title="bbox 2284 2454 3881 2531">
    <p class='ocr_par' dir='ltr' id='par_1_72' title="bbox 2284 2454 3881 2531">
     <span class='ocr_line' id='line_1_72' title="bbox 2284 2454 3881 2531; baseline -0.005 -14"><span class='ocrx_word' id='word_1_512' title='bbox 2284 2462 2398 2529; x_wconf 89' lang='lat' dir='ltr'>bet,</span> <span class='ocrx_word' id='word_1_513' title='bbox 2450 2467 2506 2516; x_wconf 87' lang='lat' dir='ltr'>et</span> <span class='ocrx_word' id='word_1_514' title='bbox 2552 2478 2686 2517; x_wconf 91' lang='lat' dir='ltr'>eum</span> <span class='ocrx_word' id='word_1_515' title='bbox 2735 2463 2835 2531; x_wconf 91' lang='lat' dir='ltr'>qui</span> <span class='ocrx_word' id='word_1_516' title='bbox 2886 2454 3041 2516; x_wconf 90' lang='lat' dir='ltr'>facit.</span> <span class='ocrx_word' id='word_1_517' title='bbox 3095 2481 3123 2513; x_wconf 73' lang='grc' dir='ltr'>ι</span> <span class='ocrx_word' id='word_1_518' title='bbox 3178 2459 3474 2531; x_wconf 87' lang='lat' dir='ltr'>(Tertull.,</span> <span class='ocrx_word' id='word_1_519' title='bbox 3550 2460 3673 2514; x_wconf 83' lang='lat' dir='ltr'>adv.</span> <span class='ocrx_word' id='word_1_520' title='bbox 3725 2458 3881 2521; x_wconf 57' lang='lat' dir='ltr'>Prata,</span> 
     </span>
    </p>
   </div>
   <div class='ocr_carea' id='block_1_73' title="bbox 2282 2552 2562 2622">
    <p class='ocr_par' dir='ltr' id='par_1_73' title="bbox 2282 2552 2562 2622">
     <span class='ocr_line' id='line_1_73' title="bbox 2282 2552 2562 2622; baseline -0.004 -18"><span class='ocrx_word' id='word_1_521' title='bbox 2282 2567 2409 2622; x_wconf 82' lang='lat' dir='ltr'>cap.</span> <span class='ocrx_word' id='word_1_522' title='bbox 2444 2552 2562 2618; x_wconf 80' lang='lat'>22.)</span> 
     </span>
    </p>
   </div>
   <div class='ocr_carea' id='block_1_74' title="bbox 2354 2633 3883 2705">
    <p class='ocr_par' dir='ltr' id='par_1_74' title="bbox 2354 2633 3883 2705">
     <span class='ocr_line' id='line_1_74' title="bbox 2354 2633 3883 2705; baseline -0.004 -12"><span class='ocrx_word' id='word_1_523' title='bbox 2354 2640 2523 2694; x_wconf 89' lang='lat' dir='ltr'>Prius</span> <span class='ocrx_word' id='word_1_524' title='bbox 2552 2656 2709 2705; x_wconf 85' lang='lat' dir='ltr'>vero,</span> <span class='ocrx_word' id='word_1_525' title='bbox 2744 2640 2841 2694; x_wconf 87' lang='lat' dir='ltr'>ubi</span> <span class='ocrx_word' id='word_1_526' title='bbox 2874 2640 3155 2694; x_wconf 89' lang='lat' dir='ltr'>adversus</span> <span class='ocrx_word' id='word_1_527' title='bbox 3185 2638 3462 2695; x_wconf 89' lang='lat' dir='ltr'>eumdem</span> <span class='ocrx_word' id='word_1_528' title='bbox 3504 2639 3763 2692; x_wconf 81' lang='lat' dir='ltr'>Praxeam</span> <span class='ocrx_word' id='word_1_529' title='bbox 3789 2633 3883 2687; x_wconf 84' lang='lat' dir='ltr'>dis-</span> 
     </span>
    </p>
   </div>
   <div class='ocr_carea' id='block_1_75' title="bbox 2283 2722 3885 2799">
    <p class='ocr_par' dir='ltr' id='par_1_75' title="bbox 2283 2722 3885 2799">
     <span class='ocr_line' id='line_1_75' title="bbox 2283 2722 3885 2799; baseline -0.006 -16"><span class='ocrx_word' id='word_1_530' title='bbox 2283 2730 2564 2799; x_wconf 87' lang='lat' dir='ltr'>putando.</span> <span class='ocrx_word' id='word_1_531' title='bbox 2598 2730 2903 2783; x_wconf 85' lang='lat' dir='ltr'>manifeste</span> <span class='ocrx_word' id='word_1_532' title='bbox 2934 2728 3195 2783; x_wconf 90' lang='lat' dir='ltr'>ostendit</span> <span class='ocrx_word' id='word_1_533' title='bbox 3228 2726 3443 2781; x_wconf 77' lang='lat' dir='ltr'>Filium</span> <span class='ocrx_word' id='word_1_534' title='bbox 3478 2727 3595 2792; x_wconf 89' lang='lat' dir='ltr'>Dei,</span> <span class='ocrx_word' id='word_1_535' title='bbox 3635 2724 3728 2795; x_wconf 91' lang='lat' dir='ltr'>qui</span> <span class='ocrx_word' id='word_1_536' title='bbox 3757 2722 3885 2776; x_wconf 82' lang='lat' dir='ltr'>illius</span> 
     </span>
    </p>
   </div>
   <div class='ocr_carea' id='block_1_76' title="bbox 2284 2808 3885 2887">
    <p class='ocr_par' dir='ltr' id='par_1_76' title="bbox 2284 2808 3885 2887">
     <span class='ocr_line' id='line_1_76' title="bbox 2284 2808 3885 2887; baseline -0.006 -16"><span class='ocrx_word' id='word_1_537' title='bbox 2284 2818 2501 2887; x_wconf 88' lang='lat' dir='ltr'>Sophia</span> <span class='ocrx_word' id='word_1_538' title='bbox 2531 2822 2586 2871; x_wconf 90' lang='lat' dir='ltr'>et</span> <span class='ocrx_word' id='word_1_539' title='bbox 2607 2823 2807 2871; x_wconf 82' lang='lat' dir='ltr'>Sermo</span> <span class='ocrx_word' id='word_1_540' title='bbox 2841 2821 2947 2883; x_wconf 91' lang='lat' dir='ltr'>est,</span> <span class='ocrx_word' id='word_1_541' title='bbox 2979 2816 3158 2871; x_wconf 90' lang='lat' dir='ltr'>alium</span> <span class='ocrx_word' id='word_1_542' title='bbox 3210 2832 3341 2871; x_wconf 89' lang='lat' dir='ltr'>esse</span> <span class='ocrx_word' id='word_1_543' title='bbox 3376 2832 3412 2871; x_wconf 89' lang='lat' dir='ltr'>a</span> <span class='ocrx_word' id='word_1_544' title='bbox 3458 2820 3624 2870; x_wconf 89' lang='lat' dir='ltr'>Patre</span> <span class='ocrx_word' id='word_1_545' title='bbox 3679 2828 3790 2877; x_wconf 86' lang='lat' dir='ltr'>suo,</span> <span class='ocrx_word' id='word_1_546' title='bbox 3823 2808 3885 2863; x_wconf 90' lang='lat' dir='ltr'>ibi</span> 
     </span>
    </p>
   </div>
   <div class='ocr_carea' id='block_1_77' title="bbox 2285 2899 3885 2976">
    <p class='ocr_par' dir='ltr' id='par_1_77' title="bbox 2285 2899 3885 2976">
     <span class='ocr_line' id='line_1_77' title="bbox 2285 2899 3885 2976; baseline -0.005 -16"><span class='ocrx_word' id='word_1_547' title='bbox 2285 2906 2369 2960; x_wconf 91' lang='lat' dir='ltr'>sic</span> <span class='ocrx_word' id='word_1_548' title='bbox 2385 2912 2727 2976; x_wconf 84' lang='lat' dir='ltr'>arguentem</span> <span class='ocrx_word' id='word_1_549' title='bbox 2758 2907 3033 2960; x_wconf 86' lang='lat' dir='ltr'>Praxeam</span> <span class='ocrx_word' id='word_1_550' title='bbox 3056 2905 3317 2960; x_wconf 88' lang='lat' dir='ltr'>inducit:</span> <span class='ocrx_word' id='word_1_551' title='bbox 3348 2927 3376 2953; x_wconf 83' lang='grc'><strong>‹‹</strong></span> <span class='ocrx_word' id='word_1_552' title='bbox 3409 2902 3780 2976; x_wconf 82' lang='lat' dir='ltr'>Ergo,inquis.</span> <span class='ocrx_word' id='word_1_553' title='bbox 3801 2899 3885 2953; x_wconf 88' lang='lat' dir='ltr'>das</span> 
     </span>
    </p>
   </div>
   <div class='ocr_carea' id='block_1_78' title="bbox 2285 2992 3885 3065">
    <p class='ocr_par' dir='ltr' id='par_1_78' title="bbox 2285 2992 3885 3065">
     <span class='ocr_line' id='line_1_78' title="bbox 2285 2992 3885 3065; baseline -0.005 -16"><span class='ocrx_word' id='word_1_554' title='bbox 2285 2994 2541 3065; x_wconf 89' lang='lat' dir='ltr'>aliquam</span> <span class='ocrx_word' id='word_1_555' title='bbox 2575 2995 2906 3049; x_wconf 85' lang='lat' dir='ltr'>substantia</span> <span class='ocrx_word' id='word_1_556' title='bbox 2935 3010 3063 3049; x_wconf 87' lang='lat' dir='ltr'>esse</span> <span class='ocrx_word' id='word_1_557' title='bbox 3093 3009 3455 3061; x_wconf 83' lang='lat' dir='ltr'>sermonem,</span> <span class='ocrx_word' id='word_1_558' title='bbox 3490 2992 3693 3064; x_wconf 90' lang='lat' dir='ltr'>spiritu</span> <span class='ocrx_word' id='word_1_559' title='bbox 3740 2994 3788 3043; x_wconf 86' lang='lat' dir='ltr'>et</span> <span class='ocrx_word' id='word_1_560' title='bbox 3813 3003 3885 3042; x_wconf 88' lang='lat' dir='ltr'>so-</span> 
     </span>
    </p>
   </div>
   <div class='ocr_carea' id='block_1_79' title="bbox 2286 3074 3887 3155">
    <p class='ocr_par' dir='ltr' id='par_1_79' title="bbox 2286 3074 3887 3155">
     <span class='ocr_line' id='line_1_79' title="bbox 2286 3074 3887 3155; baseline -0.005 -18"><span class='ocrx_word' id='word_1_561' title='bbox 2286 3084 2431 3155; x_wconf 89' lang='lat' dir='ltr'>phia</span> <span class='ocrx_word' id='word_1_562' title='bbox 2461 3084 2775 3139; x_wconf 87' lang='lat' dir='ltr'>traditione</span> <span class='ocrx_word' id='word_1_563' title='bbox 2804 3086 3199 3139; x_wconf 88' lang='lat' dir='ltr'>constructam</span> <span class='ocrx_word' id='word_1_564' title='bbox 3231 3083 3258 3136; x_wconf 78' lang='lat'>‘?</span> <span class='ocrx_word' id='word_1_565' title='bbox 3294 3105 3319 3131; x_wconf 85' lang='grc'><strong>›)</strong></span> <span class='ocrx_word' id='word_1_566' title='bbox 3353 3083 3529 3154; x_wconf 91' lang='lat' dir='ltr'>(Ibid.</span> <span class='ocrx_word' id='word_1_567' title='bbox 3564 3098 3683 3153; x_wconf 90' lang='lat' dir='ltr'>cap.</span> <span class='ocrx_word' id='word_1_568' title='bbox 3712 3074 3887 3145; x_wconf 86' lang='lat' dir='ltr'>7.)Cui</span> 
     </span>
    </p>
   </div>
   <div class='ocr_carea' id='block_1_80' title="bbox 2283 3163 3886 3243">
    <p class='ocr_par' dir='ltr' id='par_1_80' title="bbox 2283 3163 3886 3243">
     <span class='ocr_line' id='line_1_80' title="bbox 2283 3163 3886 3243; baseline -0.007 -17"><span class='ocrx_word' id='word_1_569' title='bbox 2283 3172 2381 3226; x_wconf 90' lang='lat' dir='ltr'>ille</span> <span class='ocrx_word' id='word_1_570' title='bbox 2430 3189 2545 3227; x_wconf 93' lang='lat' dir='ltr'>uno</span> <span class='ocrx_word' id='word_1_571' title='bbox 2588 3173 2761 3227; x_wconf 90' lang='lat' dir='ltr'>verbo</span> <span class='ocrx_word' id='word_1_572' title='bbox 2811 3172 3123 3243; x_wconf 88' lang='lat' dir='ltr'>respondet</span> <span class='ocrx_word' id='word_1_573' title='bbox 3156 3189 3168 3227; x_wconf 96' lang='lat'>:</span> <span class='ocrx_word' id='word_1_574' title='bbox 3202 3172 3399 3241; x_wconf 86' lang='lat' dir='ltr'>Plane,</span> <span class='ocrx_word' id='word_1_575' title='bbox 3453 3176 3624 3242; x_wconf 89' lang='lat' dir='ltr'>atque</span> <span class='ocrx_word' id='word_1_576' title='bbox 3660 3168 3733 3222; x_wconf 89' lang='lat' dir='ltr'>ita</span> <span class='ocrx_word' id='word_1_577' title='bbox 3771 3163 3886 3219; x_wconf 91' lang='lat' dir='ltr'>illud</span> 
     </span>
    </p>
   </div>
   <div class='ocr_carea' id='block_1_81' title="bbox 2204 3248 3887 3329">
    <p class='ocr_par' dir='ltr' id='par_1_81' title="bbox 2204 3248 3887 3329">
     <span class='ocr_line' id='line_1_81' title="bbox 2204 3248 3887 3329; baseline -0.005 -15"><span class='ocrx_word' id='word_1_578' title='bbox 2204 3248 2246 3314; x_wconf 88' lang='lat' dir='ltr'>C</span> <span class='ocrx_word' id='word_1_579' title='bbox 2286 3278 2487 3317; x_wconf 89' lang='lat' dir='ltr'>verum</span> <span class='ocrx_word' id='word_1_580' title='bbox 2510 3278 2638 3316; x_wconf 91' lang='lat' dir='ltr'>esse</span> <span class='ocrx_word' id='word_1_581' title='bbox 2661 3261 2812 3316; x_wconf 91' lang='lat' dir='ltr'>ultro</span> <span class='ocrx_word' id='word_1_582' title='bbox 2842 3260 3360 3329; x_wconf 88' lang='lat' dir='ltr'>conﬁtetur.Cujus</span> <span class='ocrx_word' id='word_1_583' title='bbox 3398 3260 3546 3315; x_wconf 88' lang='lat' dir='ltr'>hanc</span> <span class='ocrx_word' id='word_1_584' title='bbox 3569 3256 3887 3313; x_wconf 83' lang='lat' dir='ltr'>continenter</span> 
     </span>
    </p>
   </div>
   <div class='ocr_carea' id='block_1_82' title="bbox 2286 3344 3889 3405">
    <p class='ocr_par' dir='ltr' id='par_1_82' title="bbox 2286 3344 3889 3405">
     <span class='ocr_line' id='line_1_82' title="bbox 2286 3344 3889 3405; baseline -0.006 -1"><span class='ocrx_word' id='word_1_585' title='bbox 2286 3350 2475 3405; x_wconf 89' lang='lat' dir='ltr'>reddit</span> <span class='ocrx_word' id='word_1_586' title='bbox 2495 3351 2781 3405; x_wconf 89' lang='lat' dir='ltr'>rationem</span> <span class='ocrx_word' id='word_1_587' title='bbox 2805 3366 2817 3405; x_wconf 89' lang='lat'>:</span> <span class='ocrx_word' id='word_1_588' title='bbox 2844 3372 2871 3399; x_wconf 83' lang='lat'><strong>«</strong></span> <span class='ocrx_word' id='word_1_589' title='bbox 2894 3354 3020 3404; x_wconf 87' lang='lat' dir='ltr'>Non</span> <span class='ocrx_word' id='word_1_590' title='bbox 3044 3349 3134 3404; x_wconf 89' lang='lat' dir='ltr'>vis</span> <span class='ocrx_word' id='word_1_591' title='bbox 3155 3348 3311 3404; x_wconf 89' lang='lat' dir='ltr'>enim</span> <span class='ocrx_word' id='word_1_592' title='bbox 3334 3365 3476 3403; x_wconf 88' lang='lat' dir='ltr'>eum</span> <span class='ocrx_word' id='word_1_593' title='bbox 3501 3344 3889 3403; x_wconf 85' lang='lat' dir='ltr'>substantivum</span> 
     </span>
    </p>
   </div>
   <div class='ocr_carea' id='block_1_83' title="bbox 2285 3431 3892 3510">
    <p class='ocr_par' dir='ltr' id='par_1_83' title="bbox 2285 3431 3892 3510">
     <span class='ocr_line' id='line_1_83' title="bbox 2285 3431 3892 3510; baseline -0.008 -16"><span class='ocrx_word' id='word_1_594' title='bbox 2285 3438 2498 3494; x_wconf 80' lang='lat' dir='ltr'>habere</span> <span class='ocrx_word' id='word_1_595' title='bbox 2528 3439 2587 3493; x_wconf 92' lang='lat' dir='ltr'>in</span> <span class='ocrx_word' id='word_1_596' title='bbox 2621 3455 2681 3494; x_wconf 90' lang='lat' dir='ltr'>re</span> <span class='ocrx_word' id='word_1_597' title='bbox 2714 3455 2817 3509; x_wconf 90' lang='lat' dir='ltr'>per</span> <span class='ocrx_word' id='word_1_598' title='bbox 2847 3438 3186 3493; x_wconf 87' lang='lat' dir='ltr'>substantia</span> <span class='ocrx_word' id='word_1_599' title='bbox 3219 3438 3728 3510; x_wconf 87' lang='lat' dir='ltr'>proprietatem,ut</span> <span class='ocrx_word' id='word_1_600' title='bbox 3755 3446 3832 3487; x_wconf 82' lang='lat' dir='ltr'>res</span> <span class='ocrx_word' id='word_1_601' title='bbox 3849 3431 3892 3483; x_wconf 87' lang='lat' dir='ltr'>et</span> 
     </span>
    </p>
   </div>
   <div class='ocr_carea' id='block_1_84' title="bbox 2287 3525 3891 3599">
    <p class='ocr_par' dir='ltr' id='par_1_84' title="bbox 2287 3525 3891 3599">
     <span class='ocr_line' id='line_1_84' title="bbox 2287 3525 3891 3599; baseline -0.007 -16"><span class='ocrx_word' id='word_1_602' title='bbox 2287 3544 2533 3599; x_wconf 88' lang='lat' dir='ltr'>persona</span> <span class='ocrx_word' id='word_1_603' title='bbox 2564 3528 2829 3599; x_wconf 85' lang='lat' dir='ltr'>quadam</span> <span class='ocrx_word' id='word_1_604' title='bbox 2867 3527 3042 3582; x_wconf 81' lang='lat' dir='ltr'>videri</span> <span class='ocrx_word' id='word_1_605' title='bbox 3076 3526 3284 3598; x_wconf 87' lang='lat' dir='ltr'>possit,</span> <span class='ocrx_word' id='word_1_606' title='bbox 3309 3531 3368 3580; x_wconf 88' lang='lat' dir='ltr'>et</span> <span class='ocrx_word' id='word_1_607' title='bbox 3401 3526 3483 3582; x_wconf 88' lang='lat' dir='ltr'>ita</span> <span class='ocrx_word' id='word_1_608' title='bbox 3515 3525 3701 3597; x_wconf 89' lang='lat' dir='ltr'>capiat</span> <span class='ocrx_word' id='word_1_609' title='bbox 3726 3534 3891 3577; x_wconf 80' lang='lat' dir='ltr'>secun-</span> 
     </span>
    </p>
   </div>
   <div class='ocr_carea' id='block_1_85' title="bbox 2286 3606 3882 3682">
    <p class='ocr_par' dir='ltr' id='par_1_85' title="bbox 2286 3606 3882 3682">
     <span class='ocr_line' id='line_1_85' title="bbox 2286 3606 3882 3682; baseline -0.007 -11"><span class='ocrx_word' id='word_1_610' title='bbox 2286 3618 2394 3671; x_wconf 90' lang='lat' dir='ltr'>dus</span> <span class='ocrx_word' id='word_1_611' title='bbox 2425 3634 2457 3672; x_wconf 90' lang='lat' dir='ltr'>a</span> <span class='ocrx_word' id='word_1_612' title='bbox 2486 3618 2601 3673; x_wconf 88' lang='lat' dir='ltr'>Deo</span> <span class='ocrx_word' id='word_1_613' title='bbox 2632 3616 3007 3682; x_wconf 89' lang='lat' dir='ltr'>constitutus,</span> <span class='ocrx_word' id='word_1_614' title='bbox 3042 3616 3189 3671; x_wconf 88' lang='lat' dir='ltr'>duos</span> <span class='ocrx_word' id='word_1_615' title='bbox 3219 3615 3480 3682; x_wconf 86' lang='lat' dir='ltr'>efﬁcere,</span> <span class='ocrx_word' id='word_1_616' title='bbox 3501 3615 3721 3669; x_wconf 86' lang='lat' dir='ltr'>Patrem</span> <span class='ocrx_word' id='word_1_617' title='bbox 3747 3612 3795 3665; x_wconf 86' lang='lat' dir='ltr'>et</span> <span class='ocrx_word' id='word_1_618' title='bbox 3813 3606 3882 3662; x_wconf 83' lang='lat' dir='ltr'>Fi-</span> 
     </span>
    </p>
   </div>
   <div class='ocr_carea' id='block_1_86' title="bbox 2285 3704 3185 3761">
    <p class='ocr_par' dir='ltr' id='par_1_86' title="bbox 2285 3704 3185 3761">
     <span class='ocr_line' id='line_1_86' title="bbox 2285 3704 3185 3761; baseline 0.001 -2"><span class='ocrx_word' id='word_1_619' title='bbox 2285 3704 2428 3761; x_wconf 92' lang='lat' dir='ltr'>lium</span> <span class='ocrx_word' id='word_1_620' title='bbox 2460 3706 2643 3761; x_wconf 89' lang='lat' dir='ltr'>Deum</span> <span class='ocrx_word' id='word_1_621' title='bbox 2674 3710 2730 3761; x_wconf 89' lang='lat' dir='ltr'>et</span> <span class='ocrx_word' id='word_1_622' title='bbox 2759 3706 3121 3760; x_wconf 89' lang='lat' dir='ltr'>Sermonem.</span> <span class='ocrx_word' id='word_1_623' title='bbox 3158 3725 3185 3753; x_wconf 85' lang='lat'>»</span> 
     </span>
    </p>
   </div>
   <div class='ocr_carea' id='block_1_87' title="bbox 2355 3798 3893 3877">
    <p class='ocr_par' dir='ltr' id='par_1_87' title="bbox 2355 3798 3893 3877">
     <span class='ocr_line' id='line_1_87' title="bbox 2355 3798 3893 3877; baseline -0.008 -12"><span class='ocrx_word' id='word_1_624' title='bbox 2355 3812 2553 3867; x_wconf 84' lang='lat' dir='ltr'>Finem</span> <span class='ocrx_word' id='word_1_625' title='bbox 2599 3821 2749 3867; x_wconf 89' lang='lat' dir='ltr'>certe</span> <span class='ocrx_word' id='word_1_626' title='bbox 2797 3811 3029 3866; x_wconf 87' lang='lat' dir='ltr'>dicendi</span> <span class='ocrx_word' id='word_1_627' title='bbox 3089 3828 3204 3865; x_wconf 91' lang='lat' dir='ltr'>non</span> <span class='ocrx_word' id='word_1_628' title='bbox 3255 3810 3605 3877; x_wconf 83' lang='lat' dir='ltr'>faceremus,</span> <span class='ocrx_word' id='word_1_629' title='bbox 3658 3798 3893 3862; x_wconf 85' lang='lat' dir='ltr'>siomnia</span> 
     </span>
    </p>
   </div>
   <div class='ocr_carea' id='block_1_88' title="bbox 2285 3890 3981 3972">
    <p class='ocr_par' dir='ltr' id='par_1_88' title="bbox 2285 3890 3981 3972">
     <span class='ocr_line' id='line_1_88' title="bbox 2285 3890 3981 3972; baseline -0.008 -16"><span class='ocrx_word' id='word_1_630' title='bbox 2285 3905 2343 3956; x_wconf 90' lang='lat' dir='ltr'>et</span> <span class='ocrx_word' id='word_1_631' title='bbox 2373 3900 2608 3972; x_wconf 88' lang='lat' dir='ltr'>singula</span> <span class='ocrx_word' id='word_1_632' title='bbox 2639 3900 2819 3967; x_wconf 84' lang='lat' dir='ltr'>illius,</span> <span class='ocrx_word' id='word_1_633' title='bbox 2853 3917 3085 3955; x_wconf 88' lang='lat' dir='ltr'>sacrum</span> <span class='ocrx_word' id='word_1_634' title='bbox 3116 3899 3429 3955; x_wconf 88' lang='lat' dir='ltr'>Trinitatis</span> <span class='ocrx_word' id='word_1_635' title='bbox 3461 3897 3786 3971; x_wconf 84' lang='lat' dir='ltr'>mysterium</span> <span class='ocrx_word' id='word_1_636' title='bbox 3815 3890 3892 3946; x_wconf 88' lang='lat' dir='ltr'>ad-</span> <span class='ocrx_word' id='word_1_637' title='bbox 3972 3934 3981 3945; x_wconf 84' lang='lat'><strong><em>,</em></strong></span> 
     </span>
    </p>
   </div>
   <div class='ocr_carea' id='block_1_89' title="bbox 2285 3980 3890 4059">
    <p class='ocr_par' dir='ltr' id='par_1_89' title="bbox 2285 3980 3890 4059">
     <span class='ocr_line' id='line_1_89' title="bbox 2285 3980 3890 4059; baseline -0.008 -14"><span class='ocrx_word' id='word_1_638' title='bbox 2285 4006 2496 4045; x_wconf 89' lang='lat' dir='ltr'>veasus</span> <span class='ocrx_word' id='word_1_639' title='bbox 2519 3991 2796 4044; x_wconf 80' lang='lat' dir='ltr'>Praxeam</span> <span class='ocrx_word' id='word_1_640' title='bbox 2824 3995 2943 4044; x_wconf 90' lang='lat' dir='ltr'>tam</span> <span class='ocrx_word' id='word_1_641' title='bbox 2971 3997 3120 4045; x_wconf 88' lang='lat' dir='ltr'>recte</span> <span class='ocrx_word' id='word_1_642' title='bbox 3148 4005 3324 4059; x_wconf 89' lang='lat' dir='ltr'>quam</span> <span class='ocrx_word' id='word_1_643' title='bbox 3350 3989 3573 4044; x_wconf 89' lang='lat' dir='ltr'>diserte</span> <span class='ocrx_word' id='word_1_644' title='bbox 3595 3980 3890 4045; x_wconf 83' lang='lat' dir='ltr'>asserentis,</span> 
     </span>
    </p>
   </div>
   <div class='ocr_carea' id='block_1_90' title="bbox 2288 4076 3893 4139">
    <p class='ocr_par' dir='ltr' id='par_1_90' title="bbox 2288 4076 3893 4139">
     <span class='ocr_line' id='line_1_90' title="bbox 2288 4076 3893 4139; baseline -0.004 -6"><span class='ocrx_word' id='word_1_645' title='bbox 2288 4080 2461 4135; x_wconf 89' lang='lat' dir='ltr'>verba</span> <span class='ocrx_word' id='word_1_646' title='bbox 2490 4077 2769 4133; x_wconf 90' lang='lat' dir='ltr'>vellemus</span> <span class='ocrx_word' id='word_1_647' title='bbox 2808 4078 3195 4133; x_wconf 84' lang='lat' dir='ltr'>transcribere</span> <span class='ocrx_word' id='word_1_648' title='bbox 3244 4083 3301 4132; x_wconf 90' lang='lat' dir='ltr'>et</span> <span class='ocrx_word' id='word_1_649' title='bbox 3343 4078 3672 4133; x_wconf 84' lang='lat' dir='ltr'>enucleare.</span> <span class='ocrx_word' id='word_1_650' title='bbox 3720 4076 3893 4139; x_wconf 81' lang='lat' dir='ltr'>Quam-</span> 
     </span>
    </p>
   </div>
   <div class='ocr_carea' id='block_1_91' title="bbox 2286 4162 3890 4237">
    <p class='ocr_par' dir='ltr' id='par_1_91' title="bbox 2286 4162 3890 4237">
     <span class='ocr_line' id='line_1_91' title="bbox 2286 4162 3890 4237; baseline -0.009 -13"><span class='ocrx_word' id='word_1_651' title='bbox 2286 4170 2583 4234; x_wconf 88' lang='lat' dir='ltr'>obrem,ne</span> <span class='ocrx_word' id='word_1_652' title='bbox 2614 4167 2802 4222; x_wconf 87' lang='lat' dir='ltr'>simus</span> <span class='ocrx_word' id='word_1_653' title='bbox 2824 4167 3211 4237; x_wconf 83' lang='lat' dir='ltr'>longiores,ea</span> <span class='ocrx_word' id='word_1_654' title='bbox 3242 4166 3537 4221; x_wconf 85' lang='lat' dir='ltr'>duntaxat</span> <span class='ocrx_word' id='word_1_655' title='bbox 3566 4162 3890 4234; x_wconf 83' lang='lat' dir='ltr'>adjiciemus,</span> 
     </span>
    </p>
   </div>
   <div class='ocr_carea' id='block_1_92' title="bbox 2288 4246 3897 4328">
    <p class='ocr_par' dir='ltr' id='par_1_92' title="bbox 2288 4246 3897 4328">
     <span class='ocr_line' id='line_1_92' title="bbox 2288 4246 3897 4328; baseline -0.009 -16"><span class='ocrx_word' id='word_1_656' title='bbox 2288 4257 2504 4328; x_wconf 91' lang='lat' dir='ltr'>quibus</span> <span class='ocrx_word' id='word_1_657' title='bbox 2554 4256 2745 4311; x_wconf 88' lang='lat' dir='ltr'>adhuc</span> <span class='ocrx_word' id='word_1_658' title='bbox 2788 4257 3048 4311; x_wconf 91' lang='lat' dir='ltr'>ostendit</span> <span class='ocrx_word' id='word_1_659' title='bbox 3090 4261 3208 4311; x_wconf 88' lang='lat' dir='ltr'>tres</span> <span class='ocrx_word' id='word_1_660' title='bbox 3276 4256 3461 4311; x_wconf 83' lang='lat' dir='ltr'>unius</span> <span class='ocrx_word' id='word_1_661' title='bbox 3512 4250 3812 4309; x_wconf 86' lang='lat' dir='ltr'>divinitatis</span> <span class='ocrx_word' id='word_1_662' title='bbox 3852 4246 3897 4298; x_wconf 91' lang='lat' dir='ltr'>in</span> 
     </span>
    </p>
   </div>
   <div class='ocr_carea' id='block_1_93' title="bbox 2286 4334 3899 4415">
    <p class='ocr_par' dir='ltr' id='par_1_93' title="bbox 2286 4334 3899 4415">
     <span class='ocr_line' id='line_1_93' title="bbox 2286 4334 3899 4415; baseline -0.01 -13"><span class='ocrx_word' id='word_1_663' title='bbox 2286 4345 2663 4402; x_wconf 82' lang='lat' dir='ltr'>sanctissima</span> <span class='ocrx_word' id='word_1_664' title='bbox 2690 4344 2974 4400; x_wconf 87' lang='lat' dir='ltr'>Trinitate</span> <span class='ocrx_word' id='word_1_665' title='bbox 3005 4361 3132 4400; x_wconf 89' lang='lat' dir='ltr'>esse</span> <span class='ocrx_word' id='word_1_666' title='bbox 3163 4360 3469 4415; x_wconf 88' lang='lat' dir='ltr'>personas.</span> <span class='ocrx_word' id='word_1_667' title='bbox 3510 4364 3537 4395; x_wconf 73' lang='grc' dir='ltr'><strong>ε</strong></span> <span class='ocrx_word' id='word_1_668' title='bbox 3567 4334 3899 4399; x_wconf 83' lang='lat' dir='ltr'>Christus,in-</span> 
     </span>
    </p>
   </div>
   <div class='ocr_carea' id='block_1_94' title="bbox 2287 4429 3898 4505">
    <p class='ocr_par' dir='ltr' id='par_1_94' title="bbox 2287 4429 3898 4505">
     <span class='ocr_line' id='line_1_94' title="bbox 2287 4429 3898 4505; baseline -0.007 -16"><span class='ocrx_word' id='word_1_669' title='bbox 2287 4436 2436 4505; x_wconf 85' lang='lat' dir='ltr'>quit,</span> <span class='ocrx_word' id='word_1_670' title='bbox 2472 4435 2785 4489; x_wconf 87' lang='lat' dir='ltr'>novissime</span> <span class='ocrx_word' id='word_1_671' title='bbox 2814 4434 3101 4489; x_wconf 88' lang='lat' dir='ltr'>mandans</span> <span class='ocrx_word' id='word_1_672' title='bbox 3134 4438 3199 4487; x_wconf 89' lang='lat' dir='ltr'>ut</span> <span class='ocrx_word' id='word_1_673' title='bbox 3229 4433 3572 4502; x_wconf 81' lang='lat' dir='ltr'>tinguerent</span> <span class='ocrx_word' id='word_1_674' title='bbox 3599 4431 3656 4486; x_wconf 89' lang='lat' dir='ltr'>in</span> <span class='ocrx_word' id='word_1_675' title='bbox 3690 4429 3898 4486; x_wconf 86' lang='lat' dir='ltr'>Patrem,</span> 
     </span>
    </p>
   </div>
   <div class='ocr_carea' id='block_1_95' title="bbox 2286 4522 3901 4593">
    <p class='ocr_par' dir='ltr' id='par_1_95' title="bbox 2286 4522 3901 4593">
     <span class='ocr_line' id='line_1_95' title="bbox 2286 4522 3901 4593; baseline -0.004 -16"><span class='ocrx_word' id='word_1_676' title='bbox 2286 4528 2343 4578; x_wconf 86' lang='lat' dir='ltr'>et</span> <span class='ocrx_word' id='word_1_677' title='bbox 2365 4523 2600 4592; x_wconf 89' lang='lat' dir='ltr'>Filium,</span> <span class='ocrx_word' id='word_1_678' title='bbox 2634 4529 2691 4578; x_wconf 90' lang='lat' dir='ltr'>et</span> <span class='ocrx_word' id='word_1_679' title='bbox 2721 4523 3003 4593; x_wconf 89' lang='lat' dir='ltr'>Spiritum</span> <span class='ocrx_word' id='word_1_680' title='bbox 3056 4526 3347 4591; x_wconf 88' lang='lat' dir='ltr'>sanctum,</span> <span class='ocrx_word' id='word_1_681' title='bbox 3402 4539 3519 4576; x_wconf 90' lang='lat' dir='ltr'>non</span> <span class='ocrx_word' id='word_1_682' title='bbox 3556 4522 3613 4574; x_wconf 92' lang='lat' dir='ltr'>in</span> <span class='ocrx_word' id='word_1_683' title='bbox 3668 4533 3790 4583; x_wconf 89' lang='lat' dir='ltr'>uno,</span> <span class='ocrx_word' id='word_1_684' title='bbox 3819 4526 3901 4566; x_wconf 77' lang='lat' dir='ltr'>nec</span> 
     </span>
    </p>
   </div>
   <div class='ocr_carea' id='block_1_96' title="bbox 524 4606 3898 4684">
    <p class='ocr_par' dir='ltr' id='par_1_96' title="bbox 524 4606 3898 4684">
     <span class='ocr_line' id='line_1_96' title="bbox 524 4606 3898 4684; baseline -0.003 -18"><span class='ocrx_word' id='word_1_685' title='bbox 524 4626 734 4680; x_wconf 77' lang='lat' dir='ltr'>sumus,</span> <span class='ocrx_word' id='word_1_686' title='bbox 770 4612 989 4679; x_wconf 90' lang='lat' dir='ltr'>dicens,</span> <span class='ocrx_word' id='word_1_687' title='bbox 1030 4618 1149 4684; x_wconf 86' lang='lat' dir='ltr'>Ego</span> <span class='ocrx_word' id='word_1_688' title='bbox 1190 4617 1238 4668; x_wconf 82' lang='lat' dir='ltr'>et</span> <span class='ocrx_word' id='word_1_689' title='bbox 1288 4617 1479 4683; x_wconf 86' lang='lat' dir='ltr'>Pater,</span> <span class='ocrx_word' id='word_1_690' title='bbox 1512 4613 1771 4669; x_wconf 88' lang='lat' dir='ltr'>ostendit</span> <span class='ocrx_word' id='word_1_691' title='bbox 1818 4614 1967 4669; x_wconf 89' lang='lat' dir='ltr'>duos</span> <span class='ocrx_word' id='word_1_692' title='bbox 2022 4632 2169 4682; x_wconf 90' lang='lat' dir='ltr'>esse,</span> <span class='ocrx_word' id='word_1_693' title='bbox 2207 4611 2253 4674; x_wconf 92' lang='lat' dir='ltr'><strong>D</strong></span> <span class='ocrx_word' id='word_1_694' title='bbox 2284 4612 2486 4678; x_wconf 89' lang='lat' dir='ltr'>semel,</span> <span class='ocrx_word' id='word_1_695' title='bbox 2520 4613 2617 4666; x_wconf 91' lang='lat' dir='ltr'>sed</span> <span class='ocrx_word' id='word_1_696' title='bbox 2654 4616 2738 4666; x_wconf 88' lang='lat' dir='ltr'>ter</span> <span class='ocrx_word' id='word_1_697' title='bbox 2769 4612 2839 4665; x_wconf 87' lang='lat' dir='ltr'>ad</span> <span class='ocrx_word' id='word_1_698' title='bbox 2875 4610 3108 4681; x_wconf 88' lang='lat' dir='ltr'>singula</span> <span class='ocrx_word' id='word_1_699' title='bbox 3140 4610 3382 4665; x_wconf 91' lang='lat' dir='ltr'>nomina</span> <span class='ocrx_word' id='word_1_700' title='bbox 3423 4625 3703 4681; x_wconf 89' lang='lat' dir='ltr'>personas</span> <span class='ocrx_word' id='word_1_701' title='bbox 3732 4606 3898 4673; x_wconf 83' lang='lat' dir='ltr'>singu-</span> 
     </span>
    </p>
   </div>
   <div class='ocr_carea' id='block_1_97' title="bbox 530 4701 2172 4772">
    <p class='ocr_par' dir='ltr' id='par_1_97' title="bbox 530 4701 2172 4772">
     <span class='ocr_line' id='line_1_97' title="bbox 530 4701 2172 4772; baseline 0.004 -19"><span class='ocrx_word' id='word_1_702' title='bbox 530 4714 680 4769; x_wconf 91' lang='lat' dir='ltr'>quos</span> <span class='ocrx_word' id='word_1_703' title='bbox 713 4704 904 4771; x_wconf 79' lang='lat' dir='ltr'>aquat</span> <span class='ocrx_word' id='word_1_704' title='bbox 934 4701 1231 4772; x_wconf 90' lang='lat' dir='ltr'>etjungit.</span> <span class='ocrx_word' id='word_1_705' title='bbox 1279 4724 1307 4751; x_wconf 84' lang='grc'>››</span> <span class='ocrx_word' id='word_1_706' title='bbox 1340 4706 1544 4758; x_wconf 85' lang='lat' dir='ltr'>Postea</span> <span class='ocrx_word' id='word_1_707' title='bbox 1586 4720 1716 4757; x_wconf 89' lang='lat' dir='ltr'>vero</span> <span class='ocrx_word' id='word_1_708' title='bbox 1767 4702 1887 4757; x_wconf 85' lang='lat' dir='ltr'>hac</span> <span class='ocrx_word' id='word_1_709' title='bbox 1940 4704 2172 4759; x_wconf 89' lang='lat' dir='ltr'>brevius</span> 
     </span>
    </p>
   </div>
   <div class='ocr_carea' id='block_1_98' title="bbox 524 4788 2170 4863">
    <p class='ocr_par' dir='ltr' id='par_1_98' title="bbox 524 4788 2170 4863">
     <span class='ocr_line' id='line_1_98' title="bbox 524 4788 2170 4863; baseline 0.003 -22"><span class='ocrx_word' id='word_1_710' title='bbox 524 4788 789 4858; x_wconf 88' lang='lat' dir='ltr'>quidem,</span> <span class='ocrx_word' id='word_1_711' title='bbox 822 4790 920 4844; x_wconf 89' lang='lat' dir='ltr'>sed</span> <span class='ocrx_word' id='word_1_712' title='bbox 961 4806 1073 4843; x_wconf 91' lang='lat' dir='ltr'>non</span> <span class='ocrx_word' id='word_1_713' title='bbox 1110 4793 1309 4846; x_wconf 88' lang='lat' dir='ltr'>minus</span> <span class='ocrx_word' id='word_1_714' title='bbox 1340 4791 1492 4846; x_wconf 87' lang='lat' dir='ltr'>clare</span> <span class='ocrx_word' id='word_1_715' title='bbox 1540 4810 1605 4847; x_wconf 90' lang='lat' dir='ltr'>ac</span> <span class='ocrx_word' id='word_1_716' title='bbox 1638 4792 1942 4862; x_wconf 86' lang='lat' dir='ltr'>perspicue</span> <span class='ocrx_word' id='word_1_717' title='bbox 1991 4792 2170 4863; x_wconf 86' lang='lat' dir='ltr'>expli-</span> 
     </span>
    </p>
   </div>
   <div class='ocr_carea' id='block_1_99' title="bbox 522 4877 2171 4945">
    <p class='ocr_par' dir='ltr' id='par_1_99' title="bbox 522 4877 2171 4945">
     <span class='ocr_line' id='line_1_99' title="bbox 522 4877 2171 4945; baseline 0.004 -15"><span class='ocrx_word' id='word_1_718' title='bbox 522 4880 617 4931; x_wconf 86' lang='lat' dir='ltr'>cat</span> <span class='ocrx_word' id='word_1_719' title='bbox 649 4892 661 4932; x_wconf 91' lang='lat'>:</span> <span class='ocrx_word' id='word_1_720' title='bbox 699 4898 726 4927; x_wconf 86' lang='lat'><strong>«</strong></span> <span class='ocrx_word' id='word_1_721' title='bbox 754 4877 1063 4933; x_wconf 86' lang='lat' dir='ltr'>Connexus</span> <span class='ocrx_word' id='word_1_722' title='bbox 1094 4877 1284 4934; x_wconf 90' lang='lat' dir='ltr'>Patris</span> <span class='ocrx_word' id='word_1_723' title='bbox 1304 4879 1359 4933; x_wconf 91' lang='lat' dir='ltr'>in</span> <span class='ocrx_word' id='word_1_724' title='bbox 1384 4879 1609 4945; x_wconf 86' lang='lat' dir='ltr'>Filio,et</span> <span class='ocrx_word' id='word_1_725' title='bbox 1630 4880 1759 4934; x_wconf 84' lang='lat' dir='ltr'>Filii</span> <span class='ocrx_word' id='word_1_726' title='bbox 1785 4881 1841 4935; x_wconf 89' lang='lat' dir='ltr'>in</span> <span class='ocrx_word' id='word_1_727' title='bbox 1874 4880 2171 4936; x_wconf 89' lang='lat' dir='ltr'>Paracleto</span> 
     </span>
    </p>
   </div>
   <div class='ocr_carea' id='block_1_100' title="bbox 519 4965 2170 5039">
    <p class='ocr_par' dir='ltr' id='par_1_100' title="bbox 519 4965 2170 5039">
     <span class='ocr_line' id='line_1_100' title="bbox 519 4965 2170 5039; baseline 0.004 -21"><span class='ocrx_word' id='word_1_728' title='bbox 519 4966 639 5019; x_wconf 83' lang='lat' dir='ltr'>tres</span> <span class='ocrx_word' id='word_1_729' title='bbox 669 4965 847 5020; x_wconf 85' lang='lat' dir='ltr'>efﬁcit</span> <span class='ocrx_word' id='word_1_730' title='bbox 878 4966 1259 5030; x_wconf 86' lang='lat' dir='ltr'>coharentes,</span> <span class='ocrx_word' id='word_1_731' title='bbox 1294 4968 1543 5023; x_wconf 90' lang='lat' dir='ltr'>alterum</span> <span class='ocrx_word' id='word_1_732' title='bbox 1575 4986 1644 5023; x_wconf 84' lang='lat' dir='ltr'>ex</span> <span class='ocrx_word' id='word_1_733' title='bbox 1674 4968 1880 5033; x_wconf 90' lang='lat' dir='ltr'>altero,</span> <span class='ocrx_word' id='word_1_734' title='bbox 1923 4968 2023 5039; x_wconf 91' lang='lat' dir='ltr'>qui</span> <span class='ocrx_word' id='word_1_735' title='bbox 2052 4973 2170 5024; x_wconf 89' lang='lat' dir='ltr'>tres</span> 
     </span>
    </p>
   </div>
   <div class='ocr_carea' id='block_1_101' title="bbox 518 5053 2169 5127">
    <p class='ocr_par' dir='ltr' id='par_1_101' title="bbox 518 5053 2169 5127">
     <span class='ocr_line' id='line_1_101' title="bbox 518 5053 2169 5127; baseline 0.003 -19"><span class='ocrx_word' id='word_1_736' title='bbox 518 5068 703 5108; x_wconf 88' lang='lat' dir='ltr'>unum</span> <span class='ocrx_word' id='word_1_737' title='bbox 739 5053 878 5120; x_wconf 90' lang='lat' dir='ltr'>sint,</span> <span class='ocrx_word' id='word_1_738' title='bbox 913 5070 1028 5108; x_wconf 90' lang='lat' dir='ltr'>non</span> <span class='ocrx_word' id='word_1_739' title='bbox 1080 5072 1274 5121; x_wconf 86' lang='lat' dir='ltr'>unus;</span> <span class='ocrx_word' id='word_1_740' title='bbox 1307 5060 1600 5127; x_wconf 90' lang='lat' dir='ltr'>quomodo</span> <span class='ocrx_word' id='word_1_741' title='bbox 1651 5059 1871 5112; x_wconf 87' lang='lat' dir='ltr'>dictum</span> <span class='ocrx_word' id='word_1_742' title='bbox 1905 5064 2026 5111; x_wconf 88' lang='lat' dir='ltr'>est:</span> <span class='ocrx_word' id='word_1_743' title='bbox 2065 5059 2169 5125; x_wconf 88' lang='lat' dir='ltr'>Ego</span> 
     </span>
    </p>
   </div>
   <div class='ocr_carea' id='block_1_102' title="bbox 513 5142 2168 5213">
    <p class='ocr_par' dir='ltr' id='par_1_102' title="bbox 513 5142 2168 5213">
     <span class='ocr_line' id='line_1_102' title="bbox 513 5142 2168 5213; baseline 0.002 -18"><span class='ocrx_word' id='word_1_744' title='bbox 513 5149 565 5195; x_wconf 81' lang='lat' dir='ltr'>et</span> <span class='ocrx_word' id='word_1_745' title='bbox 594 5142 763 5196; x_wconf 78' lang='lat' dir='ltr'>Pater</span> <span class='ocrx_word' id='word_1_746' title='bbox 790 5158 961 5197; x_wconf 86' lang='lat' dir='ltr'>unum</span> <span class='ocrx_word' id='word_1_747' title='bbox 992 5158 1199 5207; x_wconf 74' lang='lat' dir='ltr'>sumus,</span> <span class='ocrx_word' id='word_1_748' title='bbox 1234 5144 1302 5198; x_wconf 88' lang='lat' dir='ltr'>ad</span> <span class='ocrx_word' id='word_1_749' title='bbox 1338 5146 1682 5200; x_wconf 83' lang='lat' dir='ltr'>substantia</span> <span class='ocrx_word' id='word_1_750' title='bbox 1709 5147 2015 5213; x_wconf 89' lang='lat' dir='ltr'>unitatem,</span> <span class='ocrx_word' id='word_1_751' title='bbox 2054 5162 2168 5201; x_wconf 92' lang='lat' dir='ltr'>non</span> 
     </span>
    </p>
   </div>
   <div class='ocr_carea' id='block_1_103' title="bbox 519 5229 1946 5305">
    <p class='ocr_par' dir='ltr' id='par_1_103' title="bbox 519 5229 1946 5305">
     <span class='ocr_line' id='line_1_103' title="bbox 519 5229 1946 5305; baseline 0.003 -22"><span class='ocrx_word' id='word_1_752' title='bbox 519 5229 589 5283; x_wconf 91' lang='lat' dir='ltr'>ad</span> <span class='ocrx_word' id='word_1_753' title='bbox 628 5232 851 5285; x_wconf 90' lang='lat' dir='ltr'>numeri</span> <span class='ocrx_word' id='word_1_754' title='bbox 887 5230 1379 5303; x_wconf 89' lang='lat' dir='ltr'>singularitatem.</span> <span class='ocrx_word' id='word_1_755' title='bbox 1420 5256 1440 5282; x_wconf 76' lang='grc' dir='ltr'>ι</span> <span class='ocrx_word' id='word_1_756' title='bbox 1479 5234 1634 5304; x_wconf 87' lang='lat' dir='ltr'>(Ibid.</span> <span class='ocrx_word' id='word_1_757' title='bbox 1668 5251 1797 5305; x_wconf 87' lang='lat' dir='ltr'>cap.</span> <span class='ocrx_word' id='word_1_758' title='bbox 1831 5234 1946 5302; x_wconf 84' lang='lat'>25.)</span> 
     </span>
    </p>
   </div>
   <div class='ocr_carea' id='block_1_104' title="bbox 585 5336 2166 5410">
    <p class='ocr_par' dir='ltr' id='par_1_104' title="bbox 585 5336 2166 5410">
     <span class='ocr_line' id='line_1_104' title="bbox 585 5336 2166 5410; baseline 0.004 -20"><span class='ocrx_word' id='word_1_759' title='bbox 585 5336 865 5401; x_wconf 87' lang='lat' dir='ltr'>Quamvis</span> <span class='ocrx_word' id='word_1_760' title='bbox 888 5340 1081 5393; x_wconf 86' lang='lat' dir='ltr'>autem</span> <span class='ocrx_word' id='word_1_761' title='bbox 1117 5338 1194 5392; x_wconf 90' lang='lat' dir='ltr'>ibi</span> <span class='ocrx_word' id='word_1_762' title='bbox 1217 5355 1426 5395; x_wconf 91' lang='lat' dir='ltr'>nomen</span> <span class='ocrx_word' id='word_1_763' title='bbox 1449 5355 1701 5407; x_wconf 63' lang='lat' dir='ltr'>personae</span> <span class='ocrx_word' id='word_1_764' title='bbox 1722 5357 1837 5395; x_wconf 89' lang='lat' dir='ltr'>non</span> <span class='ocrx_word' id='word_1_765' title='bbox 1864 5340 2166 5410; x_wconf 90' lang='lat' dir='ltr'>adhibeat,</span> 
     </span>
    </p>
   </div>
   <div class='ocr_carea' id='block_1_105' title="bbox 518 5424 2165 5497">
    <p class='ocr_par' dir='ltr' id='par_1_105' title="bbox 518 5424 2165 5497">
     <span class='ocr_line' id='line_1_105' title="bbox 518 5424 2165 5497; baseline 0.002 -15"><span class='ocrx_word' id='word_1_766' title='bbox 518 5424 804 5497; x_wconf 87' lang='lat' dir='ltr'>superiori</span> <span class='ocrx_word' id='word_1_767' title='bbox 826 5430 1020 5481; x_wconf 85' lang='lat' dir='ltr'>tamen</span> <span class='ocrx_word' id='word_1_768' title='bbox 1043 5425 1166 5481; x_wconf 91' lang='lat' dir='ltr'>loco</span> <span class='ocrx_word' id='word_1_769' title='bbox 1190 5426 1356 5482; x_wconf 92' lang='lat' dir='ltr'>illum</span> <span class='ocrx_word' id='word_1_770' title='bbox 1389 5445 1454 5484; x_wconf 91' lang='lat' dir='ltr'>eo</span> <span class='ocrx_word' id='word_1_771' title='bbox 1482 5446 1655 5485; x_wconf 90' lang='lat' dir='ltr'>usum</span> <span class='ocrx_word' id='word_1_772' title='bbox 1691 5430 1870 5485; x_wconf 90' lang='lat' dir='ltr'>fuisse</span> <span class='ocrx_word' id='word_1_773' title='bbox 1900 5429 2165 5485; x_wconf 89' lang='lat' dir='ltr'>animad-</span> 
     </span>
    </p>
   </div>
   <div class='ocr_carea' id='block_1_106' title="bbox 516 5515 2164 5590">
    <p class='ocr_par' dir='ltr' id='par_1_106' title="bbox 516 5515 2164 5590">
     <span class='ocr_line' id='line_1_106' title="bbox 516 5515 2164 5590; baseline 0.002 -20"><span class='ocrx_word' id='word_1_774' title='bbox 516 5520 739 5571; x_wconf 88' lang='lat' dir='ltr'>vertere</span> <span class='ocrx_word' id='word_1_775' title='bbox 772 5515 1031 5587; x_wconf 89' lang='lat' dir='ltr'>potuisti.</span> <span class='ocrx_word' id='word_1_776' title='bbox 1067 5516 1175 5571; x_wconf 88' lang='lat' dir='ltr'>Sed</span> <span class='ocrx_word' id='word_1_777' title='bbox 1230 5515 1568 5573; x_wconf 85' lang='lat' dir='ltr'>distinctius</span> <span class='ocrx_word' id='word_1_778' title='bbox 1627 5519 1816 5574; x_wconf 87' lang='lat' dir='ltr'>adhuc</span> <span class='ocrx_word' id='word_1_779' title='bbox 1873 5518 2164 5590; x_wconf 90' lang='lat' dir='ltr'>prolatum</span> 
     </span>
    </p>
   </div>
   <div class='ocr_carea' id='block_1_107' title="bbox 518 5604 2165 5679">
    <p class='ocr_par' dir='ltr' id='par_1_107' title="bbox 518 5604 2165 5679">
     <span class='ocr_line' id='line_1_107' title="bbox 518 5604 2165 5679; baseline 0.004 -22"><span class='ocrx_word' id='word_1_780' title='bbox 518 5604 868 5671; x_wconf 83' lang='lat' dir='ltr'>videbis,ubi</span> <span class='ocrx_word' id='word_1_781' title='bbox 896 5619 1131 5660; x_wconf 92' lang='lat' dir='ltr'>rursum</span> <span class='ocrx_word' id='word_1_782' title='bbox 1155 5605 1331 5661; x_wconf 90' lang='lat' dir='ltr'>variis</span> <span class='ocrx_word' id='word_1_783' title='bbox 1353 5622 1529 5661; x_wconf 81' lang='lat' dir='ltr'>sacra</span> <span class='ocrx_word' id='word_1_784' title='bbox 1560 5607 1872 5679; x_wconf 82' lang='lat' dir='ltr'>Scriptura</span> <span class='ocrx_word' id='word_1_785' title='bbox 1906 5608 2165 5663; x_wconf 89' lang='lat' dir='ltr'>testimo-</span> 
     </span>
    </p>
   </div>
   <div class='ocr_carea' id='block_1_108' title="bbox 520 5692 2165 5754">
    <p class='ocr_par' dir='ltr' id='par_1_108' title="bbox 520 5692 2165 5754">
     <span class='ocr_line' id='line_1_108' title="bbox 520 5692 2165 5754; baseline 0.004 -6"><span class='ocrx_word' id='word_1_786' title='bbox 520 5692 636 5748; x_wconf 90' lang='lat' dir='ltr'>niis</span> <span class='ocrx_word' id='word_1_787' title='bbox 663 5694 1027 5751; x_wconf 89' lang='lat' dir='ltr'>demonstrat</span> <span class='ocrx_word' id='word_1_788' title='bbox 1054 5696 1173 5751; x_wconf 87' lang='lat' dir='ltr'>tres</span> <span class='ocrx_word' id='word_1_789' title='bbox 1200 5694 1257 5750; x_wconf 92' lang='lat' dir='ltr'>in</span> <span class='ocrx_word' id='word_1_790' title='bbox 1312 5696 1689 5752; x_wconf 90' lang='lat' dir='ltr'>sanctissima</span> <span class='ocrx_word' id='word_1_791' title='bbox 1717 5694 1999 5751; x_wconf 86' lang='lat' dir='ltr'>Trinitate</span> <span class='ocrx_word' id='word_1_792' title='bbox 2034 5712 2165 5754; x_wconf 88' lang='lat' dir='ltr'>esse</span> 
     </span>
    </p>
   </div>
   <div class='ocr_carea' id='block_1_109' title="bbox 2284 4688 3895 4771">
    <p class='ocr_par' dir='ltr' id='par_1_109' title="bbox 2284 4688 3895 4771">
     <span class='ocr_line' id='line_1_109' title="bbox 2284 4688 3895 4771; baseline -0.007 -16"><span class='ocrx_word' id='word_1_793' title='bbox 2284 4702 2390 4755; x_wconf 90' lang='lat' dir='ltr'>las.</span> <span class='ocrx_word' id='word_1_794' title='bbox 2426 4725 2454 4749; x_wconf 89' lang='grc'>››</span> <span class='ocrx_word' id='word_1_795' title='bbox 2487 4701 2643 4771; x_wconf 79' lang='lat' dir='ltr'>(Ibid.</span> <span class='ocrx_word' id='word_1_796' title='bbox 2677 4716 2809 4771; x_wconf 88' lang='lat' dir='ltr'>cap.</span> <span class='ocrx_word' id='word_1_797' title='bbox 2848 4701 2963 4766; x_wconf 85' lang='lat'>27.)</span> <span class='ocrx_word' id='word_1_798' title='bbox 3000 4698 3180 4754; x_wconf 89' lang='lat' dir='ltr'>Unam</span> <span class='ocrx_word' id='word_1_799' title='bbox 3214 4715 3347 4754; x_wconf 88' lang='lat' dir='ltr'>vero</span> <span class='ocrx_word' id='word_1_800' title='bbox 3398 4716 3529 4753; x_wconf 88' lang='lat' dir='ltr'>esse</span> <span class='ocrx_word' id='word_1_801' title='bbox 3574 4698 3741 4752; x_wconf 91' lang='lat' dir='ltr'>trium</span> <span class='ocrx_word' id='word_1_802' title='bbox 3794 4688 3895 4744; x_wconf 83' lang='lat' dir='ltr'>illa-</span> 
     </span>
    </p>
   </div>
   <div class='ocr_carea' id='block_1_110' title="bbox 2283 4779 3897 4859">
    <p class='ocr_par' dir='ltr' id='par_1_110' title="bbox 2283 4779 3897 4859">
     <span class='ocr_line' id='line_1_110' title="bbox 2283 4779 3897 4859; baseline -0.007 -16"><span class='ocrx_word' id='word_1_803' title='bbox 2283 4806 2414 4843; x_wconf 89' lang='lat' dir='ltr'>rum</span> <span class='ocrx_word' id='word_1_804' title='bbox 2448 4805 2829 4859; x_wconf 85' lang='lat' dir='ltr'>personarum</span> <span class='ocrx_word' id='word_1_805' title='bbox 2865 4787 3252 4842; x_wconf 88' lang='lat' dir='ltr'>substantiam</span> <span class='ocrx_word' id='word_1_806' title='bbox 3277 4785 3714 4841; x_wconf 84' lang='lat' dir='ltr'>ctdivinitatem</span> <span class='ocrx_word' id='word_1_807' title='bbox 3742 4779 3897 4835; x_wconf 85' lang='lat' dir='ltr'>diser-</span> 
     </span>
    </p>
   </div>
   <div class='ocr_carea' id='block_1_111' title="bbox 2284 4864 3895 4947">
    <p class='ocr_par' dir='ltr' id='par_1_111' title="bbox 2284 4864 3895 4947">
     <span class='ocr_line' id='line_1_111' title="bbox 2284 4864 3895 4947; baseline -0.01 -14"><span class='ocrx_word' id='word_1_808' title='bbox 2284 4878 2513 4933; x_wconf 88' lang='lat' dir='ltr'>tissime</span> <span class='ocrx_word' id='word_1_809' title='bbox 2546 4893 2656 4930; x_wconf 93' lang='lat' dir='ltr'>non</span> <span class='ocrx_word' id='word_1_810' title='bbox 2691 4875 2882 4931; x_wconf 87' lang='lat' dir='ltr'>solum</span> <span class='ocrx_word' id='word_1_811' title='bbox 2914 4876 2973 4931; x_wconf 91' lang='lat' dir='ltr'>in</span> <span class='ocrx_word' id='word_1_812' title='bbox 2998 4875 3140 4931; x_wconf 92' lang='lat' dir='ltr'>locis</span> <span class='ocrx_word' id='word_1_813' title='bbox 3164 4876 3290 4947; x_wconf 89' lang='lat' dir='ltr'>jam</span> <span class='ocrx_word' id='word_1_814' title='bbox 3322 4875 3542 4940; x_wconf 89' lang='lat' dir='ltr'>citatis,</span> <span class='ocrx_word' id='word_1_815' title='bbox 3578 4873 3675 4929; x_wconf 91' lang='lat' dir='ltr'>sed</span> <span class='ocrx_word' id='word_1_816' title='bbox 3709 4872 3762 4925; x_wconf 91' lang='lat' dir='ltr'>in</span> <span class='ocrx_word' id='word_1_817' title='bbox 3804 4864 3895 4920; x_wconf 88' lang='lat' dir='ltr'>alio</span> 
     </span>
    </p>
   </div>
   <div class='ocr_carea' id='block_1_112' title="bbox 2282 4958 3892 5035">
    <p class='ocr_par' dir='ltr' id='par_1_112' title="bbox 2282 4958 3892 5035">
     <span class='ocr_line' id='line_1_112' title="bbox 2282 4958 3892 5035; baseline -0.008 -14"><span class='ocrx_word' id='word_1_818' title='bbox 2282 4967 2475 5022; x_wconf 86' lang='lat' dir='ltr'>adhuc</span> <span class='ocrx_word' id='word_1_819' title='bbox 2505 4965 2684 5020; x_wconf 86' lang='lat' dir='ltr'>edixit</span> <span class='ocrx_word' id='word_1_820' title='bbox 2714 4964 2884 5031; x_wconf 89' lang='lat' dir='ltr'>libro,</span> <span class='ocrx_word' id='word_1_821' title='bbox 2919 4981 3092 5035; x_wconf 92' lang='lat' dir='ltr'>quem</span> <span class='ocrx_word' id='word_1_822' title='bbox 3125 4967 3196 5020; x_wconf 89' lang='lat' dir='ltr'>ab</span> <span class='ocrx_word' id='word_1_823' title='bbox 3229 4982 3315 5032; x_wconf 88' lang='lat' dir='ltr'>eo,</span> <span class='ocrx_word' id='word_1_824' title='bbox 3350 4981 3485 5020; x_wconf 89' lang='lat' dir='ltr'>cum</span> <span class='ocrx_word' id='word_1_825' title='bbox 3540 4963 3711 5017; x_wconf 87' lang='lat' dir='ltr'>etiam</span> <span class='ocrx_word' id='word_1_826' title='bbox 3744 4958 3892 5013; x_wconf 85' lang='lat' dir='ltr'>hare-</span> 
     </span>
    </p>
   </div>
   <div class='ocr_carea' id='block_1_113' title="bbox 2281 5045 3899 5124">
    <p class='ocr_par' dir='ltr' id='par_1_113' title="bbox 2281 5045 3899 5124">
     <span class='ocr_line' id='line_1_113' title="bbox 2281 5045 3899 5124; baseline -0.01 -13"><span class='ocrx_word' id='word_1_827' title='bbox 2281 5056 2394 5111; x_wconf 89' lang='lat' dir='ltr'>sim</span> <span class='ocrx_word' id='word_1_828' title='bbox 2424 5051 2916 5109; x_wconf 87' lang='lat' dir='ltr'>Montanistorum</span> <span class='ocrx_word' id='word_1_829' title='bbox 2949 5052 3718 5124; x_wconf 88' lang='lat' dir='ltr'>sequeretur,compositum</span> <span class='ocrx_word' id='word_1_830' title='bbox 3749 5045 3899 5101; x_wconf 81' lang='lat' dir='ltr'>fuisse</span> 
     </span>
    </p>
   </div>
   <div class='ocr_carea' id='block_1_114' title="bbox 2281 5128 3899 5211">
    <p class='ocr_par' dir='ltr' id='par_1_114' title="bbox 2281 5128 3899 5211">
     <span class='ocr_line' id='line_1_114' title="bbox 2281 5128 3899 5211; baseline -0.011 -12"><span class='ocrx_word' id='word_1_831' title='bbox 2281 5142 2480 5199; x_wconf 90' lang='lat' dir='ltr'>nullus</span> <span class='ocrx_word' id='word_1_832' title='bbox 2512 5140 2853 5196; x_wconf 85' lang='lat' dir='ltr'>dubitat.lbi</span> <span class='ocrx_word' id='word_1_833' title='bbox 2877 5141 3031 5195; x_wconf 89' lang='lat' dir='ltr'>enim</span> <span class='ocrx_word' id='word_1_834' title='bbox 3050 5141 3170 5196; x_wconf 83' lang='lat' dir='ltr'>hac</span> <span class='ocrx_word' id='word_1_835' title='bbox 3202 5141 3297 5195; x_wconf 90' lang='lat' dir='ltr'>ille</span> <span class='ocrx_word' id='word_1_836' title='bbox 3321 5142 3599 5211; x_wconf 89' lang='lat' dir='ltr'>scripsit;</span> <span class='ocrx_word' id='word_1_837' title='bbox 3628 5128 3899 5191; x_wconf 83' lang='lat' dir='ltr'>«Ecclesia</span> 
     </span>
    </p>
   </div>
   <div class='ocr_carea' id='block_1_115' title="bbox 2282 5223 3893 5305">
    <p class='ocr_par' dir='ltr' id='par_1_115' title="bbox 2282 5223 3893 5305">
     <span class='ocr_line' id='line_1_115' title="bbox 2282 5223 3893 5305; baseline -0.007 -17"><span class='ocrx_word' id='word_1_838' title='bbox 2282 5233 2509 5305; x_wconf 79' lang='lat' dir='ltr'>proprie</span> <span class='ocrx_word' id='word_1_839' title='bbox 2539 5231 2663 5300; x_wconf 85' lang='lat' dir='ltr'>ipse</span> <span class='ocrx_word' id='word_1_840' title='bbox 2695 5233 2784 5283; x_wconf 89' lang='lat' dir='ltr'>est</span> <span class='ocrx_word' id='word_1_841' title='bbox 2815 5228 3089 5299; x_wconf 86' lang='lat' dir='ltr'>Spiritus,</span> <span class='ocrx_word' id='word_1_842' title='bbox 3122 5231 3181 5284; x_wconf 93' lang='lat' dir='ltr'>in</span> <span class='ocrx_word' id='word_1_843' title='bbox 3214 5246 3327 5301; x_wconf 92' lang='lat' dir='ltr'>quo</span> <span class='ocrx_word' id='word_1_844' title='bbox 3357 5236 3447 5285; x_wconf 90' lang='lat' dir='ltr'>est</span> <span class='ocrx_word' id='word_1_845' title='bbox 3489 5228 3761 5292; x_wconf 89' lang='lat' dir='ltr'>Trinitas,</span> <span class='ocrx_word' id='word_1_846' title='bbox 3795 5223 3893 5276; x_wconf 77' lang='lat' dir='ltr'>sive</span> 
     </span>
    </p>
   </div>
   <div class='ocr_carea' id='block_1_116' title="bbox 2279 5310 3887 5392">
    <p class='ocr_par' dir='ltr' id='par_1_116' title="bbox 2279 5310 3887 5392">
     <span class='ocr_line' id='line_1_116' title="bbox 2279 5310 3887 5392; baseline -0.01 -15"><span class='ocrx_word' id='word_1_847' title='bbox 2279 5330 2396 5377; x_wconf 88' lang='lat' dir='ltr'>tres</span> <span class='ocrx_word' id='word_1_848' title='bbox 2454 5335 2713 5392; x_wconf 87' lang='lat' dir='ltr'>persona</span> <span class='ocrx_word' id='word_1_849' title='bbox 2746 5316 2919 5372; x_wconf 90' lang='lat' dir='ltr'>unius</span> <span class='ocrx_word' id='word_1_850' title='bbox 2966 5318 3313 5385; x_wconf 89' lang='lat' dir='ltr'>divinitatis,</span> <span class='ocrx_word' id='word_1_851' title='bbox 3364 5320 3560 5383; x_wconf 88' lang='lat' dir='ltr'>Pater,</span> <span class='ocrx_word' id='word_1_852' title='bbox 3611 5322 3667 5370; x_wconf 88' lang='lat' dir='ltr'>et</span> <span class='ocrx_word' id='word_1_853' title='bbox 3714 5310 3887 5374; x_wconf 86' lang='lat' dir='ltr'>Filius,</span> 
     </span>
    </p>
   </div>
   <div class='ocr_carea' id='block_1_117' title="bbox 2276 5394 3890 5481">
    <p class='ocr_par' dir='ltr' id='par_1_117' title="bbox 2276 5394 3890 5481">
     <span class='ocr_line' id='line_1_117' title="bbox 2276 5394 3890 5481; baseline -0.011 -15"><span class='ocrx_word' id='word_1_854' title='bbox 2276 5416 2332 5467; x_wconf 90' lang='lat' dir='ltr'>et</span> <span class='ocrx_word' id='word_1_855' title='bbox 2364 5409 2610 5481; x_wconf 87' lang='lat' dir='ltr'>Spiritus</span> <span class='ocrx_word' id='word_1_856' title='bbox 2642 5410 2901 5462; x_wconf 85' lang='lat' dir='ltr'>sanctus.</span> <span class='ocrx_word' id='word_1_857' title='bbox 2934 5425 2959 5455; x_wconf 72' lang='grc' dir='ltr'><strong><em>ι</em></strong></span> <span class='ocrx_word' id='word_1_858' title='bbox 2994 5406 3202 5476; x_wconf 89' lang='lat' dir='ltr'>(Idem,</span> <span class='ocrx_word' id='word_1_859' title='bbox 3234 5407 3298 5461; x_wconf 86' lang='lat' dir='ltr'>de</span> <span class='ocrx_word' id='word_1_860' title='bbox 3325 5405 3567 5461; x_wconf 79' lang='lat' dir='ltr'>Pudicit.</span> <span class='ocrx_word' id='word_1_861' title='bbox 3618 5418 3745 5472; x_wconf 89' lang='lat' dir='ltr'>cap.</span> <span class='ocrx_word' id='word_1_862' title='bbox 3793 5394 3890 5462; x_wconf 78' lang='lat'>21.)</span> 
     </span>
    </p>
   </div>
   <div class='ocr_carea' id='block_1_118' title="bbox 2346 5500 3895 5598">
    <p class='ocr_par' dir='ltr' id='par_1_118' title="bbox 2346 5500 3895 5598">
     <span class='ocr_line' id='line_1_118' title="bbox 2346 5500 3895 5598; baseline -0.011 -27"><span class='ocrx_word' id='word_1_863' title='bbox 2346 5518 2520 5571; x_wconf 91' lang='lat' dir='ltr'>Porro</span> <span class='ocrx_word' id='word_1_864' title='bbox 2554 5519 2750 5568; x_wconf 86' lang='lat' dir='ltr'>autem</span> <span class='ocrx_word' id='word_1_865' title='bbox 2783 5528 2850 5566; x_wconf 88' lang='lat' dir='ltr'>ex</span> <span class='ocrx_word' id='word_1_866' title='bbox 2886 5512 2975 5567; x_wconf 90' lang='lat' dir='ltr'>his</span> <span class='ocrx_word' id='word_1_867' title='bbox 3019 5514 3317 5580; x_wconf 89' lang='lat' dir='ltr'>omnibus,</span> <span class='ocrx_word' id='word_1_868' title='bbox 3366 5528 3496 5583; x_wconf 79' lang='lat' dir='ltr'>qua</span> <span class='ocrx_word' id='word_1_869' title='bbox 3552 5510 3821 5564; x_wconf 85' lang='lat' dir='ltr'>hactenus</span> <span class='ocrx_word' id='word_1_870' title='bbox 3846 5500 3895 5598; x_wconf 76' lang='lat' dir='ltr'>in</span> 
     </span>
    </p>
   </div>
   <div class='ocr_carea' id='block_1_119' title="bbox 2275 5594 3893 5673">
    <p class='ocr_par' dir='ltr' id='par_1_119' title="bbox 2275 5594 3893 5673">
     <span class='ocr_line' id='line_1_119' title="bbox 2275 5594 3893 5673; baseline -0.012 -12"><span class='ocrx_word' id='word_1_871' title='bbox 2275 5608 2382 5662; x_wconf 92' lang='lat' dir='ltr'>hoc</span> <span class='ocrx_word' id='word_1_872' title='bbox 2414 5610 2469 5660; x_wconf 89' lang='lat' dir='ltr'>et</span> <span class='ocrx_word' id='word_1_873' title='bbox 2495 5602 2780 5673; x_wconf 90' lang='lat' dir='ltr'>superiori</span> <span class='ocrx_word' id='word_1_874' title='bbox 2812 5600 3058 5657; x_wconf 89' lang='lat' dir='ltr'>articulo</span> <span class='ocrx_word' id='word_1_875' title='bbox 3090 5602 3386 5673; x_wconf 88' lang='lat' dir='ltr'>disputata</span> <span class='ocrx_word' id='word_1_876' title='bbox 3415 5606 3580 5665; x_wconf 90' lang='lat' dir='ltr'>sunt,</span> <span class='ocrx_word' id='word_1_877' title='bbox 3632 5595 3791 5660; x_wconf 88' lang='lat' dir='ltr'>satis,</span> <span class='ocrx_word' id='word_1_878' title='bbox 3823 5594 3893 5645; x_wconf 84' lang='lat' dir='ltr'>uti</span> 
     </span>
    </p>
   </div>
   <div class='ocr_carea' id='block_1_120' title="bbox 2274 5677 3893 5768">
    <p class='ocr_par' dir='ltr' id='par_1_120' title="bbox 2274 5677 3893 5768">
     <span class='ocr_line' id='line_1_120' title="bbox 2274 5677 3893 5768; baseline -0.012 -17"><span class='ocrx_word' id='word_1_879' title='bbox 2274 5698 2552 5768; x_wconf 87' lang='lat' dir='ltr'>putamus</span> <span class='ocrx_word' id='word_1_880' title='bbox 2582 5690 2879 5746; x_wconf 89' lang='lat' dir='ltr'>evidenter</span> <span class='ocrx_word' id='word_1_881' title='bbox 2924 5688 3219 5763; x_wconf 88' lang='lat' dir='ltr'>colligitur</span> <span class='ocrx_word' id='word_1_882' title='bbox 3267 5703 3471 5747; x_wconf 88' lang='lat' dir='ltr'>sanam</span> <span class='ocrx_word' id='word_1_883' title='bbox 3524 5685 3762 5743; x_wconf 89' lang='lat' dir='ltr'>omnino</span> <span class='ocrx_word' id='word_1_884' title='bbox 3791 5677 3893 5751; x_wconf 84' lang='lat' dir='ltr'>pla-</span> 
     </span>
    </p>
   </div>
  </div>
