4118 6182
312 385 429 445 917

1267 386 1339 447 D.
1389 390 1485 449 LE
1529 390 1853 452 NOURRY
1899 391 2543 455 OBSERVATIONES
2590 396 2845 458 ΝονιιΕ.

3618 396 3738 459 918

312 534 505 591 neque
535 518 918 574 orthodoxam
974 520 1156 576 fuisse
1205 521 1571 591 Tertulliani,
1605 523 1725 579 sive
1774 524 1965 581 catho-
2000 526 2051 591 Α
2084 526 2257 581 sicuti
2287 528 2545 584 hominis
2573 546 2699 596 vox,
2732 530 2821 584 vel
2869 530 3110 601 quidam
3156 545 3337 587 sonus
3398 529 3535 600 oris,
3569 544 3736 597 serve

313 608 409 663 liei
444 608 565 663 sive
598 608 989 675 Montanistaa,
1024 610 1083 664 id
1138 615 1226 666 est
1275 628 1376 682 per
1423 616 1610 667 totum
1675 614 1804 667 vitze
1853 631 1971 669 suae

308 703 567 769 tempus,
604 699 674 753 de
725 715 998 769 suprema
1056 699 1180 753 Filii
1230 702 1325 755 Dei
1378 702 1751 774 Spiritusque
1784 704 1968 759 sancti

312 788 705 855 divinitate,et
731 788 933 843 eadem
965 789 1227 859 ipsorum
1264 806 1395 843 cum
1420 795 1633 845 aaterno
1670 799 1778 846 Deo
1808 792 1971 848 Patre

312 876 667 944 substantia,
702 892 768 931 ac
821 876 1116 933 distinctis
1149 878 1301 934 832
1336 879 1522 933 tribus
1569 880 1800 935 illorum
1838 898 1967 951 per~

310 967 475 1021 sonis
528 966 902 1021 sententiam.
938 967 1052 1022 Nec
1085 968 1283 1022 minus
1312 968 1608 1023 evidenter
1637 974 1794 1039 patet
1822 970 1969 1041 ipsis

312 1071 661 1127 persuasum
693 1052 931 1111 omnino
985 1056 1168 1111 fuisse
1216 1057 1324 1112 hoc
1374 1059 1729 1129 praecipuum
1788 1060 1967 1115 totius

310 1143 580 1199 Ecclesiae
605 1144 901 1199 catholicae
926 1145 1141 1215 dogma
1176 1146 1405 1200 fundari
1440 1163 1616 1200 sacrae
1651 1148 1965 1219 Scripturze

308 1233 683 1299 auctoritate,
706 1232 967 1303 illudque
995 1234 1066 1288 ab
1089 1234 1368 1305 apostolis
1392 1251 1711 1305 eorumque
1734 1254 1962 1292 succes-

308 1320 546 1377 soribus
577 1322 646 1375 ad
684 1338 851 1377 suam
885 1338 1074 1393 usque
1123 1327 1352 1377 {etatem
1402 1328 1560 1379 certa
1592 1341 1655 1379 ac
1688 1331 1966 1397 perpetua

304 1411 623 1465 traditione
673 1411 1116 1466 transmissum.
1156 1412 1434 1484 Denique,
1477 1430 1544 1468 ex
1576 1415 1746 1469 dictis
1780 1415 1965 1485 liquet

306 1500 420 1556 hoc
451 1502 868 1555 documentum
908 1502 979 1555 ab
1012 1518 1077 1556 eo
1127 1502 1405 1556 audacter
1438 1506 1811 1574 propugnari,
1847 1522 1961 1559 non

302 1590 499 1646 solum
516 1591 794 1644 adversus
826 1589 1128 1645 haereticos
1160 1590 1307 1645 illud
1332 1594 1740 1663 negantes,sed
1766 1594 1961 1648 ethni~

304 1697 409 1736 cos
439 1679 637 1745 etiam,
670 1678 1086 1733 infestissimos
1111 1679 1577 1735 Christianorum
1615 1682 1833 1747 hostes,
1863 1683 1960 1753 qui

302 1770 441 1825 illos
471 1770 689 1824 hancce
709 1768 781 1823 ob
810 1767 1135 1824 doctrinam
1165 1769 1571 1825 crudelissime
1602 1771 1886 1826 vexabant
1906 1777 1963 1827 et

300 1858 741 1963 interimebant.
790 1839 857 1911 At
908 1862 1060 1963 certe
1094 1858 1392 1959 hfereticos
1440 1861 1511 1914 ad
1559 1877 1697 1915 suas
1728 1860 1959 1918 facilius
1990 1899 2036 1963 B

301 1953 503 2023 partes
536 1947 839 2014 illexisset,
875 1947 923 2002 si
972 1948 1135 2002 fateri
1172 1948 1458 2019 potuisset
1487 1966 1667 2005 unam
1700 1954 1954 2023 tantum,

300 2056 413 2094 nec
443 2038 662 2109 plures,
699 2036 810 2091 nisi
844 2037 1078 2091 nomine
1121 2041 1295 2091 tenus
1325 2054 1454 2093 esse
1481 2038 1538 2091 in
1582 2039 1957 2095 sanctissima

300 2127 587 2183 Trinitate
610 2126 1033 2198 personas.Sibi
1061 2142 1292 2197 quoque
1322 2126 1588 2183 ethnicos
1620 2129 1953 2200 conciliare,

300 2232 623 2287 eorumque
671 2217 950 2270 adversus
1000 2215 1360 2271 Christianos
1410 2217 1664 2272 furorem
1723 2218 1954 2288 placare

301 2310 552 2379 poterat,
586 2306 632 2360 si
666 2306 910 2360 dixisset
940 2308 1055 2359 tres
1088 2322 1215 2361 esse
1246 2306 1415 2372 Deos,
1450 2311 1551 2361 aut
1580 2310 1733 2362 certe
1767 2324 1951 2363 unum

299 2400 606 2468 majorem,
632 2396 1009 2467 minoresque
1031 2396 1195 2451 alios.
1219 2401 1416 2468 Neque
1442 2398 1497 2451 id
1523 2415 1554 2452 a
1578 2398 1748 2452 nobis
1770 2399 1953 2468 gratis

300 2488 504 2542 ﬁctum
565 2486 884 2557 putaveris,
919 2486 1072 2556 quod
1126 2485 1371 2556 ipsemet
1418 2486 1816 2541 Tertullianus
1858 2505 1951 2559 pa-

299 2576 415 2630 lam
440 2580 755 2647 aperteque
776 2574 1116 2644 profitetur:
1150 2597 1168 2622 α
1197 2576 1502 2641 Caeterum,
1528 2576 1575 2629 si
1600 2576 1953 2631 conscientia

296 2669 521 2729 nostra,
550 2666 631 2719 ita
682 2662 785 2718 ille
836 2662 1101 2733 loquitur,
1154 2679 1266 2734 qua
1318 2664 1536 2719 scimus
1584 2665 1680 2719 Dei
1742 2682 1951 2721 nomen

305 2753 543 2809 Domini
577 2756 633 2807 et
663 2752 839 2817 Patri,
870 2756 926 2807 et
958 2751 1120 2819 Filio,
1154 2756 1209 2806 et
1241 2752 1478 2823 Spiritui
1514 2758 1716 2809 sancto
1744 2771 1949 2810 conve-

298 2843 597 2909 nire,deos
612 2846 669 2897 et
690 2842 959 2896 dominos
982 2840 1437 2907 nominaremus,
1464 2844 1951 2900 exstinxissemus

298 2935 459 2989 faces
490 2937 741 3001 nostras,
772 2931 947 2987 etiam
971 2932 1041 2985 ad
1067 2932 1342 3002 martyris
1364 2932 1708 2996 timidiores,
1735 2933 1950 3004 quibus

298 3022 586 3079 evadendi
619 3037 852 3092 quoque
874 3024 1095 3091 pateret
1124 3021 1372 3087 occasio,
1393 3022 1730 3092 jurantibus
1752 3023 1949 3077 statim

299 3129 407 3185 per
435 3112 573 3166 deos
604 3115 659 3165 et
690 3111 979 3179 dominos,
1014 3114 1077 3164 ut
1108 3110 1344 3180 quidam
1380 3110 1657 3179 haeretici,
1698 3127 1947 3182 quorum

295 3202 379 3256 dii
415 3199 637 3273 plures.
677 3221 705 3249 »
754 3200 916 3271 (Ibid.
967 3216 1092 3271 cap.
1144 3200 1255 3270 13.)
1306 3199 1703 3255 Tertullianus
1755 3200 1949 3270 itaque

2084 630 2421 686 percussus,
2450 622 2625 689 atque
2656 620 2735 673 ita
2766 619 2960 675 nescio
2992 620 3129 691 quid
3162 637 3413 676 vacuum
3446 626 3503 676 st
3532 620 3729 678 inane:

2081 706 2179 758 sed
2239 705 2428 773 habet,
2466 707 2680 779 inquit,
2741 726 2761 755 ur
2812 709 3105 780 propriam
3159 710 3552 766 substantiam
3602 709 3723 781 spi-

2080 793 2281 848 ritum.
2314 816 2341 844 »
2375 796 2635 863 (Tertull.
2689 798 2960 868 Apotoget.
3014 814 3140 869 cap,
3175 798 3291 869 21.)
3329 799 3474 862 Quia
3502 815 3636 854 vero
3666 800 3726 855 id

2081 883 2152 937 ab
2216 883 2482 938 haeretico
2530 885 2741 940 Praxea
2793 886 3132 955 negabatur,
3194 891 3393 942 contra
3452 903 3585 943 eum
3644 888 3727 945 sic

2079 972 2366 1044 disputat,
2403 975 2723 1044 probatque
2765 974 2922 1029 hunc
2953 976 3051 1030 Dei
3099 980 3436 1031 Sermonem
3468 992 3593 1033 esse
3622 993 3723 1033 ve—

2077 1078 2203 1115 ram
2257 1062 2411 1117 833
2460 1062 2853 1117 substantiam
2892 1079 2904 1117 :
2940 1084 2966 1113 σι
2997 1065 3140 1130 Quid
3197 1070 3287 1120 est
3326 1066 3505 1132 enim,
3540 1066 3722 1139 dices,

2078 1167 2290 1215 sermo,
2325 1152 2436 1205 nisi
2469 1168 2575 1206 vox
2606 1156 2662 1205 et
2700 1168 2880 1207 sonus
2914 1156 3053 1221 oris,
3085 1158 3144 1209 et
3173 1154 3326 1209 sicut
3354 1156 3727 1226 grammatici

2075 1241 2339 1306 tradunt,
2396 1257 2494 1295 aer
2539 1241 2815 1307 offensus,
2851 1240 3242 1312 intelligibilis
3292 1243 3519 1312 auditu,
3562 1247 3727 1300 caste-

2074 1345 2226 1393 rum,
2278 1346 2528 1384 vacuum
2582 1329 2774 1385 nescio
2824 1331 2985 1402 quid,
3035 1337 3092 1386 et
3138 1331 3331 1392 inane.
3372 1336 3429 1388 et
3454 1333 3726 1405 incorpo-

2075 1417 2242 1472 rate?
2272 1420 2337 1472 At
2369 1434 2474 1488 ego
2508 1418 2651 1473 nihil
2701 1419 2829 1473 dico
2886 1420 2957 1475 de
3009 1421 3119 1475 Deo
3168 1421 3341 1475 inane
3386 1425 3445 1477 et
3472 1438 3724 1478 vacuum

2073 1507 2305 1577 prodire
2348 1508 2630 1578 potuisse,
2664 1513 2730 1563 ut
2769 1526 2885 1564 non
2934 1510 3003 1564 de
3050 1509 3211 1564 inani
3258 1514 3316 1565 et
3358 1526 3538 1567 vacuo
3589 1528 3722 1583 pro-

2074 1594 2279 1658 latum,
2313 1612 2419 1651 nec
2444 1612 2638 1652 carere
2689 1598 3042 1664 substantia,
3077 1600 3233 1670 quod
3283 1600 3354 1655 de
3403 1602 3562 1655 tanta
3592 1601 3724 1656 sub-

2071 1685 2288 1740 stantia
2319 1688 2624 1757 processit,
2658 1690 2715 1741 et
2754 1691 2949 1743 tantas
2982 1688 3346 1743 substantias
3378 1688 3531 1744 fecit.
3564 1688 3722 1744 Fecit

2070 1775 2226 1829 enim
2259 1778 2316 1829 et
2344 1775 2488 1845 ipse,
2523 1791 2651 1846 quas
2712 1776 2861 1831 facta
2906 1780 3047 1832 sunt
3077 1792 3178 1848 per
3207 1775 3398 1832 illum.
3427 1777 3603 1843 Quale
3633 1781 3721 1835 est

2071 1868 2134 1917 ut
2165 1863 2312 1918 nihil
2346 1864 2441 1931 sit,
2475 1866 2602 1920 sine
2633 1880 2745 1936 quo
2792 1865 2939 1919 nihil
2989 1865 3206 1921 factum
3241 1874 3364 1932 est;
3416 1871 3481 1921 ut
3524 1866 3719 1924 inanis

2068 1952 2276 2021 solida,
2310 1958 2366 2007 et
2398 1970 2618 2009 vacuus
2647 1954 2839 2025 plena,
2874 1957 2931 2008 et
2980 1954 3362 2026 incorporalis
3395 1955 3722 2027 corporalia

2068 2041 2142 2096 sit
2174 2047 2468 2113 operatus.
2502 2043 2644 2098 Nam
2694 2042 2801 2097 etsi
2851 2046 3041 2115 potest
3071 2042 3385 2115 aliquando
3418 2044 3559 2116 quid
3592 2045 3719 2100 fieri

2066 2131 2362 2185 diversum
2416 2133 2543 2201 ejus
2596 2148 2697 2203 per
2745 2133 2901 2202 quod
2956 2133 3038 2201 ﬁt,
3070 2132 3218 2188 nihil
3265 2136 3463 2189 tamen
3524 2138 3721 2205 potest

2066 2220 2186 2274 fieri
2222 2236 2325 2290 per
2356 2220 2435 2287 id,
2486 2221 2639 2291 quod
2690 2237 2937 2276 vacuum
2985 2226 3041 2276 et
3088 2221 3262 2275 inane
3293 2225 3403 2276 est.
3434 2222 3630 2276 Vacua
3661 2227 3719 2278 et

2063 2308 2257 2363 inanis
2290 2326 2381 2363 res
2413 2313 2503 2364 est
2531 2310 2733 2364 Sermo
2769 2308 2885 2377 Dei,
2919 2311 3018 2379 qui
3046 2309 3224 2363 Filius
3256 2310 3448 2365 dictus
3481 2317 3587 2379 est,
3612 2312 3717 2381 qui

2061 2397 2186 2469 ipse
2220 2398 2372 2452 Deus
2405 2399 2856 2468 cognominatus
2885 2399 3023 2453 est?
3052 2415 3119 2453 s'r
3149 2415 3338 2453 ssamo
3376 2416 3523 2454 ERAT
3558 2416 3711 2455 APUD

2064 2504 2247 2551 usum,
2289 2505 2356 2542 ΕΤ
2395 2504 2539 2541 osus
2578 2504 2723 2542 nam
2761 2504 2969 2543 SBRMO.
3015 2510 3042 2537 »
3084 2488 3287 2558 (Idem,
3348 2490 3473 2543 adv.
3535 2490 3707 2544 Prom.

2061 2594 2187 2649 cap.
2246 2578 2327 2646 7.)
2376 2577 2523 2647 Ergo
2572 2577 3078 2648 argumentatione
3125 2578 3381 2633 ostendit
3425 2577 3708 2645 Verbum,

2062 2667 2181 2722 sive
2212 2666 2553 2721 Sermonem
2586 2682 2650 2721 ac
2683 2666 2987 2721 Rationem
3020 2667 3138 2732 Dei,
3177 2683 3290 2721 non
3324 2683 3453 2722 esse
3485 2665 3707 2739 aliquid

2061 2759 2234 2813 inane
2264 2762 2321 2813 et
2349 2773 2621 2826 vacuum,
2655 2758 2755 2813 sed
2789 2773 2979 2813 veram
3012 2758 3429 2813 substantiam.

2133 2865 2305 2937 Atqui
2339 2865 2468 2919 ideo
2498 2864 2595 2920 hic
2625 2881 2816 2919 sermo
2865 2864 3100 2919 divinus
3137 2881 3270 2920 vera
3316 2869 3404 2920 est
3434 2866 3709 2920 substan-

2060 2955 2162 3021 tia,
2198 2955 2295 3025 qui
2330 2972 2363 3009 a
2398 2956 2506 3009 Deo
2549 2952 2812 3024 prolatus
2840 2957 2948 3009 est.
2989 2954 3133 3009 Nam
3177 2969 3335 3018 eum,
3366 2953 3560 3023 inquit
3589 2952 3708 3023 ille,

2054 3044 2371 3115 prolatione
2425 3052 2763 3114 generatum,
2823 3051 2873 3098 et
2914 3043 3116 3098 idcirco
3161 3044 3369 3098 Filium
3416 3043 3513 3099 Dei
3562 3041 3710 3098 dici-

2062 3150 2214 3189 mus.
2248 3132 2517 3187 Prolatus
2548 3136 2743 3187 autem
2776 3149 2808 3187 a
2836 3132 3032 3186 divino
3064 3132 3229 3186 Patre
3259 3148 3386 3197 suo,
3416 3148 3483 3187 ex
3522 3131 3712 3204 ipsius

2061 3222 2359 3278 intellectu
2393 3227 2675 3292 tanquam
2709 3238 2782 3275 ex
2828 3222 3074 3286 matrice,
3108 3221 3345 3291 prodiit,
3378 3225 3553 3291 atque
3582 3220 3709 3276 ideo

294 3272 798 3364 quemadmodum
833 3289 929 3343 alii
980 3289 1095 3344 veri
1148 3289 1460 3344 Christiani
1517 3290 1787 3360 quaslibet
1828 3294 1946 3345 tor-

3383 3272 3548 3291 ην,

2065 3316 2373 3383 generatus
2427 3315 2484 3365 et
2530 3326 2702 3366 verus
2752 3309 2851 3365 Dei
2901 3309 3085 3365 Filius
3144 3314 3249 3364 est.
3317 3309 3538 3365 Etenim
3596 3308 3709 3365 hac

294 3383 628 3435 mentorum
670 3394 883 3449 genera
934 3377 1179 3449 experiri
1242 3382 1298 3433 et
1347 3378 1538 3433 necari
1590 3380 1947 3445 maluerunt,

291 3486 471 3542 quam
503 3468 653 3523 hanc
686 3467 961 3522 traditam
995 3466 1104 3522 sibi
1141 3484 1172 3522 a
1218 3468 1445 3523 Christo
1497 3468 1741 3539 ejusque
1771 3468 1946 3523 disci-

290 3558 450 3631 pulis
482 3558 552 3611 de
592 3557 859 3628 ejusdem
890 3555 1105 3610 Christi
1140 3556 1442 3612 divinitate
1476 3563 1531 3612 et
1563 3556 1947 3611 sanctissimas

289 3647 596 3703 Trinitatis
637 3646 911 3718 mysterio
944 3646 1267 3702 doctrinam
1300 3645 1417 3701 ullo
1450 3647 1621 3701 modo
1651 3646 1948 3701 inﬁrmare

288 3742 390 3793 aut
422 3736 821 3791 dissimulare.
854 3734 1062 3790 Nullus
1111 3750 1247 3807 ergo
1298 3735 1606 3790 dubitandi
1639 3735 1802 3790 locus
1834 3740 1945 3803 est,

289 3826 433 3899 quin
466 3843 600 3881 vera
631 3825 707 3881 sit
738 3826 856 3880 haec
887 3825 1151 3894 ejusdem
1187 3824 1527 3879 Tertuliiani
1563 3828 1618 3879 et
1653 3824 1946 3879 catholica

288 3914 560 3972 Ecclesiae
611 3914 894 3983 doctrina,
941 3931 1069 3985 quae
1117 3913 1273 3968 hunc
1308 3914 1364 3967 iu
1412 3914 1650 3967 modum
1686 3930 1718 3965 a
1764 3913 1946 3967 sacris

288 4004 679 4077 scriptoribus
728 4006 974 4073 asserta,
1026 4007 1478 4073 constanterque
1537 4019 1602 4057 ac
1668 4005 1946 4073 perpetuo

286 4098 521 4152 servata
551 4095 1035 4165 propugnataque
1067 4092 1197 4147 fuit.

898 4252 1103 4291 ARTICU
1113 4252 1215 4290 LUS
1266 4253 1340 4290 ιν.

286 4328 501 4398 Quibus
531 4325 845 4381 rationibus
882 4327 1250 4379 Tertullianus
1288 4326 1563 4396 explicare
1601 4329 1829 4380 conatus
1874 4326 1948 4379 sit

354 4400 614 4454 divinam
658 4406 1035 4468 aeternamque
1087 4398 1217 4451 Filii
1264 4399 1357 4452 Dei
1419 4399 1847 4467 generationem,
1897 4400 1948 4451 et.

356 4488 461 4596 cutr
492 4472 608 4541 itte,
660 4487 770 4525 non
819 4467 953 4526 vero
978 4470 1218 4540 Spiritus
1256 4474 1494 4535 sanctus,
1532 4470 1706 4523 Filius
1738 4470 1835 4522 Dei
1858 4467 1944 4523 di-

358 4560 418 4596 ea
450 4560 539 4596 ur.

358 4560 539 4600 catur.

2058 3400 2185 3471 ipsa
2216 3400 2587 3473 generatione
2619 3415 2731 3454 non
2776 3397 2965 3454 solum
3003 3397 3217 3453 similis
3263 3398 3438 3463 Patri,
3482 3399 3581 3453 sed
3614 3414 3710 3454 ea-

2059 3491 2188 3544 dem
2222 3505 2455 3561 queque
2508 3493 2597 3543 est
2647 3488 2957 3560 utriusque
3005 3488 3355 3543 substantia.
3389 3488 3515 3544 Non
3550 3488 3708 3543 enim

2059 3575 2174 3644 ille,
2206 3576 2416 3648 inquit,
2454 3576 2631 3631 Filius
2664 3576 2761 3630 Dei
2792 3593 2821 3631 a
2854 3575 3044 3631 Patris
3086 3578 3313 3631 matrice
3346 3576 3582 3643 recessit,
3612 3573 3709 3630 sed

2056 3669 2305 3722 excessit.
2354 3666 2639 3731 Quoniam
2680 3682 2815 3720 vero
2864 3681 2975 3720 non
3034 3667 3280 3735 recessit,
3321 3666 3581 3720 eamdem
3641 3680 3708 3720 ac

2056 3756 2153 3810 ille
2204 3757 2378 3811 habet
2421 3754 2852 3821 substantiam;
2901 3758 2958 3809 et
3003 3754 3142 3823 quia
3194 3755 3267 3809 ab
3316 3771 3383 3809 eo
3434 3752 3706 3826 prodivit,

2056 3845 2216 3899 illius
2248 3849 2336 3899 est
2366 3844 2546 3899 Filius
2594 3844 2777 3913 (idem
2809 3844 3086 3914 Apologet.
3129 3860 3256 3914 cap.
3303 3844 3396 3909 21,
3427 3859 3559 3915 pag.
3593 3842 3708 3912 21).

2126 3952 2234 4007 Sed
2272 3967 2475 4005 rursus
2505 3949 2931 4005 Tertullianum
2965 3948 3296 4015 audiamus,
3331 3948 3431 4019 qui
3463 3949 3519 4003 id
3568 3948 3708 4005 alibi

2057 4042 2233 4113 (Idem
2264 4040 2468 4094 advers.
2508 4040 2678 4093 Prax.
2715 4055 2840 4109 cap.
2872 4039 2928 4107 8)
2988 4036 3258 4110 pluribus
3317 4052 3496 4093 sacra)
3554 4037 3709 4092 Scri-

2057 4132 2238 4201 pturze
2271 4127 2630 4183 testimoniis
2661 4126 2873 4182 asserit
2905 4143 2970 4181 ac
3001 4125 3310 4181 confirmat
3341 4140 3354 4179 :
3400 4147 3427 4175 α
3454 4125 3535 4181 De
3564 4140 3704 4196 quo,

2058 4216 2268 4288 inquit,
2293 4216 2658 4287 procedendo
2693 4214 2876 4271 Filius
2907 4216 3096 4270 factus
3126 4218 3235 4285 est,
3259 4213 3708 4285 primogenitus,

2056 4310 2121 4360 ut
2150 4310 2285 4361 ante
2315 4305 2514 4360 omnia
2542 4305 2798 4377 genitus,
2840 4309 2897 4359 et
2928 4303 3289 4375 unigenitus,
3323 4306 3387 4357 ut
3439 4301 3598 4358 solus
3638 4318 3707 4358 ex

2061 4401 2169 4450 Deo
2203 4394 2456 4467 genitus,
2494 4395 2723 4465 proprie
2771 4396 2843 4448 de
2892 4392 3062 4448 vulva
3113 4392 3329 4457 cordis,
3378 4390 3434 4446 id
3480 4395 3568 4446 est
3608 4393 3705 4447 in-

2056 4486 2323 4552 tellectus,
2387 4470 2596 4555 ipsius,
2668 4484 2991 4539 secundum
3043 4482 3196 4553 quod
3245 4485 3303 4536 et
3350 4485 3519 4537 Pater
3575 4482 3703 4553 ejus

2058 4578 2351 4629 testatur:
2386 4575 2674 4629 Eructavit
2722 4589 2814 4627 cor
2866 4588 3048 4628 meum
3076 4587 3377 4627 sermonem
3434 4572 3704 4642 optimum

360 4669 516 4723 Satis
556 4666 919 4722 Tertulliano
951 4681 1067 4720 non
1110 4665 1221 4720 fuit
1247 4682 1415 4720 suam
1448 4670 1503 4721 et
1532 4665 1713 4719 totius
1746 4663 1941 4719 catho-
1982 4649 2023 4712 Ῑ)
2056 4664 2293 4735 (Psalm.
2334 4680 2478 4733 κων,
2509 4664 2565 4732 2)
2616 4678 2628 4715 :
2682 4662 2751 4717 ad
2804 4678 2977 4732 quem
3029 4660 3306 4732 deinceps
3346 4660 3610 4731 gaudens
3639 4660 3700 4717 in

287 4759 414 4814 lices
464 4755 732 4811 Ecclesiae
783 4756 855 4810 de
922 4772 1198 4827 suprema
1248 4753 1375 4809 Filii
1432 4754 1530 4809 Dei
1586 4758 1643 4808 et
1690 4753 1942 4824 Spiritus

286 4845 481 4901 sancti
516 4843 819 4900 divinitate
849 4844 1202 4900 sententiam
1235 4861 1321 4910 eo,
1366 4860 1479 4916 quo
1508 4842 1763 4898 vidimus
1794 4844 1938 4913 (Art.

288 4935 534 5007 super),
572 4935 743 4989 modo
790 4933 1111 5005 expositam
1164 4933 1315 4989 tueri
1364 4949 1429 4988 ac
1478 4932 1806 4999 vindicare;
1841 4931 1941 4987 sed

286 5023 583 5095 explicare
613 5024 794 5078 etiam
828 5026 1073 5077 conatus
1100 5025 1210 5087 est,
1262 5039 1367 5076 cur
1404 5022 1657 5075 Verbum
1690 5024 1746 5075 et
1775 5021 1940 5076 Ratio

286 5113 389 5167 Dei
423 5129 598 5167 verus
660 5112 788 5182 ejus
822 5110 1000 5165 Filius
1051 5112 1129 5166 sit
1184 5114 1239 5165 et
1288 5112 1401 5165 dici
1454 5112 1680 5165 debeat.
1749 5110 1940 5166 Palam

285 5202 488 5273 itaque
520 5201 797 5257 omnibus
828 5199 1087 5255 declarat
1124 5200 1326 5267 Deum,
1354 5216 1418 5254 eo
1442 5199 1566 5271 ipso
1599 5200 1751 5271 quod
1787 5199 1941 5254 Deus

287 5296 375 5346 est
407 5306 641 5362 semper
672 5294 847 5363 atque
880 5290 950 5346 ab
985 5290 1145 5344 omni
1197 5289 1519 5345 aeternitate
1552 5288 1732 5344 fuisse
1762 5288 1941 5344 ratio-

287 5380 485 5434 nalem
534 5380 736 5452 (Ibat).
790 5381 933 5434 Cum
989 5397 1125 5452 ergo
1186 5381 1310 5435 sine
1364 5378 1584 5433 ratione
1641 5394 1768 5432 esse
1828 5395 1941 5433 non

289 5470 500 5541 possit,
550 5470 620 5523 ab
668 5470 871 5523 eadem
926 5469 1250 5524 mternitate
1302 5467 1540 5541 protulit
1579 5469 1940 5538 Sermonem,

290 5558 388 5628 qui
424 5556 662 5629 quidem
697 5558 900 5613 Sermo
933 5557 1143 5613 melius
1185 5558 1407 5625 Latine,
1442 5556 1939 5630 quemadmodum

293 5647 733 5714 annotavimus,
788 5646 950 5701 Ratio
1003 5646 1285 5719 appellari
1347 5649 1647 5703 debuerat.
1700 5646 1942 5702 Divinus

294 5741 489 5794 autem
545 5735 645 5793 ille
703 5736 904 5794 Sermo
969 5753 1082 5793 non
1154 5740 1242 5793 est
1291 5737 1552 5808 quaedam
1613 5734 1942 5803 articulate,

2054 4768 2293 4823 persona
2328 4750 2488 4806 illius
2531 4768 2542 4805 :
2598 4752 2769 4805 Filius
2819 4766 2970 4805 meus
3016 4764 3071 4804 es
3100 4758 3181 4816 tu,
3214 4764 3310 4817 ego
3341 4748 3505 4805 hodie
3532 4752 3705 4818 genui

2051 4843 2101 4895 te
2131 4840 2302 4911 (Psat.
2336 4857 2400 4909 ιι,
2438 4841 2533 4911 7);
2582 4844 2658 4907 et,
2712 4840 2847 4894 Ante
2889 4838 3206 4912 Luciferum
3244 4839 3416 4907 genui
3444 4845 3493 4893 te
3527 4838 3699 4911 (Psat.

2052 4946 2162 5000 (11x,
2195 4931 2273 5001 5).
2307 4928 2401 4984 Sic
2459 4934 2515 4984 ct
2573 4928 2753 4983 Filius
2803 4945 2871 4983 ex
2922 4945 3031 4983 sua
3089 4942 3338 4998 persona
3396 4928 3703 4999 profitetur

2049 5020 2277 5074 Patrem
2324 5018 2385 5073 in
2414 5016 2678 5090 fnomine
2733 5017 2960 5090 Sophim
2999 5033 3012 5071 :
3047 5018 3317 5072 Dominus
3343 5016 3589 5073 condidit
3616 5034 3704 5075 ms

2053 5110 2279 5163 initium
2331 5108 2554 5162 viarum
2600 5108 2661 5161 in
2709 5122 2875 5179 opera
2911 5122 3011 5161 sua
3040 5106 3225 5179 (Hebr.
3259 5105 3321 5173 ι).
3354 5106 3489 5162 Ante
3517 5121 3703 5164 omne:

2052 5206 2233 5252 autem
2260 5197 2425 5252 colles
2453 5196 2732 5268 generavit
2777 5212 2879 5251 me.
2915 5218 2942 5246 »
2994 5196 3177 5269 (Prov.
3211 5211 3337 5261 vni,
3366 5194 3483 5267 22.)
3514 5197 3704 5269 Atque

2054 5287 2171 5340 haec
2209 5286 2335 5357 ipsa
2368 5284 2510 5341 ratio
2544 5290 2654 5354 est,
2704 5302 2808 5341 cur
2852 5284 3138 5353 Verbum,
3183 5300 3286 5341 seu
3332 5289 3529 5343 Sermo
3582 5286 3701 5357 Dei,

2052 5394 2158 5429 non
2213 5392 2340 5429 vero
2393 5375 2641 5446 Spiritus
2690 5383 2949 5442 sanctus,
2985 5376 3063 5430 sit
3114 5374 3459 5447 dicaturque
3519 5374 3701 5431 Filius

2054 5466 2149 5520 Dei
2187 5480 2198 5517 :
2234 5469 2424 5535 atque,
2461 5469 2525 5519 ut
2553 5464 2677 5536 ipse
2709 5464 3107 5520 Tertullianus
3148 5464 3247 5531 ait,
3302 5484 3333 5514 ‹‹
3386 5464 3491 5530 Qui
3519 5464 3697 5519 etiam

2052 5553 2283 5626 preprie
2336 5571 2545 5609 nomen
2600 5554 2721 5609 Filii
2775 5554 3016 5625 accepit,
3052 5574 3078 5603 ››
3110 5558 3233 5608 tum
3296 5551 3436 5623 quia
3486 5552 3694 5607 homen

2052 5642 2197 5697 illud
2260 5642 2371 5714 ipsi
2421 5643 2479 5698 in
2527 5644 2711 5699 sacris
2758 5642 3077 5714 Scripturis
3122 5642 3318 5709 datur,
3352 5644 3475 5695 tum
3517 5638 3693 5696 etiam

2054 5733 2194 5805 quia
2222 5732 2381 5805 prior
2409 5750 2443 5789 a
2472 5733 2595 5791 solo
2626 5735 2793 5788 Patre
2831 5747 2939 5788 suo
2986 5732 3046 5785 in
3092 5733 3312 5786 natura;
3360 5726 3696 5786 similitudi-
