4118 6182
455 374 576 434 919
989 368 1516 430 TERTULLIANI
1561 367 1887 431 OPERUM
1938 368 2133 428 PARS
2180 366 2227 426 Ι.
2256 400 2330 408 -
2364 366 2637 426 SERIES
2684 367 2730 438 l,
2778 363 3345 425 APOLOGETICA.
3722 365 3831 444 Ε)ὶο

457 518 595 561 nem
627 505 715 559 est
745 501 1000 575 genitus,
1042 506 1099 558 et
1146 501 1401 574 Spiritus
1448 506 1689 557 sanctus
1738 501 1809 556 ab
1860 504 2112 571 utroque
2141 508 2196 574 Α
2227 497 2489 570 accipere
2519 498 2674 569 quod
2708 496 2786 554 sit
2824 497 3084 568 accipere
3130 512 3164 551 a
3193 498 3360 551 Patre
3393 516 3412 545 ι
3446 495 3638 566 (Hilar.
3669 497 3708 565 Ι,
3735 512 3826 555 xm

461 592 767 667 processit,
792 591 1288 664 quemadmodum
1316 607 1384 646 ex
1406 606 1540 645 mox
1560 590 1813 645 citandis
1846 590 2109 661 ejusdem
2222 590 2294 644 De
2325 589 2471 643 Trin.
2505 589 2532 655 §
2558 588 2673 658 20.)
2699 587 2875 659 Atqui
2906 586 3193 658 scriptum
3215 586 3286 641 ab
3317 586 3512 641 eodem
3534 584 3737 639 Hilario
3757 585 3827 640 le-

462 681 807 739 Tertulliani
855 680 1042 736 nostri
1100 679 1294 736 verbis
1346 680 1743 749 manifestum
1796 679 2112 750 unicuique
2220 678 2413 749 gimus
2447 693 2460 731 :
2496 696 2526 729 (ι
2552 676 2632 731 Ex
2660 680 2715 730 te
2748 675 3048 747 (nimirum
3082 674 3267 747 Patre)
3295 690 3394 746 per
3440 689 3566 729 eum
3603 672 3829 745 (Filium)

465 772 567 830 ﬁet
596 769 861 843 (Tertull.
894 771 1027 826 adv.
1062 775 1241 826 Prax.
1274 786 1401 841 cap.
1432 769 1508 841 8).
2223 770 2464 821 sanctus
2511 766 2764 837 Spiritus
2807 771 2947 821 tuus
2977 769 3085 821 est.
3119 786 3147 815 »
3198 764 3375 820 Paulo
3422 768 3550 835 post
3591 779 3714 818 vero
3759 763 3830 818 sic

538 879 648 934 Sed
703 877 972 950 quamvis
1028 882 1228 932 Sermo
1280 878 1374 932 Dei
1431 895 1465 932 ἃ
1521 881 1690 933 patre
1746 893 1852 933 suo
1901 880 2114 932 aeterno
2224 860 2453 911 Patrem
2489 860 2760 927 precatur
2791 871 2804 911 :
2841 877 2868 906 ‹‹
2900 855 3061 911 Dona
3092 854 3239 910 mihi
3270 858 3335 908 ut
3373 854 3588 909 Patrem
3618 858 3670 907 te
3694 852 3831 908 scili-

469 969 734 1042 prodeat,
784 967 892 1035 vel,
944 967 1116 1023 sicuti
1164 966 1245 1022 ait
1289 967 1414 1038 ipse
1460 965 1877 1032 Tertullianus,
1939 988 1966 1015 ‹‹
1999 982 2115 1020 non
2226 950 2317 1042 οβῖ
2336 949 2626 1042 Ποξίτξλφν
2655 944 2863 1000 Filium
2887 950 3195 1042 tuum?“
3216 949 3407 1042 timum
3431 943 3831 1042 θάξτίξωίξδη·

473 1033 736 1123 aliunde,
813 1033 914 1112 sed
966 1056 1036 1110 de
1086 1033 1416 1111 substantia
1470 1055 1658 1110 Patris
1718 1076 1745 1103 ›)
1800 1055 2123 1110 deducatur
2231 1040 2390 1092 Otum
2423 1037 2703 1108 Spiritum
2742 1041 2931 1106 tuum:
2984 1036 3082 1107 qni
3133 1052 3200 1091 ex
3246 1039 3302 1089 te
3348 1050 3449 1104 Per
3492 1033 3833 1123 Unigenimm

473 1147 629 1218 (Ibid.
681 1121 809 1217 cap.
851 1146 929 1217 4),
980 1145 1090 1200 hoc
1121 1149 1229 1211 est,
1264 1144 1487 1199 oriatur
1516 1162 1586 1199 ex
1615 1145 1741 1215 ejus
1770 1144 2121 1215 cogitatione

2241 1131 2401 1181 tuum
2441 1131 2548 1195 est,
2579 1143 2928 1198 promcrear.
2964 1150 2985 1177 ι
3044 1125 3196 1195 (Ibid.
3232 1124 3333 1178 lib.
3369 1140 3468 1192 xii,
3501 1123 3527 1190 §
3556 1124 3622 1176 66
3663 1126 3713 1176 ct
3738 1121 3834 1191 57.)

469 1212 527 1293 et
568 1212 972 1305 intelligentia,
1020 1252 1135 1289 non
1169 1234 1384 1289 idcirco
1424 1234 1495 1289 ab
1530 1212 1980 1305 illo'separatus
2010 1235 2120 1287 est.
2246 1304 2249 1305 ν
2304 1217 2375 1269 At
2404 1215 2453 1270 εί
2485 1216 2533 1268 is
2579 1217 2782 1305 QQdem
2815 1214 3307 1305 εθῒὶὶοῙίΟ-οβθηειι
3357 1212 3501 1267 duit
3529 1212 3785 1305 Spiril‘jm
3811 1227 3838 1265 ³

470 1330 619 1383 Nam
670 1325 826 1380 834
875 1324 1054 1378 dividi
1110 1340 1226 1377 non
1279 1328 1471 1394 potest
1521 1323 1965 1393 simplicissima
2027 1319 2123 1379 Dei

491 1413 844 1484 substantia,
901 1413 1053 1467 sicut
1108 1429 1212 1467 nec
1265 1412 1460 1484 plures
1518 1413 1593 1466 dii
1656 1428 1786 1468 esse
1844 1418 2114 1483 possunt.

486 1504 876 1571 Quamobrem
911 1501 1006 1557 ille
1038 1502 1249 1557 iterum
1284 1502 1424 1558 dicit
1455 1519 1468 1563 :
1519 1522 1540 1550 α
1574 1502 1757 1557 Omne
1804 1502 1960 1571 quod
1995 1510 2124 1574 pro-

478 1594 565 1649 dit
604 1609 671 1649 ex
721 1592 937 1664 aliquo,
972 1593 1298 1647 secundum
1334 1593 1412 1646 sit
1458 1592 1587 1663 eius
1638 1608 1876 1647 necesse
1923 1596 2013 1647 est
2056 1593 2125 1646 dc

479 1698 595 1755 quo
626 1682 841 1754 prodit,
875 1698 988 1736 non
1018 1680 1148 1736 ideo
1198 1685 1395 1735 tamen
1427 1684 1788 1752 separatum.
1820 1680 2126 1735 Secundus

478 1777 674 1829 autem
705 1770 827 1841 ubi,
858 1774 965 1839 est,
1000 1771 1115 1841 duo
1159 1774 1337 1838 sunt;
1387 1774 1445 1825 ct
1491 1769 1697 1825 tertius
1737 1770 1836 1824 ubi
1869 1774 1978 1839 est,
2007 1773 2127 1825 tres

477 1865 640 1919 sunt.
693 1859 927 1950 Tertius
974 1859 1130 1950 enim
1178 1863 1266 1915 est
1316 1858 1567 1950 Spiritus
1617 1877 1667 1950 a‘
1695 1865 1832 1950 Deo,
1863 1858 2129 1914 videlicet
2158 1886 2205 1950 Β

477 1952 648 2007 Patre
694 1953 753 2005 et
801 1948 945 2003 Filio
1002 1949 1157 2003 sicut
1209 1949 1420 2003 tertius
1464 1966 1498 2002 a
1547 1947 1739 2003 radice
1794 1948 2018 2003 fructus
2058 1964 2127 2003 ex

477 2039 707 2096 frutice.
741 2059 770 2089 »
800 2037 958 2107 (Ibid.
991 2053 1119 2108 cap.
1164 2038 1243 2108 8.)
1292 2041 1413 2091 Duo
1444 2041 1639 2092 autem
1672 2037 1753 2092 ibi
1782 2038 1969 2108 docet,
2000 2054 2124 2107 quae

478 2131 700 2185 attento
730 2129 883 2182 certe
915 2125 1113 2181 animo
1160 2126 1523 2181 observanda
1578 2129 1734 2181 sunt.
1786 2125 1937 2181 Dicit
1967 2126 2125 2181 enim

478 2216 666 2290 primo
698 2214 908 2271 Filium
944 2213 1043 2269 Dei
1077 2213 1259 2270 alium
1301 2230 1369 2269 ex
1407 2215 1610 2270 ordine
1641 2217 1966 2271 secundum
1998 2232 2126 2271 esse

478 2321 513 2363 a
568 2307 737 2362 Patre
794 2321 923 2373 suo,
956 2304 1091 2375 quia
1137 2305 1265 2376 ejus
1308 2308 1400 2360 est
1448 2308 1699 2360 aeternus
1748 2306 1972 2371 Sermo,
2024 2305 2124 2377 qui

479 2412 549 2453 ex
574 2394 735 2451 illius
784 2393 1087 2450 intellectu
1145 2397 1202 2449 et
1249 2393 1597 2466 cogitatione
1644 2395 1917 2467 prodivit,
1951 2398 2125 2466 atque

477 2485 695 2541 idcirco
726 2483 907 2539 Filius
938 2484 1064 2553 ejus
1095 2487 1203 2538 est.
1238 2484 1504 2539 Secundo
1536 2483 1617 2538 ait
1663 2484 1942 2554 Spiritum
1986 2500 2127 2538 san-

480 2578 643 2630 ctum
669 2589 800 2629 csso
830 2572 1089 2641 tertium,
1118 2572 1219 2643 qui
1263 2574 1334 2628 ab
1394 2576 1645 2644 utroque
1697 2574 1858 2628 Patre
1899 2577 1955 2627 et
1984 2571 2126 2627 Filio

481 2663 763 2736 procedit,
783 2664 1064 2734 tanquam
1094 2663 1305 2717 tertius
1338 2662 1563 2717 fructus
1595 2679 1662 2717 ex
1693 2662 1886 2717 radice
1915 2666 1973 2717 et
2003 2661 2126 2716 fru-

480 2752 594 2807 tice
628 2751 830 2807 oritur.
880 2753 953 2805 At
996 2767 1128 2805 cum
1161 2750 1239 2805 ibi
1274 2768 1388 2806 non
1420 2768 1588 2806 suam
1616 2754 1869 2821 tantum,
1904 2751 2004 2807 sed
2036 2754 2127 2806 to-

478 2842 601 2897 tius
623 2839 886 2897 Ecclesiaa
912 2838 1207 2896 catholici»
1238 2839 1589 2895 sententiam
1618 2844 1819 2896 contra
1847 2840 2127 2895 Praxeam

481 2930 821 2989 haereticum
862 2928 1111 3003 explicet
1153 2946 1219 2985 ac
1266 2932 1520 2997 tueatur,
1554 2930 1690 2985 inde
1719 2930 1975 3001 profecto
2005 2929 2128 2985 ροι-

479 3019 684 3092 ligitur
733 3018 896 3074 illam
966 3036 1000 3073 a
1056 3018 1407 3074 Christianis
1463 3019 1738 3075 omnibus
1790 3019 2127 3075 orthodoxis

484 3113 661 3181 atque
689 3107 823 3165 aliis
852 3108 1028 3164 etiam
1060 3124 1177 3163 non
1200 3109 1426 3175 eodem,
1451 3112 1551 3164 aut
1572 3109 1752 3164 simili
1783 3126 1849 3164 ac
1879 3109 2126 3164 Praxeas

487 3214 684 3255 errore
710 3197 943 3254 infectis
977 3201 1261 3253 assertam
1296 3214 1361 3253 ac
1390 3202 1842 3270 propugnatam.

560 3304 772 3361 Verum
806 3304 1045 3376 quidam
1087 3304 1373 3374 objiciunt
1423 3303 1503 3358 ibi
1531 3304 1959 3359 Tertullianum
2014 3320 2131 3361 non

494 3408 665 3466 agere
710 3394 782 3449 de
832 3393 1085 3465 Spiritus
1135 3394 1322 3448 sancti
1354 3392 1598 3462 origine,
1631 3394 1732 3448 sed
1766 3394 1836 3449 dc
1865 3410 2140 3467 persona-

2237 1304 2403 1359 Patre
2432 1309 2488 1359 et
2538 1303 2699 1374 Filio,
2756 1308 2932 1375 atque
2979 1303 3257 1374 Spiritum
3310 1306 3575 1356 sanctum
3623 1317 3653 1353 a
3698 1300 3838 1353 Patre

2237 1395 2545 1465 procedere
2578 1410 2679 1465 per
2708 1392 2935 1458 Filium,
2968 1408 3072 1448 cur
3099 1409 3211 1447 non
3235 1391 3411 1446 etiam
3434 1389 3840 1445 Tertullianus?

2233 1482 2510 1554 Nunquid
2568 1482 2725 1536 idem
2774 1481 3051 1554 loquendi
3101 1481 3311 1535 modus
3366 1480 3422 1533 in
3482 1496 3594 1533 uno
3642 1477 3840 1549 probari

2236 1576 2448 1644 potest,
2509 1576 2565 1626 et
2611 1571 2669 1625 in
2718 1570 2897 1625 altero
2952 1570 3252 1641 reprobari
3298 1574 3319 1625 Ρ
3369 1568 3615 1639 Uterque
3668 1567 3841 1638 igitur,

2236 1661 2388 1716 sicut
2418 1665 2567 1715 recte
2596 1660 2875 1730 Spiritum
2901 1664 3168 1715 sanctum
3197 1659 3347 1715 835
3379 1675 3413 1713 a
3443 1662 3607 1712 Patre
3635 1661 3686 1710 et
3705 1655 3841 1725 Filio,

2235 1751 2316 1805 ita
2346 1766 2379 1805 a
2408 1753 2577 1805 Patre
2601 1766 2699 1820 per
2728 1748 2938 1804 Filium
2964 1748 3273 1820 procedere
3303 1747 3595 1803 dixerunt.
3615 1745 3749 1800 Nam
3770 1744 3840 1798 Fi-

2237 1838 2373 1910 lius,
2422 1843 2705 1910 tanquam
2758 1839 2987 1894 medius
3036 1837 3188 1893 inter
3234 1837 3461 1893 Patrem
3508 1840 3563 1891 et
3594 1834 3840 1906 Spiritum

2235 1932 2523 1993 sanctum,
2558 1930 2628 1983 ab
2659 1928 2865 1984 eodem
2914 1930 3085 1981 Patre
3136 1925 3257 1982 solo
3308 1924 3659 1997 principium
3704 1938 3841 1978 acce-

2235 2016 2343 2089 pit,
2373 2021 2547 2089 atque
2579 2017 2650 2072 ab
2684 2016 2781 2072 illo
2824 2019 2882 2072 et
2910 2018 3076 2072 Patre
3125 2015 3385 2087 Spiritus
3424 2018 3656 2071 sanctus
3698 2028 3841 2067 suam

2235 2107 2399 2161 ducit
2426 2107 2734 2178 originem.
2769 2108 2970 2179 Itaque
3017 2104 3271 2177 Spiritus
3312 2108 3555 2159 sanctus
3602 2101 3793 2157 dicitur
3818 2116 3843 2154 α

2236 2196 2403 2252 Patre
2434 2198 2744 2268 procedere
2778 2212 2876 2267 per
2921 2194 3151 2261 Filium,
3186 2194 3285 2266 qui
3317 2193 3542 2264 origine
3587 2208 3688 2247 sua
3720 2192 3844 2245 inter

2236 2290 2554 2358 utrumque
2599 2290 2883 2358 tanquam
2934 2284 3188 2350 medius,
3231 2300 3264 2336 a
3305 2283 3476 2337 Patre
3524 2280 3746 2352 accepit,
3794 2281 3843 2332 ut

2235 2374 2488 2446 Spiritus
2533 2380 2774 2430 sanctus
2827 2375 2898 2431 ab
2948 2374 3075 2444 ipso
3121 2372 3422 2444 procedat.
3482 2369 3833 2436 Quamobrem

2237 2463 2358 2518 haec
2400 2464 2528 2535 ipsa
2584 2464 2876 2535 processio
2925 2480 3040 2518 uno
3090 2462 3420 2532 eodemque
3467 2460 3623 2515 modo
3671 2468 3770 2513 lam
3817 2471 3843 2509 a

2241 2558 2425 2623 Patre,
2456 2570 2627 2624 quam
2663 2570 2696 2608 a
2724 2552 2867 2608 Filio
2899 2552 3196 2607 derivatur
3225 2567 3292 2606 ac
3324 2549 3649 2605 deducitur.

2307 2643 2452 2706 Quia
2481 2643 2662 2714 igitur
2709 2642 2889 2697 Filius
2933 2641 3190 2697 Verbum
3238 2640 3402 2695 illius
3442 2643 3497 2694 et
3542 2638 3728 2693 Sermo
3755 2638 3843 2702 est,

2237 2732 2337 2803 qui
2368 2748 2436 2787 ex
2474 2732 2660 2787 Patris
2709 2730 3007 2786 intellectu
3032 2747 3135 2785 seu
3180 2728 3555 2801 cogitatione,
3587 2725 3744 2781 sicuti
3793 2740 3845 2778 ex

2235 2822 2487 2892 quadam
2535 2820 2775 2875 matrice
2821 2826 2877 2875 et
2923 2819 3095 2875 vulva
3125 2818 3405 2890 prodivit,
3448 2816 3581 2871 hinc
3610 2818 3747 2871 recte
3773 2810 3844 2865 Fi-

2235 2911 2351 2966 lius
2382 2911 2509 2981 ejus
2554 2914 2609 2965 et
2657 2910 2996 2981 unigenitus
3042 2909 3284 2981 proprie.
3320 2912 3390 2962 ut
3420 2905 3557 2962 alibi
3588 2904 3736 2971 dixit,
3762 2916 3844 2956 n0-

2236 3017 2359 3056 men
2390 3000 2522 3055 Filii
2550 3002 2755 3070 accepit
2783 2998 3046 3071 (Tertull.
3082 2998 3203 3053 adv.
3239 2998 3418 3051 Prax.
3468 3011 3589 3066 cap.
3636 2994 3705 3063 8).
3733 2988 3843 3060 Spi-

2238 3090 2383 3145 ritus
2427 3106 2560 3145 vero
2619 3093 2879 3153 sanctus,
2914 3087 3187 3159 quoniam
3221 3086 3292 3141 ab
3326 3090 3572 3155 utroque
3602 3077 3842 3155 procedit,

2237 3196 2343 3235 nec
2375 3179 2550 3234 unius
2582 3194 2650 3233 ex
2681 3177 2820 3245 illis,
2864 3194 2970 3232 nec
3029 3176 3337 3232 amborum
3394 3173 3572 3229 Filius
3626 3180 3848 3241 unquam

2161 3258 2204 3326 C
2244 3272 2334 3325 est
2362 3267 2710 3341 appellatus,
2744 3283 2849 3323 nec
2880 3265 3163 3338 appellari
3194 3265 3424 3320 debuit.

2865 3406 3181 3447 ARTlCULUS
3221 3407 3276 3446 V.

493 3499 625 3539 rum
660 3482 755 3537 SS.
791 3481 1095 3538 Trinitatis
1144 3481 1366 3549 ordine,
1403 3483 1461 3537 in
1504 3498 1618 3554 quo
1648 3482 1745 3537 ille
1773 3484 1983 3539 tertius
2015 3488 2131 3555 posi

2256 3508 2627 3571 Expommtur
2656 3506 2711 3556 et
2740 3502 3135 3556 examinantur
3172 3498 3430 3570 quendam
3476 3493 3733 3571 exempla,
3758 3486 3856 3561 qui-

494 3575 729 3627 Patrem
773 3570 1169 3627 constituitur.
1220 3573 1291 3625 At
1338 3587 1465 3640 cur,
1514 3588 1734 3642 quaeso,
1785 3573 1856 3628 ab
1916 3572 2008 3639 iis,
2043 3574 2144 3644 qui

495 3659 581 3715 sic
612 3663 889 3732 arguunt,
941 3659 1162 3715 omissa
1206 3659 1364 3715 fuere
1408 3660 1529 3716 haec
1577 3661 1999 3732 subsequentia
2037 3679 2145 3717 au-

496 3748 673 3804 ctoris
704 3747 893 3804 nostri
921 3749 1100 3803 verba
1132 3766 1144 3804 :
1186 3768 1207 3797 ι
1240 3748 1401 3804 Sicut
1445 3749 1655 3805 tertius
1712 3767 1745 3805 a
1792 3750 1985 3806 radice
2016 3752 2138 3805 fru-

496 3840 628 3893 ctus
675 3853 745 3893 ex
794 3836 1021 3906 frutice,
1073 3840 1131 3892 et
1177 3837 1389 3893 tertius
1437 3855 1470 3893 a
1519 3839 1678 3893 fonte
1725 3840 1884 3894 rivus
1933 3855 2000 3895 ex
2030 3841 2140 3895 flu-

494 3927 673 3998 mine,
706 3930 763 3983 et
791 3926 1001 3983 tertius
1035 3943 1067 3981 a
1104 3926 1225 3983 sole
1274 3944 1419 3999 apex
1450 3944 1517 3983 cx
1549 3929 1732 3997 radio,
1764 3930 1911 3985 nihil
1943 3934 2138 3986 tamen

494 4033 528 4073 a
579 4015 822 4072 matrice
870 4015 1179 4087 alienatur,
1212 4034 1245 4073 a
1273 4033 1387 4088 qua
1420 4016 1803 4091 proprietates
1839 4036 1979 4075 suas
2032 4021 2139 4075 du-

493 4105 620 4162 cit?
652 4127 682 4156 ››
732 4108 936 4160 Nonne
975 4110 1171 4161 autem
1223 4105 1343 4162 baac
1410 4108 1554 4163 satis
1603 4109 1921 4165 ostendunt
1968 4108 2136 4164 illum

492 4211 608 4251 non
641 4196 713 4251 de
747 4194 873 4251 solo
901 4194 1150 4267 Spiritus
1182 4195 1367 4250 sancti
1419 4196 1642 4265 ordine,
1671 4199 1771 4253 sed
1804 4199 1931 4269 ejus
1963 4199 2136 4254 etiam

493 4284 719 4356 origine
754 4283 960 4339 fecisse
987 4299 1321 4339 sermonem
1347 4283 1374 4338 ?
1416 4285 1497 4339 lbi
1530 4285 1825 4356 siquidem
1856 4286 1949 4341 his
1980 4304 2137 4342 com-

492 4372 898 4445 parationibus
962 4372 1244 4427 adversus
1296 4371 1570 4427 Praxeam
1628 4374 1996 4430 demonstrat
2052 4376 2135 4430 Fi-

491 4461 637 4516 lium
671 4461 792 4529 Dei,
816 4461 1045 4516 etiamsi
1081 4477 1113 4515 a
1144 4465 1311 4515 Patre
1340 4477 1446 4517 suo
1477 4477 1592 4516 non
1625 4462 1703 4517 sit
1731 4465 2138 4534 scparatus,ab

491 4565 559 4604 eo
598 4552 795 4605 tamen
845 4550 973 4605 ideo
1027 4549 1331 4621 distingui,
1381 4549 1518 4619 quia
1564 4566 1732 4605 suam
1765 4552 1836 4605 ab
1868 4551 1996 4622 ipso
2022 4553 2136 4607 ori-

2327 3565 2423 3630 bus
2471 3574 2835 3629 Tertullianus
2880 3572 3128 3627 divinam
3175 3565 3309 3625 Filii
3350 3571 3453 3626 Dei
3499 3565 3858 3638 generationem

2324 3648 2608 3715 explicare
2636 3653 2856 3701 conatus
2881 3647 2977 3699 est.

2327 3757 2468 3809 Cum
2499 3753 2696 3809 divina
2745 3752 2873 3807 Filii
2915 3751 3011 3807 Dei
3043 3750 3339 3823 generatio
3374 3753 3608 3821 captum
3642 3738 3856 3799 hominis

2250 3843 2421 3916 longe
2471 3846 2727 3915 superet,
2781 3858 2886 3898 nec
2937 3841 3125 3913 possit
3177 3838 3345 3894 facile
3399 3839 3471 3893 ab
3521 3853 3583 3892 eo
3633 3825 3856 3899 intelligi,

2249 3933 2387 3987 hinc
2416 3931 2813 3988 Tertullianus
2847 3934 3044 3985 noster
3075 3929 3238 3984 illam
3272 3927 3628 3999 quibusdam
3658 3931 3857 3989 compa-

2249 4022 2574 4078 rationibus
2622 4021 2950 4092 explanare,
3011 4024 3067 4074 et
3122 4018 3423 4073 illustrare
3465 4014 3726 4072 connisus
3770 4008 3855 4062 est.

2250 4113 2460 4168 Verum
2511 4111 2649 4181 quia
2707 4109 3154 4165 difﬁcultatibus
3208 4124 3322 4162 non
3376 4110 3597 4177 carent,
3642 4120 3671 4156 a
3722 4094 3858 4153 nobis

2250 4204 2390 4257 sunt
2418 4200 2843 4256 examinandis.
2884 4199 3146 4254 Primum
3183 4199 3383 4268 itaque
3416 4212 3513 4251 eas
3543 4194 3599 4249 in
3628 4190 3857 4262 Apologe-

2248 4291 2371 4357 lico,
2399 4290 2482 4345 sic
2517 4289 2789 4361 proponit
2822 4306 2835 4344 :
2876 4311 2897 4337 ι
2932 4291 3075 4342 Cum
3110 4286 3311 4342 radius
3345 4303 3380 4340 a
3413 4284 3533 4341 sole
3564 4276 3859 4361 porrigitur.

2249 4379 2436 4451 portio
2468 4394 2535 4433 ex
2568 4360 2823 4446 summa,
2858 4377 2956 4433 sed
2992 4376 3077 4432 sol
3110 4375 3219 4431 erit
3249 4375 3308 4429 in
3354 4375 3541 4441 radio,
3591 4368 3719 4443 quia
3744 4360 3859 4419 solis

2249 4472 2332 4523 est
2373 4468 2594 4534 radius,
2639 4484 2742 4523 nec
2792 4470 3101 4539 separatur
3150 4463 3505 4532 substantia,
3557 4459 3651 4515 sed
3696 4458 3860 4511 exten-

2249 4557 2455 4613 ditur:
2491 4558 2572 4611 ita
2619 4558 2688 4612 de
2738 4556 2960 4627 Spiritu
3022 4554 3300 4626 Spiritus,
3360 4558 3415 4608 et
3474 4552 3543 4606 de
3577 4549 3683 4604 Deo
3715 4548 3854 4600 Deus.

491 4635 689 4707 ginem
722 4637 904 4693 ducit.
941 4639 1088 4692 Tum
1144 4637 1279 4693 inde
1329 4639 1398 4693 ad
1445 4639 1697 4710 Spiritus
1730 4639 1915 4695 sancti
1949 4646 2139 4697 ortum
2175 4629 2221 4693 D
2256 4650 2317 4701 ut
2349 4646 2545 4701 lumen
2580 4647 2650 4701 dc
2703 4645 2929 4700 lumine
2979 4659 3310 4700 accensum.
3365 4642 3557 4697 Manet
3590 4638 3796 4704 integra
3818 4630 3862 4680 et

492 4721 791 4795 delapsus,
825 4724 1048 4788 eodem,
1083 4725 1165 4779 uti
1199 4725 1377 4796 vides,
1420 4726 1589 4795 plane
1621 4729 1793 4783 modo
1824 4745 2140 4800 argumen-

491 4812 672 4866 tatur.
732 4811 875 4866 Tam
910 4811 1089 4884 igitur
1137 4813 1208 4868 de
1255 4814 1509 4885 Spiritus
1558 4817 1769 4887 sancti,
1800 4834 1976 4890 quam
2014 4817 2141 4873 Filii

491 4898 718 4971 origine
747 4900 1030 4972 disputat.

564 4987 783 5060 Urgent
830 4988 1217 5044 nihilominus
1267 5007 1301 5046 a
1346 4991 1709 5050 Tertulliano
1753 4999 1926 5051 antea
1972 5012 2137 5067 aper-

490 5075 717 5134 tissime
738 5078 1106 5150 pronuntiari
1130 5094 1142 5132 :
1168 5078 1374 5136 Ortum
1398 5103 1425 5130 «
1450 5082 1732 5153 Spiritum
1763 5101 1878 5139 non
1902 5084 2138 5141 aliunde

488 5168 650 5237 puto,
685 5184 863 5238 quam
895 5184 927 5223 a
956 5167 1125 5222 Patre
1154 5184 1255 5239 per
1286 5168 1516 5225 Filium.
1548 5193 1575 5220 ››
1601 5172 1803 5244 (Idem,
1838 5190 1887 5229 c.
1923 5175 2001 5243 4.)
2025 5175 2133 5230 Sed

490 5255 748 5324 attende,
780 5272 1001 5327 quaeso,
1032 5272 1210 5326 quam
1244 5273 1452 5328 parum
1485 5261 1850 5318 considerate
1880 5262 2002 5318 hinc
2034 5264 2133 5318 ob-

475 5341 783 5415 jiciantur.
823 5344 970 5401 Nam
1017 5343 1294 5413 Hilarius,
1353 5350 1417 5401 ut
1463 5347 1548 5404 illi
1607 5350 1884 5421 fatentur,
1919 5352 2134 5409 diserte

486 5432 689 5488 docuit
721 5432 1008 5506 Spiritum
1058 5438 1329 5489 sanctum
1382 5452 1415 5491 a
1463 5437 1629 5493 Patre
1667 5444 1724 5496 et
1757 5441 1900 5497 Filio
1933 5458 2133 5513 proce-

487 5522 644 5591 dere,
677 5539 811 5579 eum
842 5522 1141 5595 scripserit
1174 5540 1240 5579 ;‹‹
1264 5525 1423 5590 Quod
1458 5526 1506 5581 si
1539 5527 1770 5585 differre
1801 5532 2135 5587 crederetur

486 5610 640 5667 inter
668 5612 926 5686 accipere
959 5630 992 5668 a
1024 5611 1163 5668 Filio
1214 5616 1270 5668 et
1317 5630 1349 5668 a
1397 5615 1563 5672 Patre
1613 5620 1939 5689 procedere,
1978 5624 2132 5676 certe

486 5698 545 5756 id
578 5701 771 5773 ipsum
802 5706 980 5777 atque
1022 5718 1206 5759 unum
1254 5718 1383 5760 esse
1430 5705 1864 5765 existimabitur
1919 5726 1952 5766 a
1987 5709 2129 5767 Filio

2251 4734 2536 4791 indefecta
2585 4732 2843 4789 materia:
2894 4733 3125 4800 matrix,
3158 4732 3267 4787 etsi
3310 4730 3508 4802 plures
3538 4726 3667 4781 inde
3694 4717 3859 4775 tradu'

2249 4839 2344 4880 ces
2402 4824 2757 4895 qualitatum
2815 4822 3148 4878 mutueris:
3196 4823 3279 4876 ita
3331 4826 3389 4876 et
3450 4816 3602 4889 quod
3662 4812 3725 4867 de
3766 4806 3859 4861 Deo

2249 4914 2571 4984 profectum
2621 4917 2729 4983 est,
2776 4916 2927 4967 Deus
2979 4914 3088 4983 est,
3143 4914 3203 4966 et
3253 4910 3348 4965 Dei
3402 4906 3600 4971 Filius,
3642 4904 3695 4956 et
3735 4906 3859 4984 unus

2246 4980 2474 5074 (supple
2506 5002 2683 5074 Deus)
2714 4980 2910 5056 ambo.
2948 5022 2969 5049 ι»
3007 4980 3254 5054 Tertull.
3294 4996 3620 5069 Apologetic.
3652 4980 3859 5074 (ιαμ-ξίν

2247 5069 2562 5162 ῥθέ.”399.)
2598 5069 2705 5145 sed
2757 5089 2877 5144 hac
2939 5087 3035 5143 ille
3081 5087 3272 5143 fusius
3325 5085 3471 5142 alibi
3505 5069 3859 5164 iisdemaliis:

2246 5195 2359 5250 que
2389 5180 2695 5235 enucleare
2737 5178 2928 5233 adhuc
2974 5181 3237 5232 conatur.
3288 5175 3609 5231 Audiamus
3654 5171 3859 5225 cum,5|

2244 5267 2443 5324 lubet:
2483 5292 2509 5319 «
2544 5268 2793 5323 Protulit
2833 5272 2980 5322 Deus
3011 5268 3348 5322 Sermonem
3396 5250 3858 5334 quemadmodum

2245 5358 2420 5413 etiam
2454 5357 2824 5430 (paracletus)
2875 5356 3061 5422 docet,
3109 5355 3263 5411 sicut
3315 5354 3479 5409 radix
3518 5335 3861 5434 fruticem,“

2242 5446 2373 5502 fons
2406 5446 2669 5514 ﬂuvium,
2702 5453 2761 5501 et
2810 5444 2898 5501 sol
2947 5445 3200 5500 radium.
3232 5448 3379 5500 Nam
3411 5446 3467 5497 et
3509 5440 3630 5494 ista:
3662 5436 3856 5514 specieB

2244 5535 2495 5607 probolae
2527 5537 2606 5607 (id
2642 5512 2750 5601 est,
2783 5534 2879 5590 ubi
2935 5533 3109 5606 paulo
3157 5539 3291 5589 ante
3346 5532 3586 5593 dixerat,
3612 5512 3856 5594 prolatio-

2242 5625 2367 5693 nes)
2398 5630 2539 5680 sunt
2578 5641 2778 5681 earum
2831 5624 3326 5692 substantiarum,
3374 5638 3439 5678 ex
3486 5615 3693 5688 quibus
3739 5617 3853 5702 ρτίξο

2242 5714 2442 5769 deunt.
2476 5718 2590 5771 Nec
2636 5712 3025 5771 dubitaverim
3074 5712 3284 5771 Filium
3337 5710 3521 5769 dicere
3568 5707 3624 5760 et
3662 5694 3853 5755 radici!
