4118 6182
318 356 435 417 9‘21

1244 351 1317 410 D.
1366 350 1463 409 LE
1508 348 1830 409 NOURRY
1875 342 2533 406 OBSERVATIONES
2580 340 2841 403 NOVAS.

3610 332 3727 393 922

319 490 614 556 fruticem,
648 493 705 543 et
733 487 910 543 fontis
942 486 1208 551 ﬂuvium,
1242 488 1298 540 et
1328 482 1471 540 solis
1504 482 1767 549 radium;
1830 478 1970 552 quia
1999 477 2055 545 Α
2084 477 2245 533 dium
2279 478 2410 548 ejus
2439 480 2559 532 tam
2612 475 2760 530 duas
2816 488 2909 527 res
2966 474 3023 526 et
3080 470 3228 526 duas
3274 466 3496 540 species
3548 464 3727 522 unius

320 579 515 634 omnis
548 577 712 649 origo
746 592 959 649 parcns
988 580 1113 643 est;
1147 579 1203 629 et
1232 590 1405 630 omne
1437 573 1591 644 quod
1624 588 1691 627 ex
1749 570 1973 643 origine

322 668 634 739 profertur,
692 666 996 739 progenies
1053 669 1178 731 est;
1210 662 1395 719 multo
1429 661 1619 733 magis
1647 665 1818 716 Servo
1850 659 1973 724 Dei,

322 758 424 829 qui
457 758 635 812 etiam
666 755 897 828 proprie
928 770 1140 809 nomen
1174 753 1301 808 Filii
1333 753 1579 823 accepit.
1611 751 1725 805 Nec
1757 750 1976 804 frutrex

322 851 522 902 tamen
553 863 586 900 a
619 845 839 908 radice,
864 860 967 898 nec
1001 842 1213 897 ﬂuvius
1244 859 1277 897 a
1309 843 1485 908 fonte,
1520 857 1623 895 nec
1682 838 1884 894 radius
1941 854 1974 892 a

323 935 446 991 sole
505 935 877 999 discernitur,
938 934 1091 988 sicut
1148 948 1253 987 nec
1299 948 1333 985 a
1366 931 1497 985 [Deo
1530 930 1754 985 Sermo.
1794 927 1975 999 Igitur

322 1024 651 1079 secundum
684 1039 885 1078 eorum
912 1023 1154 1077 formam
1178 1020 1453 1091 profiteor
1475 1035 1567 1073 me
1588 1019 1736 1072 duos
1760 1016 1972 1085 dicere,

322 1113 510 1168 Deum
542 1119 599 1168 et
624 1114 960 1168 Sermonem
993 1112 1141 1181 ejus,
1178 1115 1405 1165 Patrem
1432 1114 1488 1164 et
1522 1107 1728 1163 Filium
1761 1106 1971 1178 ipsius.

322 1202 471 1257 Nam
506 1207 561 1257 et
590 1202 756 1257 radix
785 1209 841 1257 et
871 1202 1058 1256 frutex
1088 1200 1215 1255 duae
1244 1216 1336 1253 res
1367 1202 1522 1265 sunt,
1576 1197 1677 1252 scd
1728 1196 1973 1264 conjun-

320 1296 445 1348 ctae.
500 1293 569 1346 Et
620 1292 751 1347 fons
806 1296 864 1346 et
895 1290 1107 1345 fluvius
1137 1290 1265 1344 duae
1298 1289 1522 1360 species
1556 1289 1716 1355 sunt,
1750 1285 1852 1340 sed
1884 1284 1974 1337 in—

316 1380 539 1436 divisae.
574 1381 641 1434 Et
672 1379 756 1435 soi
789 1385 846 1435 et
876 1379 1074 1434 radius
1106 1380 1235 1434 duae
1265 1379 1463 1432 formas
1491 1376 1762 1441 sunt,sed
1794 1373 1980 1430 oohaa'

316 1475 537 1525 rentes.
575 1490 599 1520 υ
638 1471 822 1541 (Idem
854 1470 979 1524 adv.
1013 1471 1191 1524 Prax.
1224 1484 1353 1538 cap.
1384 1468 1442 1534 8,
1480 1484 1611 1538 pag.
1644 1467 1797 1533 639.)

390 1562 465 1615 At
494 1559 699 1615 sedulo
730 1559 1161 1615 observandum
1199 1562 1289 1613 est
1343 1558 1451 1611 has
1504 1555 1974 1624 comparationes

321 1650 393 1704 ab
447 1653 683 1704 auctore
730 1653 928 1703 nostro
973 1647 1238 1720 proferri,
1273 1663 1387 1702 non
1418 1650 1700 1717 tanquam
1734 1645 1971 1700 omnino

321 1740 631 1811 perfectas,
664 1755 730 1794 ac
760 1738 930 1809 quasi
961 1737 1169 1792 divinae
1207 1736 1337 1791 Filii
1385 1734 1745 1807 generationi
1800 1733 1971 1806 plane

322 1828 715 1923 omnibusque
746 1827 938 1883 modis
968 1826 1194 1883 similes
1219 1826 1356 1881 sint.
1392 1826 1535 1880 Nam
1568 1828 1625 1881 et
1649 1824 1774 1897 ipse
1805 1823 1968 1879 dixit:
2004 1859 2050 1923 B

322 1940 352 1968 ‹‹
384 1916 563 1973 Multo
596 1917 783 1988 magis
812 1932 1005 1973 sermo
1036 1916 1159 1971 Dei.
1194 1935 1220 1967 ι
1272 1916 1491 1986 quibus
1542 1913 1736 1970 verbis
1783 1912 1971 1986 signi-

324 2008 461 2063 ﬁcat
506 2007 614 2062 has
666 2023 872 2063 omnes
910 2006 1064 2062 836
1096 2006 1566 2077 comparationes
1598 2021 1723 2060 esse
1753 2005 1970 2075 imper-

323 2097 523 2153 fectas.
562 2097 631 2151 Et
661 2113 794 2151 vero
828 2097 961 2168 quis
995 2096 1218 2152 nesciat
1246 2094 1378 2150 illas
1426 2098 1656 2150 tantum
1707 2094 1861 2149 inter
1909 2109 1970 2148 se

322 2187 578 2251 differre,
633 2190 920 2258 quantum
952 2204 985 2241 a
1006 2186 1272 2241 Creatore
1302 2185 1481 2240 distat
1510 2182 1813 2240 creatura?
1846 2184 1967 2239 Non

321 2275 553 2348 putavit
582 2275 761 2347 igitur
790 2276 863 2330 iis
896 2292 1065 2346 posse
1096 2274 1333 2330 omnino
1363 2272 1641 2345 explicari
1691 2273 1823 2328 Filii
1870 2273 1967 2328 Dei

317 2365 777 2435 generationem,
832 2366 933 2421 sed
995 2369 1058 2419 ut
1110 2364 1505 2436 qualicunque
1558 2365 1731 2419 modo
1781 2379 1845 2418 ac
1877 2379 1965 2419 se-

319 2456 580 2509 cundum
612 2453 879 2510 infirmas
909 2453 1128 2526 ingenii
1161 2454 1346 2509 nostri
1384 2452 1536 2508 vires
1579 2469 1706 2508 eam
1755 2451 1969 2509 intelli-

321 2559 554 2615 gamus.

394 2632 615 2688 Deinde
647 2649 776 2689 vero
803 2633 924 2689 haec
956 2632 1221 2704 exempla
1252 2633 1324 2688 ab
1357 2632 1456 2687 illo
1478 2649 1594 2687 non
1619 2632 1973 2689 adhibentur

322 2722 383 2777 in
416 2722 712 2792 omnibus,
747 2722 847 2778 sed
882 2722 939 2776 in
968 2721 1265 2793 aliquibus
1313 2725 1542 2777 tantum
1594 2722 1791 2791 rebus,
1845 2739 1972 2792 quae

323 2813 393 2867 ad
454 2812 711 2866 divinam
770 2816 1037 2881 spectant
1094 2811 1219 2867 Filii
1269 2812 1731 2884 generationem.
1765 2811 1975 2867 Omnia

324 2902 621 2955 enimvero
652 2901 755 2956 illa
794 2918 859 2957 eo
918 2902 1204 2956 duntaxat
1250 2902 1523 2971 tendunt,
1585 2904 1651 2956 ut
1706 2900 1977 2956 ostendat

326 2989 539 3045 Filium
572 2990 697 3061 Dei,
730 2991 839 3045 etsi
869 3008 901 3044 a
932 2995 1100 3045 Patre
1133 3007 1238 3046 suo
1273 2990 1616 3062 prodeat,ab
1646 2990 1744 3045 illo
1776 2994 1973 3045 tamen

326 3097 442 3135 non
476 3096 605 3136 esse
635 3085 998 3151 separatum,
1032 3096 1136 3135 nec
1166 3080 1443 3135 divisum.
1476 3080 1787 3150 PrOpterea
1817 3080 1972 3135 enim

318 3170 478 3241 quod
512 3170 719 3234 frutex,
755 3169 838 3223 uti
868 3168 966 3224 ille
998 3168 1098 3238 ait,
1131 3185 1165 3223 a
1191 3168 1406 3233 radice,
1460 3168 1670 3221 ﬂuvius
1701 3184 1768 3223 ex
1794 3168 1972 3236 fonte,

320 3258 530 3313 radius
559 3274 628 3313 ex
659 3257 781 3313 sole
814 3258 1124 3329 prodeunt,
1154 3272 1260 3312 nec
1301 3274 1335 3312 a
1383 3272 1444 3312 se
1498 3256 1745 3312 invicem
1804 3273 1972 3328 sepa-

320 3352 549 3415 rantur,
608 3352 710 3403 aut
765 3347 1127 3415 dividuntur,
1151 3346 1252 3403 sed
1285 3346 1398 3401 sibi
1429 3347 1889 3417 conjunguntur,
1919 3349 1976 3401 et

318 3436 450 3493 sine
482 3435 645 3491 nulla
675 3435 957 3491 divisione
988 3434 1314 3502 cohaerent;
1344 3435 1479 3489 hinc
1510 3435 1771 3491 hominis
1799 3434 1971 3492 intel-

321 3526 517 3582 lectus
547 3543 613 3581 eo
646 3526 857 3580 adduci
890 3529 1104 3597 potest,
1136 3528 1197 3579 ut
1227 3541 1332 3596 pro
1364 3524 1617 3581 infirmis
1668 3524 1840 3597 plane
1889 3525 1969 3580 vi-

319 3614 487 3669 ribus
518 3619 832 3686 cognoscat
862 3614 960 3669 Dei
993 3613 1225 3680 Filium,
1259 3614 1531 3685 quamvis
1562 3631 1595 3669 a
1624 3613 1791 3669 Patre
1834 3631 1971 3686 pro-

316 3705 476 3769 deat,
511 3705 581 3760 ab
613 3720 679 3760 eo
711 3721 824 3761 non
856 3705 1143 3776 separari,
1196 3704 1298 3759 sed
1358 3703 1587 3759 infinite
1644 3704 1970 3775 perfectiori

315 3795 516 3859 modo,
579 3810 756 3865 quam
815 3810 907 3849 res
964 3793 1098 3849 illas
1157 3810 1486 3864 corporeas,
1529 3793 1643 3863 ipsi
1672 3809 1803 3849 esse
1834 3810 1970 3849 con-

304 3883 611 3952 junctum,
656 3886 831 3953 atque
860 3881 931 3936 ab
966 3897 1031 3935 eo
1066 3879 1300 3952 penitus
1332 3878 1671 3936 indivisum.

388 3990 488 4047 Sic
518 3990 693 4046 etiam
729 3993 930 4060 postea
960 3987 1076 4055 ille,
1114 3992 1177 4042 ut
1206 3987 1515 4042 confirmet
1547 3985 1754 4042 Filium
1787 3988 1888 4043 Dei
1938 4004 1972 4044 a

315 4084 493 4137 Patre
524 4080 805 4152 separari,
836 4077 1073 4133 tametsi
1106 4078 1176 4133 ab
1207 4075 1307 4131 illo
1356 4076 1553 4131 divina
1598 4076 1971 4148 generatione

315 4170 547 4237 exierit,
609 4148 805 4241 ipsdm
864 4168 945 4223 ita
986 4166 1324 4238 loquentem
1355 4166 1673 4222 introducit
1705 4185 1771 4223 :«
1810 4167 1968 4222 Exivi

318 4278 352 4316 a
410 4260 602 4326 Patre,
664 4264 729 4313 ut
785 4258 989 4313 radius
1038 4274 1105 4313 ex
1137 4256 1277 4325 sole,
1314 4260 1379 4311 ut
1409 4256 1569 4312 rivus
1599 4274 1667 4312 ex
1697 4257 1873 4324 fonte,
1907 4260 1971 4311 ut

317 4351 515 4405 frutex
545 4366 613 4405 ex
644 4348 884 4403 semine.
921 4368 949 4397 »
982 4346 1139 4416 (Ibid.
1174 4362 1300 4416 cap.
1332 4346 1449 4418 22.)
1478 4345 1630 4401 Alibi
1683 4362 1815 4401 vero
1873 4362 1968 4401 ea-

315 4440 452 4495 dem
490 4437 632 4493 solis
663 4442 721 4492 et
749 4435 897 4491 radii
930 4435 1367 4506 comparatione
1398 4434 1526 4490 ideo
1573 4437 1805 4489 tantum
1854 4434 1968 4488 uti-

315 4535 432 4596 tur,
497 4531 563 4584 ut
613 4527 977 4581 demonstret
1034 4526 1129 4581 Dei
1164 4542 1377 4581 nomen
1413 4542 1526 4579 non
1555 4523 1840 4580 creaturis
1873 4524 1970 4578 tri-

2086 566 2350 622 indivisre
2382 564 2725 621 substantiae
2753 561 3276 631 numerabo,quam
3302 557 3485 612 Deum
3515 558 3572 611 et
3600 559 3727 610 Serv

2084 672 2318 711 monem
2378 656 2525 726 ejus,
2586 670 2761 726 quam
2814 652 3043 707 Patrem
3102 652 3158 704 et
3216 647 3449 703 Filium.
3484 665 3509 698 ι)
3543 645 3717 718 (Ibid.

2084 762 2213 817 cap.
2250 746 2363 813 13.)

2155 856 2353 924 Neque
2384 851 2461 906 ibi
2496 850 2595 907 ille
2625 848 2806 915 stetit,
2839 847 2938 903 sed
2973 846 3044 901 ad
3076 842 3235 898 illam
3268 845 3543 896 aeternam
3592 842 3729 896 Ver-

2082 941 2142 997 bi
2174 942 2351 995 divini
2381 940 2835 1013 [generationem
2892 952 3097 991 rursus
3151 932 3556 1005 explicandam
3615 930 3729 986 alia

2085 1048 2231 1086 usus
2262 1035 2351 1086 est
2378 1030 2845 1102 comparatione;
2880 1043 3006 1098 quae
3039 1022 3440 1096 quidem,licet
3470 1020 3729 1093 superio-

2084 1120 2248 1175 ribus
2275 1120 2445 1192 longe
2478 1119 2781 1191 perfectior
2819 1117 2917 1184 sit,
2949 1132 3077 1170 eam
3127 1119 3323 1169 tamen
3374 1111 3566 1166 adhuc
3614 1111 3726 1165 im-

2083 1210 2398 1281 perfectam
2457 1225 2586 1264 esse
2642 1208 2832 1280 palam
2892 1206 3216 1278 profitetur.
3277 1202 3362 1256 Ab
3405 1200 3503 1256 illo
3530 1204 3726 1255 autem

2084 1298 2414 1354 desumitur
2444 1314 2512 1353 ex
2542 1296 2815 1351 interiore
2846 1294 3103 1351 hominis
3135 1307 3402 1349 sermone
3434 1307 3499 1345 ac
3528 1290 3723 1355 verbo,

2085 1394 2261 1460 atque
2292 1388 2375 1443 ita
2404 1391 2851 1459 argumentatur
2882 1402 2894 1439 :
2935 1408 2955 1435 α
2989 1384 3136 1438 Vide
3184 1398 3318 1436 cum
3372 1380 3583 1435 tacitus
3643 1385 3725 1433 te—

2083 1494 2217 1533 cum
2251 1478 2372 1549 ipse
2404 1477 2797 1550 congrederis,
2832 1476 3054 1530 ratione
3083 1473 3191 1527 hoc
3226 1470 3420 1543 ipsum
3451 1467 3542 1539 agi
3576 1467 3729 1521 intra

2082 1570 2158 1634 te,
2191 1571 2529 1623 occurrente
2560 1583 2628 1622 ea
2692 1566 2799 1622 tibi
2852 1582 2986 1621 cum
3042 1577 3310 1619 sermone
3364 1560 3434 1616 ad
3494 1573 3725 1615 omnem

2081 1656 2369 1728 cogitatus
2418 1656 2504 1710 tui
2552 1660 2799 1725 motum,
2850 1658 2907 1710 et
2955 1654 3027 1708 ad
3087 1667 3318 1707 omnem
3377 1666 3587 1705 sensus
3640 1647 3725 1702 tui

2082 1744 2343 1818 pulsum.
2377 1746 2777 1817 Quodcunque
2806 1742 3366 1815 cogitaveris,sermo
3397 1742 3517 1803 est;
3546 1737 3727 1808 quod-

2081 1852 2311 1907 cunque
2341 1835 2618 1903 senseris,
2645 1834 2792 1890 ratio
2818 1837 2923 1889 est.
2972 1829 3249 1902 Loquaris
3297 1826 3441 1881 illud
3490 1826 3548 1881 in
3600 1825 3724 1879 ani-

2082 1941 2178 1979 mo
2211 1941 2447 1980 necesse
2479 1929 2587 1993 est,
2639 1928 2696 1979 et
2754 1924 2895 1978 dum
2954 1919 3231 1992 loqueris,
3292 1914 3723 1972 conlocutorem

2081 2014 2300 2085 pateris
2333 2029 2687 2081 sermonem,
2720 2012 2779 2066 in
2839 2028 2954 2083 quo
3011 2010 3165 2065 inest
3193 2008 3316 2063 haec
3372 2005 3499 2077 ipsa
3554 2002 3722 2073 ratio,

2081 2119 2260 2175 quam
2293 2120 2425 2157 cum
2457 2119 2523 2158 eo
2555 2104 2818 2175 cogitans
2847 2099 3240 2172 loquaris,per
3269 2111 3443 2168 quem
3476 2094 3724 2165 loquens

2078 2191 2319 2263 cogitas.
2353 2192 2438 2247 Ita
2463 2192 2756 2247 secundus
2789 2187 3223 2262 quodammoda
3252 2186 3309 2240 in
3366 2192 3417 2239 te
3466 2188 3555 2239 est
3602 2198 3723 2238 ser-

2079 2297 2195 2347 mo,
2258 2298 2358 2352 per
2415 2298 2589 2353 quem
2648 2280 2905 2353 loqueris
2962 2277 3291 2350 cogitando,
3333 2278 3390 2329 et
3415 2289 3516 2344 per
3546 2287 3721 2342 quem

2079 2370 2300 2443 cogitas
2332 2370 2657 2442 loquendo;
2690 2371 2815 2442 ipse
2871 2385 3065 2424 sermo
3118 2366 3268 2422 alius
3324 2368 3431 2419 est.
3494 2364 3720 2427 Quanto

2079 2474 2216 2531 ergo
2275 2460 2511 2531 plenius
2568 2460 2676 2515 hoc
2734 2460 2914 2531 igitur
2970 2458 3029 2512 in
3086 2458 3216 2522 Deo,
3262 2457 3432 2523 cuius
3469 2452 3616 2508 831
3655 2455 3717 2505 tu

2081 2565 2315 2621 quoque
2350 2551 2541 2620 imago
2572 2553 2629 2604 et
2658 2548 2984 2603 similitudo
3015 2543 3292 2610 censeris,
3328 2542 3479 2611 quod
3509 2540 3723 2596 habeat

2082 2639 2140 2693 in
2180 2656 2242 2694 se
2271 2639 2517 2695 tacendo
2576 2638 2905 2705 Rationem,
2966 2638 3023 2691 et
3079 2635 3137 2688 in
3196 2632 3436 2688 Ratione
3491 2634 3721 2685 Sermo-

2082 2728 2251 2782 neml
2286 2728 2446 2797 (Ibid.
2481 2744 2607 2800 cap.
2640 2729 2694 2797 5,
2725 2744 2855 2799 pag.
2885 2727 3036 2793 637.)
3068 2723 3150 2779 Ibi
3179 2727 3373 2778 autem
3404 2721 3501 2775 ille
3532 2726 3726 2776 osten-

2084 2817 2168 2871 dit
2198 2818 2402 2887 Deum,
2436 2817 2536 2888 qui
2569 2821 2779 2872 natura
2808 2834 2914 2871 sua
2946 2812 3247 2869 rationalis
3287 2816 3376 2867 est
3431 2812 3502 2866 ab
3560 2815 3725 2865 arter-

2084 2925 2157 2963 no
2218 2907 2522 2962 Rationem
2584 2912 2639 2962 et
2698 2908 3035 2962 Sermonem
3092 2903 3246 2957 intra
3303 2919 3365 2956 se
3422 2900 3720 2966 habuisse,

2084 3013 2258 3067 quem
2324 2997 2542 3068 profert
2573 2998 2711 3051 dum
2747 2995 2981 3065 cogitat,
3016 2999 3190 3063 atque
3222 2992 3438 3047 idcirco
3469 2989 3622 3045 alius
3651 2989 3721 3044 ab

2084 3086 2211 3157 ipso
2243 3091 2351 3153 est,
2386 3086 2655 3157 quamvis
2687 3084 2994 3155 utriusque
3023 3084 3225 3138 eadem
3258 3081 3336 3136 sit
3393 3079 3726 3134 substantia

2086 3179 2142 3230 et
2173 3178 2400 3228 natura.
2434 3174 2575 3238 Quis
2604 3178 2798 3228 autem
2855 3171 3018 3227 facile
3075 3189 3188 3226 non
3246 3169 3525 3224 concedat
3578 3167 3724 3223 illud

2083 3263 2278 3335 aptius
2307 3280 2373 3318 ac
2402 3262 2761 3318 luculentius
2791 3278 2905 3317 non
2938 3261 3199 3333 potuisse
3242 3257 3495 3330 probari,
3547 3273 3723 3327 quam

2081 3351 2190 3408 hac
2223 3352 2520 3407 interioris
2561 3351 2866 3407 hominum
2912 3349 3069 3405 verbi
3122 3365 3185 3403 ac
3230 3346 3520 3403 sermonis
3569 3361 3725 3399 com-

2082 3441 2382 3512 paratione
2404 3440 2432 3495 ?
2464 3442 2524 3495 In
2555 3440 2665 3495 hoc
2696 3440 2875 3504 enim,
2909 3439 2989 3493 uti
3023 3437 3121 3493 ille
3151 3437 3249 3506 ait,
3282 3435 3457 3490 homo
3488 3438 3578 3489 est
3622 3433 3725 3489 Dei

2080 3529 2275 3602 imago
2328 3534 2383 3585 et
2430 3528 2771 3584 similitudo.
2830 3532 3249 3583 Verumtamen
3308 3526 3523 3580 fatetur
3575 3523 3728 3579 hanc

2079 3619 2268 3689 ipsam
2302 3618 2796 3690 comparationem
2833 3633 2960 3673 esse
2987 3616 3157 3688 plane
3189 3614 3609 3686 imperfectam,
3661 3626 3727 3667 ac

2079 3705 2253 3777 longe
2304 3705 2549 3776 pleniori
2596 3705 3043 3778 perfectiorique
3089 3703 3261 3758 modo
3291 3702 3532 3757 verbum
3564 3699 3659 3755 Dei
3692 3717 3726 3755 a

2081 3796 2197 3851 Deo
2231 3796 2417 3864 Patre,
2454 3813 2626 3867 quam
2658 3795 2916 3851 hominis
2946 3794 3191 3850 verbum
3223 3793 3294 3849 ab
3324 3792 3563 3849 homine
3589 3807 3725 3865 pro-

2081 3886 2239 3941 ferri.

2154 3994 2329 4048 Porro
2387 3996 2583 4048 autem
2642 4008 2711 4047 ex
2769 3992 3049 4047 hactenus
3109 3991 3281 4045 dictis
3346 3990 3726 4045 manifestum

2081 4082 2357 4139 omnibus
2383 4082 2715 4152 esseidebet
2765 4098 2799 4135 a
2845 4079 3223 4146 Tertulliano,
3249 4080 3370 4134 sive
3416 4076 3725 4142 catholico,

2080 4172 2199 4228 sive
2230 4171 2721 4227 Montanistarum
2752 4170 2999 4234 fautore,
3031 4167 3503 4224 constantissime
3536 4183 3725 4223 asser-

2078 4266 2199 4317 tam
2252 4276 2592 4334 supremam
2650 4259 2777 4314 Filii
2837 4259 2938 4314 Dei
2994 4263 3052 4314 et
3104 4257 3275 4312 Verbi
3338 4257 3723 4311 divinitatem.

2079 4355 2290 4423 Aperte
2338 4351 2648 4421 siquidem,
2703 4349 2787 4404 uti
2826 4348 3104 4417 vidimus,
3138 4348 3303 4402 docet
3330 4345 3495 4400 illum
3530 4344 3726 4399 divina

2079 4440 2268 4496 Patris
2300 4440 2391 4495 sui
2424 4438 2775 4510 cogitatione
2802 4441 3165 4510 generatum,
3209 4434 3436 4506 hacque
3482 4449 3725 4505 genera-

2080 4529 2237 4584 tione
2267 4528 2445 4583 alium
2482 4529 2716 4599 quidem
2750 4542 2879 4582 esse
2911 4544 2944 4580 a
2980 4526 3163 4590 Patre,
3200 4526 3305 4579 hoc
3335 4528 3424 4578 est
3479 4540 3728 4594 persona

316 4618 643 4684 buendum,
678 4616 778 4672 sed
813 4615 967 4671 Patri
1000 4619 1214 4670 aeterno
1244 4616 1493 4685 ejusque
1523 4613 1688 4681 Filio,
1713 4630 1967 4685 quorum
2001 4603 2048 4665 Ι)
2080 4618 2447 4687 distinctum,
2506 4617 2607 4672 sed
2667 4615 2905 4671 minime
2963 4613 3217 4669 divisum
3270 4630 3335 4667 ac
3364 4616 3723 4682 separatum,

315 4725 436 4763 una
469 4707 705 4762 omnino
738 4709 828 4761 est
859 4705 1213 4761 substantia.
1246 4705 1488 4760 Praestat
1519 4708 1715 4759 autem
1745 4704 1963 4776 (ipsum

315 4798 439 4853 haec
476 4799 847 4852 enarrantem
875 4794 1078 4850 audire
1111 4811 1124 4850 :
1165 4816 1186 4843 α
1249 4795 1413 4859 Deos,
1465 4792 1678 4864 inquit,
1725 4792 1965 4849 omnino

315 4904 433 4943 non
480 4885 693 4952 dicam,
750 4901 855 4940 nec
902 4884 1190 4951 dominos,
1227 4884 1328 4939 sed
1354 4882 1694 4954 Apostolum
1729 4898 1964 4954 sequar,

317 4981 384 5031 ut
413 4976 464 5031 si
516 4974 735 5047 pariter
784 4973 1123 5029 nominandi
1172 4972 1389 5029 fuerint
1436 4972 1607 5026 Pater
1657 4976 1714 5027 et
1762 4971 1965 5040 Filius,

316 5066 503 5122 Deum
560 5065 784 5119 Patrem
831 5062 1141 5135 appellem,
1192 5067 1249 5118 et
1295 5062 1500 5118 Jesum
1531 5061 1827 5117 Christum
1858 5061 1966 5116 Do-

320 5156 551 5211 minum
584 5152 905 5209 nominem.
938 5152 1138 5209 Solum
1171 5156 1365 5208 autem
1418 5151 1717 5206 Christum
1768 5155 1967 5223 potero

324 5247 507 5301 Deum
566 5244 782 5309 dicere,
842 5242 995 5299 sicut
1052 5243 1205 5297 idem
1266 5240 1626 5313 Apostolus:
1661 5240 1969 5311 Exquibu:

323 5335 593 5403 Christus,
626 5334 851 5404 quiest,
887 5330 1098 5403 inquit,
1146 5331 1286 5386 Deus
1339 5345 1501 5401 super
1556 5331 1747 5385 omnia
1810 5329 1967 5385 bene-

316 5426 494 5481 dictus
525 5424 589 5479 in
616 5437 799 5479 aevum
820 5437 996 5478 omne.
1024 5425 1167 5476 Nam
1190 5424 1245 5475 et
1262 5420 1493 5475 radium
1517 5418 1661 5475 solis
1699 5434 1966 5475 seorsum

321 5515 504 5570 solem
540 5512 755 5567 vocabo
792 5529 804 5567 :
838 5510 1019 5567 solem
1054 5513 1248 5565 autem
1285 5508 1617 5577 nominans,
1654 5508 1826 5579 cujus
1881 5510 1971 5563 est

320 5604 669 5672 radius,non
696 5600 897 5657 statim
920 5605 977 5657 st
1007 5600 1238 5656 radium
1270 5598 1455 5655 solem
1487 5598 1968 5671 appellabo.Nam

318 5693 428 5752 etsi
455 5690 611 5750 soles
642 5691 792 5749 duos
823 5707 938 5749 non
971 5690 1202 5761 faciam,
1236 5691 1432 5747 tamen
1462 5692 1520 5746 et
1550 5687 1732 5746 solem
1771 5692 1829 5745 et
1882 5704 1971 5743 ra-

2077 4706 2556 4779 quandoquidem
2590 4722 2707 4759 una
2736 4710 2794 4759 et
2824 4705 3025 4759 eadem
3049 4703 3289 4758 omnino
3312 4706 3401 4757 est
3424 4700 3727 4770 utriusque

2078 4794 2405 4851 substantia
2437 4798 2492 4848 et
2523 4797 2754 4862 natura,
2793 4797 2942 4847 Deus
2972 4792 3186 4863 quippe
3216 4789 3480 4857 Pater,ab
3512 4796 3725 4843 aeterno

2078 4882 2401 4951 rationalis,
2434 4883 2560 4937 sine
2591 4881 2940 4954 cogitatione
2970 4897 3097 4936 esse
3154 4894 3456 4950 nunquam
3519 4878 3727 4947 potuit,

2078 4979 2254 5045 atque
2308 4972 2521 5028 idcirco
2579 4973 2707 5043 ejus
2767 4971 3025 5027 Verbum
3079 4969 3234 5041 quod
3265 4968 3420 5023 idem
3453 4983 3517 5023 ac
3546 4966 3729 5039 ipsias

2078 5061 2350 5134 cogitatio
2382 5066 2491 5129 est,
2543 5063 2716 5117 debet
2773 5060 2858 5115 illi
2916 5077 3045 5116 esse
3102 5054 3603 5115 consubstantiale
3660 5072 3726 5111 ac

2077 5157 2447 5209 coaeternum.
2497 5151 2700 5206 Nonne
2732 5166 2869 5221 ergo
2902 5150 3011 5205 hac
3044 5149 3172 5221 ipsa
3198 5147 3370 5220 plane
3405 5146 3607 5202 eadem
3640 5148 3728 5201 est

2078 5258 2143 5298 ac
2175 5240 2404 5296 concilii
2435 5238 2650 5294 Nicani
2682 5238 3077 5295 sententia?ln
3109 5237 3289 5308 hujus
3320 5236 3537 5309 quippe
3568 5251 3725 5307 sym-

2078 5330 2209 5387 bolo
2242 5328 2526 5387 statuitur
2555 5329 2910 5384 credendum
2944 5344 3070 5382 esse
3104 5349 3129 5378 ‹‹
3162 5327 3221 5381 in
3281 5342 3467 5381 unum
3528 5321 3725 5378 Domi-

2079 5436 2221 5476 num
2252 5421 2451 5475 Jesum
2482 5418 3017 5486 Christum,natum
3045 5415 3116 5471 de
3133 5419 3300 5471 Patre
3327 5413 3722 5486 unigenitum,

2077 5510 2187 5566 hoc
2218 5513 2324 5577 est,
2358 5524 2425 5563 ex
2456 5506 2791 5563 substantia
2823 5506 3030 5575 Patris,
3064 5505 3245 5560 Deum
3277 5507 3345 5560 de
3377 5500 3717 5566 Deo,lumen

2079 5600 2150 5654 de
2182 5598 2403 5654 lumine
2436 5596 2568 5670 (vel,
2626 5597 2780 5652 sicut
2829 5597 2909 5652 ait
2963 5593 3379 5660 Tertullianus,
3440 5589 3714 5660 Apologct.

2081 5705 2129 5746 c.
2184 5689 2275 5758 21,
2334 5704 2392 5760 p.
2450 5687 2577 5755 399,
2637 5694 2697 5743 ut
2755 5687 2937 5743 lumen
2995 5684 3062 5741 de
3118 5684 3326 5739 lumine
3390 5680 3719 5750 accensum),
