4118 6182
439 376 555 437 923

973 376 1495 437 TElt'l‘ULLlANl
1541 376 1861 436 OPEBUM
1911 376 2109 437 PARS
2154 375 2201 436 Ι.
2239 405 2314 421 -ο
2344 374 2617 435 SERIES
2664 375 2712 451 Ι,
2757 371 3317 435 APOLOGETICA.

3693 378 3795 437 924

445 509 628 563 Deum
664 524 865 563 verum
899 526 965 563 ex
996 508 1108 563 Deo
1138 525 1292 572 vere,
1343 508 1631 580 genitum,
1685 526 1799 564 non
1850 509 2092 574 factum,
2125 510 2175 576 Α
2208 507 2587 579 expendenda
2617 512 2756 563 sunt
2787 510 3150 577 argumenta,
3183 521 3306 576 quae
3337 504 3499 561 nobis
3527 523 3556 561 a
3579 506 3796 579 Petavio,

449 597 1009 654 consubstantialem
1046 598 1217 653 Patri.
1256 623 1276 651 ι

1049 758 1364 796 ARTICULUS
1412 760 1486 796 VI.

445 830 849 901 Expenduulur
878 832 1268 901 solvunturqae
1313 835 1661 901 argumenta,
1714 831 1908 901 quibus
1954 847 2093 884 non-

517 904 665 956 nulli
712 903 953 972 probare
999 906 1254 957 nituntur
1286 904 1675 972 tabe/actutum
1700 906 1873 971 fuisse
1904 922 1937 955 (ι
1971 904 2092 955 Ter-

519 975 757 1030 tulliano
780 974 1135 1029 orthodoxam
1164 975 1227 1028 de
1275 992 1529 1045 suprema
1576 976 1708 1029 Filii
1756 978 1851 1029 Dei
1894 974 2095 1028 divini-

519 1050 627 1100 tate
650 1046 973 1111 doctrinam,
1009 1049 1135 1116 quia
1169 1048 1317 1100 dixit
1340 1048 1501 1101 illum
1532 1048 1733 1100 divina’.
1761 1047 2094 1101 substantia?

517 1134 631 1173 esse
658 1120 985 1188 portionem,
1020 1134 1144 1188 quae
1174 1120 1231 1172 in
1259 1124 1419 1173 Patre
1451 1124 1561 1173 tota
1591 1124 1689 1173 est.

518 1262 866 1333 Quanquam
900 1261 1219 1316 orthodoxa
1250 1262 1509 1331 omnino,
1537 1262 1707 1317 sicuti
1740 1261 2093 1333 eXplicatum

445 1351 739 1418 est,fuerit
768 1350 1113 1405 Tertulliani
1151 1352 1219 1405 de
1252 1367 1529 1422 suprema
1557 1352 1729 1405 Verbi
1766 1356 1820 1405 et
1844 1351 1969 1405 Filii
1996 1350 2095 1404 Dei

446 1440 747 1494 divinitate
797 1446 1127 1511 mternaque
1174 1440 1545 1511 generatione
1596 1441 1883 1496 sententia
1919 1455 1931 1495 :
1967 1439 2096 1510 qui-

446 1529 580 1584 dam
616 1528 1023 1598 nihilominus,
1055 1530 1227 1585 etiam
1260 1528 1529 1585 catholici
1581 1530 1757 1600 hujus
1806 1528 2097 1601 dogmatis

446 1622 770 1673 assertores
802 1617 965 1672 illum
1000 1635 1116 1673 non
1151 1618 1380 1673 minimi
1414 1619 1675 1690 quidem,
1718 1620 1821 1673 sed
1872 1618 2096 1689 gravis-

449 1706 584 1762 simi
623 1707 837 1762 erroris
890 1709 1165 1762 audacter
1214 1714 1519 1763 accusant.
1561 1708 1618 1762 Si
1669 1707 1823 1762 enim
1869 1706 2098 1763 Petavio

450 1797 674 1864 credas,
710 1797 976 1851 Arianam
1022 1799 1279 1853 hazresim
1326 1799 1614 1867 impietate
1660 1801 1708 1851 et
1756 1797 2101 1852 absurditate

446 1895 670 1956 superat
728 1887 941 1957 (Petav.
1004 1892 1140 1941 tom.
1198 1887 1246 1940 II
1297 1886 1545 1955 Theotog.
1600 1887 1837 1958 dogmat.
1888 1886 1989 1941 lib.
2039 1904 2099 1955 II,
2132 1888 2178 1952 B

450 1993 578 2047 cap.
609 1978 664 2045 5,
700 1994 835 2049 pag.
875 1978 989 2047 24).
1024 1979 1131 2032 Sed
1184 1978 1390 2033 doctus
1440 1978 1535 2033 ille
1581 1979 1667 2032 vir
1716 1980 2099 2051 semetipsum

452 2066 741 2135 corrigere
774 2066 1010 2121 tandem
1043 2073 1281 2122 coactus
1312 2072 1419 2121 est.
1450 2067 1599 2122 Alibi
1632 2068 1924 2138 siquidem
1960 2070 2101 2123 fate-

454 2159 555 2209 tur
587 2172 701 2209 non
734 2172 919 2225 pauca
950 2172 1253 2211 occurrere
1285 2156 1548 2227 ejusdem
1581 2157 1922 2213 Tertulliani
1955 2156 2101 2227 loca,

454 2244 514 2299 in
547 2243 763 2315 quibus
793 2250 1033 2316 apparet
1063 2244 1147 2300 vis
1180 2245 1479 2301 sententiae
1511 2247 1920 2318 dogmatisque
1952 2263 2103 2301 com-

454 2333 674 2399 munis,
710 2334 881 2404 cujus
913 2334 1152 2389 traditio
1187 2335 1416 2389 animos
1448 2335 1916 2391 Christianorum
1969 2352 2101 2406 per-

456 2428 687 2477 vaserat
710 2422 913 2493 (Idem,
965 2423 1190 2479 Praelat.
1242 2425 1297 2477 in
1347 2429 1487 2479 tom.
1545 2424 1641 2491 cit,
1691 2441 1819 2496 cap.
1872 2426 1948 2496 5).
1994 2425 2099 2479 Ve-

457 2516 791 2567 rumtamen
843 2511 1060 2567 ibidem
1110 2512 1322 2581 adjecit
1369 2513 1751 2569 orthodoxam
1800 2514 2105 2569 Trinitatis

458 2601 632 2656 fidem
665 2601 723 2655 in
756 2601 1019 2670 ejusdem
1049 2602 1285 2672 scriptis
1317 2602 1547 2673 aspergi
1598 2603 1914 2657 identidem
1969 2603 2100 2673 qui-

460 2688 710 2744 busdam
741 2689 1010 2756 maculis,
1044 2707 1167 2760 quae
1201 2692 1541 2761 contagione
1583 2692 1765 2762 foedis,
1802 2692 1872 2746 ad
1923 2707 2101 2761 quam

460 2778 691 2847 defecit,
727 2776 1215 2833 Montanistarum
1247 2779 1534 2835 haereseos
1566 2779 1715 2834 illini
1766 2785 2099 2850 potuerunt.

457 2868 529 2921 At
560 2867 830 2937 quamvis
862 2867 941 2922 ibi
966 2867 1177 2938 judioii
1212 2869 1302 2923 sui
1326 2869 1694 2924 severitatem
1722 2870 1916 2940 potius
1948 2869 2101 2925 838

455 2954 929 3027 mitigare,quam
961 2958 1271 3011 emendare
1302 2946 1706 3023 videatur,sibi
1729 2962 1924 3013 tamen
1956 2959 2103 3013 satis

457 3064 570 3101 non
604 3052 851 3103 constat.
888 3046 1033 3101 Nam
1066 3063 1179 3101 non
1213 3046 1403 3101 solum
1429 3048 1487 3102 in
1519 3047 1706 3114 libris,
1743 3048 1841 3118 qui
1884 3065 1917 3103 a
1964 3049 2100 3103 Ter-

458 3135 703 3191 tulliano
736 3134 1026 3205 hzeretico,
1062 3135 1162 3190 sed
1196 3135 1254 3189 in
1304 3133 1434 3191 aliis
1483 3137 1680 3204 etiam,
1732 3137 1831 3207 qui
1880 3137 1951 3192 ab
2002 3137 2100 3193 illo

456 3223 645 3279 adhuc
731 3223 1016 3279 catholico
1084 3224 1392 3294 compositi
1460 3228 1617 3294 sunt,
1687 3224 2097 3280 labefactatum

455 3312 760 3368 Trinitatis
793 3313 1007 3383 dogma
1038 3311 1356 3367 contendit.
1390 3316 1506 3367 Nos
1536 3330 1669 3368 vero
1714 3315 1856 3369 satis
1905 3320 2099 3370 osten-

452 3401 649 3456 dimus
685 3400 824 3455 illud
857 3401 926 3456 ab
957 3402 1159 3455 eodem
1193 3401 1574 3469 Tertulliano,
1625 3402 1744 3458 sive
1793 3403 2099 3475 catholico,

454 3490 573 3545 sive
602 3490 955 3545 Montanista
1002 3495 1153 3544 recte
1202 3494 1517 3555 assertum,
1566 3507 1633 3545 ac
1682 3496 1888 3546 contra
1935 3492 2100 3561 alios,

458 3578 558 3648 qui
590 3578 645 3632 id
686 3578 998 3649 negabant,
1032 3578 1259 3649 egregie
1292 3585 1747 3649 propugnatum.

536 3665 740 3720 Bullus
765 3671 959 3720 tamen
1010 3666 1196 3720 eidem
1243 3666 1606 3722 Tertulliano
1654 3674 1879 3737 nostro,
1928 3670 2104 3726 etiam

461 3753 561 3810 ubi
593 3759 796 3809 contra
827 3758 1099 3809 Praxeam
1132 3755 1413 3826 disputat,
1446 3754 1620 3811 aliam
1653 3758 1925 3813 censoria:
1956 3776 2112 3814 seve-

466 3843 655 3898 ritatis
715 3847 914 3898 notam
973 3843 1189 3900 inussit
1244 3845 1412 3915 (BuIt.
1462 3845 1665 3915 dolens.
1716 3848 1836 3901 Nic.
1883 3852 2022 3903 sect.
2056 3850 2109 3919 3,

466 3950 591 4004 cap.
628 3933 715 3997 10,
749 3949 916 3989 num.
954 3935 989 3987 5
1020 3938 1077 3987 et
1109 3935 1193 4001 11,
1230 3950 1363 4005 pag.
1396 3935 1499 3988 403
1530 3938 1587 3989 et
1634 3935 1777 4003 416).
1836 3937 2111 4002 Quamvis

465 4022 621 4078 enim
674 4023 956 4078 concedat
1012 4022 1176 4078 illum
1236 4028 1388 4079 recte
1444 4024 1659 4079 sentire
1718 4025 1787 4080 de
1840 4043 2113 4097 suprema

469 4111 595 4165 Filii
634 4112 728 4167 Dei
762 4129 826 4167 ac
875 4112 1037 4169 Verbi
1098 4112 1421 4180 divinitate,
1481 4114 1821 4185 aeternitate,
1880 4117 2111 4171 consub-

470 4202 853 4269 stantialitate,
889 4202 1007 4257 sive
1038 4203 1239 4258 eadem
1280 4202 1442 4257 illius
1491 4220 1557 4258 ac
1605 4204 1793 4259 Patris
1841 4206 2114 4260 substan-

470 4290 570 4357 tia,
605 4290 735 4362 ipsi
785 4290 1172 4346 nihilominus
1200 4292 1431 4347 videtur
1460 4292 1758 4347 catholica)
1782 4294 2116 4349 traditionis

471 4380 631 4435 venis
666 4380 833 4450 quasi
858 4382 1051 4436 aureis
1074 4381 1325 4436 scoriam
1348 4380 1602 4452 aliquam
1628 4380 2116 4449 intermiscuisse,

473 4468 726 4524 absurde
758 4470 902 4525 satis
933 4469 1115 4541 loqui,
1150 4475 1207 4524 et
1232 4469 1290 4524 in
1343 4470 1765 4541 augustissimo
1814 4471 2117 4527 Trinitatis

470 4557 744 4629 mysterio
775 4556 995 4626 ludere,
1029 4574 1334 4630 negasque
1380 4558 1608 4614 sectari.
1660 4559 1769 4614 Sed
1821 4560 1953 4631 quis
2006 4560 2118 4616 sibi

2205 596 2369 651 Bullo
2400 597 2651 669 aliisque
2683 594 3325 667 objiciuntur.Primum
3355 595 3541 667 itaque
3563 596 3802 653 Petavius

2203 685 2348 740 illud
2386 687 2712 758 urgendum
2746 702 2858 740 non
2893 688 3111 753 censet,
3146 686 3295 755 quod
3343 685 3411 739 ab
3458 689 3674 740 auctore
3715 703 3800 740 no-

2204 780 2323 831 stro
2355 775 2638 846 scriptum
2673 775 2925 847 legimus
2947 774 3180 840 Filium,
3206 774 3647 845 Sermonemque
3674 775 3754 829 Dei
3780 792 3807 829 a

2205 864 2369 919 Patre
2401 881 2506 919 suo
2533 864 2848 935 prolatum,
2883 880 2947 917 ac
2978 862 3151 917 veluti
3178 866 3559 933 corporatum.
3615 864 3804 933 Ecquid

2204 953 2358 1007 enim
2393 953 2448 1007 id
2484 952 2758 1023 urgeret?
2788 953 2990 1007 Nonne
3042 952 3187 1005 satis
3237 951 3533 1021 perspicue
3580 953 3806 1007 ostendi-

2204 1059 2339 1097 mus
2385 1043 2644 1112 corporis
2694 1042 2931 1096 nomine
2982 1040 3128 1095 nihil
3178 1040 3334 1095 aliud
3385 1041 3454 1094 ab
3480 1056 3543 1095 eo
3573 1040 3806 1111 intelligi,

2204 1131 2315 1187 nisi
2350 1132 2441 1186 sui
2472 1130 2703 1203 generis
2730 1130 3151 1192 substantiam,
3186 1145 3489 1201 personam
3518 1134 3676 1200 atque
3720 1129 3805 1201 hy-

2205 1220 2467 1292 postasin
2486 1220 2513 1274 ‘l
2544 1220 2659 1275 Nec
2692 1220 2891 1274 minus
2919 1219 3214 1274 evidenter
3240 1217 3628 1290 patefecimus,
3660 1223 3809 1288 atque

2206 1327 2272 1365 ex
2305 1310 2568 1364 dicendis
2600 1309 2793 1364 adhuc
2825 1309 3045 1381 patebit
3076 1308 3271 1381 ipsum
3291 1307 3665 1362 disertissime
3682 1324 3810 1361 asse-

2210 1400 2397 1454 ruisse
2454 1398 2661 1453 Filium
2726 1398 2827 1453 Dei
2888 1414 3116 1452 merum
3170 1412 3297 1451 esse
3330 1395 3613 1467 spiritum,
3644 1395 3729 1466 qui
3758 1412 3811 1450 ex

2207 1488 2404 1543 aeterni
2436 1489 2623 1542 Patris
2656 1488 2745 1543 sui
2784 1487 3079 1542 intellectu
3114 1490 3170 1541 et
3198 1485 3543 1553 cogitatione
3565 1485 3810 1556 procedit,

2210 1595 2274 1633 ac
2307 1577 2448 1631 nihil
2498 1576 2738 1649 proinde
2787 1577 3047 1648 corporei
3098 1575 3183 1630 vel
3235 1575 3477 1629 minime
3532 1574 3812 1629 admistum

2208 1667 2422 1722 habere
2450 1670 2657 1737 potest.

2279 1756 2549 1810 Momenti
2584 1754 2764 1827 igitur
2791 1754 2961 1825 longe
2991 1753 3270 1824 gravioris
3322 1752 3588 1809 Petavius
3634 1751 3817 1824 aliique

2208 1862 2272 1900 ea
2303 1861 2430 1899 esse
2453 1848 2681 1915 putant,
2714 1843 2931 1915 quibus
2963 1844 3117 1898 idem
3154 1847 3361 1897 auctor
3391 1846 3582 1897 noster
3611 1856 3817 1911 negasse

2209 1934 2355 2005 ipsis
2385 1934 2615 1989 videtur
2644 1934 2908 1989 eamdem
2952 1948 3081 1988 esse
3127 1932 3315 1987 Patris
3367 1930 3562 1985 interni
3608 1931 3817 1999 ejusque

2213 2023 2335 2078 Filii
2387 2023 2801 2078 substantiam.
2848 2022 3072 2078 Etenim
3108 2028 3325 2093 aperte,
3362 2019 3649 2092 inquiunt,
3681 2019 3819 2073 docet

2210 2116 2392 2169 totam
2452 2113 2551 2167 Dei
2607 2113 2997 2168 substantiam
3053 2127 3181 2167 esse
3226 2112 3286 2165 in
3353 2112 3533 2179 Patre,
3590 2113 3643 2164 et
3687 2107 3818 2162 illius

2213 2200 2785 2273 quamdam’tantum
2820 2202 2875 2255 in
2924 2200 3065 2256 Filio
3105 2200 3454 2272 portionem.
3508 2199 3645 2264 Quid
3690 2196 3817 2251 enim

2214 2290 2329 2358 his,
2379 2290 2564 2355 aiunt,
2613 2291 2807 2345 verbis
2863 2290 3079 2345 clarius
3129 2294 3187 2344 et
3216 2287 3654 2359 expressius?«
3686 2286 3821 2341 Pater

2213 2384 2339 2434 tota
2369 2380 2704 2435 substantia
2733 2384 2842 2449 cst,
2871 2378 3051 2434 Filius
3082 2396 3215 2434 vero
3248 2378 3531 2434 derivatio
3576 2376 3737 2431 totius
3776 2378 3821 2428 et

2214 2469 2422 2540 portio,
2456 2468 2608 2524 sicut
2636 2468 2761 2540 ipse
2794 2470 3103 2539 profitetur
3135 2484 3146 2522 :
3182 2470 3322 2536 Quia
3360 2470 3520 2523 Pater
3542 2466 3709 2536 major
3752 2478 3821 2517 me

2212 2564 2310 2615 est.
2347 2582 2368 2609 ι
2406 2557 2603 2625 (Joan.
2631 2575 2742 2623 xxv,
2776 2558 2889 2628 28.)
2912 2559 3116 2613 Totam
3152 2557 3335 2628 igitur
3368 2554 3704 2620 Divinitatis,
3748 2553 3819 2605 in-

2213 2648 2447 2719 quiunt,
2481 2648 2876 2703 substantiam
2909 2647 3311 2703 Tertullianus
3348 2647 3407 2701 in
3455 2646 3613 2699 Patre
3657 2644 3823 2714 utpote

2214 2737 2456 2806 majore,
2489 2737 2633 2791 etin
2665 2735 2805 2791 Filio
2838 2740 3035 2806 utpote
3083 2735 3308 2791 minore
3364 2738 3580 2807 partem
3627 2736 3821 2786 tantum

2212 2844 2278 2882 ac
2328 2827 2655 2899 portionem
2708 2841 2836 2881 esse
2886 2824 3204 2880 arbitratus
3250 2824 3361 2880 est'
3402 2821 3653 2895 (Tertull.
3707 2818 3815 2875 adv.

2214 2919 2381 2971 Prax.
2415 2933 2541 2987 cap.
2574 2916 2651 2986 9).

2282 3005 2503 3076 Urgent
2529 3005 2585 3058 id
2616 3004 2807 3059 adhuc
2837 3004 2907 3059 ab
2950 3002 3049 3058 illo
3108 3002 3314 3071 asseri,
3382 3002 3479 3057 ubi
3536 2998 3817 3056 absurdum

2211 3093 2545 3163 Marcionis,
2598 3093 2698 3165 qui
2750 3097 2977 3147 Patrem
3030 3108 3098 3147 ex
3138 3092 3382 3161 Virgine
3416 3096 3609 3147 natum
3640 3092 3691 3143 et
3716 3101 3819 3157 pas-

2210 3200 2343 3239 sum
2390 3199 2519 3238 esse
2566 3182 2719 3238 889
2750 3182 3064 3254 garriebat,
3093 3197 3352 3237 errorem
3388 3179 3596 3235 refellit
3626 3194 3637 3232 :
3666 3197 3689 3228 ι
3717 3175 3819 3230 Νοιι

2132 3259 2173 3325 C
2209 3289 2449 3343 negans,
2484 3272 2695 3343 inquit,
2728 3271 2935 3326 Filium
2970 3276 3027 3326 et
3055 3270 3343 3342 Spiritum
3378 3275 3434 3325 et
3474 3264 3822 3325 substantiam

2210 3361 2495 3418 Creatoris
2526 3378 2653 3417 esse
2683 3360 2979 3417 Christum
3015 3361 3165 3431 ejus,
3192 3360 3483 3415 concedas
3514 3370 3729 3413 necesse
3754 3354 3826 3406 est

2212 3468 2333 3520 eos,
2393 3452 2491 3522 qui
2551 3452 2779 3505 Patrem
2841 3468 2955 3505 non
3014 3448 3429 3521 cognoverint,
3488 3464 3589 3503 nec
3653 3442 3827 3498 Filium

2215 3555 2529 3611 agnoscere
2560 3539 2823 3610 potuisse
2854 3555 2955 3609 per
2984 3538 3249 3608 ejusdem
3284 3536 3627 3592 substantiae
3664 3527 3828 3586 condi-

2214 3628 2457 3696 tionem,
2490 3629 2659 3697 cujus
2686 3626 2987 3699 plenitudo
3016 3624 3316 3680 intellecta
3350 3642 3468 3680 non
3516 3628 3630 3689 est;
3677 3616 3830 3675 multo

2220 3716 2407 3789 magis
2467 3717 2676 3787 portio,
2735 3721 2888 3771 certe
2947 3732 3064 3787 qua
3109 3713 3501 3785 plenitudinis
3548 3724 3827 3768 consors.»

2220 3806 2489 3878 (Tertull.
2532 3804 2631 3859 lib.
2668 3823 2755 3873 ιιι,
2790 3806 2999 3860 advers.
3034 3805 3299 3859 Marcion.
3333 3820 3463 3875 cap.
3494 3802 3571 3867 6.)

2298 3914 2575 3985 Denique,
2611 3914 2711 3968 ubi
2760 3910 3193 3985 generationem
3246 3911 3375 3966 Filii
3428 3912 3524 3967 Dei
3566 3925 3689 3964 cum
3733 3901 3831 3958 sole

2222 4008 2467 4077 ejusque
2499 4005 2659 4060 radio
2686 4005 3002 4077 componit,
3036 4004 3119 4059 sic
3150 4004 3342 4058 adhuc
3372 3997 3829 4075 loquiturzuNam

2223 4101 2277 4149 et
2312 4100 2461 4149 Deus
2493 4093 2773 4167 spiritus;
2805 4098 2861 4149 et
2891 4111 3025 4149 cum
3058 4092 3257 4148 radius
3284 4109 3356 4148 ex
3386 4092 3507 4172 soje
3537 4086 3830 4172 porrigitur.

2226 4184 2412 4257 portio
2443 4200 2510 4239 ex
2533 4200 2767 4239 summa
2801 4202 2813 4239 :
2849 4184 2948 4239 sed
2982 4182 3070 4238 sol
3101 4182 3211 4237 erit
3241 4182 3298 4237 in
3333 4171 3522 4251 radio,
3556 4179 3683 4253 quia
3719 4171 3834 4230 solis

2227 4279 2315 4329 est
2346 4273 2568 4341 radius,
2602 4290 2707 4329 nec
2738 4278 3045 4344 separatur
3075 4272 3434 4339 substantia,
3466 4271 3565 4327 sed
3612 4260 3834 4325 extendi-

2228 4367 2344 4417 tur.
2396 4384 2423 4411 »
2479 4362 2667 4431 (Idem.
2721 4364 2991 4433 Apologet.
3045 4378 3171 4432 cap.
3206 4362 3294 4428 21,
3329 4378 3389 4432 p.
3425 4360 3572 4429 399.)
3604 4354 3834 4411 Petavius

2228 4452 2426 4522 itaque
2456 4468 2523 4505 ex
2555 4451 2645 4507 bis
2677 4453 2955 4507 omnibus
2987 4450 3287 4506 concludit
3318 4450 3530 4505 Filium
3564 4444 3835 4515 Dei,juxta

2227 4539 2571 4596 Tertulliani
2605 4545 2889 4604 mentem,
2924 4557 3037 4595 non
3072 4545 3251 4595 totam
3285 4538 3669 4594 substantiam
3715 4528 3832 4585 divit

468 4626 636 4701 facile
685 4647 1060 4717 persuadebit
1107 4626 1556 4714 Tertullianum,
1609 4650 1782 4703 tantae
1815 4626 2105 4721 gravitatis

2229 4645 2363 4684 nam
2407 4630 2724 4701 possidere,
2778 4630 2876 4684 sed
2931 4630 3059 4699 ejus
3113 4630 3396 4683 duntaxat
3429 4626 3756 4699 portionem,
3785 4632 3837 4721 et!

469 4734 792 4802 hominem,
827 4736 897 4791 de
932 4735 1035 4791 hoc
1067 4735 1377 4792 Trinitatis
1428 4736 1702 4809 mysterio
1751 4736 1809 4792 in
1852 4754 1918 4793 eo
1968 4737 2115 4795 libro

470 4823 671 4880 ludere
719 4829 777 4880 et
829 4825 1057 4895 nugari,
1118 4825 1215 4879 ubi
1273 4827 1628 4897 praecipuum
1680 4844 1744 4882 ac
1796 4827 2113 4883 maximum

472 4912 641 4969 illum
673 4912 1013 4969 Christianae
1046 4912 1177 4969 fidei
1208 4914 1542 4983 articulum,
1576 4916 1778 4972 eodem
1817 4916 1983 4973 Bullo
2033 4918 2116 4973 fa-

470 5007 646 5072 tente,
680 5003 819 5058 totis
850 5003 1031 5057 animi
1061 5001 1283 5058 viribus
1314 5008 1517 5059 contra
1560 5005 1785 5061 Praxezs
1835 5005 2115 5062 aliorum-

471 5109 584 5163 que
615 5092 1023 5148 hmreticorum
1058 5109 1306 5158 errores,
1342 5094 1550 5149 asserit
1582 5112 1646 5149 ac
1677 5098 2113 5167 tuetur?(ldem,

470 5179 609 5236 ibid.
650 5181 759 5252 §2,
792 5197 920 5251 cap.
951 5184 1005 5249 7,
1061 5198 1227 5236 num.
1261 5184 1329 5252 ’1,
1384 5200 1513 5254 pag.
1568 5185 1716 5255 150.)
1762 5185 1830 5239 Et
1877 5191 2031 5240 certe
2083 5204 2117 5241 a

468 5268 637 5323 nobis
659 5270 777 5338 jam
814 5270 1119 5340 probatum
1150 5276 1235 5325 est
1266 5272 1642 5327 orthodoxam
1670 5275 2017 5330 sententiam
2044 5276 2115 5330 ab

471 5356 571 5412 illo
603 5374 714 5412 non
749 5358 937 5415 solum
968 5364 1169 5415 contra
1195 5361 1465 5417 Praxeam
1500 5362 1763 5434 aliosque
1791 5364 2112 5432 haereticos,

471 5448 571 5503 sed
602 5448 773 5502 etiam
809 5449 1090 5505 adversus
1122 5450 1387 5521 gentiles,
1424 5468 1591 5524 quos,
1625 5468 1690 5505 ea
1721 5451 2112 5521 dissimulata,

474 5536 583 5592 sibi
620 5537 808 5605 facile,
844 5537 1015 5593 sicuti
1053 5538 1328 5611 vidimus,
1366 5539 1674 5595 conciliare
1706 5546 1952 5611 poterat,
1985 5561 2113 5616 per-

476 5626 685 5699 spicue
708 5628 900 5683 doceri
929 5629 1015 5701 :et
1045 5628 1341 5700 explicari.

542 5717 648 5773 Sed
682 5734 754 5774 ne
801 5718 939 5791 quid
989 5717 1272 5775 intactum
1324 5718 1753 5792 relinquamus,
1803 5738 1871 5778 ea
1916 5722 2115 5779 omnia

2227 4719 2470 4790 proinde
2502 4734 2615 4773 non
2649 4719 2914 4773 eamdem
2960 4733 3087 4773 esse
3144 4717 3335 4771 Patris
3383 4715 3577 4770 aeterni
3621 4729 3681 4767 ac
3727 4703 3835 4763 Filii

2225 4809 2354 4879 ejus
2384 4807 2783 4862 substantiam
2817 4814 2873 4861 et
2904 4811 3196 4861 naturam.

2295 4916 2513 4970 Verum
2548 4914 2596 4971 si
2630 4930 2721 4970 res
2752 4914 2835 4969 ita
2886 4931 2947 4969 se
2995 4914 3228 4982 habeat,
3279 4918 3433 4969 certe
3479 4907 3837 4969 Tertullianus

2225 5005 2336 5061 sibi
2369 5003 2738 5076 ineptissime
2768 5004 3140 5060 contradixit.
3173 5002 3443 5057 Vidimus
3476 5002 3627 5057 enim
3658 4998 3709 5051 in
3755 5008 3837 5048 su-

2224 5092 2549 5165 perioribus
2583 5093 2842 5148 articulis
2876 5109 3047 5163 quam
3082 5097 3253 5164 smpe‘
3290 5107 3466 5163 quam
3516 5088 3837 5144 constanter,

2226 5199 2402 5255 quam
2438 5182 2687 5237 disserte
2719 5187 3010 5238 asseveret
3038 5198 3212 5236 unam
3247 5181 3439 5252 place,
3475 5175 3768 5233 indivisam
3796 5170 3841 5255 et

2223 5254 2487 5327 eamdem
2522 5288 2649 5327 esse
2678 5272 2734 5326 in
2763 5276 2927 5327 Patre
2962 5276 3019 5325 at
3050 5271 3199 5325 Filio~
3224 5268 3637 5325 substantiam.
3690 5266 3753 5314 At
3800 5254 3838 5310 si

2224 5362 2405 5416 Filius
2439 5362 2913 5433 portionem,sive
2947 5364 3171 5433 partem
3198 5364 3424 5414 tantum
3459 5355 3615 5411 illius
3636 5348 3839 5433 habeat,

2224 5468 2285 5505 ea
2324 5432 2524 5522 utique
2558 5467 2671 5506 non
2704 5452 2912 5507 eadem
2947 5432 3004 5505 in
3060 5450 3158 5505 illo
3204 5452 3377 5520 atque
3425 5447 3485 5501 in
3533 5444 3705 5508 Patre,
3750 5432 3837 5492 sed

2224 5539 2396 5596 sicuti
2424 5555 2558 5609 pars
2590 5556 2622 5594 a
2648 5543 2768 5595 toto
2801 5540 2987 5596 divisa
3016 5544 3105 5594 est
3135 5540 3319 5610 (supr.
3353 5537 3459 5590 hoc
3489 5550 3609 5603 cap.
3642 5531 3741 5585 art.
3774 5524 3834 5591 1)·

2221 5633 2432 5684 Contra
2487 5646 2621 5685 vero
2678 5628 3098 5697 Tertullianus,
3160 5627 3245 5684 uti
3300 5625 3567 5692 vidimus,
3628 5621 3681 5674 in
3736 5612 3833 5669 alio

2225 5718 2489 5775 Adversus
2546 5719 2869 5778 Marcionem
2923 5718 3051 5793 (lib.
3110 5735 3187 5787 IV,
3247 5733 3372 5791 cap.
3430 5712 3522 5788 25)
3568 5709 3707 5768 libro
3730 5702 3834 5762 hec
