4046 6168
265 326 385 389 925

1178 328 1250 386 D.
1299 326 1396 387 LE
1438 324 1761 386 NOURRY
1805 316 2448 405 OBSERVATIONES
2490 317 2749 380 ΝΟνΑῑ.

3566 316 3685 377 226

265 458 483 514 litteris
513 459 585 515 de
617 457 714 513 illo
746 458 1075 514 mandavit:
1117 477 1143 510 α
1174 458 1298 513 Non
1332 456 1545 512 minori
1584 471 1647 511 se
1680 452 1917 509 tradidit
1946 453 1999 519 Α
2031 449 2379 521 portionem,
2410 451 2550 521 quia
2580 465 2813 506 nomem
2862 449 2965 505 Dei
3008 465 3125 506 non
3165 450 3545 515 nominativo,
3579 450 3677 506 sed

270 548 474 603 omnia
511 549 768 603 Creator.
806 569 833 597 »
865 550 1037 617 Atqui
1090 548 1139 602 si
1186 546 1366 602 Filius
1416 562 1594 601 unam
1642 545 1927 599 duntaxat

270 636 481 691 divinas
513 636 853 692 substantiae
885 636 1212 707 portionem
1256 652 1289 689 a
1323 636 1484 690 Patre
1514 633 1755 703 accepit,
1788 630 1923 695 alia,

269 743 390 797 qua
422 726 703 797 privatur,
767 724 966 795 procul
1024 725 1201 780 dubio
1264 725 1455 779 minor
1484 732 1589 778 est.
1622 720 1923 792 Numquid

269 830 411 885 ergo
444 814 846 869 Tertullianus
880 814 1093 869 Filium
1147 814 1245 869 Dei
1302 815 1466 869 Patre
1497 830 1603 868 suo
1636 812 1922 865 minorem

265 920 399 959 esse
427 905 676 959 asseruit
707 909 763 958 et
808 903 1083 975 negavit?
1117 904 1257 967 Quis
1289 904 1396 958 hoc
1426 901 1675 957 credat?

341 1014 488 1077 Quid
528 1029 682 1079 vero,
725 1012 877 1083 quod
922 1013 979 1065 in
1014 1012 1113 1066 illo
1161 1013 1259 1084 qui
1291 1012 1459 1067 nobis
1490 1010 1785 1078 obiicitur,
1820 1008 1921 1062 ad-

260 1118 474 1157 versus
505 1101 855 1155 Marcionem
889 1100 1035 1155 loco.
1062 1101 1243 1155 Filius
1267 1100 1481 1155 dicitur
1511 1099 1749 1171 quidem
1782 1099 1920 1153 sub-

261 1190 498 1246 stantias
530 1190 737 1244 divinae
768 1192 970 1262 portio,
1032 1191 1135 1245 sed
1189 1190 1267 1245 ibi
1319 1190 1595 1245 continuo
1627 1189 1919 1260 adjicitur,

260 1282 411 1333 certe
466 1294 576 1349 qua
631 1278 1005 1348 plenitudinis
1058 1294 1299 1333 consors.
1332 1279 1503 1349 Atqui
1568 1278 1615 1333 si
1649 1277 1746 1331 ille
1778 1277 1921 1331 sub-

262 1368 496 1422 stantiae
527 1366 755 1434 divinas,
789 1384 917 1438 quis
949 1368 1391 1438 simplicissima
1416 1372 1525 1432 est,
1559 1372 1734 1437 atque
1766 1366 1823 1419 in
1856 1381 1921 1419 eo

262 1460 324 1511 et
358 1457 544 1521 Patre,
578 1461 641 1510 ut
670 1456 899 1511 dictum
945 1458 1017 1511 ab
1053 1458 1257 1513 eodem
1298 1456 1658 1512 Tertulliano
1708 1454 1921 1526 saepius

262 1544 819 1614 animadvertimus,
872 1562 985 1600 non
1052 1551 1381 1616 separatur,
1439 1562 1679 1611 consors,
1727 1543 1922 1599 socius

266 1638 329 1688 et
357 1632 653 1705 particeps
684 1638 793 1698 est,
825 1650 953 1689 eam
979 1635 1180 1705 utique
1210 1639 1391 1689 totam
1425 1634 1705 1705 possidet.

344 1724 626 1779 Praeterea
657 1725 705 1779 si
739 1723 949 1779 divinae
994 1725 1337 1780 substantiae
1382 1724 1594 1796 portio,
1637 1725 1755 1780 sive
1788 1740 1922 1795 pars

260 1815 505 1866 tantum
538 1811 739 1882 aliqua
787 1812 864 1867 sit
913 1812 972 1866 in
1024 1812 1187 1877 Filio,
1233 1812 1361 1883 ipse
1410 1816 1580 1867 Pater
1619 1828 1747 1867 eam
1776 1812 1921 1867 inte-
1952 1825 1999 1891 B

262 1916 437 1971 gram
472 1917 588 1954 non
622 1900 815 1956 habet.
854 1900 990 1954 Pars
1038 1901 1195 1955 enim
1246 1900 1406 1955 illius
1436 1901 1546 1955 erit
1576 1903 1631 1955 in
1667 1900 1830 1970 Filio,
1864 1904 1923 1955 et

257 2006 295 2043 a
334 1989 502 2043 Patre
533 1989 833 2044 distracta.
879 1990 937 2042 ln
986 1988 1080 2044 bis
1109 2006 1243 2051 ergo
1273 1991 1502 2045 verbis:
1538 2011 1565 2039 «
1600 1994 1771 2045 Pater
1798 1995 1923 2045 tota

260 2077 606 2132 substantia
640 2082 751 2145 est,
785 2077 965 2133 Filius
1000 2094 1135 2133 vero
1186 2080 1393 2149 portio,
1424 2101 1451 2127 ››
1482 2079 1719 2134 evidens
1754 2077 1922 2150 plane

262 2166 661 2237 repugnantia
691 2166 1180 2237 deprehendetur.
1235 2168 1419 2223 Unius
1480 2168 1696 2239 quippe
1725 2168 1823 2237 rei,
1857 2184 1923 2223 ac

265 2254 649 2325 potissimum
684 2254 1137 2326 simplicissime:
1162 2261 1349 2312 totum
1376 2258 1434 2311 in
1458 2273 1596 2321 uno,
1624 2262 1680 2311 et
1710 2256 1922 2327 parsin

266 2343 458 2399 altero
489 2360 616 2399 esse
649 2350 964 2415 nequeunt.
1001 2346 1145 2399 Cum
1196 2345 1395 2400 nullus
1444 2346 1641 2417 itaque
1672 2354 1788 2401 tam
1820 2348 1925 2401 ab-

254 2424 469 2487 surdae
500 2432 977 2489 eontradictionis
996 2434 1419 2490 Tertullianum
1440 2436 1779 2491 convincere
1802 2452 1927 2505 pos-

272 2522 378 2587 sit,
412 2521 547 2591 quid
602 2527 799 2592 restat,
860 2524 976 2578 nisi
1025 2528 1087 2578 ut
1141 2524 1407 2579 dicamus
1465 2524 1631 2580 illum
1654 2526 1927 2596 partionis

270 2611 519 2666 nomine
564 2628 677 2666 non
735 2611 1094 2667 intellexisse
1151 2610 1395 2681 partem‘
1429 2612 1687 2684 aliquam
1720 2612 1924 2668 divinae

267 2700 648 2765 substantiis,
683 2716 859 2771 quam
920 2700 1017 2756 ille
1075 2718 1181 2757 nec
1240 2702 1442 2768 dividi,
1502 2719 1606 2756 nec
1664 2703 1923 2773 separari

265 2804 449 2859 posse
479 2789 951 2845 constantissime
981 2791 1352 2847 asseveravit.

344 2876 469 2939 Quo
499 2893 656 2947 ergo,
692 2877 915 2948 inquiet
937 2878 1169 2949 aliquis,
1203 2896 1379 2935 sensu
1413 2896 1624 2935 nomen
1646 2883 1827 2947 portio
1850 2881 1921 2936 ab

265 2981 343 3019 eo
394 2965 699 3020 sumitur?
753 2966 933 3022 Nobis
989 2968 1226 3038 quidem
1289 2968 1445 3023 haud
1497 2968 1923 3024 reluctantibus

269 3054 630 3125 probabitur
676 3056 876 3111 eodem
927 3056 1261 3127 significatu
1295 3058 1498 3130 accipi,
1533 3064 1707 3129 atque
1740 3059 1920 3129 parti-

276 3143 386 3210 tio,
419 3159 520 3197 seu
546 3144 941 3215 participatio,
975 3150 1031 3199 et
1070 3147 1522 3202 communicatio
1544 3148 1751 3202 divinae
1784 3148 1921 3203 sub-

2032 538 2289 610 genitivo
2316 556 2454 593 casu
2508 543 2812 611 acceptum
2862 540 3159 611 signiﬁcat
3198 541 3527 611 portionem,
3560 541 3681 594 sive

2033 628 2491 699 generationem,
2542 635 2597 683 et
2646 628 3064 684 derivationem
3114 629 3241 683 Filii
3274 647 3307 683 a
3336 630 3503 683 Patre
3549 646 3676 683 suo.

2032 721 2179 771 Nam
2204 734 2270 771 ea
2301 718 2657 771 derivatione
2714 733 2818 772 seu
2876 719 3272 787 generatione,
3308 717 3417 772 etsi
3447 735 3679 775 omnem

2032 806 2294 861 divinam
2345 806 2734 861 substantiam
2774 808 3081 877 acceperit,
3115 824 3230 862 non
3288 807 3488 862 eadem
3524 806 3680 861 mihi-

2032 894 2291 949 lominus
2323 900 2412 949 est
2442 894 2603 948 illius
2637 911 2701 949 ac
2738 895 2924 950 Patris
2982 912 3251 965 persona.
3287 896 3678 958 Quamobrem

2032 983 2324 1053 inceptum
2381 1000 2710 1039 sermonem
2762 985 2846 1038 sic
2890 988 3093 1038 auctor
3134 989 3332 1039 noster
3377 984 3679 1054 prosequi-

2032 1077 2164 1128 tur:
2204 1096 2229 1122 «
2262 1073 2426 1127 Sicut
2486 1088 2621 1143 ergo
2677 1077 2877 1127 Sermo
2936 1073 3037 1127 Dei
3099 1090 3211 1126 non
3248 1076 3336 1127 est
3365 1072 3477 1144 ipsi
3508 1073 3679 1141 cujus

2032 1166 2120 1216 est
2151 1160 2443 1231 (videlicet
2502 1161 2729 1233 Patris),
2786 1162 2865 1216 ita
2923 1178 3026 1216 nec
3078 1161 3356 1233 Spiritus,
3389 1162 3496 1217 etsi
3532 1163 3680 1216 Deus

2032 1250 2225 1304 dictus
2256 1254 2363 1317 est,
2416 1266 2529 1303 non
2580 1255 2777 1304 tamen
2823 1248 2947 1320 ipse
2978 1253 3087 1317 est,
3119 1251 3289 1320 cujus
3319 1250 3578 1306 dictus...
3614 1250 3681 1306 Et

2032 1337 2161 1392 ideo
2189 1336 2441 1409 Spiritus
2491 1337 2592 1391 Dei
2647 1339 2814 1403 Deus,
2852 1344 2907 1392 et
2956 1338 3153 1392 Sermo
3184 1337 3284 1393 Dei
3318 1339 3510 1405 Deus;
3544 1339 3682 1409 quia

2031 1443 2099 1481 ex
2130 1431 2264 1497 Deo,
2301 1444 2413 1481 non
2445 1432 2637 1482 tamen
2671 1426 2817 1498 ipse,
2852 1444 2918 1482 ex
2966 1443 3079 1496 quo
3111 1431 3222 1483 est.
3254 1429 3415 1492 Quod
3450 1427 3498 1481 si
3525 1428 3680 1483 Deus

2029 1516 2153 1587 Dei,
2187 1520 2469 1589 tanquam
2505 1517 2871 1572 substantiva
2902 1533 3017 1585 res,
3053 1534 3164 1572 non
3207 1516 3316 1573 erit
3345 1516 3470 1589 ipse
3504 1517 3678 1583 Deus,

2032 1606 2132 1661 sed
2191 1605 2480 1661 hactenus
2534 1610 2725 1673 Deus;
2782 1606 2921 1677 quia
2972 1622 3041 1661 ex
3100 1606 3285 1678 ipsius
3326 1604 3679 1675 substantia,

2033 1711 2150 1765 qua
2181 1699 2237 1749 et
2266 1694 2634 1750 substantiva
2660 1710 2751 1749 res
2796 1698 2903 1759 est,
2937 1698 2995 1749 et
3040 1698 3102 1749 ut
3151 1698 3337 1767 portio
3363 1693 3557 1765 aliqua
3590 1699 3678 1750 to-

2032 1788 2171 1839 tius.
2210 1806 2238 1833 »ι

2100 1872 2359 1928 Audisne
2392 1872 2684 1944 quomodo
2718 1872 2814 1928 Dei
2846 1870 3024 1927 Filius
3054 1876 3110 1927 et
3139 1876 3337 1927 Sermo
3371 1871 3449 1928 ibi
3482 1874 3681 1944 aperte

2032 1966 2275 2031 negetur
2303 1978 2431 2017 esse
2487 1961 2641 2016 Deus
2682 1960 2801 2026 Dei,
2856 1961 2957 2016 sed
3018 1979 3189 2017 verus
3248 1962 3495 2029 dicatur,
3528 1961 3682 2017 sicut

2030 2052 2158 2121 ejus
2192 2051 2375 2120 Pater,
2414 2052 2560 2105 Deus
2586 2053 2608 2105 Ρ
2636 2052 2915 2114 Quamvis
2964 2056 3160 2105 autem
3195 2067 3364 2106 verus
3395 2051 3471 2105 sit
3502 2050 3677 2122 Deus,

2031 2145 2088 2195 et
2117 2140 2319 2195 eadem
2345 2138 2505 2195 illius
2526 2158 2590 2195 ac
2615 2140 2801 2195 Patris
2827 2140 3195 2205 substantia;
3224 2141 3361 2212 quia
3391 2143 3585 2194 tamen
3609 2156 3679 2195 ex

2030 2229 2190 2285 illius
2223 2231 2572 2301 cogitatione
2603 2234 2658 2286 et
2687 2230 3076 2287 intellectione
3111 2230 3326 2301 prodiit
3356 2234 3412 2286 et
3441 2230 3677 2302 genitus

2035 2325 2143 2388 est,
2178 2320 2249 2375 ab
2299 2320 2397 2374 illo
2448 2338 2695 2392 persona
2742 2320 3141 2391 distinguitur.
3192 2320 3309 2375 Hac
3349 2323 3544 2374 autem
3576 2335 3679 2391 ge-

2038 2409 2335 2463 neratione
2374 2409 2590 2463 dicitur
2638 2409 2819 2464 totius
2869 2408 3149 2463 derivatio
3199 2414 3254 2461 et
3312 2407 3522 2478 portio,
3557 2407 3678 2461 sive

2035 2498 2272 2568 partitio
2329 2502 2385 2553 et
2442 2498 2916 2567 communicatio,
2970 2498 3070 2552 sed
3132 2514 3266 2567 qua,
3310 2500 3373 2550 ut
3420 2496 3517 2550 ille
3574 2496 3673 2565 ait,

2032 2586 2394 2653 plenitudinis
2424 2602 2645 2641 consors
2680 2590 2786 2653 est,
2846 2585 2901 2639 id
2962 2590 3072 2653 est,
3107 2589 3287 2639 totam
3321 2590 3377 2640 et
3406 2585 3673 2640 eamdem

2034 2675 2208 2731 habet
2239 2676 2448 2741 Patris,
2481 2694 2511 2729 a
2543 2692 2656 2747 quo
2712 2678 2875 2730 ortus
2920 2679 3026 2744 est,
3077 2674 3470 2729 substantiam
3501 2678 3557 2729 et
3588 2673 3674 2729 di-

2033 2764 2359 2820 vinitatem.
3660 2782 3669 2787 '

2104 2854 2299 2924 Neque
2330 2871 2428 2909 eos
2473 2853 2795 2909 audiendos
2854 2870 3179 2921 censemus,
3212 2852 3311 2923 qui
3346 2853 3669 2924 urgebunt:

2033 2943 2087 2999 Is
2148 2943 2195 2997 si
2255 2944 2331 2997 sit
2389 2942 2761 3013 Tcrtullianii
2792 2958 3002 2997 sensus
3062 2942 3131 2997 ab
3162 2958 3227 2997 eo
3255 2958 3466 2996 nomen
3493 2943 3675 3011 portio

2033 3032 2211 3104 accipi
2246 3032 2564 3102 impropria
2610 3031 2869 3095 omnino,
2905 3048 2971 3085 ac
3006 3031 3172 3100 plane
3207 3030 3485 3085 inusitata
3517 3030 3675 3085 locu-

2030 3122 2207 3177 tione.
2238 3121 2385 3175 Suos
2417 3120 2573 3173 enim
2611 3118 3011 3174 Tertullianus
3042 3119 3223 3173 libros
3256 3118 3540 3185 barbaris,
3572 3118 3678 3173 im-

261 3200 559 3297 stantiae,‘
588 3200 779 3303 quam‘
826 3200 994 3288 Pater
1050 3200 1123 3288 in
1161 3200 1743 3291 Filiumﬁderivarit.”
1953 3200 1995 3266 Β
2036 3210 2284 3281 propriis
2326 3215 2390 3303 ret
2438 3208 2759 3303 inmitti”:
2813 3208 2894 3262 uti
2950 3224 3119 3303 ³9⁸99
3164 3208 3349 3262 nescit
3377 3206 3679 3303 “ea?”

262 3319 459 3375 Filius
517 3321 625 3375 hoc
682 3321 831 3393 ipso,
895 3322 994 3393 qui
1056 3324 1223 3378 nobis
1290 3325 1584 3395 obiicitur,
1646 3326 1926 3382 adversus

266 3412 554 3463 Praxeam
586 3408 711 3465 loco
748 3410 962 3465 dicitur
990 3411 1146 3467 840
1196 3414 1463 3469 derimtio
1496 3416 1662 3468 totius
1693 3417 1743 3468 et
1793 3430 1925 3485 por-

258 3499 373 3562 tio,
398 3514 525 3568 quae
558 3499 793 3569 quidem
826 3500 1002 3554 verba
1046 3501 1125 3556 ibi
1167 3518 1491 3573 synonyma
1522 3504 1812 3557 videntur.
1848 3504 1925 3558 Ea

263 3590 472 3641 autem
508 3587 789 3642 derivatio
833 3594 1070 3644 vocatur
1118 3592 1327 3661 portio,
1353 3607 1454 3645 seu
1492 3590 1747 3661 partitio,
1785 3592 1925 3663 quia

260 3678 443 3728 Pater
472 3679 655 3729 totam
683 3692 853 3730 suam
885 3678 1275 3733 substantiam
1309 3694 1438 3733 cum
1480 3678 1622 3734 Filio
1654 3679 1735 3733 ita
1764 3696 1921 3735 com-

259 3764 614 3833 municavit,
647 3769 711 3819 ut
739 3765 811 3819 ab
838 3766 937 3821 illo
986 3770 1180 3822 tamen
1205 3784 1455 3838 persona
1476 3784 1582 3822 sua
1604 3770 1681 3823 sit
1711 3768 1921 3823 distin-

258 3858 421 3907 ctus.
483 3851 626 3906 Cum
686 3852 843 3907 enim
906 3854 1033 3907 Filii
1095 3856 1400 3926 Patrisque
1462 3872 1723 3927 persona:
1783 3874 1816 3911 a
1858 3874 1921 3913 se

256 3940 519 3995 invicem
578 3942 1046 4013 distinguantur,
1104 3962 1397 4016 suamque
1438 3945 1619 4000 Filius
1666 3964 1699 4001 a
1752 3946 1921 4003 Patre

257 4047 402 4084 cum
438 4034 559 4085 tota
589 4030 791 4085 eadem
826 4032 1162 4088 substantia
1217 4034 1412 4090 divina
1443 4036 1751 4107 acceperit,
1781 4035 1919 4091 hinc

257 4118 478 4191 portio,
514 4136 616 4174 seu
649 4119 930 4176 derivatio
964 4121 1122 4177 illius
1154 4123 1499 4195 appellatur.

334 4227 412 4279 At
434 4224 590 4279 hunc
612 4241 741 4281 esse
763 4242 962 4281 verum
988 4228 1330 4283 Tertulliani
1352 4245 1593 4285 sensum
1612 4229 1801 4300 colligi
1824 4248 1921 4302 po-

256 4319 379 4370 test
408 4328 476 4368 ex
510 4313 625 4368 alia
655 4314 785 4384 ejus
818 4316 1098 4371 adversus
1130 4318 1402 4373 eumdem
1436 4318 1710 4374 Praxeam
1744 4335 1919 4391 argu-

256 4403 650 4459 mentatione.
697 4404 808 4459 lste
859 4405 1155 4475 siquidem
1205 4406 1534 4471 haereticus,
1566 4413 1621 4463 et
1664 4408 1783 4473 alii,
1815 4409 1917 4480 qui

252 4490 446 4547 stulte
477 4492 704 4561 opinati
738 4499 878 4547 sunt
899 4496 1172 4548 eumdem
1196 4511 1324 4550 esse
1348 4500 1580 4551 Patrem
1604 4503 1660 4551 et
1681 4497 1915 4567 Filium,

2036 3302 2498 3367 observavimus,
2534 3299 2721 3355 verbis
2751 3316 2817 3354 ac
2851 3300 3188 3354 nominibus
3228 3302 3498 3371 aspersit.
3532 3299 3677 3353 Nam

2036 3395 2101 3444 ut
2145 3389 2417 3461 plurima,
2450 3389 2505 3442 in
2542 3389 2816 3443 omnibus
2850 3390 2976 3459 ejus
3021 3387 3189 3443 libris
3234 3387 3454 3459 passim
3488 3388 3676 3453 obvia,

2036 3496 2193 3534 nunc
2222 3478 2767 3549 praetermittantur,
2810 3494 3000 3533 nonne
3049 3476 3105 3531 in
3149 3477 3253 3533 hoc
3289 3478 3435 3549 ipso,
3468 3478 3535 3531 de
3568 3493 3679 3547 quo

2034 3568 2428 3640 disputamus.
2483 3568 2845 3637 Apologelico,
2879 3582 3053 3638 quem
3101 3568 3171 3621 ad
3220 3566 3488 3622 ethnicos
3530 3566 3680 3620 anti-

2032 3658 2199 3713 stites
2226 3656 2455 3723 direxit,
2492 3657 2678 3728 magis
2711 3673 2887 3727 quam
2943 3657 2999 3711 in
3052 3656 3204 3722 aliis,
3249 3655 3468 3725 Latine,
3502 3655 3679 3727 polite

2032 3749 2088 3801 et
2126 3746 2433 3801 emendate
2467 3742 2626 3814 loqui
2657 3744 2905 3799 debebat
2924 3745 2951 3799 Ῥ
2980 3745 3129 3799 8M
3170 3747 3235 3799 At
3260 3744 3456 3815 plures
3482 3748 3677 3798 tamen

2031 3834 2090 3889 in
2122 3850 2187 3888 eo
2214 3834 2334 3903 jam
2366 3832 2719 3898 notavimus,
2755 3838 2810 3887 et
2841 3833 3030 3887 adhuc
3081 3833 3418 3888 notabimus
3469 3833 3678 3888 barba-

2031 3922 2263 3989 rismos,
2318 3923 2641 3992 modosque
2684 3921 2960 3993 loquendi
3011 3922 3363 3992 improprios
3394 3925 3450 3975 et
3481 3921 3679 3974 insue-

2029 4016 2139 4066 tos.
2178 4017 2391 4064 Nomen
2421 4016 2615 4063 autem
2655 4011 2854 4079 portio,
2888 4026 2953 4064 eo
2988 4027 3102 4081 quo
3135 4010 3465 4064 notavimus
3498 4025 3676 4063 sensu

2030 4101 2158 4155 ideo
2216 4098 2504 4164 adhibuit,
2557 4104 2622 4152 ut
2674 4099 2945 4153 Praxeam
3006 4099 3303 4152 efficacius
3362 4097 3671 4163 rel‘cllcret,

2029 4190 2126 4261 qui
2162 4187 2457 4243 el‘l‘utiebat
2487 4187 2695 4241 Filium
2739 4204 2989 4259 persona
3042 4203 3409 4259 nequaquam
3445 4203 3476 4239 a
3511 4185 3675 4241 Patre

2029 4277 2334 4349 distingui.

2628 4417 2946 4457 ARTICULUS
2970 4418 3068 4457 νιι.

2028 4493 2329 4548 Solvuntur
2349 4493 2465 4545 alia
2488 4495 2841 4556 argumenta,
2866 4492 3064 4559 quibus
3086 4492 3346 4560 objicilur
3368 4488 3675 4545 Tertullia-

250 4580 695 4636 contendebant
725 4580 818 4635 bis
852 4581 1015 4636 Lucas
1048 4584 1427 4654 Evangelistte
1461 4586 1652 4640 verbis
1679 4603 1691 4641 :
1740 4562 1915 4656 Spiri;
1947 4574 1993 4638 D

252 4679 346 4725 tus
383 4669 485 4723 Dei
507 4671 857 4736 superveniet
882 4708 889 4719 κ
912 4672 969 4724 in
1000 4676 1071 4738 le,
1130 4680 1179 4726 et
1209 4673 1392 4728 virtus
1422 4673 1689 4729 Altissimi
1726 4677 1917 4730 obum-

254 4759 457 4814 brabit
489 4766 537 4813 te
561 4761 714 4825 (Luc.
746 4776 783 4827 1,
815 4759 928 4828 35),
962 4758 1117 4814 idem
1150 4761 1389 4817 omnino
1423 4761 1741 4833 signiﬁcari
1772 4780 1837 4818 ac
1868 4764 1917 4820 si

254 4847 548 4902 dixisset:
589 4864 609 4892 α
646 4846 829 4901 Filius
859 4846 958 4901 Dei
990 4847 1145 4903 Deus
1175 4853 1283 4916 est,
1326 4854 1382 4905 et
1414 4851 1597 4906 virtus
1626 4836 1917 4908 Altissimi

255 4936 607 4991 Altissimus
639 4939 743 4990 est.
782 4957 802 4984 ι
838 4935 1235 4993 Tertullianus
1259 4954 1392 4993 vero
1417 4939 1565 4994 hanc
1589 4939 1917 4996 baereticam

250 5024 804 5094 interpretationem
849 5024 931 5078 sic
986 5024 1297 5098 impugnat
1340 5045 1352 5083 :
1416 5028 1471 5081 Si
1531 5028 1647 5093 hic,
1700 5028 1914 5101 inquit,

252 5118 420 5170 esset
480 5113 849 5184 evangelista:
938 5130 1169 5179 sensus,
1230 5116 1568 5187 scripsisset
1650 5118 1911 5189 utique:

248 5226 278 5253 α
320 5205 473 5257 Deus
505 5201 897 5273 superveniet,
931 5207 987 5257 et
1016 5204 1356 5260 Altissimus
1388 5206 1765 5261 obumbrabit
1786 5214 1859 5263 te.
1886 5230 1913 5257 »

250 5290 532 5363 (Tertull.
562 5291 686 5345 adv.
718 5291 886 5344 Prax.
938 5307 1062 5363 cap.
1109 5294 1224 5364 26.)
1264 5296 1440 5364 Atqui
1472 5312 1586 5351 non
1621 5296 1701 5352 ita
1731 5297 1915 5368 scrip-

253 5381 363 5447 sit,
394 5380 495 5434 sed
531 5381 706 5433 virtus
736 5378 851 5443 Dei,
885 5394 995 5433 non
1022 5380 1251 5449 directo,
1287 5383 1344 5437 id
1393 5388 1500 5454 est,
1555 5384 1914 5441 nominativo

252 5484 403 5523 casu
437 5488 462 5520 α
493 5467 677 5523 Deum
710 5466 1045 5537 nominans,
1080 5471 1407 5540 portionem
1449 5473 1629 5529 totius
1661 5474 1913 5547 intelligi

253 5558 466 5623 voluit,
503 5574 629 5629 quae
690 5573 928 5613 cessura
983 5563 1106 5613 erat
1162 5562 1219 5615 in
1274 5561 1396 5615 Filii
1430 5579 1663 5617 nomen.
1702 5585 1723 5612 ι
1760 5563 1915 5619 Dixit

255 5648 465 5717 itaque
522 5647 615 5703 his
644 5647 859 5716 verbis,
909 5649 1137 5719 spiritus
1194 5655 1250 5705 et
1303 5651 1481 5706 virtus
1513 5653 1630 5723 Dei,
1664 5652 1913 5727 intelligi

2102 4637 2262 4691 illum
2291 4637 2567 4689 minorem
2600 4635 2787 4704 Patre,
2821 4636 3073 4706 hancque
3104 4634 3401 4702 visibilem,
3432 4643 3482 4688 et
3512 4634 3674 4688 illum

2098 4709 2153 4761 in
2164 4708 2431 4762 visibilem

2098 4849 2269 4904 Aliud
2331 4849 2622 4918 denegatae
2682 4864 2715 4901 a
2770 4848 3148 4914 Tertulliano,
3180 4852 3281 4902 aut
3311 4847 3673 4902 labefactata)

2027 4956 2314 5011 supremas
2335 4937 2460 4993 Filii
2482 4938 2577 4993 Dei
2595 4937 2919 4993 divinitatis
2937 4943 3344 5008 argumentum
3368 4938 3484 5008 peti
3504 4952 3676 5007 posse

2027 5034 2235 5101 putant
2263 5045 2329 5083 ex
2378 5026 2468 5081 his
2500 5026 2659 5080 illius
2690 5026 2881 5081 verbis
2912 5043 2924 5080 :
2960 5050 2986 5076 ‹‹
3024 5031 3192 5081 Pater
3226 5031 3348 5081 tota
3394 5025 3674 5081 substan-

2026 5119 2107 5173 tia
2163 5121 2270 5183 est,
2330 5114 2512 5170 Filius
2568 5130 2701 5168 vero
2759 5115 3041 5170 derivatio
3097 5117 3275 5169 totius
3352 5120 3409 5169 et
3464 5114 3673 5185 portio,

2026 5209 2180 5262 sicut
2208 5207 2332 5276 ipse
2371 5204 2710 5274 profitetur:
2771 5202 2940 5257 Pater
3000 5205 3187 5273 major
3230 5219 3320 5257 me
3349 5207 3456 5257 est.
3484 5204 3528 5255 A
3561 5217 3675 5272 quo

2025 5304 2083 5353 et
2115 5296 2444 5350 minoratus
2496 5292 2749 5357 canitur,
2808 5290 2866 5347 in
2918 5293 3164 5363 psalmo,
3200 5293 3493 5347 modicum
3530 5290 3672 5361 quid

2024 5389 2169 5441 citra
2200 5382 2458 5455 angelos.
2512 5380 2604 5436 Sic
2659 5380 2825 5436 Pater
2882 5381 3034 5436 alius
3068 5400 3099 5437 a
3130 5382 3293 5449 Filio,
3346 5382 3487 5435 dum
3534 5377 3676 5433 Filio

2024 5475 2232 5545 major.
2268 5494 2297 5521 »
2331 5468 2591 5542 (Tertull.
2625 5469 2752 5524 adv.
2788 5475 2959 5524 Prax.
3004 5487 3131 5540 cap.
3162 5471 3243 5536 9.)
3281 5469 3479 5524 Nonne
3519 5481 3674 5535 ergo,

2022 5564 2320 5635 inquiunt,
2354 5559 2449 5614 ille
2482 5559 2560 5613 ibi
2586 5563 2782 5629 aperte
2814 5560 3108 5629 significat
3139 5559 3195 5613 in
3229 5562 3416 5619 Patre,
3454 5554 3673 5622 majore

2023 5654 2188 5721 Filio,
2222 5656 2405 5709 totam
2441 5665 2569 5707 esse
2631 5648 2964 5706 Divinitatis
3025 5647 3422 5706 substantiam
3470 5649 3528 5700 et
3566 5642 3670 5699 ali-
