4118 6182
417 351 535 413 927

946 356 1470 423 TERTULLIANI
1519 359 1843 421 OPERUM
1888 358 2086 420 PARS
2129 358 2584 420 I.—-‘SEBlES
2629 360 2676 434 Ι,
2723 360 3295 423 APOLOGETICA.

3658 408 3661 409 ν
3713 356 3825 417 928

422 503 599 560 quam
647 492 874 543 tantum
930 488 1253 560 portionem
1286 490 1345 547 in
1377 490 1540 558 Filio,
1574 492 1671 563 qui
1720 492 1937 548 idcirco
1967 491 2066 547 illo
2094 492 2148 559 Α
2180 490 2347 559 Filio,
2382 492 2485 546 sed
2515 495 2581 547 ut
2611 492 2781 547 Pater
2808 491 2972 560 Filio,
3007 492 3399 565 generatione,
3436 507 3553 547 non
3594 504 3822 563 genere.

422 578 615 633 minor
642 577 775 633 est?
809 578 966 634 Itane
998 596 1127 634 vero
1162 579 1258 635 ille
1282 580 1448 635 dixit.
1482 581 1687 639 Filium
1721 598 1849 638 esse
1883 582 2066 637 mino~

419 683 541 721 rem
574 672 763 735 Patre,
800 683 997 739 quem,
1044 671 1109 722 ut
1166 673 1336 724 antea
1393 672 1782 737 ostendimus,
1816 671 2067 727 asseruit

422 755 569 811 Patri
631 771 759 810 esse
818 773 1039 828 parem,
1118 758 1168 813 ei
1250 761 1497 830 pariari,
1575 761 1813 832 aequari,
1863 760 2064 831 jungi,

420 861 525 901 nec
555 844 653 900 illo
685 862 813 901 esse
844 846 1152 911 minorem,
1196 848 1335 919 quia
1386 848 1513 921 ipse
1571 850 1829 905 dixerat:
1877 852 1982 920 Ego
2013 852 2065 905 et

418 940 578 1007 pater
609 951 783 989 unum
812 951 1001 989 sumus
1022 939 1046 988 .9
1075 936 1262 1007 (supr.
1308 938 1413 993 hoc
1446 955 1572 1010 cap.
1609 943 1716 995 art.
1754 939 1827 1009 1.)
1862 939 2063 993 Nonne

421 1027 557 1079 ante
588 1024 817 1094 objecta
849 1025 1017 1079 nobis
1055 1026 1230 1081 verba
1276 1027 1346 1081 ab
1398 1043 1463 1082 eo
1523 1028 1741 1082 dictum
1776 1027 2062 1099 legimus:

420 1137 449 1164 «
476 1117 543 1167 Et
573 1130 874 1185 nunquam
908 1120 1214 1186 separatus
1238 1134 1269 1170 a
1292 1117 1478 1183 Patre,
1503 1122 1604 1171 aut
1634 1117 1782 1172 alius
1804 1135 1835 1171 a
1856 1122 2064 1184 Patre;

418 1203 557 1274 quia
586 1204 702 1274 Ego
735 1208 791 1257 et
820 1204 988 1258 Pater
1045 1222 1227 1259 unum
1260 1223 1489 1261 sumus.
1536 1211 1665 1261 Haec
1694 1207 1797 1262 erit
1828 1206 2068 1277 probola

416 1292 697 1361 veritatis,
732 1297 930 1348 custos
972 1294 1248 1360 veritatis,
1308 1312 1425 1366 qua
1471 1296 1761 1367 prolatum
1812 1296 2065 1351 dicimus

418 1380 627 1437 Filium
662 1398 694 1435 a
723 1383 912 1453 Patre,
964 1384 1062 1438 sed
1120 1400 1231 1438 non
1283 1384 1669 1456 separatum?
1703 1408 1730 1434 ››
1780 1385 1926 1457 (Lib.
1962 1385 2060 1441 cit.

416 1486 538 1541 cap.
575 1472 648 1539 8.)
682 1471 973 1542 Numquid
1028 1488 1163 1543 ergo
1225 1473 1461 1544 putidaz,
1516 1479 1571 1529 et
1604 1473 1750 1529 nulli
1801 1491 2060 1545 unquam

416 1559 814 1614 condonandas
878 1561 1357 1617 contradictionis
1413 1564 1899 1619 condemnandus
1930 1564 2065 1619 est?

414 1647 708 1718 Numquid
740 1666 770 1704 a
808 1666 983 1705 sensu
1018 1650 1253 1707 animus
1285 1653 1413 1723 ejus
1445 1653 1587 1708 adeo
1622 1668 1882 1724 unquam
1916 1652 2060 1708 alie-

415 1742 591 1793 natus
624 1743 732 1808 est,
767 1743 831 1793 ut
860 1739 1073 1795 Filium
1105 1741 1318 1796 dixerit
1347 1746 1517 1797 Patre
1548 1759 1653 1797 suo
1684 1742 1969 1797 minorem
2004 1745 2061 1797 et

414 1844 531 1882 non
562 1826 868 1899 minorem,
902 1845 1096 1901 parem
1158 1836 1214 1885 et
1274 1848 1387 1886 non
1442 1848 1663 1903 parem,
1708 1848 1889 1886 unum
1924 1848 2055 1886 cum

411 1915 512 1972 illo
543 1921 598 1972 et
630 1934 742 1972 non
776 1935 979 1988 unum,
1012 1918 1125 1974 nisi
1158 1920 1529 1991 subldiversa
1550 1921 1819 1977 ratione?
1848 1921 1916 1975 Et
1942 1937 2059 1975 cer-

410 2008 469 2060 te
499 2006 645 2061 satis
672 2023 705 2061 a
735 2007 903 2063 nobis
963 2009 1275 2079 probatum
1336 2014 1425 2065 est
1481 2028 1657 2082 quam
1716 2011 1931 2066 diserte
1962 2004 2059 2066 ine

413 2094 676 2150 docuerit
708 2113 882 2151 unam
917 2113 1044 2152 esse
1076 2098 1135 2152 in
1190 2100 1353 2154 Patre
1400 2104 1456 2155 et
1504 2099 1643 2155 Filio
1684 2100 2057 2172 simplicissi-

412 2200 571 2241 mam
605 2188 873 2239 naturam
933 2202 997 2241 ac
1055 2188 1445 2243 substantiam
1496 2206 1621 2261 qua:
1658 2205 1762 2244 nec
1797 2188 2056 2260 separari

412 2289 517 2330 nec
549 2273 726 2329 dividi
757 2278 966 2345 potest.
1026 2277 1134 2331 Sed
1197 2277 1336 2348 quia
1392 2279 1637 2335 Praxeas
1678 2280 1813 2334 inde
1842 2278 2057 2335 inferre

410 2363 732 2419 conabatur
758 2364 1021 2421 eamdem
1054 2383 1285 2438 quoque
1314 2384 1441 2424 esse
1463 2368 1697 2423 illorum
1722 2386 2051 2440 personam,

411 2452 549 2509 hinc
608 2457 810 2509 auctor
856 2460 1054 2511 noster
1093 2458 1353 2512 ostendit
1397 2474 1495 2513 eos
1541 2475 1654 2512 non
1688 2463 1896 2513 natura
1923 2459 2054 2530 qui-

413 2542 568 2612 dem,
602 2544 701 2597 sed
735 2560 985 2615 persona
1034 2545 1341 2619 distingui,
1399 2547 1537 2618 quia
1592 2546 1772 2602 Filius
1818 2564 1851 2601 a
1888 2548 2056 2602 Patre

415 2648 521 2687 suo
554 2631 817 2703 prolatus
849 2650 915 2690 ac
944 2634 1176 2706 genitus
1231 2639 1338 2691 est.
1374 2637 1763 2701 Quamobrem
1796 2640 1928 2709 post
1955 2635 2057 2690 illa

414 2720 565 2792 ipsa,
599 2738 725 2792 qua:
760 2721 928 2777 nobis
959 2723 1318 2795 objciuntur,
1353 2727 1529 2781 verba
1559 2726 1924 2781 continenter
1954 2725 2054 2780 ad-

410 2809 585 2881 jecit:
620 2831 641 2858 ι
678 2810 772 2865 Sic
802 2814 858 2865 et
895 2815 1064 2867 Pater
1110 2812 1261 2869 alius
1302 2831 1335 2869 a
1384 2815 1548 2883 Filio,
1583 2816 1723 2870 dum
1759 2816 1900 2871 Filio
1930 2832 2054 2871 ma-

409 2898 525 2969 jor,
580 2898 720 2953 dum
771 2899 923 2955 alius
980 2900 1078 2972 qui
1109 2907 1369 2973 generat,
1401 2903 1552 2959 alius
1577 2904 1672 2975 qui
1703 2910 2054 2976 generatur:

416 2987 559 3042 dum
591 2987 744 3044 alius
767 2990 865 3061 qui
892 2991 1093 3059 mittit,
1122 2992 1273 3048 alius
1295 2993 1395 3065 qui
1421 2993 1708 3062 mittitur;
1742 2996 1883 3051 dum
1907 2995 2057 3052 alius

411 3076 512 3148 qui
545 3077 701 3145 facit,
732 3077 885 3133 alius
916 3097 1019 3151 per
1048 3097 1223 3152 quem
1256 3082 1338 3136 ﬁt.
1373 3083 1523 3138 Bene
1563 3085 1717 3156 quod
1752 3089 1807 3140 et
1852 3085 2057 3141 Domi-

409 3182 544 3236 nus,
582 3184 726 3222 usus
753 3166 861 3223 hoc
899 3169 1065 3225 verbo
1098 3170 1157 3225 in
1190 3188 1456 3242 persona.
1484 3172 1786 3240 Paracleti,
1820 3192 1932 3229 non
1965 3174 2055 3229 di-

405 3254 691 3311 visionem
734 3256 1104 3329 signiﬁcavit,
1151 3262 1251 3315 sed
1298 3261 1784 3333 dispositionem:
1820 3264 2053 3335 Rogabo

406 3344 585 3410 enim,
618 3345 831 3416 inquit,
866 3348 1116 3415 Patrem,
1169 3352 1225 3405 et
1272 3350 1451 3405 alium
1486 3352 1831 3408 advocatum
1866 3354 2055 3410 mittet

406 3432 594 3501 vobis,
625 3435 909 3507 Spiritum
944 3437 1220 3493 veritatis.
1266 3439 1361 3494 Sic
1412 3440 1594 3495 alium
1629 3459 1661 3496 a
1692 3459 1753 3498 se
1786 3442 2051 3498 Paracle-

406 3526 559 3592 tum;
589 3526 882 3595 quomodo
942 3530 998 3581 et
1054 3544 1161 3582 nos
1192 3545 1225 3582 a
1257 3528 1424 3583 Patre
1484 3528 1661 3585 alium
1707 3531 1913 3587 Filium
1941 3550 1954 3599 ;
1988 3536 2055 3587 ut

410 3612 650 3667 tertium
682 3615 927 3683 gradum
961 3617 1295 3673 ostenderet
1327 3617 1385 3672 in
1415 3618 1732 3689 Paracleto,
1767 3620 1918 3676 sicut
1947 3638 2054 3677 nos

409 3702 736 3757 secundum
777 3701 833 3756 in
868 3704 1032 3771 Filio,
1066 3710 1302 3778 propter
1326 3708 1659 3763 oeconomiae
1694 3710 2053 3768 observatio-

408 3804 565 3845 nem.
594 3808 620 3840 ι
660 3788 829 3861 (Ibid.
860 3806 985 3863 cap.
1015 3792 1094 3865 9.)

480 3895 636 3953 Duas
667 3900 862 3952 autem
895 3898 975 3954 ibi
1007 3900 1197 3957 reddit
1227 3902 1483 3959 rationes
1513 3921 1618 3960 cur
1646 3905 1816 3962 Pater
1844 3909 2051 3978 major,

410 3988 467 4041 et
498 3985 651 4042 842
685 3986 868 4044 Filius
899 3989 1091 4045 minor
1113 3990 1360 4048 dicatur.
1402 3994 1597 4051 Prima
1633 4001 1739 4061 est,
1774 3998 1913 4068 quia
1942 3998 2048 4053 Pa-

412 4078 503 4131 ter
535 4076 745 4132 Filium
784 4077 965 4148 misit,
1014 4084 1070 4135 et
1100 4080 1279 4138 Filius
1312 4083 1571 4139 mittitur
1597 4103 1631 4141 a
1661 4086 1847 4142 Patre.
1892 4090 1964 4142 At
1993 4088 2049 4142 id

410 4168 677 4236 spectare
698 4165 931 4222 videtur
952 4167 1274 4226 humanam
1292 4170 1421 4227 Filii
1448 4178 1865 4247 naturam,qua
1884 4175 2051 4230 illum

406 4253 577 4309 Patre
609 4270 715 4309 suo
747 4254 1033 4312 minorem
1067 4274 1195 4314 esse
1235 4277 1406 4317 nemo
1438 4264 1746 4321 difﬁtetur.
1788 4265 2054 4321 Secunda

408 4346 517 4414 est,
548 4342 685 4414 quia
716 4343 898 4400 Filius
927 4362 961 4401 a
992 4346 1158 4403 Patre
1206 4366 1312 4405 suo
1342 4357 1674 4424 generatur,
1707 4358 1764 4409 et
1794 4354 2050 4409 divinam

412 4448 579 4487 suam
596 4436 865 4488 naturam
882 4436 1311 4509 accepit.Atqui
1334 4439 1441 4496 hac
1452 4442 1825 4513 generatione
1848 4459 2053 4499 secun-

412 4520 551 4575 dum
584 4537 617 4575 a
653 4522 821 4578 Patre
852 4523 1026 4579 habet
1074 4526 1321 4598 gradum
1365 4533 1421 4584 et
1451 4530 1739 4599 ordinem,
1772 4549 1887 4604 quo
1918 4534 2050 4605 qui-

2088 1876 2135 1941 B

2173 580 2356 635 Filius
2387 580 2541 636 enim
2573 584 2680 649 est,
2712 585 2769 636 et
2801 598 2868 636 ex
2916 598 2983 636 eo
3034 582 3226 637 exivit.
3260 604 3288 631 »
3322 580 3522 644 (Hilar.
3556 581 3617 634 in
3651 580 3820 633 Traet.

2175 672 2239 725 in
2268 671 2418 741 Psal.
2455 686 2652 737 cxvm,
2682 672 2709 739 §
2738 670 2847 741 l7.)
2882 671 3115 726 Scimus
3145 670 3382 743 quidem
3414 670 3618 725 eadem
3649 669 3821 724 Joan-

2175 759 2268 813 nis
2296 760 2472 815 verba
2504 759 2575 813 ab
2607 758 2706 813 illo
2738 758 2876 814 alibi
2902 760 3109 831 (idem,
3142 759 3244 815 lib.
3278 776 3337 814 Ix
3385 759 3450 813 de
3485 759 3640 814 Trin.
3675 757 3821 829 Ξ51)

2173 851 2231 904 et
2252 848 2324 903 ab
2357 847 2486 903 aliis
2530 865 2763 920 quoque
2795 849 2867 904 de
2897 854 3205 921 assumpta
3253 849 3324 904 ab
3372 848 3499 918 ipso
3551 847 3647 902 Dei
3681 846 3823 901 Filio

2174 938 2433 993 humana
2478 942 2687 992 natura
2736 938 3034 1009 explicari.
3098 938 3210 994 Sed
3261 937 3429 993 nobis
3480 935 3702 992 sufﬁcit
3756 952 3825 991 ea

2177 1028 2353 1083 etiam
2378 1027 2447 1082 ab
2480 1025 2697 1081 Hilario
2727 1025 3118 1098 pluribusque
3167 1026 3299 1082 aliis
3344 1026 3574 1081 Nicaena
3602 1024 3823 1097 synodo

2176 1115 2624 1187 posterioribus,
2658 1120 2721 1170 ut
2766 1115 2904 1170 alibi
2937 1116 3370 1182 adnotavimus,
3403 1116 3475 1170 de
3506 1114 3705 1169 divina
3734 1114 3827 1167 in-

2174 1204 2355 1275 telligi
2408 1204 2723 1275 ipsiusmet
2754 1204 2880 1259 Filii
2919 1205 3021 1260 Dei
3052 1205 3446 1277 generatione,
3478 1220 3591 1275 qua
3621 1202 3827 1258 ordine

2174 1295 2470 1350 secundus
2495 1311 2528 1348 a
2560 1294 2727 1349 Patre
2753 1310 2860 1349 suo
2890 1298 2979 1349 est
3008 1294 3160 1365 (Not.
3196 1294 3256 1348 in
3308 1294 3408 1349 lib.
3442 1311 3507 1361 ιι,
3548 1292 3820 1347 Ambros.

2172 1383 2238 1438 de
2266 1384 2438 1455 Fide).
2481 1382 2721 1438 Constat
2768 1384 2985 1456 quippe
3033 1382 3180 1438 nihil
3232 1383 3368 1438 inde
3414 1380 3615 1438 inferri
3647 1398 3824 1453 posse

2173 1478 2375 1529 contra
2404 1472 2835 1528 Tertullianum
2886 1478 3181 1539 nostrum,
3243 1472 3339 1543 qui
3387 1471 3650 1544 quidem,
3681 1486 3820 1525 cum

2173 1562 2284 1617 sibi
2315 1562 2428 1634 ipsi
2463 1579 2580 1617 non
2613 1561 3051 1627 contradixerit,
3086 1560 3189 1617 illa
3244 1560 3613 1633 evangelistae
3643 1560 3824 1615 verba

2170 1650 2279 1707 hoc
2304 1651 2588 1707 catholico
2619 1668 2795 1707 sensu
2828 1652 3122 1723 accepisse
3152 1651 3310 1706 haud
3341 1649 3636 1705 immerito
3666 1649 3824 1704 vide-

2170 1745 2284 1796 tur.
2318 1745 2386 1795 Et
2416 1745 2571 1796 certe
2599 1757 2664 1796 eo
2698 1741 2887 1813 magis
2938 1740 3037 1796 illa
3086 1741 3170 1797 sic
3199 1739 3571 1812 interpretari
3603 1738 3822 1811 potuit,

2168 1847 2283 1903 quo
2317 1829 2577 1887 insulsas
2604 1832 2954 1886 Arianorum
3004 1830 3403 1886 cavillationes
3432 1829 3632 1883 minus
3670 1845 3826 1899 pras-

2165 1920 2360 1975 videre
2419 1924 2667 1992 poterat,
2718 1924 2776 1976 et
2818 1919 3117 1976 efﬁcacius
3170 1919 3467 1975 insulsum
3516 1916 3827 1973 refellebat

2167 2009 2395 2063 Praxeaa
2426 2024 2703 2064 errorem.

2237 2120 2445 2172 Contra
2474 2120 2669 2172 tamen
2722 2115 2890 2171 nobis
2938 2132 3147 2171 rursus
3189 2113 3479 2186 objiciunt
3506 2110 3825 2168 Tertullia-

2167 2222 2308 2261 num
2368 2206 2426 2260 in
2487 2206 2610 2261 suis
2666 2205 2926 2260 adversus
2980 2205 3309 2260 Marcionem
3368 2203 3537 2258 libris
3568 2217 3823 2274 negasse

2166 2294 2432 2349 eamdem
2476 2310 2605 2350 esse
2662 2294 2847 2349 Patris
2902 2294 3102 2349 aaterni
3153 2298 3210 2349 et
3257 2292 3385 2347 Filii
3416 2289 3819 2348 substantiam

2164 2382 2371 2453 (Petav.
2399 2386 2541 2437 tom.
2602 2383 2668 2438 ΙΙ.
2731 2383 2981 2451 Theolog.
3030 2384 3272 2454 dogmat.
3331 2382 3433 2437 lib.
3486 2397 3524 2450 ι,
3571 2396 3698 2451 cap.
3729 2379 3813 2449 5).

2167 2472 2250 2526 Ibi
2280 2472 2567 2542 siquidem
2600 2472 2766 2527 docet
2810 2472 3020 2527 Filium
3069 2487 3199 2528 esse
3257 2472 3475 2527 factum
3507 2486 3575 2525 ac
3603 2468 3816 2525 visibi-

2164 2560 2302 2617 lem.
2338 2562 2567 2617 Patrem
2614 2578 2750 2617 vero
2796 2576 2901 2617 nec
2948 2561 3262 2628 visibilem,
3295 2576 3403 2616 nec
3431 2561 3673 2616 factum.
3708 2558 3816 2614 Di-

2164 2665 2392 2705 versam
2441 2649 2623 2720 igitur
2668 2649 2903 2705 illorum
2950 2650 3343 2705 substantiam
3391 2663 3521 2704 esse
3560 2646 3818 2719 putavit.

2169 2740 2250 2795 Ad
2281 2739 2339 2793 id
2373 2744 2568 2795 autem
2601 2740 2972 2811 probandum
2996 2739 3118 2795 haec
3141 2739 3310 2795 nobis
3334 2740 3629 2810 objectant
3651 2736 3822 2793 illius

2165 2829 2379 2884 verba:
2416 2851 2443 2878 ‹‹
2481 2829 2830 2885 Proﬁtemur
2890 2830 3189 2885 Christum
3244 2843 3477 2900 semper
3531 2826 3722 2899 egisse
3751 2826 3823 2882 in

2168 2918 2268 2974 Dei
2302 2918 2491 2974 Patris
2524 2919 2778 2989 nomine,
2812 2920 3005 2991 ipsum
3057 2919 3132 2974 ab
3180 2917 3349 2973 initio
3380 2920 3823 2985 conversatum,

2165 3006 2359 3079 ipsum
2395 3023 2778 3080 congressum
2818 3024 2951 3063 cum
3002 3006 3353 3080 patriarchis
3402 3011 3459 3062 et
3488 3005 3824 3078 prophetis,

2166 3096 2377 3151 Filium
2409 3098 2712 3165 creatoris,
2744 3098 3084 3153 Sermonem
3115 3097 3265 3168 ejus,
3296 3112 3469 3167 quem
3502 3111 3571 3151 ex
3600 3097 3825 3150 semet-

2168 3187 2295 3259 ipso
2328 3188 2674 3258 proferendo
2706 3186 2916 3242 Filium
2961 3187 3119 3256 fecit,
3161 3192 3218 3242 et
3263 3186 3471 3242 exinde
3500 3184 3662 3241 omni
3694 3183 3827 3239 dis-

2087 3246 2129 3313 C
2169 3246 2447 3348 positioni
2504 3293 2623 3331 suae
2674 3246 3418 3349 voluntatique-praefecit,
3475 3273 3825 3329 diminuens

2160 3364 2325 3421 illum
2363 3364 2590 3421 modico
2620 3363 2769 3420 citra
2790 3364 3046 3436 angelos,
3080 3365 3234 3421 sicut
3262 3364 3420 3437 apud
3450 3363 3633 3418 David
3667 3362 3824 3417 scri-

2163 3458 2328 3527 ptum
2358 3457 2483 3522 est;
2518 3471 2635 3525 qua
2666 3454 3055 3511 diminutione
3093 3456 3153 3509 in
3202 3454 3323 3509 haec
3353 3468 3588 3525 quoque
3619 3451 3824 3524 dispo-

2164 3544 2314 3599 situs
2344 3548 2434 3599 est
2464 3560 2497 3598 a
2527 3543 2716 3612 Patre,
2773 3561 2898 3617 quae
2948 3549 3013 3600 ut
3058 3544 3321 3600 humana
3358 3541 3815 3615 reprehenditis,

2163 3635 2429 3691 ediscens
2471 3635 2599 3705 jam
2646 3634 2785 3691 inde
2845 3652 2879 3691 a
2925 3636 3271 3707 primordio,
3295 3636 3421 3706 jam
3452 3634 3591 3689 inde
3623 3632 3820 3689 homi-

2164 3741 2318 3791 nem,
2368 3724 2525 3796 quod
2575 3728 2700 3781 erat
2747 3726 2981 3781 futurus
3024 3725 3083 3780 in
3116 3725 3251 3781 ﬁne-
3300 3723 3403 3779 Ille
3436 3727 3547 3795 est,
3583 3723 3685 3796 qui
3718 3723 3819 3778 de-

2162 3813 2429 3881 scendit;
2460 3812 2557 3868 ille
2587 3817 2696 3882 est,
2727 3815 2826 3886 qui
2858 3815 3212 3884 interrogat;
3246 3813 3344 3869 ille
3364 3816 3471 3883 est,
3496 3813 3597 3884 qui
3622 3814 3815 3884 jurat.

2160 3908 2437 3959 Caeterum
2466 3903 2690 3959 Patrem
2726 3904 2941 3960 nemini
2965 3905 3154 3961 visum
3181 3904 3357 3960 etiam
3391 3918 3707 3958 commune
3737 3904 3820 3958 te-

2162 3996 2414 4051 stabitur
2434 3995 2884 4067 Evangelium...
2908 4000 3140 4052 Patrem
3160 3994 3511 4051 invisibilem
3535 3993 3817 4050 determi-

2161 4102 2342 4152 nans;
2375 4084 2435 4139 in
2494 4086 2665 4156 cujus
2723 4087 3071 4142 auctoritate
3108 4090 3166 4142 et
3214 4084 3453 4141 nomine
3514 4084 3643 4155 ipse
3693 4087 3823 4139 erat

2162 4174 2338 4242 Deus,
2370 4174 2472 4245 qui
2504 4174 2811 4230 videbatur
2868 4175 3052 4231 Filius
3106 4175 3229 4231 Dei.
3265 4196 3293 4225 »
3340 4173 3605 4246 (Tertull.
3639 4172 3745 4228 lib.
3776 4187 3820 4227 ιι

2160 4262 2375 4318 advers.
2408 4261 2668 4319 Marcion.
2703 4279 2830 4337 cap.
2856 4264 2973 4336 27.)

2233 4368 2342 4423 Sed
2366 4366 2951 4425 animadvertendum
2988 4373 3076 4426 est
3106 4368 3538 4425 Tertullianum
3571 4366 3652 4422 ibi
3687 4368 3817 4423 dis-

2162 4462 2367 4531 putare
2398 4463 2600 4514 contra
2629 4460 3007 4529 Marcionem,
3038 4460 3156 4531 qui,
3204 4464 3269 4515 ut
3308 4457 3405 4514 ille
3452 4458 3675 4513 ibidem
3708 4457 3814 4527 ait,

2162 4564 2465 4619 perperam
2527 4548 2681 4605 848
2740 4550 3096 4620 predicabat
3131 4550 3465 4605 Creatorem
3518 4563 3633 4603 non
3683 4562 3815 4603 esse

412 4608 544 4711 Ξθηξ
751 4616 936 4682 Pomm
984 4613 1083 4711 illo
1142 4617 1352 4688 minor,
1402 4620 1537 4711 738d,
1570 4625 1820 4690 tantum.
1855 4625 1941 4678 uti
1972 4622 2053 4678 ait
2082 4624 2129 4689 D
2162 4608 2347 4694 Dedm
2378 4637 2619 4707 bonum,
2655 4608 3131 4711 quandoquidem
3153 4637 3323 4710 plura
3344 4638 3414 4692 de
3440 4634 3541 4691 illo
3569 4634 3812 4708 pusilla,

409 4698 827 4769 Tertullianus,
870 4708 1091 4775 propter
1144 4710 1451 4763 mconomz’w
1488 4710 1938 4780 observationem,
1972 4712 2054 4767 ita

409 4790 474 4842 ut
504 4805 618 4844 non
652 4790 880 4859 divisio,
932 4794 1034 4848 sed
1088 4794 1397 4867 dispositio
1448 4799 1834 4871 signiﬁcetur.
1867 4805 2051 4874 Atque

407 4876 490 4933 ita
519 4883 576 4934 et
604 4879 825 4952 duplici
854 4880 956 4937 illa
985 4883 1211 4940 ratione
1240 4885 1423 4943 Filius
1472 4889 1542 4943 ab
1599 4906 1663 4947 eo
1716 4891 1830 4946 dici
1862 4893 2053 4963 potuit

408 4967 601 5024 minor
629 4969 819 5038 Patre,
870 4974 927 5027 et
983 4970 1135 5028 alius
1187 4975 1261 5029 ab
1308 4975 1430 5048 illo,
1461 4981 1660 5051 utpote
1691 4980 1792 5053 qui
1823 4981 1893 5037 ab
1925 4982 2053 5054 ipso

408 5058 643 5129 genitus
675 5058 803 5114 fuit.

482 5163 682 5233 Neque
713 5166 903 5237 nobis,
956 5184 1172 5238 quaeso,
1224 5186 1471 5243 reponas
1520 5174 1671 5231 hanc
1718 5176 2052 5249 explicatio-

408 5266 542 5307 nem
577 5268 689 5307 non
740 5270 869 5311 esse
922 5258 1323 5316 orthodoxam.
1377 5265 1615 5335 Antiqui
1667 5267 1819 5323 enim
1854 5268 2053 5324 Patres

406 5340 677 5398 Ecclesiae
706 5342 814 5399 hoc
844 5345 972 5417 ipso
1002 5363 1201 5419 sensu,
1235 5351 1408 5407 etiam
1445 5359 1575 5425 post
1611 5356 1921 5413 concilium
1954 5359 2052 5417 Ni-

409 5448 657 5496 caenum,
691 5431 792 5489 illa
821 5434 1034 5492 Christi
1100 5439 1309 5496 verba:
1371 5446 1539 5498 Pater
1592 5447 1771 5515 maior
1821 5464 1907 5504 me
1954 5457 2050 5519 est,

409 5520 774 5594 interpretati
808 5528 966 5580 sunt.
1005 5525 1257 5584 Hilarius
1285 5530 1601 5603 siquidem,
1634 5536 1979 5609 acerrimus,
2002 5537 2054 5594 si

414 5611 547 5683 quis
578 5628 860 5684 unquam,
917 5614 1212 5673 catholica
1265 5619 1543 5677 doctrinae
1600 5623 1890 5695 defensor,
1933 5626 2055 5684 haec

415 5700 658 5759 minime
714 5703 995 5764 haesitans
1054 5708 1328 5782 scripsit:
1390 5733 1419 5763 «
1478 5712 1581 5770 Est
1633 5712 1803 5773 Pater
1871 5717 2058 5790 major

2161 4724 2456 4781 imbecilla
2507 4730 2564 4781 et
2620 4727 2734 4783 Deo
2789 4727 3031 4800 indigna
3086 4725 3553 4799 prmdicabantur
3600 4722 3811 4794 (Ιὺίᾱ.).

2160 4818 2233 4871 At
2263 4814 2660 4872 Tertullianus
2716 4817 2855 4872 huic
2917 4816 3184 4872 heretico
3234 4814 3548 4886 respondet
3578 4812 3686 4868 has
3715 4828 3817 4884 pu-

2159 4904 2416 4960 silltlates
2496 4904 2555 4960 in
2639 4904 2867 4962 Christo
2957 4904 3196 4977 quidem
3281 4919 3429 4969 esse,
3509 4902 3612 4958 sed
3690 4917 3814 4958 non

2162 4997 2454 5065 quatenus
2486 4994 2665 5063 Deus,
2697 4996 2799 5052 sed
2834 4999 3126 5067 quatenus
3156 4992 3332 5050 homo
3362 4995 3468 5047 est.
3523 4991 3670 5047 Eum
3707 5006 3816 5047 au-

2160 5086 2278 5138 tem
2312 5099 2512 5139 revera
2542 5083 2725 5140 Deum
2757 5102 2886 5141 esse
2920 5084 3144 5155 probat,
3174 5082 3312 5154 quia
3342 5096 3574 5153 semper
3602 5080 3728 5152 egit
3756 5080 3817 5134 in

2163 5173 2351 5229 Patris
2397 5174 2655 5243 nomine,
2713 5174 2813 5247 qui
2857 5190 2990 5230 cum
3042 5170 3397 5245 patriarchis
3424 5174 3482 5226 et
3512 5168 3820 5241 prophetis

2164 5266 2534 5338 loquebatur,
2566 5268 2703 5337 quia
2756 5267 2856 5322 Dei
2915 5270 3005 5322 est
3059 5271 3283 5330 Sermo,
3316 5268 3373 5320 et
3400 5262 3688 5319 Creatoris
3719 5262 3817 5317 Fi-

2162 5355 2297 5413 lius.
2332 5357 2506 5429 Atqui
2540 5358 2589 5414 is
2629 5358 2753 5429 ipse
2783 5356 3179 5413 Tertullianus
3208 5352 3692 5411 constantissime
3722 5367 3815 5408 as-

2165 5448 2349 5503 seruit
2380 5447 2590 5504 Filium
2624 5452 2681 5504 et
2706 5450 3042 5505 Sermonem
3094 5445 3193 5502 Dei
3230 5461 3432 5502 verum
3465 5460 3593 5501 esse
3626 5444 3813 5501 Deum

2166 5554 2232 5594 ac
2262 5537 2450 5593 Patris
2482 5539 2572 5593 sui
2605 5540 2933 5606 Rationem,
2967 5556 3083 5611 qua
3125 5537 3197 5593 ab
3246 5541 3459 5593 aeterno
3514 5539 3605 5592 est
3632 5534 3813 5591 ratio-

2167 5611 2339 5683 nalis.
2373 5626 2653 5685 Eamdem
2711 5645 2846 5704 ergo
2904 5626 3153 5686 credidit
3210 5642 3339 5682 esse
3375 5624 3504 5682 Filii
3535 5628 3593 5681 et
3619 5622 3811 5681 Patris

2125 5756 2130 5761 ι
2166 5714 2575 5789 aeternitatem,
2605 5719 2988 5793 eamdemque
3016 5714 3433 5777 substantiam.
