4118 6182
263 306 380 368 939

1176 305 1246 366 D.
1294 307 1393 367 Ls
1436 308 1759 369 nouaav
1807 292 2454 370 ossnavA'rwan
2503 307 2760 369 NOVAE.

3551 314 3671 376 930

339 441 413 492 At
441 436 559 507 ille,
592 436 844 508 inquies,
874 435 1093 493 ibidem
1126 437 1283 493 h’aud
1339 439 1586 495 obscure
1638 439 1908 511 scripsit:
1941 441 1994 506 Α
2023 455 2273 510 persona
2303 456 2431 508 sua,
2467 457 2499 495 a
2522 439 2689 495 Patre
2712 456 2818 495 suo
2850 438 3281 512 distinguitur?
3311 441 3458 505 Quin
3491 443 3671 501 etiam

269 528 453 594 Quem
483 542 552 581 ea:
580 528 865 598 semetipso
899 528 1225 599 proferendo
1255 529 1468 584 Filium
1505 531 1650 600 fecit,
1684 536 1735 585 et
1755 529 1913 583 exin-

267 617 337 672 de
393 616 743 688 dispositioni
786 632 904 673 suae
958 618 1349 688 voluntatique
1396 620 1649 689 praefecit
1696 618 1913 686 (Ibid.).

269 706 425 761 Bene
455 705 715 775 quidem.
744 707 853 760 Sed
887 707 1176 777 numquid
1210 707 1289 761 ibi
1324 707 1506 763 Filius
1528 707 1744 762 dicitur
1774 724 1916 779 quo-

269 794 407 849 dam
432 799 691 867 tempore
714 795 1018 861 factus,vel
1040 796 1110 851 ab
1134 801 1350 852 aeterno
1371 797 1605 867 genitus
1633 795 1918 867 negatur?

272 883 514 940 Minime
564 885 839 956 profecto.
901 885 1057 941 Duos
1116 887 1268 941 enim
1315 888 1507 942 fassus
1556 886 1762 941 fuisset
1792 901 1921 941 esse

270 979 441 1040 Deos,
472 974 700 1029 Patrem
742 978 1049 1041 aeternum,
1082 980 1138 1029 et
1188 975 1394 1030 Filium
1449 992 1563 1030 non
1612 980 1916 1041 aeternum,

269 1070 449 1135 atque
492 1062 575 1118 ita
615 1063 673 1118 in
722 1079 876 1131 eum,
927 1080 1101 1135 quem
1150 1063 1560 1135 impugnabat,
1610 1062 1923 1119 Marcionis

265 1152 576 1208 incidisset
622 1168 899 1208 errorem.
951 1154 1093 1208 Cum
1125 1169 1262 1224 ergo
1318 1153 1461 1209 dicit
1492 1150 1705 1209 Filium
1756 1152 1858 1207 Dei
1889 1168 1924 1207 a

270 1242 441 1298 Patre
471 1258 578 1297 suo
612 1246 751 1297 tunc
782 1242 1022 1309 factum,
1056 1243 1292 1314 quando
1334 1242 1503 1297 illum
1534 1258 1603 1297 ex
1640 1243 1925 1313 semetipso

270 1330 600 1404 protulit,is
642 1330 814 1402 plane
863 1332 1085 1387 videtur
1128 1330 1283 1387 illius
1343 1337 1593 1387 sensus:
1651 1332 1815 1386 Pater
1845 1332 1921 1386 fe-

270 1421 351 1478 cit
378 1421 589 1478 Filium
617 1440 814 1491 suum,
869 1425 1099 1495 quando
1138 1422 1303 1479 illum
1357 1424 1600 1495 protulit
1627 1440 1697 1478 cx
1723 1430 1923 1478 semet-

272 1514 411 1584 ipso,
438 1512 498 1568 id
529 1518 641 1580 est,
672 1528 742 1568 ex
784 1514 1032 1584 matrice,
1079 1512 1163 1569 uti
1213 1513 1494 1585 loquitur,
1527 1518 1584 1569 et
1630 1512 1802 1568 vulva
1830 1511 1925 1567 sui

274 1601 470 1658 cordis
500 1606 557 1659 et
586 1601 943 1673 intellectus,
997 1619 1099 1659 seu
1152 1604 1398 1674 ratione,
1442 1601 1828 1673 intelligentia
1856 1617 1923 1657 ac

275 1691 632 1763 cogitatione
660 1694 915 1761 aeterna;
946 1695 1151 1763 postea
1193 1707 1326 1748 vero
1358 1708 1491 1747 cum
1537 1691 1734 1747 omnia
1763 1706 1922 1746 crea-

274 1796 337 1835 re
367 1779 573 1850 voluit,
604 1780 959 1853 dispositioni
1006 1782 1381 1852 voluntatique
1411 1796 1530 1838 suae
1575 1797 1699 1836 eum
1724 1781 1923 1852 prefe-

273 1870 371 1925 εει.
396 1868 457 1926 Si
488 1872 623 1942 quis
651 1887 785 1927 vero
840 1870 1155 1927 contendat
1182 1870 1275 1927 his
1322 1870 1511 1927 verbis
1540 1887 1609 1926 ea:
1636 1871 1924 1940 semetipso

271 1958 429 2014 idem
464 1959 807 2031 signiﬁcari,
840 1965 1016 2031 atque
1048 1965 1210 2016 extra
1238 1976 1298 2015 se
1338 1961 1534 2032 ipsum
1583 1959 1923 2027 omittendo;

274 2064 488 2105 sensus
539 2048 697 2105 illius
745 2050 887 2105 erit:
946 2053 1117 2103 Pater
1165 2050 1371 2104 mundi
1429 2049 1596 2104 initio
1647 2053 1810 2104 extra
1864 2064 1926 2103 se

274 2137 523 2209 protulit
553 2154 619 2193 ac
649 2137 785 2193 fecit
817 2138 1052 2205 Filium,
1097 2138 1237 2192 dum
1286 2137 1451 2192 illum
1484 2138 1766 2193 creaturis
1800 2154 1926 2191 ma-

277 2226 561 2281 nifestum
620 2226 774 2281 fecit.
820 2228 905 2282 Ad
965 2226 1217 2299 primam
1270 2226 1428 2282 enim
1488 2243 1675 2298 usque
1724 2224 1932 2282 mundi

277 2315 634 2371 creationem
663 2315 857 2371 divina
886 2315 1045 2372 illius
1091 2316 1409 2388 generatio,
1441 2320 1505 2370 ut
1555 2314 1727 2387 paulo
1760 2320 1929 2370 antea

276 2402 692 2475 explicuimus,
725 2404 785 2460 in
817 2410 1029 2461 aeterno
1060 2405 1223 2461 Paris
1247 2405 1379 2461 sinu
1413 2404 1602 2471 latuit,
1636 2411 1694 2460 et
1726 2404 1929 2459 mundi

279 2493 449 2549 initio
484 2495 658 2566 coepit
686 2512 719 2550 a
749 2496 1032 2551 creaturis
1064 2496 1308 2551 rationis
1345 2495 1713 2567 compotibus
1744 2511 1926 2566 agno-

278 2582 362 2637 sci
391 2601 404 2650 ;
438 2586 696 2654 tuncque
725 2584 868 2651 haec,
902 2584 1074 2639 sicuti
1103 2590 1305 2639 auctor
1354 2589 1556 2639 noster
1583 2584 1846 2656 loquitur
1875 2587 1932 2638 et

276 2670 434 2727 infra
466 2672 658 2728 fusius
701 2672 1146 2744 explicabimus,
1204 2673 1460 2745 perfecta
1504 2674 1615 2728 fuit
1660 2674 1787 2744 ejus
1828 2689 1930 2727 na-

275 2761 496 2831 tivitas,
529 2780 657 2835 quae
687 2766 989 2818 externum
1015 2762 1251 2834 aliquod
1285 2763 1510 2835 accepit
1538 2761 1930 2833 complemen-

277 2855 431 2908 tum.

348 2964 552 3031 Neque
603 2974 810 3030 urgeas
861 2959 1094 3014 Patrem
1144 2958 1215 3013 ab
1263 2974 1328 3013 eo
1357 2956 1740 3029 {invisibilem
1794 2956 1929 3023 dici,

275 3050 497 3105 Filium
528 3064 662 3102 vero
693 3046 1007 3114 visibilem,
1042 3052 1212 3118 atque
1252 3048 1408 3103 hunc
1438 3046 1655 3102 idcirco
1697 3051 1930 3102 Patrem

278 3139 573 3194 minorem
624 3153 769 3203 esse,
823 3152 926 3191 nec
976 3136 1161 3191 Deum
1213 3138 1443 3208 proprie
1490 3136 1733 3191 dictum.
1774 3134 1931 3191 Nihil

278 3226 504 3284 etenim
535 3225 641 3280 hac
667 3226 1175 3297 argumentatione
1206 3225 1392 3281 levius
1423 3231 1478 3281 et
1522 3225 1834 3280 inﬁrmius.
1868 3226 1931 3279 In

279 3334 394 3372 suo
444 3315 658 3387 quippe
705 3315 859 3370 idem
912 3315 1308 3370 Tertullianus
1356 3316 1611 3370 adversus
1659 3317 1936 3370 Praxeam

278 3406 437 3462 libro
468 3412 666 3477 aperte
696 3403 1059 3476 pronuntiat,
1099 3426 1127 3455 «
1166 3404 1521 3461 invisibilem
1570 3409 1800 3460 Patrem
1832 3420 1935 3475 pro

281 3494 659 3568 plenitudine
693 3493 1040 3565 majestatis,
1072 3493 1363 3550 visibilem
1407 3510 1541 3550 vero
1590 3494 1801 3549 Filium
1833 3510 1935 3565 pro

280 3582 528 3639 modulo
560 3582 956 3639 derivationis.
993 3604 1020 3633 »
1078 3583 1237 3654 (Ibid.
1273 3600 1400 3655 cap.
1446 3584 1556 3656 14.)
1599 3582 1780 3638 Paulo
1809 3587 1939 3654 post

276 3688 455 3730 vero:
491 3694 520 3722 «
571 3672 830 3727 Dicimus
878 3678 937 3728 et
984 3672 1193 3728 Filium
1248 3689 1354 3728 suo
1404 3672 1637 3728 nomine
1694 3677 1938 3728 eatenus

278 3760 669 3829 invisibilem,
695 3777 812 3832 qua
833 3778 1025 3817 sermo
1058 3768 1113 3819 et
1142 3762 1385 3833 spiritus
1420 3761 1538 3827 Dei,
1568 3778 1636 3816 ex
1667 3761 1941 3816 substan-

274 3852 371 3906 tiae
408 3850 753 3906 conditione
783 3851 903 3921 iam
955 3869 1133 3917 nunc,
1165 3858 1222 3907 et
1268 3868 1382 3923 qua
1413 3851 1587 3921 Deus,
1634 3855 1691 3905 et
1722 3866 1936 3920 sermo,

274 3946 335 3997 et
365 3939 661 4012 spiritus;
695 3940 985 3997 visibilem
1033 3958 1165 3997 vero
1206 3946 1338 3996 ante
1384 3956 1644 3996 carnem.
1697 3961 1725 3988 »
1757 3939 1939 4011 (Ibid.)

274 4028 588 4093 Quomodo
617 4035 814 4085 autem
841 4035 975 4085 ante
1003 4034 1370 4100 assumptam
1401 4045 1635 4085 carnem
1678 4045 1739 4084 se
1771 4045 1940 4099 aspe-

272 4116 567 4173 ctabilem
600 4118 933 4189 praebuerit,
986 4119 1141 4173 hunc
1192 4117 1290 4173 ille
1332 4116 1548 4172 ibidem
1600 4116 1851 4189 explicat
1878 4118 1939 4172 in

278 4208 575 4261 modum:
608 4229 636 4255 α
688 4210 938 4278 Apparet
983 4211 1134 4261 retro
1184 4222 1416 4277 semper
1464 4206 1524 4261 in
1584 4206 1844 4278 speculo,
1886 4211 1944 4262 et

277 4295 625 4366 aenigmate,
676 4300 733 4350 et
786 4295 1032 4363 visione,
1086 4299 1142 4349 et
1197 4295 1425 4350 somnio
1484 4297 1683 4362 Deum,
1740 4296 1796 4350 id
1855 4300 1945 4351 est

275 4384 504 4438 Filium
552 4384 672 4452 Dei,
722 4384 912 4438 visum
972 4392 1088 4438 tam
1136 4384 1480 4454 patriarchis
1532 4390 1589 4440 et
1621 4384 1940 4456 prophetis,

276 4488 477 4545 quam
510 4478 568 4527 et
598 4472 707 4543 ipsi
739 4473 930 4527 adhuc
962 4472 1166 4543 Moysi.
1201 4474 1266 4528 Et
1319 4474 1446 4545 ipse
1476 4474 1715 4545 quidem
1747 4474 1944 4530 Domi-

2024 528 2308 584 afﬁrmate
2335 530 2675 601 pronuntiat
2696 530 2967 584 eumdem
2994 528 3203 584 Filium
3229 530 3351 599 Dei,
3378 538 3673 603 quatenus

2025 632 2217 672 sermo
2250 622 2306 673 et
2337 618 2581 689 spiritus
2612 622 2721 685 est,
2771 618 2973 672 eodem
3026 635 3291 689 prorsus,
3322 637 3436 691 quo
3481 621 3672 692 Pater,

2030 707 2198 761 modo
2258 707 2439 762 fuisse
2497 706 2893 762 invisibilem.
2963 711 3085 762 Non
3141 708 3426 764 dil'ﬁtetur
3475 716 3675 767 tamen

2029 795 2219 861 illum,
2246 801 2563 867 antequam
2587 812 2824 851 carnem
2850 798 3260 868 assumpserit,
3286 815 3413 853 sese
3438 800 3678 871 patriar-

2029 884 2155 939 chis
2187 885 2509 956 praebuisse
2540 885 2857 940 videndum
2889 901 2902 951 ;
2936 888 3035 940 sed
3069 903 3204 958 qua,
3238 889 3445 942 amabo
3476 893 3551 956 te,
3587 907 3677 945 ra-

2028 973 2230 1028 tione?
2264 975 2325 1027 ln
2376 974 2599 1030 visione
2650 980 2900 1041 tantum,
2954 975 3035 1030 ait
3078 976 3193 1045 ille,
3243 976 3302 1030 in
3335 978 3584 1047 somnio,
3617 977 3676 1032 in

2029 1063 2360 1135 aenigmate,
2410 1068 2460 1119 et
2515 1066 2717 1135 forma,
2779 1069 2841 1118 ut
2886 1066 3008 1135 ipse
3069 1065 3347 1137 loquitur,
3399 1069 3677 1139 imagina-

2030 1154 2139 1207 ria.

2102 1241 2227 1297 Non
2260 1242 2505 1297 deerunt
2530 1241 2797 1311 fortasse,
2829 1242 2927 1313 qui
2963 1243 3264 1311 mirentur,
3298 1244 3419 1300 hac
3451 1263 3484 1300 a
3515 1246 3682 1301 Peta-

2030 1330 2142 1401 vio,
2176 1330 2295 1386 viro
2342 1332 2545 1401 utique
2588 1331 3013 1397 eruditissimo,
3048 1340 3252 1388 contra
3302 1350 3519 1389 veram.
3546 1337 3683 1391 Ter-

2032 1418 2262 1473 tulliani
2297 1420 2480 1475 nostri
2529 1421 2599 1474 de
2654 1418 2779 1474 Filii
2837 1421 2931 1475 Dei
2982 1421 3286 1476 divinitate
3331 1423 3683 1479 sententiam

2034 1508 2203 1563 nobis
2236 1508 2411 1579 objici
2457 1510 2677 1578 (Petav.
2735 1514 2776 1563 t.
2830 1509 2898 1575 ll,
2936 1510 3192 1579 Thcolog.
3219 1511 3320 1566 lib.
3372 1528 3413 1582 ι,
3448 1529 3575 1584 cap.
3608 1514 3683 1585 4).

2036 1597 2178 1654 Nam
2211 1598 2333 1669 ipse
2364 1615 2479 1654 non
2512 1597 2702 1653 solum
2736 1597 2888 1654 ultro
2911 1600 3244 1666 conﬁtetur,
3278 1602 3379 1655 sed
3414 1601 3688 1673 plurimis

2034 1692 2090 1742 et
2120 1691 2253 1743 ante
2297 1692 2355 1743 et
2404 1692 2539 1759 post
2584 1687 2874 1759 synodum
2924 1688 3217 1744 Nicaenam
3278 1689 3547 1746 Ecclesia
3580 1690 3690 1748 Pa.-

2032 1781 2191 1832 trum
2224 1775 2580 1832 testimoniis
2612 1777 2891 1843 ostendit,
2925 1776 3056 1832 illos
3089 1778 3463 1848 apertissime
3493 1779 3689 1836 decla-

2035 1866 2255 1922 ravisse
2287 1866 2497 1921 Filium
2532 1865 2655 1936 Dei,
2684 1866 2924 1922 tametsi
2964 1867 3162 1921 divina
3195 1869 3345 1938 ejus,
3393 1868 3546 1924 sicut
3574 1869 3686 1926 Pa-

2033 1956 2163 2026 tris,
2196 1960 2424 2022 natura,
2458 1955 2639 2010 videri
2672 1960 2942 2027 nequeat,
2975 1956 3047 2009 ab
3090 1956 3439 2027 patriarchis
3472 1957 3686 2014 nihilo-

2036 2045 2235 2099 minus
2315 2050 2369 2099 et
2447 2044 2776 2115 prophetis,
2855 2049 3173 2115 antequam
3251 2046 3423 2101 homo
3502 2047 3689 2112 fieret,

2036 2134 2225 2189 aliena
2254 2132 2714 2205 aspectabilique
2745 2133 2939 2205 specie
2969 2133 3161 2188 visum
3204 2140 3377 2205 atque
3433 2152 3686 2207 conspe-

2037 2228 2195 2278 ctum
2225 2223 2431 2293 (Idem,
2487 2222 2623 2278 ibid.
2675 2222 2777 2278 lib.
2839 2240 2921 2289 ιιι,
2979 2240 3105 2294 cap.
3139 2226 3251 2291 2,§
3310 2226 3374 2277 10
3406 2229 3463 2280 et
3491 2225 3686 2297 seqq).

2038 2313 2183 2379 Quid
2216 2329 2347 2367 vero
2402 2312 2557 2383 quod
2590 2312 2698 2383 ipsi
2746 2312 2975 2367 Petavio
3025 2317 3248 2367 certum
3298 2330 3425 2368 esse
3454 2314 3690 2370 videtur

2040 2417 2156 2456 non
2190 2400 2627 2470 modo_Filium,
2678 2400 2774 2454 sed
2803 2400 3031 2455 Patrem
3086 2400 3263 2456 etiam
3308 2418 3374 2457 ac
3403 2402 3687 2474 Spiritum

2040 2496 2307 2545 sanctum
2341 2490 2684 2561 apparuisse
2704 2488 3045 2544 hominibus
3082 2488 3276 2561 specie
3326 2491 3690 2548 extrinsecus

2042 2578 2389 2649 assumpta?
2422 2584 2613 2650 Atque
2639 2594 2707 2633 ex
2737 2578 2811 2634 iis
2855 2578 2963 2634 rite
2991 2580 3249 2650 probatis
3280 2579 3578 2635 concludit
3604 2580 3688 2636 le-

2039 2668 2282 2723 vissima
2328 2684 2457 2723 esse
2506 2668 2681 2722 ducta
2731 2667 2867 2722 inde
2916 2667 2989 2721 ab
3033 2668 3263 2723 Arianis
3317 2674 3521 2725 contra
3560 2669 3690 2725 Filii

2041 2757 2408 2812 divinitatem
2440 2762 2812 2829 argumenta,
2835 2773 2965 2828 quae
2985 2773 3155 2812 nemo
3187 2774 3303 2813 non
3334 2763 3689 2815 contemnet.

2040 2846 2157 2901 Nos
2187 2862 2319 2900 vero
2351 2846 2409 2899 in
2460 2845 2865 2917 superioribus
2905 2845 3124 2900 nostris
3173 2846 3690 2905 dissertationibus

2042 2934 2411 2989 ostendimus
2441 2933 2549 2989 has
2577 2933 2830 2989 visiones
2861 2951 3150 3005 supremas
3183 2934 3310 2990 Filii
3340 2935 3442 2990 Dei
3474 2935 3691 2991 divini-

2040 3027 2217 3079 tatem
2278 3040 2650 3094 nequaquam
2702 3023 2987 3089 obﬁcere,
3049 3041 3114 3079 ac
3172 3040 3275 3079 cur
3330 3024 3425 3079 hic
3473 3025 3688 3096 potius,

2041 3128 2218 3184 quam
2248 3112 2375 3182 ejus
2410 3111 2577 3165 Pater
2606 3127 2732 3165 sese
2763 3109 3103 3165 hominibus
3124 3110 3439 3165 videndum
3472 3112 3688 3183 praebe-

1963 3189 2005 3255 C
2045 3218 2105 3255 re
2136 3198 2403 3254 debuerit
2431 3198 2618 3270 (Tom.
2671 3199 2691 3252 Ι
2723 3200 2984 3271 Apparat.
3020 3215 3152 3271 pag.
3200 3200 3324 3269 404,
3367 3201 3474 3255 593
3504 3207 3560 3257 et
3586 3201 3692 3257 689

2045 3292 2101 3344 et
2130 3291 2321 3359 seqq.)

2629 3419 2948 3461 ARTICULUS
2984 3420 3108 3461 VIII.

2045 3500 2259 3551 Rursus
2288 3494 2597 3550 ostenditur
2620 3511 2783 3564 quam
2805 3495 3094 3565 perspicue
3124 3491 3503 3550 Tertullianus
3529 3503 3691 3552 aeter-

2116 3569 2349 3622 nitatem
2379 3566 2515 3620 Filii
2543 3566 2639 3621 Dei
2685 3574 2918 3631 asserat,
2952 3574 3005 3619 et
3050 3568 3335 3621 contraria
3360 3574 3693 3636 argumenta

2117 3639 2429 3707 diluuntur,
2465 3639 2662 3708 quibus
2709 3639 2905 3707 conﬁci
2949 3653 3105 3705 posse
3149 3641 3346 3708 putant
3388 3639 3692 3695 Tertullia-

2116 3727 2252 3765 num
2309 3710 2558 3765 docuisse
2613 3718 2744 3765 ante
2816 3709 3085 3763 mundum
3140 3710 3419 3764 conditum
3476 3712 3694 3766 nullam

2118 3784 2291 3853 [uisse
2339 3782 2472 3835 Filii
2524 3782 2619 3836 Dei
2664 3780 3051 3849 substantiam,
3099 3784 3170 3853 et,
3196 3783 3492 3851 perfectam
3520 3784 3695 3851 fuisse

2118 3855 2235 3923 ejus
2261 3854 2635 3918 nativitatem,
2665 3869 2791 3908 cum
2818 3854 2957 3909 Deus
3005 3852 3273 3907 mundum
3313 3870 3501 3909 creare
3530 3854 3691 3909 moli-

2118 3928 2207 3980 tus
2236 3933 2332 3980 est.

2121 4038 2408 4110 Expositis
2469 4042 2526 4093 et
2574 4055 2741 4110 aequa
2796 4037 2961 4093 lance
3017 4038 3356 4111 ponderatis
3403 4038 3475 4094 iis
3513 4038 3691 4094 ratio-

2051 4146 2193 4184 num
2213 4128 2546 4195 momentis,
2571 4128 2788 4199 quibus
2804 4126 3197 4183 Tertullianus
3217 4128 3484 4183 eamdem
3506 4128 3693 4184 Patris

2052 4235 2117 4275 ac
2149 4217 2276 4273 Filii
2307 4216 2703 4273 substantiam
2752 4232 2867 4272 non
2900 4216 3207 4289 agnovisse
3261 4232 3566 4288 perperam
3598 4234 3696 4272 ar-

2052 4307 2271 4380 guitur,
2303 4307 2373 4362 ad
2406 4324 2472 4362 ea
2500 4307 2618 4377 jam
2668 4306 2974 4361 veniamus
3014 4305 3230 4377 quibus
3279 4306 3475 4362 acrius
3507 4305 3699 4362 adhuc

2052 4394 2438 4452 insimulatur
2467 4395 2732 4466 ejusdem
2779 4396 2908 4450 Filii
2938 4395 3039 4451 Dei
3087 4395 3390 4467 negavisse
3411 4395 3700 4452 azternita-

2054 4492 2193 4542 tem.
2227 4486 2286 4542 Si
2322 4503 2452 4558 quae
2482 4486 2641 4541 enim
2674 4486 3016 4541 doctissimo
3047 4485 3278 4541 Petavio
3310 4486 3456 4542 fides
3486 4486 3702 4542 haben-

276 4579 430 4630 θυε»
465 4562 516 4615 εί
549 4561 694 4616 forte
723 4578 916 4616 00mm
954 4563 1024 4615 ad
1059 4562 1263 4618 ίέίοίθῐη
1306 4562 1673 4634 loquebatur,
1708 4580 1823 4618 non
1852 4569 1937 4618 ἴξι-
1974 4563 2019 4627 D
2051 4576 2145 4645 da,
2179 4576 2238 4629 in
2265 4574 2374 4631 hoc
2405 4573 2500 4629 ille
2549 4574 2831 4628 Arianam
2871 4573 3136 4629 haeresim
3187 4574 3489 4646 impietate
3516 4580 3573 4630 et
3602 4575 3703 4631 ab-

278 4667 455 4717 men,
490 4654 558 4705 ut
587 4658 693 4719 est,
729 4649 906 4705 homo
937 4650 1143 4705 faciem
1176 4652 1306 4722 ejus
1326 4650 1685 4720 videret,nisi
1718 4653 1861 4707 forte
1884 4652 1944 4705 in

275 4740 534 4814 speculo
582 4744 639 4795 et
686 4739 745 4795 in
804 4738 1132 4811 aenigmate.
1171 4782 1183 4794 .
1223 4781 1235 4795 .
1296 4744 1411 4795 Aut
1449 4741 1735 4811 nnmquid
1764 4740 1946 4797 Filius

274 4830 532 4901 quidem
566 4828 876 4883 videbatur
924 4833 979 4883 et
1026 4827 1109 4883 sic
1155 4827 1377 4884 facies?
1431 4830 1531 4884 sed
1564 4828 1759 4899 ipsum
1793 4828 1948 4884 844

275 4922 396 4977 hoc
432 4920 495 4975 in
527 4919 770 4985 visione,
801 4926 860 4975 et
889 4920 1117 4975 somnio
1140 4926 1197 4975 et
1226 4920 1480 4992 speculo,
1518 4924 1574 4975 et
1597 4920 1945 4991 aenigmate;

283 5010 439 5082 quia
473 5026 664 5065 sermo
696 5015 753 5064 et
790 5008 1037 5081 spiritus
1088 5009 1201 5065 nisi
1249 5010 1597 5080 imaginaria
1645 5011 1832 5065 forma
1860 5009 1948 5065 vi—

276 5100 421 5155 deri
456 5115 572 5153 non
605 5104 819 5170 potest.
856 5123 877 5150 ι
917 5100 1106 5170 (Ibid)

357 5205 511 5272 Quis
542 5211 742 5262 autem
774 5206 867 5262 his
895 5206 1114 5262 auditis
1144 5191 1488 5262 Tertulliani
1508 5206 1721 5277 verbis,
1754 5206 1947 5277 palam

276 5314 411 5353 non
444 5295 699 5351 lateatur
729 5300 959 5351 tantum
992 5296 1219 5363 abesse,
1254 5302 1319 5352 ut
1356 5296 1454 5351 ille
1497 5313 1563 5352 eo
1595 5297 1749 5367 quod
1783 5296 1953 5351 Pater

275 5384 611 5440 invisibilis
643 5389 702 5440 et
740 5384 925 5439 Filius
961 5384 1213 5441 visibilis
1263 5386 1515 5453 dicatur,
1562 5386 1739 5455 hujus
1773 5402 1951 5458 nega-

274 5479 465 5531 verat
494 5474 885 5543 divinitatem,
928 5474 1072 5546 quin
1111 5474 1307 5547 potius
1338 5476 1473 5531 inde
1504 5476 1783 5532 adversus
1819 5475 1952 5531 Pra-

275 5580 470 5622 xeam
502 5564 674 5637 plane
727 5563 997 5620 conﬁciat
1045 5566 1317 5621 eumdem
1379 5565 1590 5621 Filium
1625 5565 1722 5621 Dei
1751 5581 1952 5621 verum

272 5670 428 5715 esse
480 5653 687 5728 Deum,
746 5654 847 5727 qui
895 5653 1021 5713 solo
1072 5655 1291 5713 modulo
1340 5655 1726 5729 derivationis,
1766 5654 1826 5711 id
1865 5658 1957 5713 est

2053 4664 2342 4721 surditate
2390 4668 2630 4734 superat
2679 4663 2895 4735 (Petav.
2948 4663 3049 4717 lib.
3087 4681 3105 4718 ι
3139 4662 3382 4735 Theolog.
3426 4664 3605 4734 dogm.
3638 4664 3708 4722 de

2054 4755 2252 4810 ’I‘rinit.
2286 4770 2414 4825 cap.
2448 4754 2503 4819 5,
2539 4768 2670 4824 pag.
2718 4752 2833 4823 24).
2868 4751 3083 4808 Verum
3137 4754 3187 4808 si
3237 4754 3363 4826 ipse
3390 4753 3705 4810 Tertullia-

2055 4861 2167 4899 nus
2209 4847 2397 4908 recte,
2453 4842 2537 4896 uti
2587 4840 2884 4911 vidimus,
2938 4843 3205 4898 eamdem
3263 4859 3393 4899 esse
3449 4842 3707 4900 asseruit

2056 4940 2181 4996 Filii
2212 4957 2278 4995 ac
2311 4939 2496 4995 Patris
2538 4943 2833 5007 naturam,
2884 4938 3050 4994 illum
3083 4939 3285 5011 procul
3336 4941 3514 4997 dubio
3547 4941 3705 4997 Patri

2057 5048 2163 5086 suo
2224 5035 2578 5084 coaeternum
2655 5044 2785 5083 esse
2844 5045 3040 5083 revera
3096 5028 3491 5086 existimavit.
3550 5030 3700 5088 845

2060 5119 2475 5190 Unusquisque
2507 5123 2725 5185 autem,
2759 5134 2829 5173 ex
2861 5117 2949 5173 his
2982 5135 3106 5189 quae
3138 5135 3340 5190 supra,
3371 5136 3437 5174 ac
3469 5119 3706 5190 potissi-

2061 5226 2223 5265 mum
2256 5211 2315 5264 in
2349 5209 2537 5279 primo
2588 5207 2768 5277 hujus
2814 5208 3025 5279 capitis
3072 5208 3318 5264 articulo
3370 5208 3705 5277 retulimus,

2060 5299 2495 5370 deprehendere
2555 5298 2720 5351 facile
2772 5298 2964 5368 potuit
3022 5298 3167 5354 illud
3225 5298 3525 5355 catholicae
3572 5298 3706 5353 ﬁdei

2060 5389 2481 5443 documentum
2513 5386 2996 5443 manifestissime
3026 5389 3096 5443 ab
3150 5404 3215 5444 eo
3248 5389 3434 5445 asseri
3478 5393 3534 5443 et
3564 5404 3708 5458 pras-

2060 5478 2264 5533 dicari.

2132 5568 2241 5623 Sed
2274 5566 2415 5639 quid
2447 5565 2751 5637 speciatim
2800 5565 2871 5621 de
2909 5565 3071 5623 illius
3121 5567 3445 5623 aeternitate
3487 5562 3708 5618 consti-

2062 5656 2263 5731 tuerit,
2290 5656 2418 5729 jam
2449 5658 2699 5727 attento,
2729 5653 2778 5710 si
2812 5652 2996 5727 lubet,
3023 5655 3217 5713 animo
3247 5652 3711 5731 consideremus,
