4046 6168
463 304 569 368 931

997 304 1520 369 TEHTULLIANI
1566 302 1890 370 OPEltUM
1933 298 2132 366 PARS
2176 305 2224 366 l.
2256 335 2335 350 —-
2365 298 2640 368 SERIES
2684 304 2732 383 Ι,
2776 302 3343 372 APOLOGETICA.

3735 312 3830 375 932

470 461 537 500 ac
567 445 755 516 primo
788 445 1017 515 quidem
1064 446 1357 515 quomodo
1402 442 1495 497 Dei
1545 443 1928 497 aeternitatem
1973 441 2113 495 deﬁ-
2143 440 2200 507 Α
2226 438 2472 496 interior
2499 442 2906 497 tantummodo
2943 443 3074 510 fuit,
3110 446 3491 517 nondumque
3523 463 3625 516 per
3650 463 3701 502 se
3722 449 3835 503 sub-

470 534 632 588 niat:
668 557 695 583 «
728 534 871 598 Quis
901 534 1071 600 alius,
1104 533 1317 604 inquit,
1350 532 1449 586 Dei
1480 547 1713 597 census,
1747 546 1925 602 quam
1948 534 2111 584 aster-

465 621 621 677 nitas
641 622 668 676 τ
698 623 839 687 Quis
862 622 1013 677 alius
1036 622 1378 676 aeternitatis
1401 637 1631 687 census,
1659 636 1835 692 quam
1863 634 2115 689 semper-

463 711 647 766 fuisse
675 717 732 766 et
764 712 1026 766 futurum
1060 727 1189 766 esse
1219 726 1286 764 ex
1337 709 1716 780 praerogativa
1748 706 1968 762 nullius
1999 706 2112 761 ini-

464 798 553 865 tii,
586 798 808 854 nullius
842 799 1024 855 ﬁnis?
1050 823 1077 849 ››
1125 797 1391 869 (Tertull.
1426 797 1546 852 adv.
1593 799 1837 866 Hermog.
1872 812 1997 866 cap.
2034 795 2110 864 4.)

460 887 545 942 Ibi
602 893 819 951 autem,
851 888 1020 943 sicuti
1070 887 1252 949 vides.
1300 904 1414 942 non
1475 886 1665 940 solum
1717 885 1922 939 definit
1973 882 2109 951 quid

459 976 537 1033 sit
566 977 884 1037 aeternitas.
918 978 1016 1033 sed
1049 993 1176 1031 eam
1208 976 1291 1031 ita
1321 974 1428 1031 soli
1484 980 1593 1030 Deo
1626 990 1753 1029 esse
1784 972 2104 1045 propriam,

456 1072 522 1121 ut
571 1065 714 1120 nulli
765 1066 930 1121 alteri
977 1071 1306 1137 competere
1357 1065 1562 1136 possit.
1612 1062 1792 1135 Atqui
1850 1062 1948 1116 ille
1991 1079 2104 1116 non

452 1156 651 1209 minus
684 1153 838 1209 clare
868 1159 923 1209 et
973 1156 1299 1225 perspicue,
1352 1153 1437 1207 uti
1482 1168 1662 1223 supra
1715 1151 2106 1217 ostendimus,

453 1244 620 1299 docet
651 1244 973 1314 probatque
1007 1242 1213 1297 Filium
1260 1242 1362 1297 Dei
1393 1259 1520 1297 esse
1568 1258 1792 1305 verum,
1828 1257 2011 1295 unum
2040 1256 2107 1295 ac

454 1334 725 1387 eumdem
760 1348 893 1385 cum
943 1332 1109 1385 Patre
1158 1348 1264 1385 suo
1310 1331 1516 1385 Deum.
1580 1334 1937 1384 Persuasum
1969 1345 2104 1399 ergo

451 1419 656 1475 habuit
684 1421 951 1475 eamdem
985 1437 1114 1475 esse
1166 1419 1321 1474 illius
1366 1425 1421 1474 et
1454 1419 1645 1474 Patris
1692 1418 2081 1473 aeternitatem

520 1528 589 1581 At
623 1526 744 1581 haac
804 1544 917 1581 non
972 1530 1170 1581 nostra
1220 1530 1475 1593 tantum,
1509 1526 1608 1580 sed
1670 1525 1799 1595 ipsa
1828 1528 1885 1578 et
1941 1522 2104 1578 illius

450 1614 883 1685 argumentatio
916 1620 1024 1677 est,
1056 1631 1171 1685 qua
1216 1614 1367 1669 hanc
1408 1613 1535 1667 Filii
1566 1613 1667 1668 Dei
1717 1616 2103 1667 aeternitatem

448 1702 925 1757 luculentissime
983 1704 1385 1757 demonstrat.
1449 1702 1617 1768 Audi,
1678 1717 1916 1772 quaeso,
1975 1704 2103 1771 ejus

2225 528 2493 585 sistebat.
2530 534 2672 586 Cum
2706 535 2900 585 autem
2937 533 3084 587 Deus
3133 534 3420 589 mundum
3456 535 3722 591 fabricare
3747 555 3833 592 cai-

2223 618 2328 688 pit,
2363 634 2678 674 sermonem
2729 618 2885 674 hunc
2937 621 3200 691 protulit,
3252 638 3508 694 eumque
3562 625 3833 681 animando

2222 707 2359 761 fecit
2389 708 2783 764 substantiam
2836 725 2901 764 ac
2951 726 3281 781 personam.
3324 712 3447 767 Non
3500 718 3665 769 antea
3706 732 3834 787 ergo,

2223 796 2309 850 uti
2342 796 2527 863 aiunt,
2590 796 2801 851 Filium
2856 797 2955 852 Dei
3016 799 3234 853 factum
3283 815 3415 855 esse
3478 802 3836 860 Tertullianus

2221 884 2498 955 Opinatus
2529 889 2638 940 est.

2290 972 2400 1027 Sed
2429 974 2624 1029 nescio
2658 975 2928 1044 equidem
2978 980 3175 1030 utrum
3212 978 3483 1033 Petavius
3533 984 3588 1034 et
3617 980 3703 1034 alii
3752 982 3832 1053 qui

2218 1060 2299 1115 ita
2352 1068 2877 1133 argumentantur,
2940 1064 3205 1119 animum
3265 1067 3335 1120 ad
3394 1083 3463 1121 ea
3522 1069 3835 1125 Tertulliani

2215 1153 2390 1204 verba
2421 1151 2563 1205 satis
2608 1152 2983 1220 adverterint,
3036 1169 3164 1223 qua).
3194 1153 3296 1208 illa
3348 1155 3500 1226 ipsa,
3544 1173 3667 1227 qua
3698 1160 3840 1214 nobis

2217 1237 2521 1305 objiciunt,
2574 1241 2940 1296 continenter
2988 1242 3473 1303 subsequuntur:
3509 1267 3537 1293 ‹‹
3597 1248 3733 1315 Haec,
3768 1248 3843 1302 in-

2215 1326 2343 1396 quit
2375 1328 2532 1397 (Ibid.
2568 1345 2696 1399 cap.
2731 1331 2808 1401 6),
2837 1334 2927 1385 est
2954 1331 3228 1386 nativitas
3260 1334 3515 1402 perfecta
3545 1335 3837 1404 Sermonis,

2216 1416 2355 1469 dum
2391 1433 2459 1471 ex
2482 1418 2594 1472 Deo
2650 1419 2929 1489 procedit,
2963 1420 3237 1474 conditus
3286 1422 3358 1475 ab
3410 1437 3475 1476 eo
3507 1424 3750 1493 primum
3780 1428 3839 1481 ad

2216 1505 2537 1576 cogitatum
2574 1506 2633 1561 in
2660 1509 2895 1563 nomine
2927 1509 3194 1580 Sophia}:
3227 1510 3492 1565 Dominus
3511 1513 3748 1568 condidit
3771 1532 3845 1569 me

2217 1593 2443 1648 initium
2490 1597 2731 1650 viarum.
2796 1596 3010 1651 Dehinc
3069 1602 3382 1667 generatus
3431 1599 3502 1653 ad
3552 1602 3841 1658 etfectum:

2215 1681 2350 1736 Cum
2378 1689 2608 1751 pararet
2638 1686 2853 1753 cadum,
2877 1686 3104 1740 aderam
3127 1686 3217 1741 illi
3237 1688 3405 1742 simul
3436 1688 3626 1759 (Prov.
3655 1707 3767 1759 vin,
3786 1695 3844 1747 22

444 1793 640 1861 verba,
694 1797 751 1847 et
798 1792 907 1847 hoc
959 1791 1266 1846 nobiscum
1331 1791 1626 1845 fateberis.
1664 1813 1691 1840 «
1753 1790 1961 1855 Deum,
2021 1772 3119 1878 aitBftiflfll-LE’flndfunm0P§P°m
3171 1774 3282 1878 alibi
3343 1776 3701 1878 ἷξοίθῐιενέίθ
3741 1798 3840 1852 (Ιυο

444 1880 563 1951 ille,
596 1880 1029 1935 immutabilem
1079 1885 1136 1935 et
1187 1878 1616 1934 int’ormabilem
1670 1878 1826 1933 credi
1861 1894 2096 1935 necesse

445 1973 553 2037 est,
588 1974 649 2023 ut
703 1975 1005 2024 aeternum.
1055 1969 1517 2039 Transfiguratio
1566 1972 1763 2022 autem
1812 1967 2095 2022 interem-

444 2059 567 2129 ptio
599 2064 687 2112 est
717 2059 972 2130 pristini.
1007 2058 1189 2113 Omne
1220 2057 1375 2110 enim
1409 2057 1826 2127 quodcumque
1857 2057 2092 2110 transfi-

444 2154 689 2219 guratur
719 2148 775 2201 in
808 2147 985 2211 aliud,
1040 2147 1254 2202 desinit
1300 2163 1429 2201 esse
1462 2146 1615 2215 quod
1672 2147 1880 2213 fuerat,
1914 2152 1970 2198 et
2001 2144 2092 2198 in-

441 2236 585 2308 cipit
647 2252 774 2291 esse
833 2237 984 2306 quod
1047 2252 1160 2290 non
1221 2245 1387 2290 erat.
1441 2234 1593 2289 Deus
1652 2239 1842 2290 autem
1904 2250 2090 2304 neque

437 2327 657 2381 desinit
678 2343 828 2389 esse,
860 2341 1045 2396 neque
1072 2325 1228 2379 aliud
1255 2329 1446 2396 potest
1466 2340 1594 2378 esse
1623 2341 1637 2390 ;
1672 2340 1864 2378 sermo
1889 2327 2083 2377 autem

439 2416 610 2482 Deus,
647 2421 702 2471 et
732 2416 933 2470 Sermo
965 2414 1250 2469 Dominus
1281 2417 1478 2467 manet
1508 2414 1565 2466 in
1601 2430 1788 2467 zevum
1824 2428 2084 2480 perseve-

436 2505 619 2559 rando
652 2504 709 2557 in
744 2521 850 2558 sua
886 2504 1089 2557 forma.
1128 2526 1154 2551 ››
1199 2502 1406 2572 (ldem.
1438 2501 1557 2555 adv.
1605 2504 1773 2556 Pram.
1809 2518 1935 2571 cap.
1968 2502 2082 2566 27.)

440 2594 493 2648 Is
525 2597 719 2647 autem
765 2609 957 2648 sermo
1007 2596 1095 2646 est
1141 2591 1240 2646 Dei
1291 2589 1569 2654 Verbum,
1621 2596 1677 2644 et
1724 2590 1927 2655 Filius,
1960 2590 2078 2659 qui,

435 2688 500 2736 ut
529 2682 895 2736 continenter
926 2681 1229 2751 subjunxit
1273 2679 1691 2740 Tertullianus.
1726 2695 1857 2733 caro
1892 2679 2079 2733 factus

434 2775 541 2826 est.
593 2769 732 2833 Quis
779 2771 976 2840 itaque
1026 2785 1283 2839 unquam
1333 2768 1678 2822 clarioribus
1727 2767 1938 2825 verbis.
1974 2771 2076 2821 aut

431 2859 663 2915 clariori
685 2858 1192 2930 argumentatione
1208 2856 1589 2911 aeternitatem
1609 2855 1770 2909 illius
1789 2854 2078 2909 asseruit?

431 2949 731 3020 Numquid
763 2964 899 3019 ergo
932 2964 1047 3001 una
1081 2963 1253 3000 manu
1291 2945 1369 2999 ibi
1418 2944 1806 2998 Tertullianus
1839 2944 2072 3007 astruit,

429 3039 583 3110 quod
618 3037 756 3092 alibi
785 3037 965 3091 altera
994 3036 1361 3090 destruxerat
1381 3034 1408 3087 ?
1428 3034 1671 3097 Quidam
1704 3039 1897 3086 tamen
1926 3032 2071 3087 tanti

428 3125 704 3198 paradoxi
738 3130 1033 3180 auctorem
1083 3128 1348 3178 nostrum
1391 3119 1689 3193 postulare
1720 3137 1831 3174 non
1866 3136 2064 3176 veren-

424 3222 539 3271 tur.

500 3322 763 3378 Petavius
795 3321 1089 3376 enimvero
1122 3319 1285 3373 vobis
1315 3318 1519 3389 objicit
1541 3333 1653 3371 non
1680 3317 1876 3370 minus
1908 3320 2065 3371 certo

423 3417 477 3468 et
510 3412 804 3467 evidenter
833 3410 906 3465 ab
954 3409 1052 3463 illo
1099 3408 1378 3462 traditum
1432 3405 1652 3461 nullam
1693 3410 1826 3459 ante
1858 3404 2061 3458 mundi

423 3501 743 3573 primordia
777 3500 956 3553 l'uisse
1004 3498 1128 3553 Filii
1178 3497 1277 3552 Dei
1326 3496 1744 3561 substantiam,
1797 3495 1895 3549 sed
1931 3510 2058 3548 eam

416 3595 543 3645 tum
579 3588 872 3659 accepisse
903 3606 935 3642 a
967 3587 1130 3642 Patre
1152 3602 1257 3641 suo
1280 3586 1513 3656 quando
1546 3585 1830 3638 mundum
1866 3599 2062 3639 creare

419 3678 659 3734 molitus
689 3684 794 3732 est.
828 3677 988 3740 Quod
1033 3676 1266 3747 quidem
1320 3691 1434 3728 non
1466 3671 1561 3725 ille
1612 3671 1793 3739 solus,
1827 3673 1925 3727 sed
1960 3670 2057 3725 alii

417 3769 593 3824 etiam
626 3766 888 3822 nonnulli
940 3764 1201 3819 arbitrati
1253 3770 1392 3819 sunt
1440 3761 1643 3817 confici
1696 3777 1866 3832 posse
1899 3761 2057 3815 hisce

416 3857 679 3929 ejusdem
728 3854 1070 3910 Tertulliani
1130 3852 1358 3908 verbis:
1406 3873 1433 3903 «
1482 3851 1551 3905 Ut
1605 3850 1855 3921 primum
1903 3851 2056 3905 Deus

413 3946 595 4001 voluit
624 3963 713 4011 ea,
765 3962 888 4016 qua:
947 3960 1077 3999 cum
1128 3941 1354 4014 Sophia:
1411 3941 1631 3995 ratione
1675 3944 1732 3993 et
1790 3955 2055 3995 sermone

411 4036 785 4107 disposuerat
817 4034 970 4088 intra
1001 4050 1083 4103 se,
1107 4032 1164 4085 in
1200 4030 1561 4086 substantias
1585 4034 1640 4084 et
1670 4030 1893 4099 species
1916 4046 2053 4084 suas

409 4126 600 4195 edere,
633 4124 826 4195 ipsum
856 4123 1111 4194 primum
1152 4119 1394 4191 protulit
1439 4123 1799 4184 Sermonem,
1834 4118 2053 4172 haben-

408 4218 525 4270 tem
559 4214 616 4268 in
652 4229 712 4268 se
742 4211 1077 4265 individuas
1101 4209 1324 4280 species
1357 4209 1639 4261 rationem
1668 4212 1723 4261 et
1752 4207 2049 4278 Sophiam,

406 4308 474 4358 ut
506 4319 607 4375 per
647 4301 842 4372 ipsum
902 4300 1107 4353 fierent
1165 4296 1456 4361 universa,
1518 4312 1618 4366 per
1670 4311 1839 4364 quem
1886 4300 2053 4351 erant

406 4392 661 4463 cogitata
690 4396 865 4461 atque
896 4386 1217 4459 disposita;
1253 4385 1369 4439 imo
1401 4388 1457 4438 et
1507 4384 1658 4438 facta
1682 4385 1829 4453 jam,
1862 4400 2049 4454 quan-

405 4484 529 4535 tum
564 4480 622 4533 in
657 4479 756 4533 Dei
782 4494 979 4533 sensu.
1015 4475 1131 4530 Hoc
1154 4474 1307 4528 enim
1340 4474 1557 4540 deerat,
1584 4476 1643 4527 ut
1675 4488 1869 4527 coram
1905 4489 2048 4543 quo-

2206 1860 2569 1928 procedendo
2632 1860 2813 1916 Filius
2873 1863 3063 1917 factus
3117 1867 3242 1929 est;
3303 1864 3749 1936 primogenitus,
3788 1874 3841 1924 ut

2207 1953 2339 2002 ante
2381 1949 2578 2004 omnia
2627 1951 2897 2017 genitus;
2955 1956 3013 2006 et
3072 1952 3430 2023 unigenitus,
3482 1959 3547 2009 ut
3601 1956 3760 2013 solus
3786 1975 3841 2013 ex

2206 2036 2321 2091 Deo
2353 2038 2586 2107 genitus
2619 2040 2850 2110 proprie
2882 2042 2951 2095 de
2984 2039 3151 2095 vulva
3182 2042 3375 2096 cordis
3406 2042 3620 2113 ipsius,
3652 2062 3840 2101 secun-

2201 2125 2341 2179 dum
2374 2127 2529 2196 quod
2575 2136 2631 2181 et
2687 2129 2851 2182 Pater
2899 2128 3024 2199 ipse
3072 2133 3325 2185 testatur
3369 2132 3544 2202 (Psal.
3578 2149 3727 2201 κων,
3760 2135 3839 2205 4);

2201 2215 2486 2269 Eructavit
2515 2232 2607 2271 cor
2633 2233 2818 2271 meum
2850 2233 3154 2272 sermonem
3184 2221 3473 2289 Optimum.
3512 2242 3541 2270 »

2271 2320 2495 2392 Duplex
2524 2322 2739 2377 etenim
2775 2323 2852 2376 ibi
2906 2322 3002 2378 ille
3046 2324 3314 2379 distinxit
3367 2326 3695 2384 nativitatis
3724 2330 3839 2385 Filii

2195 2408 2294 2463 Doi
2327 2426 2534 2480 genus.
2588 2411 2849 2465 Primum
2901 2418 3118 2477 autem,
3154 2412 3273 2467 sive
3313 2415 3502 2484 prima
3531 2426 3589 2471 et
3622 2421 3838 2489 proprie

2193 2499 2345 2554 dicta
2374 2499 2533 2555 illius
2580 2502 2879 2571 generatio
2911 2505 3020 2569 est,
3065 2519 3182 2572 qua
3211 2504 3380 2559 Pater
3426 2510 3683 2563 zeternus
3714 2516 3837 2566 ante

2190 2603 2395 2643 omnes
2425 2594 2723 2643 creaturas
2756 2589 3000 2660 protulit
3020 2592 3176 2646 intra
3206 2609 3269 2647 se
3302 2593 3613 2650 Rationem
3638 2604 3697 2652 et
3718 2603 3835 2653 Ser-

2190 2693 2444 2732 monem.
2478 2678 2746 2733 Secunda
2769 2696 2901 2733 vero
2947 2679 3142 2735 minus
3193 2683 3423 2752 proprie
3470 2683 3632 2739 dicta
3688 2686 3835 2742 illius

2186 2768 2483 2837 generatio
2518 2770 2649 2835 fuit,
2682 2785 2814 2823 cum
2840 2774 3007 2824 Pater
3037 2770 3232 2841 ipsum
3267 2772 3431 2827 initio
3465 2776 3675 2830 mundi
3710 2794 3832 2849 pro-

2183 2856 2363 2923 tulit;
2423 2857 2563 2928 sive,
2623 2868 2687 2912 ut
2740 2858 2822 2913 ait
2869 2859 2994 2929 ipse
3024 2865 3230 2914 auctor
3285 2867 3507 2932 noster,
3551 2869 3835 2932 generavit

2181 2946 2250 2999 ad
2278 2946 2548 3016 e/feclum,
2602 2947 2655 3001 id
2703 2953 2794 3001 est
2840 2954 2901 3001 ut
2952 2964 3052 3018 per
3098 2965 3233 3004 eum
3282 2951 3481 3005 omnia
3531 2955 3826 3010 conderet.

2178 3034 2249 3087 At
2281 3035 2469 3104 prima
2497 3035 2795 3104 generatio
2827 3052 2940 3089 non
2975 3036 3084 3090 fuit
3134 3037 3335 3108 procul
3366 3039 3545 3094 dubio
3580 3041 3830 3107 inutilis,

2180 3126 2236 3176 et
2260 3139 2326 3177 ea
2356 3124 2529 3178 Pater
2560 3140 2758 3178 verum
2810 3125 3013 3195 genuit
3062 3124 3298 3180 Filium.
3330 3126 3473 3181 Nam
3525 3129 3706 3185 sicuti
3735 3132 3830 3187 ille

2177 3210 2296 3266 ait:
2333 3232 2360 3264 α
2416 3216 2664 3267 Possum
2724 3229 2839 3267 non
2885 3218 3100 3268 temere
3132 3215 3562 3285 praestruxisse,
3600 3223 3659 3273 et
3693 3228 3831 3277 tunc

2175 3304 2357 3355 Deum
2389 3306 2522 3356 ante
2545 3302 2942 3357 universitatis
2972 3304 3447 3360 constitutionem
3478 3310 3675 3363 solum
3710 3326 3826 3366 non

2176 3389 2375 3455 fuisse,
2410 3390 2719 3445 habentem
2754 3391 2811 3444 in
2863 3391 3180 3462 semetipso
3228 3395 3471 3462 proinde
3510 3398 3823 3461 rationem,

2170 3483 2228 3533 et
2258 3479 2314 3531 in
2377 3480 2596 3534 ratione
2647 3495 3000 3546 sermonem,
3061 3496 3236 3550 quem
3295 3484 3625 3539 secundum
3683 3504 3717 3539 a
3762 3503 3821 3541 se

2168 3565 2296 3637 ipso
2329 3568 2558 3622 faceret.
2593 3587 2619 3618 ι»
2655 3567 2812 3634 (Ibid.
2863 3584 2989 3638 cap.
3040 3569 3117 3637 5.)
3151 3568 3293 3632 Quis
3340 3577 3537 3625 autem
3588 3590 3706 3628 non
3740 3575 3820 3628 vi-

2168 3656 2301 3709 deat
2343 3656 2422 3711 ibi
2481 3656 2903 3711 'l‘ertullianum
2965 3673 3133 3727 agere
3186 3658 3257 3712 de
3316 3659 3413 3713 Dei
3468 3663 3681 3726 Verbo,
3718 3679 3818 3717 seu

2168 3744 2447 3800 Sermone
2498 3751 2634 3801 ante
2684 3746 2890 3799 mundi
2939 3747 3315 3814 creationem,
3366 3753 3421 3802 et
3472 3766 3612 3804 cum
3667 3752 3820 3806 intra

2166 3835 2347 3890 Deum
2384 3836 2613 3890 Patrem
2648 3853 2821 3890 suum
2853 3835 3045 3891 adhuc
3076 3840 3245 3891 erat?
3301 3839 3473 3908 Atqui
3509 3845 3818 3911 perspicue

2163 3923 2242 3978 ibi
2295 3924 2552 3978 declarat
2603 3929 2727 3978 tum
2789 3929 3017 3979 Patrem
3072 3942 3187 3979 non
3240 3926 3422 3981 fuisse
3463 3928 3684 3993 solum,
3719 3931 3814 3984 sed

2165 4011 2442 4067 habuisse
2476 4012 2533 4067 in
2569 4013 2885 4084 semetipso
2908 4012 3065 4067 hunc
3094 4014 3458 4083 Sermonem,
3485 4034 3519 4071 a
3539 4034 3650 4073 sua
3682 4034 3814 4089 per-

2163 4117 2309 4155 sona
2340 4100 2706 4169 distinctum,
2740 4116 2913 4171 quem
2965 4103 3286 4157 secundum
3320 4121 3352 4158 a
3393 4121 3456 4159 se
3502 4122 3571 4160 ac
3603 4106 3812 4161 Filium

2160 4190 2310 4259 fecit,
2344 4205 2444 4244 seu
2476 4188 2700 4260 genuit.
2736 4190 2881 4259 Ergo
2911 4194 3043 4244 ante
3072 4191 3277 4245 mundi
3308 4194 3815 4261 constitutionem,

2161 4277 2219 4333 id
2250 4283 2359 4343 est,
2392 4278 2464 4332 ab
2505 4282 2719 4333 aeterno
2767 4277 3047 4349 Verbum,
3081 4280 3201 4333 sive
3244 4280 3425 4336 Filius
3457 4282 3583 4351 Dei,
3617 4290 3679 4338 ut
3711 4300 3817 4338 su-

2162 4383 2266 4438 pra
2292 4365 2837 4437 animadvertimus,
2870 4384 3038 4423 suam
3088 4386 3120 4423 a
3169 4367 3284 4425 Deo
3314 4370 3483 4426 Patre
3514 4375 3821 4443 acceperat

2163 4458 2432 4509 naturam
2464 4459 2523 4508 et
2562 4454 2980 4520 substantiam,
3012 4460 3252 4527 eratque
3300 4473 3553 4527 persona
3583 4466 3815 4515 tantum

407 4584 522 4639 que
553 4568 607 4621 in
641 4566 731 4623 sui
780 4565 1084 4637 speciebus
1128 4570 1306 4636 atque
1353 4560 1703 4617 substantiis
1733 4542 2052 4631 cognosce-
2085 4550 2127 4612 Ι)
2163 4559 2197 4596 θι
2230 4543 2393 4597 Patre
2422 4542 2758 4597 ἀίεῒίηοῖυε·

408 4660 610 4712 rentur
668 4660 724 4710 et
790 4659 1170 4710 tenerentur.
1230 4653 1392 4707 Tunc
1450 4651 1630 4722 igitur
1688 4650 1865 4705 etiam
1923 4649 2048 4722 ipse

403 4746 608 4801 Sermo
640 4744 887 4817 speciem
924 4748 980 4797 et
1010 4752 1281 4797 ornatum
1313 4756 1484 4796 suum
1518 4739 1721 4806 sumit,
1753 4754 1963 4794 sonum
1990 4744 2047 4794 et

400 4851 622 4899 vocem,
656 4850 786 4888 cum
830 4832 994 4897 dixit,
1027 4830 1150 4885 Fiat
1186 4829 1301 4885 lux.
1352 4852 1379 4878 »
1407 4830 1569 4900 (Ibid.
1612 4845 1740 4899 cap.
1795 4828 1873 4898 6.)
1906 4828 2046 4883 Inde

400 4924 558 4979 enim
595 4921 855 4978 Petavius
900 4919 1090 4989 colligi
1143 4934 1310 4987 posse
1357 4918 1633 4988 opinatur
1683 4917 1831 4970 hanc
1866 4916 2045 4969 fuisse

401 5011 561 5065 illius
592 5011 662 5065 de
692 5009 818 5064 Filii
852 5009 947 5062 Dei
981 5006 1351 5079 generatione
1381 5022 1495 5059 non
1542 5005 1778 5075 quidem
1810 5008 2043 5071 aeterna,

402 5101 500 5155 sed
535 5096 839 5169 temporali
882 5095 1235 5166 opinionem.
1285 5094 1462 5148 Addit
1507 5100 1783 5163 praeterea
1810 5093 2044 5147 Tertul-

401 5188 627 5242 lianum
663 5187 834 5258 paulo
873 5190 1006 5241 ante
1050 5185 1267 5238 dixisse
1320 5186 1516 5249 Deum,
1550 5184 1650 5254 qui
1699 5189 1907 5236 natura
1936 5200 2045 5238 sua

400 5282 491 5332 est
520 5274 843 5333 rationalis.
895 5289 1072 5345 penes
1121 5288 1180 5328 se
1227 5288 1294 5326 ex
1343 5277 1558 5327 aeterno
1608 5270 1885 5326 habuisse
1932 5272 2041 5327 Ra-

397 5366 642 5435 tionem,
699 5360 897 5435 Λόγον,
954 5366 1012 5417 et
1067 5377 1437 5416 sermonem.
1498 5361 1605 5415 Sed
1676 5360 1833 5415 hunc
1888 5362 2043 5415 intra

397 5455 783 5524 semetipsum
840 5450 1220 5515 continuisse,
1280 5472 1308 5499 «
1365 5449 1539 5504 tacite
1595 5449 1924 5520 cogitando,
1984 5455 2041 5504 et

396 5542 761 5614 disponendo
794 5556 1015 5606 secum,
1050 5556 1176 5610 quae
1211 5555 1311 5610 per
1342 5538 1682 5592 Sermonem
1733 5543 1856 5593 erat
1886 5538 2039 5594 846

397 5631 683 5691 dicturus.
718 5652 749 5684 »
797 5629 957 5707 (Ibid.
1007 5644 1135 5703 cap.
1183 5628 1265 5703 5.)
1320 5631 1482 5683 Tunc
1529 5640 1666 5699 ergo
1704 5626 1803 5687 ille
1849 5644 2039 5687 sermo

2227 4654 2297 4703 At
2329 4650 2510 4717 Pater,
2544 4649 2738 4720 arguit
2771 4650 3057 4717 Petavius,
3092 4669 3125 4706 a
3170 4652 3532 4711 Tertulliano
3573 4656 3816 4721 dicitur,

2158 4742 2351 4792 «ante
2381 4738 2579 4793 omnia
2626 4738 2776 4793 Deus
2824 4744 2949 4794 erat
2998 4740 3179 4809 solus,
3224 4744 3361 4811 quia
3410 4744 3559 4798 nihil
3592 4746 3815 4800 extrin-

2155 4843 2324 4882 secus
2355 4834 2560 4898 praeter
2587 4826 2773 4882 illum.
2809 4848 2836 4875 »
2871 4830 2887 4899 (
2920 4829 3258 4885 'I‘ertullian.
3294 4832 3392 4886 loc.
3422 4835 3548 4903 cit.)
3581 4835 3692 4889 Sed
3720 4834 3817 4886 vix

2154 4934 2220 4971 ac
2249 4932 2319 4971 ne
2366 4917 2457 4970 vix
2509 4916 2742 4985 quidem
2784 4933 2817 4970 a
2864 4918 3034 4972 nobis
3091 4918 3404 4990 impetrare
3460 4938 3816 4993 possumus,

2155 5011 2219 5060 ut
2249 5006 2558 5060 credamus
2588 5005 2707 5059 haec
2738 5007 2889 5060 serio
2921 5006 2991 5060 ab
3038 5009 3444 5065 eruditissimo
3496 5020 3552 5066 el
3581 5011 3817 5082 perspi-

2153 5094 2462 5149 cacissimo
2493 5094 2612 5148 viro
2643 5094 2838 5164 objici.
2883 5095 3029 5149 Nam
3076 5096 3479 5155 Tertullianus
3526 5102 3820 5155 continuo

2154 5183 2497 5253 subjunxit:
2558 5205 2585 5231 ‹‹
2646 5186 2925 5237 Ceterum
2981 5200 3052 5239 ne
3102 5191 3242 5241 tunc
3299 5189 3540 5258 quidem
3594 5188 3818 5252 solus;

2152 5272 2405 5327 habebat
2434 5272 2590 5326 enim
2619 5287 2842 5335 secum,
2875 5288 3051 5342 quam
3080 5273 3329 5330 habebat
3357 5276 3416 5331 in
3451 5277 3816 5349 semetipso,

2152 5360 2456 5415 Rationem
2489 5375 2657 5414 suam
2691 5358 2932 5426 scilicet,
2968 5382 2996 5410 »
3039 5362 3246 5433 (Ibid.).
3301 5364 3654 5421 Persuasum
3698 5366 3825 5419 ita-

2149 5464 2263 5519 que
2292 5448 2409 5515 ille,
2444 5449 2598 5503 sicut
2628 5465 2808 5520 supra
2857 5449 3249 5518 ostendimus,
3284 5451 3537 5507 habebat
3567 5456 3817 5506 Patrem

2147 5541 2455 5607 mternum,
2489 5543 2623 5593 ante
2654 5538 2945 5592 mundum
2977 5539 3433 5603 eonditum,sive
3463 5542 3535 5596 ab
3560 5545 3821 5599 aeterno.

2152 5632 2209 5687 et
2236 5625 2433 5688 solum
2462 5626 2668 5699 fuisse,
2720 5631 2779 5685 et
2823 5643 2941 5686 non
2987 5626 3199 5688 solum.
3246 5628 3418 5687 Solus
3463 5629 3618 5689 enim
3646 5628 3816 5693 erat,
