4046 6168
223 276 340 335 933

1128 276 1199 333 D.
1248 275 1344 334 LE
1390 276 1714 337 NOURRY
1761 276 2405 340 OBSERVATIONES
2455 280 2706 342 NOV/E.

3509 293 3627 358 934

225 404 361 476 quia
390 402 535 459 nihil
568 403 818 461 habebat
846 409 1009 462 extra
1038 423 1122 474 se,
1156 424 1269 463 non
1303 408 1464 463 solus
1488 412 1708 475 autem,
1736 409 1872 478 quia
1900 410 1953 476 Α
1983 411 2305 467 aeternitate
2336 414 2601 484 genitum
2632 433 2664 470 a
2698 420 2864 472 Patre
2894 434 3023 487 suo,
3058 420 3155 490 qui
3201 420 3414 481 idcirco
3456 428 3529 483 ab
3562 445 3628 487 eo

223 494 475 550 habebat
506 492 660 550 intra
686 512 747 551 se
778 513 1132 567 sermonem,
1186 498 1285 567 qui
1341 498 1619 553 distincta
1668 498 1741 553 ab
1774 498 1871 554 illo

222 600 475 656 persona
508 600 573 639 ac
605 584 790 640 Filius
822 587 949 656 ejus
998 590 1107 642 est.
1158 586 1428 642 Vidimus
1479 588 1719 660 insuper
1770 589 1871 642 ob-

220 679 515 729 servatum
564 674 634 728 ab
692 675 895 730 eodem
954 676 1310 731 Tertulliano
1372 677 1553 732 fuisse
1610 681 1872 731 Graecum

220 778 437 817 nomen
497 758 661 835 λόγον
720 779 753 817 a
810 764 957 819 847
1026 763 1249 820 Latinis
1310 765 1594 819 rationem
1654 766 1872 837 potius,

219 868 403 923 quam
432 868 769 908 sermonem
802 852 1077 909 debuisse
1127 854 1447 926 appellari:
1503 877 1529 904 α
1561 853 1706 917 Quia
1756 870 1872 908 non

216 941 589 1009 sermonalis,
616 942 829 1013 inquit,
855 960 887 997 a
909 942 1217 1014 principio,
1245 944 1345 998 sed
1372 943 1675 998 rationalis
1697 943 1873 997 etiam

216 1035 372 1086 Deus
401 1034 536 1085 ante
572 1030 953 1102 principium,
989 1037 1045 1087 et
1078 1032 1215 1102 quia
1248 1031 1371 1102 ipse
1420 1050 1651 1104 quoque
1685 1048 1872 1087 sermo

215 1125 446 1175 ratione
479 1120 831 1187 consistens,
864 1120 1118 1191 priorem
1151 1138 1284 1175 eum
1321 1126 1381 1174 ut
1404 1138 1572 1176 suam
1598 1122 1871 1175 substan-

214 1208 363 1263 tiam
398 1209 691 1264 ostendat.
728 1233 748 1260 ι)
788 1208 974 1279 (Ibid.)
1018 1208 1242 1272 Quibus
1290 1226 1429 1265 sane
1463 1209 1652 1264 verbis
1688 1209 1872 1280 signi—

215 1298 353 1353 ﬁcat
389 1313 596 1353 nomen
628 1296 797 1363 illud,
833 1295 1017 1371 λόγος,
1063 1298 1190 1353 ideo
1246 1299 1447 1354 Latine
1496 1298 1707 1353 melius
1761 1297 1873 1352 dici

212 1404 394 1458 posse
427 1387 735 1455 rationem,
766 1387 905 1458 quia
954 1388 1109 1443 Deus
1159 1392 1324 1443 Pater
1373 1389 1444 1443 ab
1493 1392 1708 1443 zeterno
1759 1405 1871 1442 non

210 1478 571 1543 ser-manalis,
605 1476 714 1532 hoc
745 1481 852 1545 est,
891 1478 1229 1532 Sermonem
1280 1484 1441 1533 extra
1488 1494 1549 1533 se
1601 1494 1715 1532 non
1748 1494 1875 1549 pro-

212 1566 450 1623 tulerat.
488 1566 925 1638 Verumtamen,
960 1567 1101 1637 quia
1131 1571 1341 1622 natura
1390 1584 1496 1622 sua
1540 1567 1665 1638 ipse
1697 1565 1871 1621 ratio-

213 1655 373 1711 nalis
402 1660 509 1722 est,
564 1655 868 1711 Rationem
914 1656 984 1711 ab
1042 1660 1255 1712 aeterno
1314 1656 1470 1711 intra
1526 1672 1587 1711 se
1645 1655 1868 1723 habuit,

215 1763 348 1818 quae
381 1746 648 1817 ejusdem
679 1749 769 1801 est
798 1762 933 1800 cum
966 1744 1063 1799 illo
1095 1745 1462 1812 substantiae,
1489 1746 1588 1801 sed
1615 1746 1874 1801 secunda

214 1839 276 1890 et
309 1834 588 1891 distincta
632 1852 922 1907 persona;
983 1835 1463 1907 quandoquidem
1526 1840 1692 1891 Pater
1745 1836 1873 1904 ejus

216 1925 295 1980 ab
327 1928 543 1980 aeterno
575 1924 738 1980 solus
769 1941 884 1981 non
918 1930 1061 1980 erat.

293 2016 366 2068 At
400 2013 551 2069 hunc
582 2014 821 2085 quidem
852 2030 1051 2069 verum
1085 2030 1213 2069 esse
1245 2014 1591 2070 Tertulliani
1633 2029 1872 2070 sensum

219 2107 280 2157 et
342 2108 597 2158 mentem
657 2103 793 2158 inde
851 2102 1146 2157 evidenter
1220 2104 1527 2158 conﬁcitur
1585 2104 1741 2173 quod
1796 2101 1872 2156 ibi

218 2192 486 2263 disputet
515 2192 796 2247 adversus
828 2193 1133 2259 Praxeam,
1165 2192 1265 2263 qui
1296 2192 1505 2247 Filium
1536 2197 1876 2247 Sermonem

220 2280 329 2336 Dei
360 2281 633 2336 eumdem
667 2281 907 2337 omnino
939 2299 1003 2336 ac
1034 2286 1287 2350 Patrem,
1334 2286 1390 2337 et
1420 2282 1493 2337 ab
1544 2281 1642 2336 illo
1675 2280 1879 2335 distin-

222 2376 393 2426 ctum
426 2386 540 2425 non
571 2387 699 2426 esse
749 2369 1072 2426 effutiebat.
1135 2370 1282 2435 Quid
1339 2376 1553 2438 autem,
1616 2371 1880 2437 obsecro,

224 2464 435 2515 contra
464 2476 597 2514 eum
631 2461 1044 2531 promovisset,
1090 2461 1139 2516 si
1190 2461 1472 2515 fateretur
1523 2460 1620 2515 Dei
1670 2459 1880 2514 Filium

226 2564 299 2604 ac
326 2548 669 2603 Sermonem
716 2553 849 2604 ante
899 2549 1105 2604 mundi
1157 2549 1461 2603 exordium
1514 2566 1627 2603 non
1671 2547 1883 2603 substi-

225 2637 399 2705 tisse,
422 2654 525 2691 nec
542 2637 722 2692 fuisse
743 2653 1052 2709 personam
1078 2655 1111 2692 a
1136 2642 1303 2692 Patre
1330 2637 1711 2692 distinctam?
1734 2640 1882 2690 Prae-

227 2728 411 2797 cipua
440 2727 641 2797 itaque
697 2743 883 2781 causae
943 2744 1062 2783 suae
1125 2731 1287 2798 parte
1346 2732 1552 2797 sponte
1602 2726 1883 2791 cadendo,

221 2815 513 2888 jugulum
561 2815 828 2871 adversio
878 2816 1156 2871 dedisset.
1208 2818 1281 2870 At
1327 2820 1555 2870 tantum
1609 2816 1775 2870 abest
1823 2818 1887 2868 ut

236 2905 300 2959 id
338 2905 640 2975 concedat,
676 2909 737 2959 ut
770 2906 960 2975 potius
993 2904 1469 2959 constantissime
1498 2908 1722 2960 asserat
1752 2904 1889 2958 Ser-

237 3010 482 3048 monem
515 2994 610 3048 Dei
644 2998 779 3048 ante
812 2994 1015 3048 mundi
1056 2993 1407 3049 creationem
1455 2997 1513 3049 et
1555 2993 1626 3047 ab
1678 2996 1891 3047 aeterno

232 3100 266 3138 a
302 3082 475 3137 Patre
507 3098 635 3137 esse
666 3083 1032 3149 distinctum,
1080 3088 1255 3155 atque
1305 3084 1377 3137 ab
1426 3100 1490 3138 eo
1541 3082 1887 3137 secundum.

308 3189 427 3245 Sed
458 3188 604 3243 nihil
636 3189 886 3246 remittit
928 3180 1213 3245 Petavius.
1248 3193 1532 3260 urgetque
1580 3187 1883 3243 Tertullia-

228 3297 379 3335 num
416 3284 611 3351 aperte
642 3280 911 3336 docuisse
960 3285 1097 3335 tunc
1158 3280 1471 3351 perfectam
1531 3279 1711 3336 fuisse
1758 3278 1884 3334 Filii

230 3370 336 3425 Dei
369 3368 753 3436 nativitatem,
788 3387 923 3424 cum
957 3370 1112 3424 Deus
1153 3388 1221 3424 ex
1272 3370 1456 3425 nihilo
1506 3369 1722 3425 creavit
1766 3385 1885 3424 om-

226 3459 353 3514 nia.
388 3461 574 3513 Antea
602 3457 782 3529 igitur
813 3474 917 3513 nec
949 3461 1132 3529 ortus,
1168 3475 1271 3514 nec
1302 3476 1571 3529 persona,
1606 3475 1709 3513 nec
1740 3459 1882 3513 sub-

223 3547 457 3604 stantia
489 3552 632 3617 erat,
686 3564 749 3601 ac
809 3548 1054 3619 proinde
1109 3564 1213 3602 nec
1270 3547 1368 3602 Dei
1426 3548 1606 3603 Filius
1665 3549 1878 3618 (Petav.

220 3644 378 3693 tom.
414 3636 463 3691 ΙΙ
501 3636 760 3705 Theolog.
793 3637 1036 3707 dogmat.
1071 3636 1171 3691 lib.
1216 3654 1253 3705 ι,
1296 3654 1344 3690 c.
1375 3638 1429 3702 5,
1482 3654 1537 3707 p.
1588 3638 1699 3708 25).
1732 3638 1879 3691 Nam

225 3743 296 3781 ea
334 3731 477 3780 sunt
510 3725 632 3780 loco
658 3725 855 3792 citato,
884 3726 1151 3797 qumjam
1178 3725 1506 3791 retulimus,
1533 3724 1688 3780 illius
1712 3727 1883 3781 verba

223 3812 507 3885 (Tertull.
540 3815 666 3869 adv.
700 3817 871 3869 Prax.
919 3830 1046 3885 cap.
1092 3815 1184 3885 7):
1236 3838 1261 3863 ‹‹
1297 3814 1427 3869 Haec
1477 3820 1565 3869 est
1612 3816 1884 3870 nativitas

230 3903 497 3974 perfecta
527 3902 829 3957 Sermonis
859 3904 999 3957 dum
1032 3919 1100 3958 ex
1130 3903 1243 3958 Deo
1290 3904 1567 3972 procedit,
1614 3903 1886 3957 conditus

228 3994 307 4047 ab
341 4010 412 4047 eo
448 3992 705 4062 primum
737 3992 807 4046 ad
858 3993 1177 4063 cogitatum
1228 3992 1285 4046 in
1336 3991 1573 4046 nomine
1620 3991 1884 4063 Sophim:

228 4084 517 4136 Dominus
545 4080 788 4135 condidit
820 4098 887 4136 ne
935 4083 1161 4136 initium
1212 4084 1436 4137 viarum
1477 4098 1726 4137 suarum.
1780 4082 1886 4136 De-

226 4169 376 4224 hinc
408 4174 719 4240 generatus
749 4170 821 4224 ad
862 4170 1176 4225 aifectum:
1231 4171 1364 4225 Cum
1406 4178 1629 4241 pararet
1671 4172 1886 4239 cretum,

223 4260 467 4314 aderam
498 4260 607 4314 illi.
642 4280 671 4308 »
705 4261 890 4328 (Prov.
934 4275 1058 4324 VIII,
1109 4260 1199 4327 22,
1247 4261 1363 4328 27.)
1413 4262 1561 4331 Ergo
1613 4260 1741 4314 Filii
1790 4260 1888 4314 Dei

226 4347 520 4402 nativitas
549 4353 689 4401 tunc
718 4354 970 4413 tantum,
1006 4347 1202 4418 inquit
1235 4348 1527 4413 Petavius,
1578 4351 1831 4419 perfecta
1860 4367 1892 4403 a

219 4433 599 4490 Tertulliano
627 4436 864 4503 dicitur,
899 4438 1132 4507 quando
1184 4437 1336 4491 Deus
1394 4452 1492 4507 per
1542 4436 1761 4507 ipsum,
1793 4436 1891 4508 qui

221 4526 443 4581 Sermo
475 4524 604 4594 ejus
635 4530 747 4594 est,
779 4530 833 4580 et
866 4526 1155 4579 mundum
1188 4529 1244 4579 et
1274 4525 1470 4579 omnia
1500 4526 1735 4579 creavit.

299 4631 526 4685 Verum
557 4630 935 4686 doctissimus
968 4630 1065 4685 ille
1096 4630 1184 4685 vir
1209 4631 1670 4685 animadvertere
1702 4631 1890 4701 potuit

222 4720 536 4791 duplicem
569 4720 639 4774 ab
671 4725 909 4775 auctore
960 4727 1158 4775 nostro
1209 4719 1497 4791 distingui
1549 4719 1649 4773 Dei
1703 4720 1888 4774 Patris

219 4824 593 4863 sermonem.
628 4809 855 4862 Primus
887 4825 1145 4880 namque
1169 4808 1279 4878 ipsi
1311 4812 1398 4862 est
1420 4806 1685 4873 intimus,
1713 4824 1886 4879 quem

221 4896 419 4952 δι’ωεὶ
476 4892 802 4965 ἐνδιάθετον,
862 4897 1007 4952 alter
1063 4904 1337 4952 externus
1402 4902 1459 4952 et
1533 4896 1884 4968 prolatitius,

218 5003 413 5056 quem
444 4986 776 5061 προφορικὸν
830 4988 1130 5057 appellant
1178 4986 1543 5055 (Tertullian.
1599 4988 1696 5040 Ioc.
1745 4987 1884 5058 cit.).

218 5074 393 5129 Deus
426 5087 623 5128 autem
654 5075 823 5130 Pater
852 5076 1043 5145 priore
1075 5074 1173 5129 illo
1224 5074 1427 5130 intimo
1476 5076 1772 5141 Sermone,
1807 5076 1889 5131 ait

215 5162 663 5227 Tertullianus,
698 5164 896 5219 omnia
926 5181 1141 5231 creare,
1177 5170 1234 5218 et
1277 5180 1404 5219 suas
1449 5167 1605 5219 edere
1652 5166 1711 5219 in
1758 5165 1884 5219 sub-

210 5253 469 5306 stantias
498 5260 549 5307 et
578 5254 804 5321 species,
839 5252 994 5308 intra
1048 5269 1111 5307 se
1163 5253 1359 5324 ipsum
1406 5253 1777 5325 disposuerat
1821 5270 1887 5309 ac

204 5340 601 5411 cogitaverat.
636 5342 785 5396 Tum
837 5342 1048 5397 deinde
1102 5342 1449 5397 Sermonem
1498 5342 1658 5397 hunc
1710 5359 1884 5398 suum

204 5438 394 5485 extra
426 5446 509 5497 se,
544 5435 599 5485 et
648 5430 904 5487 exterius
954 5432 1277 5487 amittendo
1330 5432 1603 5488 universa
1650 5434 1883 5489 creavit.

198 5519 554 5590 Atquijam
584 5519 840 5575 vidimus
884 5538 916 5575 a
946 5520 1305 5577 Tertulliano
1361 5521 1565 5590 asseri,
1617 5524 1797 5595 repeti
1831 5527 1888 5580 et

215 5607 527 5667 inculcari
583 5608 751 5665 illum
810 5608 1147 5673 interiorem
1206 5627 1538 5673 sermonem
1596 5613 1667 5671 ab
1726 5614 1888 5674 omni

1980 500 2160 570 gradu
2193 504 2248 555 et
2279 502 2478 558 ordine
2505 504 2843 574 distinctus,
2877 509 3135 566 secunda
3181 516 3270 567 est
3323 517 3629 574 sanctissi-

1982 605 2088 644 mas
2119 590 2423 646 Trinitatis
2456 611 2724 664 persona.

2053 697 2167 751 Cur
2196 715 2352 769 ergo,
2388 700 2638 770 inquies,
2685 708 2802 757 tam
2851 712 3048 775 aperte
3097 709 3355 766 declarat
3404 729 3515 769 non
3559 716 3631 771 ab

1983 790 2218 856 esterno,
2253 790 2352 842 sed
2405 791 2605 844 mundi
2667 792 2832 847 initio
2894 796 3207 865 perfectam
3271 800 3450 856 fuisse
3507 805 3633 875 ejus

1983 876 2374 944 nativitatem,
2406 884 2463 932 et
2490 882 2629 933 tunc
2669 897 2834 936 suam
2887 886 3179 954 accepisse
3232 890 3507 959 speciem,
3539 909 3633 947 or-

1985 970 2211 1033 natum,
2270 965 2422 1020 848
2481 985 2690 1022 sonum
2751 977 2807 1024 et
2862 989 3055 1029 vocem
3081 975 3108 1029 ‘I
3178 976 3284 1031 Sed
3346 981 3633 1051 numquid

1983 1051 2379 1109 Tertullianus
2422 1073 2487 1110 eo
2538 1058 2864 1129 dementiae,
2923 1062 3283 1135 inquiemus,
3344 1068 3516 1136 venit,
3570 1074 3637 1124 ut

1984 1139 2386 1212 imperfectam
2422 1143 2737 1215 aliquando
2770 1149 2855 1203 vel
2890 1153 3118 1206 tantum
3164 1153 3498 1211 inchoatam
3532 1174 3637 1228 pu-

1983 1231 2193 1285 taverit
2223 1232 2347 1286 Filii
2383 1234 2481 1289 Dei
2504 1237 2959 1305 generationem,
2995 1257 3059 1294 ac
3087 1248 3282 1309 postea
3305 1247 3635 1317 sumpsisse

1986 1320 2237 1389 speciem
2274 1328 2330 1375 et
2360 1330 2655 1391 ornatum,
2689 1332 2867 1395 atque
2898 1327 2979 1381 ita
3027 1332 3342 1398 perfectam
3393 1339 3448 1388 et
3491 1351 3634 1390 con-

1986 1415 2341 1464 summatam
2366 1412 2392 1464 ?
2424 1412 2581 1482 (Ibid.
2617 1412 2633 1483 )
2666 1413 2790 1468 Non
2822 1432 2887 1470 co
2929 1415 3108 1487 igitur
3150 1436 3328 1475 sensu
3362 1438 3489 1477 eam
3522 1423 3633 1479 im-

1987 1499 2300 1567 perfectam
2337 1501 2670 1570 appellavit,
2704 1503 2804 1557 sed
2857 1521 2970 1575 quo
3022 1506 3143 1574 ipse
3192 1510 3365 1564 modo
3417 1511 3634 1567 ibidem

1986 1584 2271 1657 explicat:
2307 1588 2464 1657 quia,
2498 1590 2604 1643 etsi
2638 1590 2712 1645 ab
2743 1596 2958 1646 aeterno
2983 1599 3238 1664 perlecta
3264 1597 3457 1664 fuerit,
3482 1599 3637 1655 intra

1986 1674 2084 1730 Dei
2135 1680 2332 1731 tamen
2384 1678 2579 1733 sinum
2630 1678 2863 1745 latebat,
2919 1682 3180 1753 nullique
3231 1686 3343 1740 nisi
3398 1689 3636 1759 ipsimet

1986 1765 2093 1818 soli
2125 1765 2241 1819 Deo
2272 1772 2396 1819 erat
2427 1767 2682 1838 cognita.
2726 1773 2829 1823 Ast
2861 1771 2957 1823 ubi
2995 1775 3281 1828 mundum
3306 1777 3632 1849 condendo,

1987 1852 2141 1908 hunc
2173 1860 2510 1910 Sermonem
2547 1874 2719 1911 suum
2752 1865 2912 1913 extra
2939 1876 3001 1914 se
3048 1863 3310 1933 protulit,
3358 1881 3423 1919 ac
3456 1865 3634 1921 veluti

1984 1958 2053 1998 ea:
2080 1943 2257 1999 cordis
2283 1946 2372 1998 sui
2403 1943 2567 2000 vulva
2597 1953 2645 2000 et
2676 1950 2924 2013 matrice,
2958 1955 3022 2003 ut
3066 1948 3224 2021 loqui
3260 1959 3436 2021 amat,
3469 1963 3635 2013 extra

1986 2047 2042 2084 se
2073 2033 2276 2097 emisit,
2311 2037 2449 2086 tunc
2482 2032 2578 2087 ille
2623 2039 2874 2090 internus
2924 2040 3108 2093 Sermo
3154 2044 3391 2109 sumpsit
3436 2060 3635 2100 sonum

1987 2125 2037 2174 ct
2074 2136 2269 2187 vocem,
2306 2126 2476 2191 atque
2510 2122 2725 2177 idcirco
2757 2126 3104 2183 exteriorem
3144 2140 3404 2186 ornatum
3432 2142 3484 2188 et
3509 2150 3633 2205 spc-

1989 2210 2146 2262 cicm.
2184 2210 2343 2263 Tunc
2374 2209 2527 2264 enim
2562 2230 2595 2266 a
2624 2214 2904 2269 creaturis
2937 2216 3158 2272 ratione
3190 2221 3447 2289 praeditis
3472 2224 3635 2292 agni-

1992 2300 2087 2351 tus
2116 2298 2245 2352 l'uit.
2274 2302 2493 2353 Nomen
2519 2300 2735 2372 quippe
2755 2304 2953 2373 species
2980 2309 3135 2375 apud
3162 2308 3346 2363 bonos
3372 2315 3637 2368 auctores

1993 2386 2147 2440 idem
2198 2386 2493 2456 signiﬁcat
2536 2407 2602 2443 ac
2652 2391 2732 2444 rei
2791 2391 3037 2462 alicujus
3095 2396 3533 2454 demonstratio.
3569 2401 3638 2456 Et

1992 2491 2124 2528 vero
2167 2477 2395 2545 species,
2458 2476 2649 2547 inquit
2703 2478 2948 2547 Nonius,
3007 2482 3078 2537 ab
3135 2489 3352 2555 aspectu
3408 2487 3634 2545 dicitur.

1995 2564 2136 2617 Cum
2184 2564 2362 2633 igitur
2410 2564 2613 2620 Sermo
2666 2566 2781 2634 Dei,
2830 2569 2949 2624 sive
3000 2576 3251 2627 aeternus
3299 2574 3400 2630 Dei
3454 2577 3637 2634 Patris

1996 2652 2176 2705 Filius
2207 2657 2365 2707 extra
2416 2653 2581 2707 illum
2632 2655 2919 2728 principio
2971 2661 3177 2715 mundi
3226 2663 3481 2721 emissus
3528 2676 3635 2736 est,

1997 2745 2122 2795 tum
2155 2742 2406 2811 speciem
2442 2747 2499 2796 et
2530 2750 2802 2799 ornatum
2831 2746 2951 2801 sive
2982 2765 3193 2805 sonum
3229 2757 3287 2806 et
3314 2770 3508 2809 vocem
3542 2774 3637 2812 ac-

1999 2829 2158 2900 cipit,
2191 2839 2236 2884 el
2275 2832 2525 2899 perfecta
2556 2833 2664 2886 fuit
2703 2834 2831 2903 ejus
2883 2838 3177 2905 nativitas,
3235 2858 3346 2896 non
3396 2844 3635 2913 quidem

2000 2920 2187 2988 quoad
2222 2921 2439 2989 se,;sed
2485 2921 2675 2990 quoad
2726 2928 3042 2995 creaturas,
3097 2944 3224 2998 quis
3274 2946 3401 2985 eam
3452 2949 3636 3004 agno-

1999 3012 2227 3062 verunt.

2072 3097 2197 3151 Non
2228 3098 2481 3167 amplius
2513 3115 2647 3170 ergo
2679 3099 2717 3153 ii
2750 3101 3023 3158 audiendi
3068 3110 3228 3174 sunt,
3280 3109 3377 3179 qui
3429 3127 3639 3170 rursus

1998 3182 2275 3253 objicient
2328 3184 2549 3238 dictum
2599 3186 2670 3240 ab
2720 3188 2919 3243 eodem
2973 3190 3369 3251 Tertulliano:
3413 3219 3441 3245 «
3483 3198 3639 3256 Deus

1997 3288 2112 3326 non
2146 3271 2493 3328 serinonalis
2524 3290 2557 3327 a
2589 3273 2892 3347 principio.
2928 3299 2956 3328 ››
2994 3278 3155 3350 (Ibid.
3201 3298 3328 3354 cap.
3378 3285 3459 3353 5.)
3488 3286 3637 3343 Nam

1994 3359 2360 3417 continenter
2390 3362 2655 3419 addidit:
2691 3388 2715 3414 ‹‹
2752 3367 2857 3421 Sed
2911 3368 3213 3426 rationalis
3256 3371 3409 3430 Deus
3460 3374 3637 3432 etiam

1994 3454 2127 3505 ante
2164 3450 2539 3522 principium,
2573 3456 2623 3506 et
2661 3455 2797 3525 quia
2840 3455 2965 3526 ipse
3012 3474 3244 3530 quoque
3295 3462 3497 3518 Sermo
3539 3482 3637 3521 ra-

1992 3539 2147 3595 tione
2179 3540 2526 3612 consistens,
2564 3542 2817 3613 priorem
2858 3561 2985 3600 eam
3040 3547 3343 3605 Rationem
3396 3558 3459 3607 ut
3489 3555 3635 3609 sub-

1992 3630 2267 3684 stantiam
2300 3647 2467 3684 suam
2500 3634 2789 3687 ostendat.
2827 3656 2853 3681 »
2885 3635 2938 3688 Si
2973 3642 3166 3691 autem
3205 3643 3350 3695 Deus
3381 3643 3634 3699 rationa-

1991 3717 2065 3772 lis
2100 3719 2207 3772 iuit
2240 3723 2373 3773 ante
2401 3720 2777 3791 principium,
2810 3722 2931 3777 sive
2963 3724 3034 3777 ab
3066 3731 3305 3793 aeterno,
3338 3728 3431 3784 ille
3456 3731 3635 3787 etiam

1995 3807 2065 3861 ab
2098 3813 2313 3862 zetcrno
2345 3808 2587 3879 protulit
2618 3809 2943 3878 Rationem,
2992 3830 3143 3884 quae,
3192 3821 3255 3869 ut
3302 3818 3518 3888 szepius
3549 3821 3637 3876 di-

1997 3903 2176 3961 ctum,
2209 3902 2410 3951 Sermo
2443 3901 2499 3952 et
2527 3896 2705 3953 Filius
2737 3900 2867 3969 ejus
2910 3904 3001 3955 est
3054 3902 3209 3972 (Ibid.
3262 3921 3311 3959 c.
3362 3907 3439 3977 8).
3489 3908 3639 3964 Tum

1998 3985 2229 4051 deinde,
2268 4010 2286 4033 α
2324 3986 2425 4041 Hic
2456 3987 2678 4056 Sermo,
2710 3988 2924 4059 inquit,
2962 3991 3171 4061 spiritu
3223 3996 3483 4049 structus
3529 4002 3641 4066 est,

1999 4078 2076 4141 et,
2114 4079 2175 4128 ut
2207 4074 2286 4128 ita
2312 4074 2578 4140 dixerim,
2612 4076 2910 4131 Sermonis
2942 4093 3176 4151 corpus,
3211 4102 3239 4128 »
3272 4080 3326 4135 id
3359 4086 3467 4146 est,
3500 4084 3643 4138 sub—

2001 4164 2216 4219 stantia
2250 4173 2329 4219 est
2369 4166 2615 4235 spiritus.
2666 4165 2902 4221 Fatetur
2934 4171 3126 4222 autem
3160 4173 3499 4242 utrumque,
3532 4171 3644 4227 etsi

2002 4270 2184 4307 unum
2218 4251 2493 4324 idemque
2524 4254 2662 4320 sint,
2696 4271 2863 4326 posse
2893 4254 3085 4326 aliquo
3136 4259 3308 4313 modo
3360 4260 3646 4333 distingui

2004 4344 2168 4411 (Ibid.
2203 4358 2332 4414 cap.
2364 4343 2492 4413 26):
2532 4365 2558 4393 «
2589 4342 2733 4398 Nam
2765 4344 3032 4416 spiritus,
3069 4346 3149 4401 ait
3194 4346 3309 4415 ille,
3363 4349 3645 4404 substan-

2002 4434 2081 4487 tia
2113 4437 2201 4487 est
2232 4433 2542 4500 sermonis,
2580 4437 2636 4488 et
2665 4450 2856 4488 sermo
2878 4435 3137 4505 operatio
3159 4435 3423 4507 spiritus,
3449 4442 3506 4494 et
3529 4438 3646 4493 duo

1922 4532 1968 4595 ι]
2002 4540 2185 4578 unum
2218 4528 2438 4578 sunt.»
2474 4523 2575 4577 Hic
2618 4528 2809 4577 autem
2865 4528 3066 4578 Sermo
3124 4524 3223 4580 Dei
3278 4526 3479 4595 Patris,
3530 4527 3650 4582 sive

1997 4612 2124 4683 ipsa
2157 4613 2286 4681 ejus
2318 4611 2561 4683 spiritus
2594 4612 2873 4683 operatio,
2908 4613 3186 4669 creaturis
3220 4631 3333 4670 non
3368 4616 3529 4686 prius
3560 4616 3646 4670 in-

2000 4702 2209 4767 notuit,
2254 4718 2426 4772 quam
2468 4703 2725 4756 mundus
2757 4703 3125 4757 conderetur.
3172 4705 3243 4759 At
3291 4704 3469 4776 hujus
3507 4721 3647 4777 ope-

2000 4791 2244 4845 rationis
2277 4792 2393 4846 sive
2426 4790 2816 4861 generationis
2852 4790 2979 4845 Filii
3018 4791 3110 4846 Dei
3158 4794 3412 4865 cognitio
3444 4812 3477 4849 a
3508 4794 3646 4849 Ter-

2000 4878 2242 4934 tulliano
2282 4878 2615 4950 appellatur
2664 4880 2917 4951 perfecta
2968 4880 3277 4947 nativitas;
3331 4883 3470 4954 quin
3522 4900 3646 4953 quae

1997 4974 2168 5024 antea
2200 4968 2307 5023 soli
2348 4972 2455 5022 Deo
2494 4968 2646 5022 Patri
2700 4967 2934 5040 cognita
2972 4976 3114 5036 erat,
3167 4976 3306 5027 tunc
3362 4972 3647 5028 creaturis

1998 5059 2220 5113 ratione
2249 5056 2507 5128 praeditis
2539 5057 2827 5127 patefacta
2858 5062 2960 5112 est.

2069 5164 2248 5222 Nobis
2276 5169 2470 5217 tamen
2518 5162 2788 5218 Petavius
2843 5166 2899 5219 et
2956 5163 3053 5219 alii
3112 5166 3301 5222 adhuc
3357 5168 3647 5238 objectant

1996 5255 2118 5309 haec
2156 5252 2501 5307 Tertulliani
2554 5252 2622 5307 de
2670 5252 2874 5307 eadem
2936 5252 3063 5307 Filii
3126 5255 3221 5309 Dei
3278 5258 3646 5329 apparitione

1994 5340 2173 5395 verba
2233 5338 2445 5410 (Petav.
2506 5344 2646 5394 tom.
2710 5341 2775 5407 Il,
2840 5339 3090 5410 Tlicolog.
3146 5340 3386 5413 dogmat.
3452 5344 3551 5399 lib.
3603 5360 3645 5410 ι,

1997 5447 2118 5502 cap.
2157 5431 2210 5497 5,
2244 5446 2300 5500 p.
2334 5430 2441 5495 26;
2473 5426 2716 5483 Tertull.
2751 5427 2876 5483 adv.
2925 5433 3104 5485 Prax.
3155 5447 3283 5503 cap.
3322 5434 3404 5503 12)
3433 5448 3445 5487 :
3478 5455 3505 5482 «
3538 5430 3646 5486 Sed

1997 5525 2054 5575 et
2109 5522 2166 5573 in
2228 5518 2707 5574 antecedentibus
2764 5517 3035 5589 operibus
3096 5521 3299 5574 mundi
3353 5518 3645 5592 quomodo

1996 5610 2282 5683 scriptum
2314 5613 2404 5665 est
2422 5608 2450 5663 ?
2470 5607 2732 5665 Primum
2756 5606 2993 5681 quidem
3019 5609 3275 5665 nondum
3299 5608 3442 5663 Filio
3465 5622 3643 5681 appe-
