4118 6182
508 252 624 315 935
1033 216 1556 316 TER’I‘ULLlANI
1604 252 1926 316 eranum
1972 252 2172 315 PARS
2216 255 2265 313 ι.
2299 283 2377 296 --
2404 246 2680 313 sumas
2726 252 2776 324 ι,
2822 238 3376 311 APOLOGETICA.
3720 257 3819 316 926

515 394 715 445 rente:
751 393 815 444 Et
846 388 992 443 dixit
1034 390 1198 453 Deus,
1248 389 1377 442 Fiat
1435 388 1551 453 lux,
1610 393 1661 441 et
1713 390 1862 458 facta
1902 390 1997 458 est,
2030 386 2155 458 ipse
2184 388 2239 455 Α
2269 386 2530 441 nondum
2562 384 2819 443 eluxerat
2849 384 2951 440 Dei
3008 381 3302 453 Sapientia
3351 384 3403 437 et
3450 381 3653 455 Sepbia.
3699 387 3824 443 Tum

513 478 715 535 statim
749 478 949 533 Sermo
985 478 1082 532 tum
1111 493 1259 546 vera,
1292 491 1418 548 qua?
1448 478 1730 532 illuminat
1759 477 2035 533 hominem
2062 493 2153 532 ve—
2262 493 2396 533 vero
2428 475 2748 532 clarissime
2794 474 3047 541 emicuit,
3103 472 3332 543 quando
3378 470 3468 526 lux
3512 473 3821 544 primigenia,

508 569 751 623 nientem
780 567 839 620 in
866 565 1023 620 hunc
1054 564 1341 628 mundum,
1378 570 1434 619 et
1464 582 1565 636 per
1612 564 1780 619 illum
1832 563 2154 621 mundialis
2263 569 2548 637 tanquam
2580 566 2773 637 imago
2804 564 2931 618 Filii
2959 562 3190 633 Dei,qui
3213 566 3427 616 aeterna:
3449 560 3583 617 lucis
3599 561 3829 632 splendor

508 669 736 724 quoque
768 654 887 707 lux.
942 653 1161 708 Exinde
1213 660 1409 707 autem
1469 652 1529 706 in
1585 657 1863 707 Sermone
1921 651 2151 708 Christo
2262 658 2371 725 est,
2406 654 2709 710 materiam
2743 653 3076 719 illustravit,
3110 666 3315 722 resque
3352 649 3595 721 singulas
3631 667 3725 705 sua
3749 668 3827 707 ve-

507 743 824 799 assistente
853 746 910 797 et
939 742 1411 809 administrante,
1445 741 1599 797 Deus
1630 740 1878 796 voluerit
1908 741 2054 811 ﬁeri,
2096 744 2153 796 et
2261 745 2424 800 stivit
2454 744 2645 815 specie
2676 760 2899 815 suoque
2937 746 3170 797 ornatu.
3214 741 3319 794 Sed
3368 740 3494 795 huic
3536 740 3827 812 interpreta-

504 832 660 887 Deus
691 831 940 888 fecit.....
971 848 1070 903 per
1118 848 1274 903 quem
1321 832 1510 885 omnia
1555 835 1699 901 facta
1747 835 1897 886 sunt.
1932 852 1960 880 ››
2012 831 2148 885 Inde
2257 834 2402 889 tioni
2433 834 2577 889 illud
2612 848 2937 904 repugnare
2968 832 3218 899 videtur,
3252 829 3399 900 quod
3432 845 3535 883 non
3582 829 3751 883 minus
3776 847 3829 885 ex

510 924 703 975 autem
725 919 1085 975 concludunt
1104 918 1503 974 ibimanifeste
1521 920 1913 975 demonstrari
1938 919 2150 973 Filium
2259 924 2538 979 ordinatae
2569 929 2627 978 et
2656 923 2908 978 confusae
2944 920 3228 985 materiai,
3261 936 3428 991 quam
3470 935 3534 974 ex
3574 916 3705 973 lucis
3731 919 3829 990 pri-

508 1016 566 1067 et
594 1011 878 1083 Spiritum
913 1012 1232 1066 secundam
1264 1016 1322 1066 et
1347 1010 1579 1067 tertiam
1610 1010 1917 1066 Trinitatis
1946 1027 2147 1081 perso-

502 1119 637 1158 nam
672 1119 787 1157 non
819 1102 1001 1158 fuisse
1031 1119 1100 1158 ex
1128 1106 1341 1158 aeterno
1372 1103 1783 1170 subsistentes,
1827 1103 1923 1158 sed
1959 1119 2145 1172 quan-

501 1191 574 1247 do
604 1191 757 1246 Deus
791 1192 1075 1246 mundum
1109 1191 1293 1245 voluit
1321 1191 1529 1261 facere,
1565 1208 1629 1246 ac
1660 1192 1852 1263 reipsa
1882 1192 2034 1246 fecit.

570 1300 720 1355 849
756 1304 828 1354 At
859 1300 1287 1354 observandum
1322 1304 1411 1354 est
1441 1299 1871 1355 Tertullianum
1903 1299 1996 1355 his
2016 1316 2140 1355 ver-

498 1388 591 1443 bis
622 1389 997 1459 respondisse
1024 1388 1248 1443 Praxem
1291 1388 1579 1455 hazretico,
1632 1388 1941 1444 Catholicis
1993 1389 2137 1459 obji-

496 1476 670 1533 cienti
702 1479 908 1543 Deum,
941 1478 1031 1532 cui
1064 1478 1210 1531 nihil
1242 1477 1603 1549 impossibile
1641 1482 1750 1547 est,
1785 1479 2047 1549 potuisse
2077 1496 2140 1535 se

494 1564 691 1637 ipsum
723 1572 779 1621 et
810 1569 1042 1621 Patrem
1074 1571 1131 1621 et
1162 1565 1368 1620 Filium
1402 1565 1577 1621 simul
1609 1567 1814 1622 facere.
1848 1567 2139 1623 Lubenter

493 1658 693 1710 autem
724 1653 820 1709 ille
851 1655 1067 1710 fatetur
1094 1654 1291 1709 omnia
1323 1655 1561 1726 quidem
1594 1671 1626 1709 a
1660 1656 1769 1710 Deo
1794 1672 1965 1727 posse
1987 1656 2133 1727 ﬁeri,

2259 1013 2525 1084 migeniae
2557 1012 2852 1067 creatione
2878 1010 3090 1066 emicat
3120 1009 3221 1065 Dei
3251 1010 3440 1063 Sermo
3469 1012 3521 1062 et
3548 1005 3726 1073 Filius,
3752 1024 3833 1077 per

2256 1118 2429 1172 quem
2463 1108 2517 1158 et
2544 1102 2642 1157 lux
2666 1101 2962 1173 quaelibet,
2994 1106 3050 1155 et
3078 1104 3282 1155 caetera
3301 1097 3488 1153 omnia
3509 1101 3684 1151 creata
3702 1101 3830 1151 sunt.

2256 1191 2313 1246 Si
2346 1192 2480 1262 quis
2508 1196 2705 1247 tamen
2738 1199 2891 1247 recte
2926 1190 3255 1262 probaverit
3300 1203 3489 1243 veram
3536 1202 3652 1241 esse
3692 1185 3831 1252 banc,

2252 1296 2430 1351 quam
2464 1279 2668 1335 Bullus
2699 1280 2885 1345 affert,
2918 1279 3226 1334 verborum
3267 1274 3595 1331 Tertulliani
3622 1273 3833 1344 explica-

2250 1369 2493 1438 tionem,
2526 1370 2663 1426 huic
2695 1387 2810 1425 non
2862 1368 3181 1424 admodum
3230 1364 3649 1433 reluctabimur,
3694 1363 3835 1417 modo

2249 1459 2403 1517 850
2434 1460 2568 1515 inde
2593 1460 2765 1515 etiam
2794 1458 2985 1530 colligi
3020 1457 3207 1529 possit
3237 1474 3270 1511 a
3300 1453 3834 1522 Tertulliauoagnos-

2248 1548 2297 1603 ci
2329 1553 2610 1605 aeternum
2642 1547 2813 1614 lucis,
2840 1548 2962 1603 sive
2992 1545 3120 1601 Filii
3164 1545 3265 1601 Dei
3315 1543 3665 1615 splendorem
3704 1544 3835 1594 aster-

2246 1654 2501 1709 namque
2530 1637 2964 1709 generationem
2995 1636 3065 1692 ab
3095 1635 3222 1707 ipso
3253 1639 3373 1689 tam
3417 1634 3741 1695 constanter,
3768 1627 3834 1683 uti

493 1745 594 1800 sed
628 1760 742 1798 non
772 1744 991 1814 omnia,
1025 1760 1152 1815 quae
1182 1746 1396 1815 potuit,
1427 1744 1499 1799 ab
1531 1744 1629 1799 illo
1666 1760 1795 1800 esse
1827 1745 1997 1801 facta.
2032 1746 2120 1802 Det

2243 1727 2521 1796 vidimus,
2555 1730 2839 1783 assertam
2870 1743 2935 1782 ac
2972 1732 3422 1797 propugnatam.

491 1833 667 1889 bebat
696 1834 875 1906 igitur
896 1835 1142 1889 Praxeas
1165 1834 1456 1889 evidenter
1478 1834 1879 1890 demonstrare
1903 1835 2131 1891 Patrem

439 1950 451 1956 -
491 1939 691 1979 revera
720 1939 782 1978 se
813 1923 1007 1994 ipsum
1042 1922 1247 1978 fecisse
1277 1928 1393 1977 tam
1422 1923 1652 1978 Patrem
1689 1940 1865 1994 quam
1900 1924 2130 1996 Filium,

491 2011 611 2067 sive
641 2029 752 2068 non
788 2012 969 2068 alium
1001 2028 1126 2067 esse
1160 2012 1392 2076 Filium,
1429 2029 1606 2082 quam
1637 2013 1832 2084 ipsum
1878 2014 2128 2069 Patrem.

490 2103 702 2156 Contra
731 2118 864 2156 vero
895 2100 1294 2156 Tertullianus
1325 2117 1390 2156 eo
1423 2102 1689 2157 securius
1720 2102 1976 2158 afﬁrmat
2009 2103 2066 2158 id
2098 2121 2132 2159 a

487 2189 708 2245 Praxea
733 2207 848 2245 non
899 2206 1071 2261 posse
1119 2206 1382 2261 unquam
1429 2190 1680 2261 probari,
1736 2208 1850 2263 quo
1900 2192 2130 2248 facilius

485 2279 645 2334 varia
678 2280 938 2351 congerit
968 2279 1280 2350 Scripturae
1310 2279 1668 2349 testimonia,
1716 2281 1931 2351 quibus
1974 2282 2129 2353 apud

487 2385 593 2423 nos
628 2390 657 2419 ι(
688 2368 963 2424 distincte
991 2369 1159 2423 Pater
1187 2372 1243 2423 et
1267 2368 1447 2425 Filius
1477 2370 1976 2438 demonstrantur,
2012 2370 2129 2426 dis-

482 2456 686 2526 tincte,
718 2457 983 2527 inquam,
1018 2474 1135 2511 non
1168 2457 1388 2524 divise;
1423 2480 1450 2507 »
1484 2458 1648 2529 (Ibid.
1673 2475 1800 2530 cap.
1824 2459 1915 2530 21)
1939 2475 2130 2531 quan-

485 2545 800 2615 doquidem
829 2544 1009 2600 Filius
1039 2545 1160 2612 Dei,
1195 2546 1349 2601 sicut
1379 2545 1551 2601 toties
1590 2546 1867 2617 diximus,
1900 2565 1934 2602 a
1963 2548 2130 2603 Patre

487 2634 761 2706 prodivit,
795 2640 967 2706 atque
996 2634 1211 2689 idcirco
1235 2635 1306 2689 ab
1329 2651 1394 2689 eo
1417 2640 1506 2690 est
1526 2636 1764 2705 quidem
1790 2637 2126 2709 distinctus,

484 2724 585 2778 sed
611 2740 726 2778 non
748 2723 969 2778 divisus
992 2728 1049 2779 et
1068 2729 1393 2796 separatus,
1415 2724 1554 2795 quia
1573 2726 1775 2781 eadem
1794 2732 1883 2781 est
1906 2727 2126 2782 utrius-

486 2828 601 2884 que
650 2812 1000 2869 substantia.
1048 2813 1197 2867 Tum
1247 2813 1456 2869 dehinc
1507 2814 1817 2885 Scripturae
1864 2816 2126 2885 ejusdem

484 2902 837 2957 auctoritate
866 2902 1124 2957 ostendit
1153 2906 1269 2956 tres
1315 2918 1445 2956 esse
1491 2902 1797 2959 Trinitatis
1849 2921 2127 2975 personas

484 2996 712 3047 unitate
744 2990 1033 3061 simplicis
1062 3007 1371 3046 connexos.
1397 2996 1470 3045 At
1492 2991 1570 3045 ibi
1595 3009 1660 3047 ea
1688 2994 1930 3063 protulit
1954 2995 2127 3050 verba

481 3096 607 3153 qua:
630 3081 799 3136 nobis
820 3081 1198 3150 objiciuntur,
1224 3097 1289 3134 ac
1316 3085 1447 3151 post
1468 3080 1587 3136 hanc
1607 3081 1904 3137 concludit
1929 3086 2126 3138 omnia

480 3170 633 3224 facta
664 3186 792 3224 esse
824 3185 926 3239 per
958 3169 1060 3223 Dei
1094 3169 1456 3233 Sermonem,
1491 3169 1611 3225 sive
1638 3187 1739 3241 per
1766 3171 1973 3225 Filium
2000 3173 2122 3243 Dei,
2154 3134 2198 3202 Ο

482 3258 581 3329 qui
600 3262 657 3312 et
678 3258 802 3328 ipse
825 3258 979 3312 Deus
1000 3262 1105 3311 est.
1132 3257 1277 3320 Quia
1298 3273 1433 3328 ergo
1457 3257 1557 3313 Dei
1578 3260 1775 3313 Sermo
1799 3268 1888 3315 est
1909 3260 2122 3318 idcirco

482 3347 554 3403 ab
573 3362 639 3402 eo
653 3345 1056 3416 distinguitur,
1073 3350 1128 3399 et
1145 3344 1295 3399 alius
1312 3345 1547 3415 dicitur,
1562 3369 1589 3395 «
1607 3364 1887 3417 personae,
1905 3348 2118 3421 inquit,

479 3452 594 3492 non
625 3434 971 3489 substantiae
998 3434 1255 3502 nomine,
1288 3434 1357 3487 ad
1392 3433 1848 3503 distinctionem,
1895 3454 2009 3492 non
2048 3441 2120 3494 ad

481 3524 849 3578 divisionem.
880 3544 906 3571 ››
939 3522 1240 3585 Quomodo
1271 3528 1462 3577 autem
1499 3540 1616 3578 una
1647 3529 1735 3579 est
1765 3524 1922 3581 illius
1944 3532 1999 3582 et
2020 3528 2119 3584 Pa-

476 3610 585 3667 tris
616 3610 944 3666 substantia
972 3617 1028 3665 et
1054 3626 1206 3664 unus
1238 3626 1372 3665 cum
1404 3627 1469 3665 eo
1500 3611 1676 3679 Deus,
1710 3613 1823 3668 nisi
1854 3616 1925 3670 ab
1956 3621 2117 3673 aeter-

482 3717 577 3770 no,
620 3700 775 3755 sicut
798 3699 967 3753 Pater
996 3697 1213 3753 fuerit?
1269 3700 1414 3755 Cum
1474 3699 1651 3768 igitur
1706 3701 1849 3757 dixit
1906 3703 2116 3760 Filium

477 3788 580 3844 Dei
614 3794 748 3844 ante
788 3788 993 3843 mundi
1042 3787 1343 3843 exordium
1396 3805 1508 3843 non
1561 3792 1924 3861 apparuisse,
1959 3793 2113 3850 haud

472 3880 721 3936 obscure
751 3877 1045 3949 signiﬁcat
1076 3876 1244 3932 illum
1277 3882 1418 3932 tunc
1449 3877 1594 3932 nulli
1624 3884 1901 3935 creaturae
1934 3883 2118 3939 fuisse

466 3970 794 4041 cognitum.
832 3966 936 4022 Ubi
971 3983 1126 4037 vero,
1160 3966 1242 4021 uti
1273 3966 1369 4022 ille
1401 3967 1616 4022 ibidem
1662 3969 1763 4036 ait,
1815 3970 1999 4041 primo
2025 3972 2114 4027 di-

469 4062 633 4113 etum
667 4061 777 4122 est,
808 4057 930 4111 Fiat
977 4056 1097 4126 tuac,
1147 4060 1287 4109 tunc
1336 4055 1537 4110 statim
1580 4055 1679 4111 lux
1723 4058 1874 4113 facta
1920 4066 2029 4130 est,
2059 4066 2117 4116 et

471 4142 872 4217 apparuitlux
897 4159 1052 4211 vera,
1098 4141 1217 4197 sive
1263 4141 1464 4197 Sermo
1512 4141 1636 4207 Dei,
1688 4160 1800 4198 non
1851 4145 2112 4218 quidem,

471 4234 611 4307 quia
640 4240 763 4289 tum
797 4234 1079 4304 primum,
1108 4246 1212 4285 nec
1244 4237 1415 4285 antea
1447 4230 1687 4297 exstitit,
1723 4234 1821 4302 qui
1855 4236 1926 4289 ob
1947 4241 2112 4291 mter-

469 4339 543 4378 no
575 4323 809 4395 genitus
841 4323 1049 4389 fuerat,
1082 4320 1183 4396 sed
1218 4319 1357 4390 quia
1384 4324 1525 4374 tunc
1555 4320 1896 4378 hominibus
1940 4326 2113 4396 cmpit

471 4394 754 4482 apparere
787 4412 887 4482 qui
920 4416 1008 4466 est
1036 4394 1135 4464 lui
1164 4425 1317 4477 vera,
1377 4425 1502 4480 quas
1550 4408 1847 4466 illuminat
1878 4394 2112 4470 omnem

2847 1875 3167 1915 ARTICULUS
3205 1875 3287 1913 IX.

2243 1951 2489 2023 Solvitur
2516 1949 2673 2005 aliud
2701 1957 3106 2023 argumentum,
3142 1947 3273 2023 inde
3295 1947 3546 2017 petitum,
3590 1941 3837 2023 quodnfer-

2314 2022 2593 2147 gtltz'anus
2624 2014 2829 2077 dixisse
2854 2022 3071 2076 videtur
3094 2014 3273 2090 fuisse
3295 2014 3532 2089 tempus,
3576 2031 3672 2087 quo
3697 2014 3838 2067 Fz'tzu:

2360 2097 2415 2150 ei
2444 2110 2549 2149 non
2581 2099 2719 2149 erat.

2311 2209 2441 2265 Alia
2499 2209 2769 2265 Petavius
2826 2207 3360 2280 argumentatione,
3418 2221 3485 2260 ex
3538 2194 3837 2257 Tertulliani

2239 2304 2441 2354 contra
2476 2300 2894 2370 Hermogenem
2929 2298 3076 2352 libro
3115 2297 3390 2360 deducta,
3425 2291 3647 2366 probari
3684 2288 3840 2343 adhuc

2240 2404 2409 2460 posse
2440 2388 2716 2459 Opinatur
2746 2386 2830 2441 illi
2861 2387 3288 2457 incompertam
3322 2383 3555 2456 penitus
3581 2379 3743 2434 fuisse
3767 2375 3837 2430 Fi-

2236 2477 2299 2531 lii
2332 2476 2432 2532 Dei
2464 2477 2872 2532 aeternitatem.
2902 2475 3211 2530 Africanus
3242 2472 3535 2543 siquidem
3557 2472 3741 2525 auctor
3759 2479 3839 2519 no-

2236 2569 2357 2621 ster
2385 2565 2795 2633 disertissime,
2838 2563 2921 2619 uti
2971 2563 3200 2618 Petavio
3240 2561 3496 2626 videtur,
3546 2552 3840 2629 pronuntiat

2236 2659 2474 2726 tempus
2508 2654 2714 2719 fuisse,
2745 2670 2860 2725 quo
2894 2653 3076 2708 Filius
3105 2651 3205 2707 Dei
3230 2668 3351 2707 non
3373 2654 3515 2705 erat.
3541 2646 3741 2701 Purum
3760 2657 3841 2696 au-

2234 2748 2350 2800 tem
2385 2748 2711 2816 putumque
2742 2742 2884 2798 illud
2915 2741 3034 2796 Arii
3065 2746 3123 2797 et
3159 2745 3523 2796 sectatorum
3570 2737 3689 2807 ejus
3715 2746 3843 2787 com-

2235 2839 2500 2890 mentum
2534 2838 2702 2903 putat
2724 2832 2993 2888 eruditus
3016 2830 3113 2885 ille
3135 2830 3221 2885 vir
3242 2849 3276 2885 a
3300 2827 3654 2885 Tertulliano
3674 2817 3843 2886 asseri,

2235 2923 2337 2979 ubi
2371 2922 2770 2995 Hermogenis,
2798 2921 2897 2992 qui
2922 2920 3227 2975 materiam
3252 2919 3373 2974 Deo
3397 2923 3723 2973 coaeternam
3742 2923 3846 2965 esse

2234 3012 2546 3083 garriebat,
2607 3015 2955 3083 argumenta
3028 3008 3221 3063 diluit.
3283 3007 3540 3062 Materiae
3595 3003 3846 3058 enimvero

2236 3102 2621 3155 aeternitatem
2654 3101 2962 3154 haereticus
2996 3097 3095 3153 ille
3135 3099 3318 3152 homo
3372 3098 3756 3151 demonstrare
3794 3101 3847 3141 eo

2234 3190 2547 3255 nitebatur,
2582 3190 2736 3260 quod
2768 3189 2922 3243 Deus
2954 3204 3259 3258 nunquam
3303 3203 3423 3241 non
3455 3183 3724 3240 Dominus
3744 3176 3845 3229 fue-

2233 3280 2330 3334 rit.
2366 3279 2434 3333 At
2455 3278 2764 3344 Dominus,
2797 3277 3121 3348 inquiebat,
3148 3292 3391 3347 semper
3411 3290 3541 3329 esse
3564 3288 3671 3326 non
3693 3262 3849 3339 potuit

2232 3369 2345 3422 nisi
2380 3368 2659 3431 materiae,
2686 3368 2847 3438 cujus
2874 3381 3088 3437 semper
3124 3366 3398 3420 Dominus
3428 3363 3727 3417 haberetur.
3756 3350 3844 3407 Sed

2230 3454 2337 3510 hoc
2368 3454 2749 3526 Hermogenis
2778 3460 3184 3523 argumentum
3220 3451 3447 3508 refellit
3467 3445 3847 3506 Tertullianus,

2230 3549 2520 3614 negatque
2550 3543 2734 3597 Deum
2767 3558 2997 3613 semper
3025 3540 3203 3597 fuisse
3254 3540 3581 3597 Dominum
3615 3526 3844 3603 (Tertull.

2227 3633 2350 3688 adv.
2385 3638 2641 3703 Hermog.
2677 3649 2801 3703 cap.
2835 3632 2909 3702 3).
2960 3654 2986 3681 «
3023 3630 3177 3685 Deus
3225 3631 3415 3697 enim,
3466 3627 3551 3684 uti
3600 3624 3694 3693 ait,
3737 3618 3847 3675 sub-

2228 3722 2455 3778 stantiae
2490 3720 2677 3792 ipsius
2712 3737 2944 3786 nomen,
2978 3719 3033 3773 id
3066 3722 3155 3773 est
3202 3717 3564 3785 divinitatis,
3597 3709 3846 3770 Dominus

2222 3826 2357 3865 vero
2390 3826 2507 3865 non
2559 3809 2928 3879 substantiae,
2978 3808 3079 3863 sed
3135 3808 3481 3879 potestatis.
3515 3826 3545 3855 »
3598 3798 3845 3858 Dominus

2223 3914 2359 3970 ergo
2391 3902 2620 3953 tantum
2654 3899 2780 3964 fvit,
2812 3914 2881 3953 ex
2912 3914 3027 3969 quo
3079 3914 3145 3952 ea
3191 3913 3329 3952 esse
3382 3894 3700 3967 coeperunt,
3742 3898 3844 3956 qum

2223 3988 2378 4043 Deus
2410 3988 2468 4041 in
2501 3990 2787 4058 potestate
2819 3985 3043 4041 habuit.
3078 3986 3229 4040 Tum
3278 3985 3503 4041 deinde
3550 3983 3632 4039 sic
3680 3988 3845 4050 prose-

2223 4076 2461 4148 quitur:
2504 4096 2529 4126 α
2557 4076 2703 4139 Quia
2731 4079 2788 4129 et
2816 4075 2988 4129 Pater
3024 4074 3178 4129 Deus
3232 4079 3345 4141 est,
3401 4078 3461 4130 et
3500 4073 3678 4144 judex
3721 4065 3848 4120 Deus

2222 4171 2330 4234 est,
2366 4182 2479 4220 non
2512 4165 2640 4220 ideo
2674 4169 2870 4219 tamen
2904 4163 3073 4219 Pater
3100 4168 3158 4218 et
3196 4164 3393 4233 judex
3442 4174 3692 4231 semper,
3734 4150 3849 4223 qui!

2221 4255 2375 4310 Deus
2394 4270 2646 4325 semper.
2662 4258 2800 4308 Nam
2822 4269 2928 4308 nec
2946 4252 3112 4308 Pater
3129 4253 3473 4323 potuitesse
3496 4256 3628 4307 ante
3646 4244 3847 4306 Filium,

2221 4359 2327 4399 nec
2350 4344 2533 4414 judex
2564 4348 2697 4399 ante
2723 4342 3023 4398 delictum.
3057 4341 3189 4396 Fuit
3219 4346 3431 4397 autem
3464 4346 3715 4410 tempus,
3737 4342 3848 4387 cum

2222 4437 2279 4488 et
2307 4432 2584 4487 delictum
2615 4436 2672 4486 et
2718 4431 2895 4487 Filius
2943 4448 3058 4486 non
3110 4430 3239 4498 fuit,
3295 4432 3463 4502 quod
3508 4420 3852 4501 judicem.et

469 4499 767 4555 hominem
800 4500 1123 4555 venientem
1156 4499 1215 4551 in
1248 4498 1403 4552 hunc
1433 4498 1740 4553 mundum
1786 4502 1854 4555 At
1882 4506 2110 4559 tantum
2141 4506 2189 4571 D
2224 4520 2325 4593 qui
2356 4520 2587 4576 Patrem
2621 4520 2935 4576 Dominum
2970 4521 3217 4575 faceret:
3252 4498 3346 4574 sic
3369 4525 3431 4575 et
3452 4498 3734 4575 Dominus
3756 4521 3849 4564 non

472 4588 639 4643 abest
668 4593 731 4643 ut
760 4586 1248 4665 beecTertulliani
1298 4587 1482 4642 nostri
1531 4588 1830 4659 responsio
1880 4591 2108 4648 Petavio

470 4675 723 4748 aliisque
757 4678 941 4732 faveat
990 4682 1054 4731 ut
1103 4676 1298 4748 potius
1345 4681 1527 4731 totam
1577 4678 1843 4735 funditus
1891 4686 2110 4738 evertat

464 4781 668 4822 eorum
700 4766 1288 4836 argumentationem.

536 4873 767 4927 Scimus
797 4873 1036 4944 quidem
1067 4872 1227 4927 illius
1258 4872 1432 4927 verba
1461 4872 1640 4928 alium
1692 4872 1753 4929 in
1801 4891 2042 4932 sensum
2074 4894 2109 4933 a

464 4961 627 5018 Bullo
659 4962 1009 5033 detorqueri.
1042 4962 1121 5017 Ea
1151 4962 1307 5016 enim
1340 4961 1504 5017 valde
1534 4963 1784 5018 obscura
1812 4981 1939 5020 esse
1969 4983 2105 5021 con-

465 5052 685 5121 fitetur,
718 5053 818 5106 sed
850 5067 979 5122 qua:
1010 5056 1206 5105 tamen
1237 5048 1571 5121 suspicatur
1600 5052 1671 5106 de
1698 5052 1826 5107 Filii
1870 5055 2106 5125 appari-

460 5139 619 5196 tione
646 5140 730 5196 sic
761 5157 887 5195 esse
918 5138 1329 5211 intelligenda:
1362 5138 1538 5195 Filius
1568 5140 1687 5207 Dei,
1713 5141 1931 5210 aitille,
1958 5160 2104 5214 qua—

463 5232 637 5284 tenus
671 5233 761 5283 est
790 5235 1003 5283 aeterna
1032 5228 1198 5282 Ratio
1229 5232 1284 5282 et
1315 5228 1550 5298 Sophia,
1601 5234 1743 5285 tunc
1791 5230 1849 5284 in
1900 5232 2105 5303 primis

461 5334 741 5391 apparere
771 5316 1006 5387 incepit,
1038 5317 1273 5389 quando
1305 5317 1459 5373 Deus
1487 5317 1847 5375 inconditam
1878 5326 1935 5375 et
1966 5338 2102 5376 con-

458 5408 652 5462 fusam
686 5423 881 5462 rerum
930 5406 1231 5462 materiem
1284 5407 1573 5479 sapientia
1616 5425 1723 5463 sua
1771 5408 2101 5481 disponere,

459 5496 732 5553 ordinare
761 5500 819 5551 et
846 5512 1124 5552 exornare
1152 5512 1464 5567 aggressus
1496 5500 1603 5552 est.
1635 5499 1707 5552 At
1750 5515 1818 5553 ex
1859 5500 2102 5556 confusa

459 5597 567 5643 nec
599 5584 867 5643 ordinata
895 5599 1092 5642 rerum
1123 5582 1411 5657 congerie,
1446 5598 1573 5655 quae
1621 5584 1797 5643 chaos
1845 5592 2098 5663 vocatur,

2219 4617 2354 4666 ante
2378 4626 2465 4678 ea,
2499 4625 2744 4681 quorum
2775 4610 3057 4665 Dominus
3086 4608 3427 4677 exsisteret,
3462 4608 3567 4664 sed
3599 4600 3853 4660 Dominus

2216 4702 2446 4754 tantum
2480 4699 2711 4754 futurus
2747 4699 3117 4770 quandoque,
3151 4698 3310 4752 sicut
3344 4702 3517 4769 pater
3550 4711 3651 4768 per
3670 4690 3850 4752 filium,

2218 4789 2575 4858 sicutjudex
2605 4805 2707 4859 per
2731 4788 3007 4843 delictum
3040 4804 3052 4854 ;
3084 4786 3166 4841 ita
3204 4791 3263 4841 et
3314 4786 3618 4842 Dominus
3666 4797 3761 4853 per
3801 4790 3856 4830 ea

2220 4894 2346 4948 quae
2380 4877 2491 4931 sibi
2525 4876 2811 4932 servitura
2842 4877 3093 4932 fecisset.
3128 4898 3156 4924 »
3187 4874 3365 4930 Unde
3388 4873 3693 4931 concludit
3714 4870 3852 4924 Peta-

2217 4966 2344 5021 vius
2368 4983 2400 5021 a
2426 4965 2787 5021 Tertulliano
2818 4966 2971 5021 clare
3002 4982 3067 5019 ac
3099 4964 3421 5036 perspicue
3446 4960 3679 5021 deliniri
3700 4957 3857 5015 fuisse

2216 5058 2472 5125 tempus,
2507 5071 2621 5125 quo
2653 5054 2835 5109 Filius
2867 5054 2966 5109 Dei
2998 5071 3110 5109 non
3143 5058 3291 5108 erat.

2286 5144 2484 5215 Neque
2514 5143 2986 5215 respondendum
3024 5148 3112 5199 est
3161 5142 3615 5198 Tertullianum
3666 5153 3771 5194 non
3799 5132 3857 5188 de

2213 5231 2336 5298 Dei,
2370 5233 2470 5286 sed
2501 5231 2757 5301 quolibet
2786 5232 3095 5286 hominum
3129 5229 3245 5285 filio
3280 5230 3478 5303 loqui.
3514 5231 3661 5285 Nam
3686 5225 3777 5281 ubi
3799 5223 3857 5275 de

2214 5320 2316 5375 Dei
2345 5320 2571 5391 sophia,
2606 5320 2726 5377 sive
2753 5320 2881 5393 ipso
2916 5321 3014 5375 Dei
3051 5319 3210 5389 Filio,
3253 5320 3536 5387 disserit,
3568 5318 3649 5374 ibi
3679 5318 3746 5371 de
3774 5310 3857 5367 illo

2212 5409 2350 5463 citat
2369 5413 2426 5464 et
2445 5409 2863 5480 interpretatur
2882 5409 3003 5464 haec
3015 5408 3474 5464 Proverbiorum
3493 5409 3675 5463 verba
3694 5408 3857 5477 (Prov.

2211 5514 2338 5563 vm,
2370 5501 2412 5553 t.
2437 5500 2507 5552 22
2536 5503 2589 5553 et
2616 5500 2824 5571 :eqq.):
2860 5520 2888 5548 ‹‹
2919 5498 3203 5554 Dominus
3252 5498 3539 5553 condidit
3590 5511 3684 5551 me
3713 5489 3860 5549 initio

2215 5588 2447 5646 viarum
2479 5606 2719 5647 suarum
2744 5607 2758 5647 :
2783 5590 2843 5647 in
2866 5606 3041 5663 opera
3063 5606 3169 5647 sua
3189 5593 3332 5645 ante
3354 5588 3584 5647 saecula
3614 5580 3865 5643 fundavit
