4118 6182
340 272 453 332 937

1250 270 1321 329 D.
1367 269 1462 331 LE
1510 266 1836 331 NOURBY
1882 264 2532 327 OBSERVATIONES
2578 265 2836 327 ΝονιΕ.

3634 267 3759 330 938

340 417 435 457 me
475 443 489 457 .
536 440 549 455 .
596 443 609 456 .
655 441 668 455 .
713 442 725 453 .
759 400 926 454 Prior
954 404 1148 456 autem
1183 400 1394 471 abysso
1424 400 1619 471 genita
1650 416 1803 454 sum.
1834 420 1861 448 »
1896 397 1990 452 Sic
2020 401 2075 464 Α
2106 398 2207 452 sed
2242 400 2474 451 tantum
2506 397 2577 451 de
2606 395 2845 451 domino
2876 400 3021 451 erat.
3075 396 3353 468 Exempla
3390 395 3575 468 igitur
3607 403 3755 454 sunt

338 495 535 545 autem
586 488 682 544 ille
730 489 865 544 inde
917 493 1363 559 argumentatur
1395 488 1659 560 (Tertull.
1693 489 1817 543 adv.
1854 489 1987 542 Her-

334 595 478 649 mog.
506 595 632 649 cap.
660 578 747 649 18)
774 594 786 631 :
815 599 843 627 «
868 581 1159 649 Agnoscat
1190 594 1326 649 ergo
1358 577 1752 648 Hermogenes
1776 576 1990 631 idcirco

334 669 511 724 etiam
548 666 828 737 Sophiam
883 668 975 721 Dei
1013 670 1209 721 natam
1254 670 1310 720 et
1339 666 1632 722 conditam
1667 663 1990 737 prmdicari,

337 774 409 811 ne
441 756 584 827 quid
609 755 880 810 innatum
904 760 960 810 et
982 754 1342 809 inconditum
1366 760 1570 826 prater
1596 756 1785 810 solum
1813 760 1989 809 Deum

334 845 730 901 crederemus.
767 843 827 898 Si
851 844 1008 898 enim
1040 843 1194 897 intra
1221 844 1534 898 Dominum
1560 844 1812 914 quodex
1842 844 1989 914 ipso,

332 939 389 990 et
419 934 479 988 in
515 935 642 1005 ipso
678 932 807 998 fuit,
841 932 966 987 sine
998 932 1165 987 initio
1198 950 1309 987 non
1346 933 1474 999 fuit,
1514 933 1731 1003 Sephia
1769 931 1993 987 scilicet

330 1024 543 1094 ipsius,
578 1022 785 1077 exinde
811 1028 946 1076 nata
978 1026 1032 1076 et
1055 1022 1310 1088 condita,
1345 1040 1413 1076 ex
1444 1039 1556 1093 quo
1590 1022 1647 1075 in
1680 1038 1855 1077 sensu
1892 1020 1990 1075 Dei

332 1114 403 1168 ad
438 1129 615 1183 Opera
646 1111 851 1166 mundi
883 1110 1251 1179 disponenda
1281 1111 1454 1182 cmpit
1499 1111 1705 1182 agitari
1741 1128 1753 1178 ;
1806 1110 1990 1166 multo

332 1201 522 1272 magis
554 1216 667 1255 non
702 1199 856 1271 capit
886 1199 1009 1254 sine
1044 1200 1207 1254 initio
1239 1200 1563 1271 quidquam
1601 1201 1801 1264 fuisse,
1835 1200 1988 1271 quod

333 1295 499 1345 extra
522 1289 837 1344 Dominum
866 1288 1057 1343 fuerit.
1086 1309 1113 1337 »
1160 1288 1241 1342 ibi
1286 1305 1425 1343 sane
1447 1288 1873 1357 Tertullianus,
1907 1288 1993 1342 in-

328 1378 555 1449 quient,
601 1376 792 1448 palam
826 1382 1122 1431 asseverat
1171 1377 1452 1448 SOphiam
1486 1377 1607 1432 sive
1638 1378 1739 1433 Dei
1773 1377 1989 1432 Filium

327 1482 444 1522 non
478 1466 662 1521 fuisse
686 1466 813 1521 sine
853 1465 1043 1535 initio,
1066 1465 1331 1537 illudque
1373 1467 1706 1537 accepisse;
1740 1483 1805 1521 ac
1836 1467 1982 1523 851

324 1556 605 1628 Sophiam
639 1560 781 1610 tunc
833 1560 1033 1610 natam
1086 1572 1151 1609 ac
1201 1555 1524 1626 conditam,
1554 1557 1789 1627 quando
1819 1557 1991 1628 coepit

326 1646 398 1700 ad
438 1661 614 1716 opera
647 1645 852 1699 mundi
886 1644 1251 1715 disponenda
1284 1645 1343 1698 in
1369 1660 1545 1699 sensu
1580 1645 1677 1699 Dei
1711 1645 1941 1718 agitari.

397 1753 603 1807 Totam
635 1755 829 1806 autem
865 1751 1013 1806 hanc
1044 1754 1637 1823 argumentationem,
1672 1758 1729 1807 et
1760 1752 1986 1824 integra
2016 1774 2062 1839 B

327 1841 593 1897 Auctoris
644 1840 830 1896 nostri
879 1841 1053 1896 verba
1084 1840 1412 1906 retulimus,
1447 1858 1518 1897 ne
1548 1841 1704 1897 ullus
1738 1859 1844 1897 nos
1876 1842 1983 1899 ali-

328 1930 469 2002 quid
528 1935 630 1985 aut
678 1929 1087 1984 dissimulasse
1134 1935 1235 1984 aut
1285 1930 1641 2000 praemisisse
1690 1936 1984 1987 causetur.

324 2019 526 2091 Neque
555 2019 733 2074 etiam
783 2018 1298 2074 dissimulabimus
1329 2020 1449 2074 haec
1480 2020 1828 2075 Tertulliani
1862 2021 1988 2077 loca

325 2108 468 2163 adeo
498 2108 749 2163 obscura.
779 2112 835 2162 et
864 2106 1131 2162 difficilia
1161 2109 1513 2179 quibusdam
1561 2109 1764 2175 videri,
1801 2115 1864 2165 ut
1895 2128 1984 2166 ar-

325 2196 757 2269 gumentationi
789 2213 857 2250 ex
909 2198 980 2251 iis
1030 2197 1216 2251 ductas
1250 2197 1394 2251 nihil
1429 2197 1585 2251 aliud
1624 2200 1988 2270 responden-

322 2286 466 2340 dum
501 2286 860 2353 censuerint,
898 2285 1009 2339 nisi
1040 2285 1134 2339 his
1170 2285 1503 2359 Hieronymi
1526 2287 1741 2353 verbis,
1769 2288 1985 2359 quibus

325 2373 610 2443 Helvidio,
640 2376 910 2444 ejusdem
946 2374 1290 2431 Tertulliani
1326 2375 1440 2430 alia
1470 2377 1540 2431 de
1572 2393 1749 2431 causa
1786 2383 1984 2432 aucto-

329 2462 564 2517 ritatem
601 2464 913 2534 proferenti
938 2464 1659 2536 respondetHieronymus
1689 2464 1831 2537 (adv.
1867 2467 1991 2520 Hel-

323 2550 507 2621 vid.):
558 2574 583 2599 ‹‹
618 2555 686 2605 Et
737 2552 808 2604 de
859 2552 1222 2607 Tertulliano
1271 2553 1508 2622 quidem
1564 2553 1708 2607 nihil
1731 2553 1985 2625 amplius

323 2640 482 2708 dico,
516 2656 692 2710 quam
725 2638 994 2694 Ecclesiae
1027 2640 1327 2695 hominem
1360 2658 1474 2696 non
1503 2642 1760 2707 fuisse,»
1784 2642 1840 2696 id
1875 2648 1984 2710 est,

321 2727 387 2782 in
420 2728 610 2783 varios
641 2728 1047 2783 hereticorum
1080 2746 1307 2785 errores
1341 2730 1701 2801 prolapsum.
1732 2732 1843 2787 Sed
1876 2731 1986 2787 hoc

323 2819 632 2887 responsio
687 2817 1051 2872 difﬁcultatis
1080 2819 1267 2873 nodus
1296 2824 1548 2883 secatur,
1572 2837 1684 2874 non
1719 2820 1983 2876 solvitur.

322 2909 475 2961 Nam
505 2905 906 2961 Tertullianus
954 2907 1110 2962 hunc
1144 2907 1358 2962 librum
1391 2908 1632 2979 scripsit
1670 2908 1861 2963 adhuc
1887 2926 1984 2965 ca-

318 2994 578 3050 tholicus
604 3000 659 3050 et
694 2995 957 3051 Ecclesiae
991 2995 1187 3051 homo.
1223 2996 1437 3051 Deinde
1463 3014 1615 3065 vero,
1651 2998 1882 3052 etiamsi
1924 2999 1983 3054 in

320 3085 518 3140 varios
567 3100 791 3139 errores
839 3085 1128 3151 inciderit,
1188 3096 1384 3156 atque,
1421 3089 1484 3140 ut
1535 3086 1733 3140 Hilarii
1789 3087 1979 3143 verbis

321 3178 930 3244 utamur,quanquam
955 3197 981 3225 α
1008 3190 1167 3230 error
1189 3174 1447 3229 hominis
1469 3176 1718 3230 detraxit
1741 3176 1978 3248 scriptis

323 3262 733 3335 probabilibus
769 3264 1177 3319 auctoritatem
1216 3284 1242 3315 ι»
1297 3263 1500 3332 (Hilar.
1566 3264 1862 3319 Comment.
1922 3267 1981 3320 in

326 3350 517 3406 Matth.
552 3366 675 3421 cap.
709 3351 786 3420 5),
841 3367 946 3405 nos
994 3355 1186 3406 tamen
1242 3367 1421 3421 supra
1460 3352 1829 3406 ostendimus
1877 3356 1979 3407 Ca-

326 3438 614 3493 tholicum
644 3441 713 3493 de
745 3438 941 3492 divina
971 3444 1027 3493 et
1076 3444 1289 3494 materna
1321 3440 1449 3494 Filii
1479 3440 1575 3495 Dei
1610 3442 1983 3513 generatione

325 3530 548 3599 dogma
576 3528 647 3582 ab
682 3526 800 3595 illo,
832 3527 951 3582 sive
982 3528 1323 3599 orthodoxo,
1357 3529 1475 3584 sive
1508 3529 1777 3587 haaretico
1808 3548 1980 3587 cons-

324 3622 525 3673 tanter
553 3621 845 3672 assertum
876 3633 942 3671 ac
973 3615 1347 3672 vindicatum.

401 3722 550 3777 Vero
606 3724 799 3794 itaque
830 3723 1079 3780 similior
1108 3725 1374 3779 fortassis
1407 3725 1699 3781 videbitur
1730 3728 1979 3782 aliorum

326 3812 657 3882 responsio,
693 3812 792 3882 qui
826 3814 1029 3867 dicunt
1059 3813 1509 3883 Tertullianum,
1536 3817 1798 3869 acerrimi
1827 3816 1983 3887 inge-

322 3900 412 3956 nii
446 3900 818 3969 virum,haud
854 3900 1087 3954 insolito
1119 3903 1547 3973 disputantium
1574 3920 1733 3959 more
1766 3905 1822 3958 in
1859 3921 1977 3959 ma—

322 3990 489 4044 xima
520 3991 588 4043 de
621 3990 875 4043 materia:
908 3991 1231 4046 aeternitate
1264 4008 1396 4046 cum
1434 3995 1783 4063 Uermogeae
1807 3994 1983 4048 haere-

323 4078 450 4133 tico
478 4078 865 4146 contentione,
896 4078 1069 4149 paulo
1103 4078 1276 4144 ultra,
1301 4098 1477 4151 quam
1514 4098 1613 4152 par
1642 4087 1787 4149 erat,
1822 4083 1983 4138 abre-

332 4172 503 4238 ptum
537 4166 719 4222 fuisse
752 4169 920 4239 (Bull.
968 4169 1175 4239 defens.
1229 4170 1322 4237 ῥά.
1373 4171 1518 4234 Nic.,
1554 4175 1692 4225 sect.
1743 4172 1795 4239 3,
1852 4188 1977 4243 cap.

330 4256 424 4319 10,
464 4271 520 4308 n.
546 4255 619 4325 4).
644 4255 875 4310 Nemini
906 4258 1087 4325 enim,
1112 4256 1196 4313 vel
1232 4258 1605 4313 mediocriter
1633 4260 1690 4313 in
1723 4258 1982 4329 legendis

323 4343 463 4413 ejus
491 4341 656 4398 libris
684 4348 934 4411 versato,
969 4344 1399 4417 incompertum
1432 4362 1560 4401 esse
1590 4352 1781 4418 potest
1812 4347 1978 4403 illum

322 4430 404 4485 ad
463 4432 875 4487 stabiliendam
927 4433 1182 4504 aliquam
1231 4436 1686 4506 propositionem
1722 4437 1982 4507 undique

2103 502 2229 556 quas
2257 486 2326 540 ad
2360 485 2785 540 confutandam
2811 485 3235 557 Hermogenem
3267 485 3527 541 adhibet.
3555 487 3759 558 Cujus-

2101 573 2242 629 libet
2273 578 2491 639 autem,
2527 572 2645 630 sive
2676 575 2851 630 creati
2884 573 3003 630 sive
3033 574 3275 630 increati
3308 575 3489 646 patris
3519 579 3576 631 et
3598 576 3758 647 judi-

2101 662 2206 731 cis,
2260 663 2525 735 exempla
2556 664 2622 718 ad
2659 664 2786 735 ejus
2818 666 3185 736 propositum
3227 664 3448 735 pariter
3477 666 3757 722 conduce-

2102 753 2261 807 bant

2171 842 2307 897 Esto
2361 846 2581 905 tamen,
2624 846 2677 896 et
2724 844 3132 910 concedamus,
3173 842 3222 897 si
3265 842 3447 909 lubet,
3477 842 3646 899 illum
3689 844 3759 899 de

2099 947 2233 985 vero
2265 931 2379 985 Deo
2422 931 2586 985 Patre
2637 932 2883 1002 ejusque
2932 930 3075 987 Filio
3126 930 3308 1002 loqui,
3342 933 3632 1003 numquid
3664 932 3761 988 in-

2101 1020 2264 1075 ficias
2296 1021 2377 1075 ire
2410 1021 2597 1089 potuit
2646 1020 2811 1075 illum
2849 1038 2954 1076 suo
2996 1021 3153 1075 Patri
3186 1038 3316 1076 esse
3347 1027 3699 1077 coaeternum
3732 1022 3760 1076 ?

2103 1109 2304 1166 Nonne
2330 1108 2472 1165 satis
2500 1126 2793 1180 superque
2821 1108 3131 1180 probatum
3164 1114 3254 1165 est
3282 1126 3459 1182 quam
3484 1109 3761 1181 praeiere

2100 1214 2166 1253 ac
2216 1215 2367 1269 saepe
2419 1198 2818 1270 praedicaverit
2860 1199 3203 1253 Sermonem
3234 1215 3335 1255 seu
3371 1198 3581 1255 Filium
3636 1198 3759 1257 Dei.

2101 1287 2201 1359 qui
2234 1287 2424 1343 Patris
2455 1287 2547 1343 sui
2578 1288 2723 1342 ratio
2755 1291 2863 1354 est,
2898 1303 3132 1359 semper
3179 1288 3237 1343 in
3278 1288 3377 1343 illo
3410 1288 3612 1356 fuisse,
3646 1304 3753 1345 nec

2100 1394 2363 1449 unquam
2387 1378 2547 1448 abeo
2570 1382 3001 1448 separatum,ac
3026 1376 3268 1448 proinde
3293 1393 3421 1433 esse
3446 1376 3762 1433 internum?

2100 1466 2491 1529 Quamobrem
2523 1466 2625 1520 ubi
2652 1466 2794 1520 dicit
2826 1470 3061 1536 tempus
3093 1465 3297 1537 fuisse,
3327 1482 3443 1537 quo
3502 1465 3600 1521 ille
3630 1483 3748 1522 non

2097 1559 2243 1625 erat,
2276 1554 2356 1610 ibi
2389 1553 2592 1626 procul
2630 1552 2809 1610 dubio
2841 1568 3051 1625 negare
3084 1553 3273 1610 noluit
3298 1555 3426 1625 ejus
3458 1554 3750 1612 internite-

2097 1647 2237 1713 tem,
2272 1660 2448 1715 quam
2482 1643 2699 1716 saepius
2731 1642 2869 1698 alibi
2902 1643 3157 1700 asseruit
3180 1660 3246 1698 ac
3275 1648 3504 1701 tutatus
3533 1649 3645 1701 est.

2167 1750 2320 1807 852
2354 1751 2494 1815 Quis
2525 1766 2684 1822 ergo,
2719 1751 2971 1821 inquies,
3003 1752 3313 1806 verborum
3344 1752 3472 1821 ejus
3505 1766 3743 1817 sensus,

2096 1839 2313 1909 quibus
2342 1856 2466 1895 eam
2516 1844 2636 1894 tam
2678 1842 2876 1911 aperte
2923 1838 3172 1895 inficiari
3230 1838 3459 1895 videtur
3491 1838 3519 1893 ?
3566 1838 3750 1895 Nobis

2094 1926 2263 1983 facile
2295 1927 2531 1999 quidem
2557 1927 2937 1999 persuadebis
2968 1927 3112 1983 nihil
3134 1926 3294 1983 aliud
3320 1926 3432 1984 sibi
3468 1926 3747 1999 voluisse,

2096 2031 2275 2087 quam
2324 2016 2456 2072 aliis
2505 2034 2682 2088 supra
2731 2016 3054 2088 explicatis,
3086 2016 3303 2088 quibus
3353 2016 3578 2072 dixerat
3604 2021 3745 2073 tunc

2095 2106 2410 2175 perfectam
2442 2106 2624 2161 fuisse
2654 2105 2815 2161 illius
2847 2106 3484 2178 nativitatem,quando
3510 2107 3661 2162 Deus
3679 2106 3753 2161 ad

2095 2196 2385 2251 mundum
2418 2196 2737 2250 creandum
2786 2211 3101 2267 aggressus
3141 2200 3251 2251 est.
3284 2195 3541 2251 Tametsi
3581 2196 3741 2251 enim

2096 2288 2267 2338 antea
2296 2288 2353 2339 et
2383 2299 2451 2338 ex
2481 2289 2716 2351 aeterno,
2750 2284 2834 2339 uti
2866 2284 3256 2351 ostendimus,
3302 2284 3397 2339 hic
3429 2283 3612 2339 Filius
3642 2282 3745 2339 Dei

2095 2373 2327 2445 genitus
2346 2374 2538 2440 fuerit;
2559 2374 2822 2428 nondum
2838 2378 3030 2428 tamen
3053 2390 3119 2428 ex
3137 2372 3538 2428 seterniPatris
3579 2373 3739 2440 sinu,

2096 2478 2198 2516 seu
2233 2462 2554 2529 intellectu,
2588 2465 2872 2533 tanquam
2912 2476 2979 2516 ex
3029 2461 3157 2531 ejus
3190 2461 3452 2530 matrice,
3486 2459 3659 2517 vulva
3690 2465 3749 2516 et

2095 2551 2266 2606 corde
2319 2555 2668 2606 excesserat.
2717 2552 2863 2605 Ante
2895 2566 2987 2605 res
3034 2549 3216 2622 igitur
3265 2554 3489 2605 creatas
3520 2563 3627 2605 nec
3655 2548 3745 2604 Fi-

2095 2639 2211 2695 lius
2242 2656 2390 2708 esse,
2425 2656 2529 2696 nec
2564 2639 2792 2695 Patrem
2825 2638 3039 2695 habere
3070 2638 3743 2710 cognoscebatur?Cum

2095 2733 2292 2784 autem
2318 2730 2481 2785 Pater
2502 2728 2670 2784 illum
2710 2732 2870 2784 extra
2906 2743 2967 2784 se
2998 2727 3217 2795 emisit,
3248 2733 3389 2783 tunc
3418 2728 3547 2799 ejus
3579 2742 3747 2800 gene-

2094 2818 2403 2887 rationem,
2434 2824 2490 2873 et
2522 2817 2691 2873 illum
2741 2833 2941 2873 revera
2970 2816 3183 2872 Filium
3235 2816 3335 2872 Dei
3367 2832 3517 2883 esse,
3552 2816 3746 2872 homi-

2094 2924 2198 2962 nes
2244 2922 2557 2978 agnoscere
2613 2909 2934 2978 cceperunt.
2981 2903 3377 2961 Tertullianus
3426 2904 3625 2977 itaque
3679 2908 3747 2960 ut

2093 2995 2359 3051 frivolam
2392 2994 2773 3067 Hermogenis
2811 3012 2878 3050 ex
2910 3010 3045 3050 voce
3074 2994 3299 3049 Domini
3326 3001 3625 3064 sumptam
3656 3008 3753 3050 ar-

2095 3082 2599 3157 gumentationem
2622 3082 2918 3138 efficacius
2938 3081 3361 3149 everteret,dici
3383 3096 3558 3153 posse
3586 3081 3739 3137 arbi-

2091 3178 2279 3229 tratus
2310 3178 2399 3229 est
2445 3172 2625 3229 fuisse
2674 3176 2931 3244 tempus,
2967 3189 3082 3245 quo
3116 3187 3221 3228 nec
3251 3171 3436 3227 Deum
3466 3186 3595 3227 esse
3626 3187 3728 3243 pa-

2089 3267 2261 3329 trem,
2292 3278 2397 3317 nec
2427 3263 2555 3332 ejus
2588 3262 2797 3316 Filium
2831 3262 3094 3317 homines
3133 3262 3568 3333 agnoscebant;
3597 3260 3737 3331 quia

2089 3352 2271 3421 hujus
2298 3350 2593 3423 generatio
2623 3354 2680 3406 et
2702 3349 2979 3406 nativitas
3008 3350 3155 3422 ipsis
3186 3353 3484 3421 comperta
3505 3352 3563 3405 et
3585 3349 3746 3421 agni-

2089 3444 2150 3494 ta
2181 3457 2295 3495 non
2330 3440 2537 3495 fuerat.
2570 3442 2672 3495 Ast
2693 3438 2793 3494 ubi
2825 3455 2951 3493 eam
2985 3442 3369 3511 agnoverunt,
3392 3443 3553 3505 tunc,
3586 3438 3742 3494 sicu-

2090 3528 2134 3583 ti
2184 3528 2409 3583 dictum
2459 3529 2529 3583 ab
2570 3545 2636 3583 eo
2686 3527 2963 3594 vidimus,
2998 3527 3119 3582 haec
3158 3526 3453 3598 generatio
3485 3526 3741 3599 perfecta

2089 3618 2213 3672 fuit.
2249 3616 2330 3671 De
2350 3616 2458 3671 hac
2486 3617 2667 3689 igitur
2695 3616 2968 3688 perfecta,
2995 3632 3061 3671 eo
3093 3633 3208 3688 quo
3226 3616 3584 3683 notavimus,
3606 3631 3741 3671 sen-

2092 3724 2158 3761 su
2192 3705 2561 3776 generatione
2591 3704 2749 3776 loqui
2778 3704 3026 3760 videtur.

2163 3817 2233 3867 At
2264 3813 2415 3867 hanc
2450 3828 2646 3867 revera
2673 3827 2803 3867 esse
2833 3811 2995 3865 illius
3026 3815 3283 3867 mentem
3314 3811 3519 3866 confici
3553 3813 3743 3881 potest

2091 3919 2158 3957 ex
2190 3902 2383 3955 citatis
2415 3901 2727 3972 ipsiusmet
2748 3901 3030 3954 adversus
3058 3899 3487 3971 Ilermogenum
3511 3897 3703 3954 verbis
3727 3915 3741 3953 :

2092 4014 2120 4041 «
2151 3990 2367 4061 Sophia
2404 3990 2614 4061 ipsius,
2648 3988 2866 4059 inquit,
2898 3987 3107 4043 exinde
3149 3995 3282 4042 nata
3312 3991 3369 4042 et
3397 3987 3652 4053 condita,
3675 4002 3746 4042 ex

2093 4095 2208 4151 quo
2240 4079 2299 4133 in
2333 4095 2512 4135 sensu
2543 4076 2641 4133 Dei
2664 4077 2735 4131 ad
2760 4093 2937 4147 opera
2962 4075 3167 4130 mundi
3186 4074 3548 4145 disponenda
3573 4074 3748 4143 cmpit

2092 4169 2300 4240 agitari
2337 4192 2362 4217 ››
2388 4166 2654 4238 (Tertull.
2686 4165 2896 4221 advers.
2929 4166 3253 4235 Hermogen.
3287 4179 3415 4235 cap.
3450 4164 3476 4217 1
3522 4160 3747 4234 );quia

2092 4257 2213 4311 haac
2268 4257 2393 4328 ipsa
2445 4255 2682 4327 Sophia,
2732 4271 2856 4324 quas
2905 4253 3026 4322 illo,
3078 4258 3143 4308 ut
3191 4251 3468 4322 diximus,
3502 4251 3741 4321 fatente,

2090 4346 2150 4400 in
2187 4348 2296 4401 Deo
2328 4350 2497 4401 Patre
2527 4360 2761 4416 semper
2802 4343 2930 4412 fuit,
2964 4341 3305 4397 hominibus
3338 4357 3405 4395 ex
3453 4340 3580 4413 ipso
3610 4342 3746 4396 nata

2091 4436 2386 4507 apparuit,
2419 4452 2486 4491 ac
2535 4433 2849 4490 manifesta
2880 4431 3027 4503 ipsis
3075 4433 3224 4487 facta
3264 4434 3374 4486 est.
3408 4429 3555 4487 Nam
3585 4427 3745 4485 enim

319 4524 671 4588 argumenta
706 4520 997 4592 colligere,
1031 4539 1097 4577 ac
1128 4538 1197 4577 ea
1226 4522 1400 4577 etiam
1442 4539 1569 4593 quas
1620 4541 1735 4578 non
1788 4526 1983 4595 magni
2017 4511 2062 4575 D
2093 4525 2240 4580 dixit
2268 4541 2396 4580 eam
2420 4530 2543 4579 tum
2568 4523 2829 4594 primum
2863 4524 3050 4576 ortam
3075 4536 3140 4575 ac
3172 4518 3453 4591 genitam.
3487 4517 3613 4573 Non
3636 4515 3748 4573 hoc

322 4612 499 4662 erant
518 4609 821 4663 momenti.
846 4614 971 4664 Non
995 4627 1153 4681 ergo,
1178 4611 1478 4682 inquiunt,
1497 4629 1564 4666 ex
1587 4612 1783 4668 citatis
1805 4613 1986 4684 hujus

327 4693 471 4749 libri
491 4697 1085 4767 verbisjudicandum
1108 4704 1218 4764 est,
1241 4699 1382 4769 quid
1409 4699 1506 4755 ille
1526 4701 1596 4755 de
1617 4705 1833 4757 mterna
1856 4702 1983 4756 Filii

324 4784 432 4839 Dei
488 4786 859 4856 generatione
908 4788 1195 4853 senserit;
1243 4789 1341 4843 sed
1376 4805 1442 4843 ex
1467 4789 1620 4853 aliis,
1657 4791 1753 4844 ubi
1788 4791 1986 4846 sedato

326 4877 655 4946 pacatoque
687 4876 884 4929 animo
918 4893 1109 4943 suam,
1144 4876 1227 4931 uti
1260 4878 1538 4943 vidimus,
1565 4883 1621 4932 et
1677 4879 1859 4933 totius
1892 4880 1986 4933 Ec~

320 4961 521 5018 clesias
554 4964 622 5018 de
655 4980 931 5034 suprema
961 4964 1091 5019 Filii
1119 4964 1219 5019 Dei
1244 4966 1550 5022 divinitate
1580 4972 1637 5022 et
1666 4968 1988 5023 mternitate

322 5052 661 5107 doctrinam
693 5054 1021 5123 explicavit.

402 5140 512 5194 Sed
547 5141 901 5207 accuratius,
933 5143 981 5196 si
1014 5142 1197 5209 lubet,
1235 5145 1639 5214 expendamus
1670 5150 1867 5200 utrum
1894 5146 1989 5202 ille

326 5243 483 5283 verm
513 5232 569 5282 et
601 5245 634 5282 a
663 5245 724 5283 se
764 5229 1037 5284 stabilita:
1086 5231 1360 5286 doctrinas
1411 5231 1626 5287 limites
1656 5232 1712 5287 in
1747 5235 1991 5304 objectis

328 5316 484 5371 locis
514 5318 707 5388 reipsa
736 5318 812 5373 sit
840 5324 1267 5391 transgressus.
1302 5320 1365 5375 In
1396 5320 1584 5391 priore
1616 5328 1813 5379 autem
1845 5324 1993 5380 dixit

334 5409 523 5460 Deum
582 5422 697 5461 non
748 5423 979 5479 semper
1033 5408 1213 5465 fuisse
1261 5409 1588 5480 dominum,
1634 5413 1849 5468 «sicut
1887 5429 1993 5468 nec

332 5501 507 5566 pater
537 5495 726 5565 potuit
756 5512 886 5553 esse
926 5502 1062 5553 ante
1109 5497 1322 5565 filium,
1356 5500 1661 5569 necjudex
1693 5507 1826 5557 ante
1857 5501 1994 5557 deli-

327 5586 522 5639 ctum.
554 5605 582 5634 η
618 5585 796 5655 Atqui
843 5586 924 5643 ibi
956 5588 1197 5659 quaestio
1249 5604 1367 5644 non
1396 5588 1466 5644 de
1498 5594 1663 5660 patre
1691 5594 1747 5648 et
1768 5592 1991 5662 judice,

659 5713 929 5778 Panos.
975 5716 1025 5775 Ι.

2093 4615 2222 4686 ipso
2254 4614 2399 4680 loco,
2433 4630 2547 4685 quo
2578 4609 2960 4682 Hermogenis
2991 4608 3247 4680 argutias
3280 4607 3554 4680 explodit,
3584 4606 3748 4663 illam

2096 4704 2167 4758 ab
2198 4709 2411 4759 aeterno
2442 4708 2629 4757 ortam
2661 4699 2843 4753 fuisse
2875 4698 3266 4754 disertissime
3298 4696 3609 4769 praedicat:
3636 4719 3663 4746 «
3687 4696 3749 4753 Si

2098 4791 2425 4847 necessaria
2445 4787 2775 4859 est,inquit,
2800 4787 2913 4842 Deo
2938 4787 3179 4842 materia
3212 4787 3282 4841 ad
3314 4801 3492 4858 opera
3510 4784 3743 4853 mundi,

2099 4885 2163 4935 ut
2193 4880 2583 4951 Hermogenes
2611 4876 2987 4940 existimavit,
3014 4876 3220 4930 habuit
3254 4877 3405 4931 Deus
3436 4874 3750 4929 materiam

2096 4970 2267 5041 longe
2298 4968 2622 5037 digniorem
2655 4971 2711 5022 et
2741 4965 3124 5027 idoneiorem,
3160 4981 3274 5019 non
3304 4965 3456 5036 apud
3493 4962 3751 5035 philoso-

2100 5058 2249 5130 phos
2277 5056 2707 5122 mstimandam,
2742 5055 2843 5109 sed
2874 5054 3028 5124 apud
3062 5052 3377 5123 prophetas
3415 5051 3752 5123 intelligen-

2101 5145 2257 5210 dam,
2281 5142 2554 5214 Saphiam
2590 5157 2759 5196 suam
2791 5138 3035 5195 scilicet.
3062 5140 3188 5193 Haec
3221 5138 3475 5209 denique
3506 5137 3633 5195 sola
3653 5154 3753 5194 co-

2102 5232 2299 5305 gnovit
2330 5248 2570 5287 sensum
2604 5227 2853 5285 Domini.
2889 5228 3029 5292 Quis
3080 5227 3236 5283 enim
3279 5226 3390 5283 scit
3440 5244 3564 5298 qua
3611 5231 3754 5284 sunt

2100 5321 2225 5387 Dei,
2258 5326 2312 5375 et
2343 5336 2469 5390 quea
2500 5318 2559 5373 in
2595 5318 2746 5389 ipso,
2779 5315 2891 5371 nisi
2933 5315 3180 5387 spiritus
3215 5315 3316 5387 qui
3349 5318 3408 5371 in
3440 5315 3570 5387 ipso
3594 5316 3622 5371 ?
3650 5320 3753 5371 So-

2102 5410 2242 5482 phia
2272 5414 2469 5463 autem
2502 5407 2767 5478 spiritus.
2801 5427 2821 5454 »
2860 5403 3020 5460 Unde
3050 5402 3147 5458 ille
3178 5401 3476 5459 concludit
3508 5421 3520 5458 :
3561 5422 3583 5450 ι
3612 5401 3753 5468 Quis

2102 5515 2218 5554 non
2249 5498 2400 5553 hanc
2427 5496 2620 5569 potius
2648 5495 2913 5550 omnium
2944 5492 3165 5547 fontem
3195 5496 3252 5547 et
3280 5491 3564 5564 originem
3587 5504 3752 5543 com-

2104 5588 2363 5654 mendet,
2395 5585 2699 5643 materiam
2729 5597 2864 5641 vero
2903 5579 3288 5638 materiarum
3320 5596 3437 5636 non
3465 5576 3579 5634 sibi
3608 5576 3749 5632 sub-

3356 5704 3435 5767 30
