4118 6182
441 288 558 349 939
958 284 1484 345 TERTULLIANI
1531 282 1854 345 OPERUM
1907 280 2103 344 PAltS
2150 284 2195 343 l.
2232 316 2305 325 -—
2340 275 2611 341 SEltlES
2658 280 2705 349 Ι.
2756 275 3318 342 APOLOGE'I‘ICA.
3654 232 3792 346 ’940

446 422 652 489 ditam,
687 438 802 476 non
835 423 991 474 statu
1043 419 1353 488 diversam,
1386 434 1500 472 non
1548 422 1705 473 motu
1741 416 2087 489 inquietam,
2120 417 2175 484 Α
2204 414 2330 469 Filii
2364 413 2462 469 Dei
2492 412 2817 481 divinitate,
2850 414 3143 470 sententia
3183 431 3248 469 ac
3277 414 3550 471 doctrina.
3583 416 3681 472 Sed
3711 418 3792 475 bis

447 528 561 566 non
610 510 813 564 habitu
866 508 1198 576 informem,
1224 509 1326 563 sed
1378 507 1614 561 insitam
1663 512 1719 562 et
1768 507 2084 577 propriam,
2196 504 2343 560 lucis
2376 502 2567 559 adhuc
2597 502 2817 575 aliquid
2849 504 3054 560 afferre
3083 520 3151 559 ea
3181 509 3445 576 possunt,
3473 521 3593 576 qua:
3621 505 3708 561 ille
3739 508 3799 563 de

446 605 502 654 ct
521 595 1470 669 compositam,etdecoram,quali
1492 601 1640 651 Deus
1663 596 1854 667 potuit
1875 593 2086 665 egisse,
2197 594 2401 649 eodem
2459 592 2559 647 Dei
2610 592 2754 647 Filio
2799 592 3059 649 humana
3108 610 3279 649 carne
3319 593 3517 650 induto
3562 595 3796 652 tradidit.

448 688 539 742 sui
573 687 760 758 magis
791 703 966 756 quam
990 685 1409 755 alieniegens?
1438 687 1509 739 At
1548 686 1681 755 quis
1718 701 1829 739 non
1868 683 2088 743 intelli-
2199 682 2530 739 Gentilibus
2577 686 2773 737 autem
2825 682 3096 749 breviter,
3147 682 3420 755 huncque
3475 683 3532 738 in
3588 685 3803 740 modum

448 776 532 849 git
564 778 640 829 ibi
672 795 703 831 ει
733 774 1082 831 Tertulliano
1128 775 1311 830 asscri
1361 774 1637 845 Sophiam
1670 773 1792 841 Dei,
1824 774 1895 827 ab
1927 774 2088 829 omni
2199 772 2447 843 explicat
2494 771 2634 842 quid
2694 772 2765 826 de
2809 771 2909 826 illo
2958 771 3271 827 Christiani
3303 772 3578 828 sentirent
3606 790 3617 828 :
3651 796 3676 822 ι(
3711 774 3809 828 Iste

449 866 770 921 azternitate
801 864 980 919 fuisse
1028 882 1061 919 a
1113 864 1279 918 Patre
1310 880 1417 918 suo
1448 863 1729 934 genitam,
1755 880 1880 934 quas
1915 862 2086 934 spiri-
2201 862 2299 916 Dei
2330 860 2553 926 radius,
2588 883 2613 908 »
2665 861 2719 914 id
2774 865 2885 927 est,
2918 860 3096 916 Filius
3142 860 3263 931 Dei,
3296 861 3393 933 qui
3436 877 3503 917 ex
3530 861 3703 917 Patris
3730 862 3807 917 sui

448 962 546 1011 tus
578 961 806 1009 tantum
838 958 945 1018 est,
978 970 1043 1007 ac
1076 952 1171 1007 Dei
1220 954 1406 1008 Patris
1437 953 1827 1024 consiliarius,
1859 970 1986 1024 quas
2018 953 2088 1007 ab
2200 950 2331 1005 sinu
2379 957 2661 1021 tanquam
2713 950 2915 1004 radius
2962 967 3029 1005 ex
3074 950 3205 1006 Sole
3253 951 3485 1021 prodiit,
3540 971 3560 1000 ι
3592 957 3651 1006 ut
3678 956 3810 1006 retro

450 1062 516 1101 eo
548 1062 664 1100 non
686 1048 852 1107 statu,
876 1042 933 1096 id
966 1050 1073 1106 est,
1100 1048 1161 1097 ut
1190 1060 1369 1114 supra
1402 1042 1728 1097 notavimus
1758 1041 2093 1097 substantia
2202 1056 2433 1110 semper
2476 1039 2903 1111 praedicabatur
2977 1040 3048 1096 ab
3119 1038 3401 1113 antiquis,
3463 1063 3483 1092 ι
3558 1040 3810 1095 nimirum

450 1138 539 1191 est
573 1134 821 1199 diversa,
855 1132 956 1187 sed
1006 1134 1255 1203 propria,
1286 1149 1351 1187 ac
1393 1148 1624 1203 semper
1652 1132 1832 1187 insita
1874 1132 2002 1201 fuit,
2035 1136 2093 1186 et
2202 1129 2523 1201 pr0phetis,
2548 1152 2574 1178 ‹‹
2609 1129 2881 1200 delapsus
2912 1127 2968 1183 in
3000 1130 3284 1201 virginem
3317 1131 3645 1201 quamdam,
3672 1139 3722 1184 et
3764 1131 3814 1185 in

452 1240 569 1295 qua
598 1222 743 1287 sola,
778 1237 879 1276 nec
930 1220 1047 1275 ulla
1098 1220 1211 1275 alia
1244 1237 1323 1289 re,
1358 1222 1428 1276 ad
1479 1221 1683 1275 mundi
1738 1220 2090 1277 creationem
2205 1223 2367 1273 utero
2415 1218 2544 1288 ejus
2600 1234 2732 1273 caro
2792 1219 3102 1290 ﬁguratus,
3167 1218 3427 1275 nascitur
3483 1220 3649 1274 homo
3712 1219 3813 1275 Deo

450 1312 673 1383 egebat,
706 1312 753 1367 si
778 1316 973 1365 tamen
1007 1310 1159 1365 Deus
1192 1310 1385 1382 aliquo
1430 1326 1684 1380 unquam
1744 1311 1936 1382 egisse
1982 1309 2093 1364 dici
2206 1307 2420 1362 mistus
2453 1330 2480 1355 ››
2513 1305 2872 1377 (Tertullian.
2924 1308 3201 1378 Apologrt.
3234 1324 3359 1379 cap.
3390 1309 3483 1375 21,
3524 1324 3646 1380 pag.
3684 1308 3815 1379 309).

455 1400 694 1473 possit?
2205 1396 2316 1451 Sed
2373 1394 2494 1450 hiec
2537 1395 2649 1450 alio
2703 1413 2763 1450 in
2836 1395 2982 1451 libro
3052 1396 3399 1452 clarioribus
3450 1396 3604 1452 hisce
3652 1397 3818 1452 verbis

525 1491 628 1545 His
656 1506 823 1561 porro
841 1489 922 1544 ita
945 1489 1242 1555 stabilitis,
1272 1489 1613 1562 llermogeni
1639 1490 1821 1544 Deum
1855 1488 2098 1543 materia
2207 1483 2522 1555 exposuit:
2579 1506 2603 1535 «
2655 1489 2853 1555 Itaque
2898 1484 3205 1557 utriusque
3248 1486 3587 1541 substantiae
3633 1501 3816 1540 census

456 1579 806 1651 indiguisse,
840 1583 1014 1649 atque
1048 1580 1188 1633 adeo
1234 1578 1346 1650 ipsi
1396 1595 1525 1633 esse
1573 1584 1917 1633 comternam
1950 1578 2098 1632 elfu-
2208 1572 2506 1628 hominem
2539 1578 2595 1627 et
2616 1573 2800 1629 Deum
2831 1574 3130 1643 exhibuit;
3163 1575 3299 1631 hinc
3330 1581 3553 1642 natum,
3577 1575 3701 1629 inde
3722 1591 3817 1629 non

452 1670 617 1726 tienti
652 1669 965 1740 respondet
996 1686 1012 1721 :
1045 1690 1072 1717 «
1108 1669 1323 1723 Idcirco
1350 1668 1525 1723 etiam
1557 1667 1834 1739 Sophiam
1864 1668 1964 1723 Dei
1998 1683 2098 1721 na-
2212 1666 2414 1716 natum
2443 1677 2456 1727 ;
2490 1661 2625 1717 hinc
2656 1678 2956 1732 carneum,
2983 1664 3117 1718 inde
3148 1664 3506 1735 spiritalem;
3540 1664 3665 1719 hinc
3687 1663 3822 1718 inﬁr-

454 1764 575 1815 tam
608 1763 665 1814 st
693 1758 986 1813 conditam
1024 1757 1342 1829 praedicari,
1367 1774 1441 1812 ne
1470 1757 1603 1827 quid
1640 1756 1909 1811 innatum
1941 1755 2099 1811 etin-
2132 1809 2176 1829 ἢ
2212 1765 2398 1817 mum,
2469 1752 2601 1806 inde
2672 1753 3035 1823 praefortem;
3094 1752 3231 1807 hinc
3291 1754 3654 1820 morientem,
3706 1753 3821 1807 inde

454 1848 757 1905 conditum
792 1854 997 1918 praeter
1018 1809 1207 1901 Solum
1234 1809 1415 1902 Deum
1447 1809 1838 1901 ciederemus.
1863 1868 1890 1894 »
1913 1844 2099 1916 (Ibid.)
2209 1838 2516 1894 viventem.
2552 1809 2689 1906 Qua;
2737 1842 3061 1912 proprietas
3110 1842 3515 1898 conditionum
3564 1809 3751 1897 divine
3778 1846 3826 1895 et

455 1938 607 1992 Dicit
633 1937 831 2007 itaque
854 1936 1154 2007 Sophiam,
1179 1952 1280 1990 seu
1303 1940 1637 1989 Sermonem
1662 1940 1717 1989 et
1741 1934 1948 1989 Filium
1973 1933 2095 2001 Dei,
2208 1927 2477 1982 humana
2528 1946 2693 2000 aqua
2736 1930 2941 2000 utique
2990 1936 3210 1986 natura:
3259 1933 3568 2004 utriusque
3614 1931 3824 1986 veritate

458 2026 774 2097 aliquando
802 2030 995 2079 natam
1028 2025 1325 2096 praedicari
1346 2025 1497 2080 853
1517 2028 1571 2078 et
1613 2026 1817 2095 agitari
1853 2024 2098 2095 cmpisse

2214 2016 2520 2087 dispuneta
2551 2020 2883 2084 est,eadem
2916 2020 3027 2074 ﬁde
3058 2020 3300 2092 spiritus
3334 2026 3391 2076 et
3420 2021 3609 2076 carnis
3629 2037 3641 2087 ;
3661 2021 3819 2074 virtu-

449 2117 620 2187 juxta
649 2114 888 2169 citatum
923 2114 994 2168 ab
1029 2112 1126 2167 illo
1161 2113 1449 2184 prOphetm
1482 2114 1699 2168 dictum
1748 2131 1760 2168 :
1806 2138 1831 2162 u
1862 2113 2097 2167 Eructa-
2209 2108 2296 2160 tes
2327 2105 2599 2177 spiritum
2630 2106 2784 2165 854
2814 2108 2937 2174 Dei,
2972 2111 3277 2180 passiones
3318 2126 3549 2165 carnem
3593 2107 3819 2164 hominis

455 2204 539 2258 vit
568 2218 895 2259 sermonem
928 2201 1215 2272 Optimum
1252 2219 1263 2257 :
1297 2204 1483 2273 Atque
1533 2201 1613 2257 ita
1660 2207 1851 2268 natus,
1886 2201 2098 2273 inquit,
2208 2195 2599 2265 probaverunt
2648 2219 2669 2245 ι
2732 2196 2913 2268 (Idem
2966 2198 3032 2253 de
3084 2198 3257 2254 Carne
3300 2199 3526 2269 Christi,
3583 2215 3701 2269 cap.
3749 2197 3813 2267 5).

457 2297 659 2349 Sermo
692 2290 793 2347 Dei
825 2291 924 2362 qui
958 2295 1013 2345 et
1052 2290 1181 2361 ejus
1213 2290 1429 2362 Sophia
1477 2295 1563 2345 est
1590 2308 1602 2357 ;
1630 2313 1656 2339 ››
1698 2290 1835 2361 quia
1866 2307 1933 2345 ex
1964 2289 2099 2345 sinu
2210 2282 2560 2339 Luculenter
2605 2284 2786 2357 igitur
2832 2286 3001 2341 docet
3039 2287 3356 2357 perfectam
3403 2286 3636 2343 omnino
3663 2285 3818 2341 fuisse

456 2379 645 2435 Patris
678 2377 790 2445 sui,
826 2377 882 2432 in
916 2394 1029 2447 quo
1061 2378 1132 2432 ab
1165 2382 1378 2432 aeterno
1408 2377 1640 2449 genitus
1672 2378 1937 2443 latuerat,
1961 2382 2102 2432 tunc
2207 2371 2267 2427 in
2312 2372 2542 2429 Christo
2599 2373 2855 2430 divinam
2904 2375 3349 2448 humanamque
3409 2381 3685 2432 naturam.
3722 2374 3818 2429 Nec

459 2470 651 2536 exivit,
702 2472 759 2523 et
802 2467 1068 2532 excessit,
1102 2476 1273 2537 atque
1315 2468 1413 2534 ita,
1447 2472 1510 2521 ut
1539 2466 1813 2533 diximus,
1850 2468 2103 2537 perfecta
2212 2460 2405 2517 minus
2437 2466 2634 2534 aperte
2666 2462 2923 2519 declarat
2970 2465 3119 2520 duas
3177 2464 3311 2520 illas
3362 2465 3573 2522 Christi
3605 2470 3817 2519 naturas

460 2558 573 2613 fuit
598 2560 727 2627 eius
758 2556 1029 2610 nativitas
1057 2573 1069 2621 ;
1094 2555 1231 2625 quia
1252 2560 1398 2623 tum,
1426 2572 1529 2610 nec
1562 2560 1732 2610 antea
1762 2555 2101 2610 hominibus
2212 2554 2487 2609 confusas
2541 2571 2652 2609 non
2688 2554 2891 2623 fuisse,
2924 2556 3026 2611 sed
3086 2572 3119 2611 a
3176 2571 3237 2612 se
3294 2556 3542 2612 invicem
3597 2555 3671 2610 ita
3721 2554 3820 2609 dis-

457 2646 744 2718 patefacta
763 2650 819 2699 et
838 2646 1238 2699 demonstrata
1256 2644 1625 2707 est.Ouemad
1639 2644 1874 2699 modum
1906 2647 2100 2699 autem
2209 2642 2445 2710 tinctas,
2475 2647 2539 2698 ut
2566 2643 2801 2715 penitus
2818 2646 3055 2700 diversas
3077 2644 3197 2701 sint
3216 2662 3421 2701 earum
3456 2644 3820 2718 proprietates.

459 2735 582 2790 hzec
612 2734 741 2805 ipsa
783 2732 911 2823 Filii
950 2733 1056 2823 Dei
1092 2733 1408 2805 generatio,
1443 2732 1522 2787 ita
1554 2733 1729 2788 etiam
1762 2732 1947 2823 divini
1974 2734 2102 2803 ejus
2281 2755 2344 2805 ιο
2404 2750 2739 2821 Αροιςθειίεο
2795 2751 2993 2823 itaque
3046 2769 3179 2807 cum
3226 2753 3301 2808 ab
3348 2770 3416 2809 eo
3466 2754 3677 2808 dictum
3705 2754 3818 2806 est;

460 2823 647 2913 Ρδίιέίε
677 2822 1162 2913 ἀοωίηδξίονίωο
1192 2827 1247 2913 ξι
1280 2822 1675 2913 ρδίθῐᾯίῖαβιθ
1707 2822 1987 2878 creaturis
2019 2839 2101 2913 νβ’
2215 2839 2542 2894 «Nascitur
2590 2839 2766 2896 homo
2815 2822 2929 2897 Deo
2980 2842 3192 2897 mistus
3245 2864 3273 2891 ››
3335 2844 3457 2913 (loc.
3504 2859 3647 2913 supr.
3701 2838 3819 2909 cit),

459 2912 636 3003 tiorgis
667 2911 1037 3003 οοῑηροῖίδυε
1061 2911 1239 3003 ξοοθρίῖ
1269 2912 1468 3003 ωιλ-ῐιάί
1500 2911 1819 3003 Ρνξωοΐάξρ
1841 2912 2102 3003 agnosci:
2212 2927 2288 2981 ibi
2326 2926 2524 2999 procul
2560 2928 2737 2985 dubio
2769 2946 2883 2984 non
2932 2930 3227 3001 signiﬁcat
3255 2911 3407 2988 duas
3437 2911 3818 3003 ejus‘naturas,

460 3005 519 3058 et
549 3002 703 3091 De“?
736 3000 885 3056 δίουί
916 3001 1128 3091 Patris;
1152 3000 1235 3055 ita
1266 3005 1320 3054 et
1352 3000 1579 3055 Domini
1614 3000 1893 3091 ιξρρθυατί
1917 3001 2098 3057 Ποίηί·
2213 3017 2299 3071 uti
2358 3022 2558 3088 postea
2615 3018 2955 3091 Eutychiani
2992 3000 3481 3087 isomniaverunt,
3517 3020 3685 3075 fuisse
3711 3033 3820 3089 per-

464 3088 844 3182 iimus-POT“?
877 3094 1070 3144 amem
1100 3088 1249 3182 bal“?
1281 3106 1409 3182 ef“
1440 3088 1785 3182 Tertulliani
1820 3095 2098 3182 Πιξηίθτηι
2141 3170 2176 3182 Α
2218 3109 2431 3163 mixtas
2463 3113 2520 3163 et
2547 3088 2845 3176 confusas,
2880 3111 2979 3165 sed
3013 3109 3097 3166 sic
3129 3111 3261 3177 sibi,
3297 3112 3452 3167 sicut
3473 3111 3607 3167 alibi
3630 3088 3819 3182 patefe-

462 3179 601 3234 ίῐιάθ
632 3178 957 3270 conﬁcitur:
984 3177 1543 3270 (Ιυίξά-ίδίξίίερυιθξ
1564 3178 1842 3233 adversus
1866 3179 2103 3235 Ηθτωο·
2135 3170 2177 3234 C
2217 3198 2426 3268 cimus,
2484 3198 2785 3269 copulatas
2832 3170 2897 3253 et
2952 3170 3267 3270 conjectas,
3333 3206 3398 3256 ut
3470 3170 3718 3256 Christus
3776 3200 3822 3250 et

464 3282 695 3339 genem,
729 3264 829 3335 qui
858 3265 1244 3319 contendebat
1274 3266 1452 3320 Deum
1486 3267 1556 3320 ab
1589 3272 1801 3321 aeterno
1834 3286 1944 3322 non
1977 3285 2102 3323 esse

2214 3303 2384 3342 verus
2412 3264 2587 3353 Deus,
2620 3293 2678 3342 et
2707 3305 2876 3344 verus
2910 3264 3085 3344 homo
3118 3290 3195 3345 sit
3227 3264 3479 3360 (Dissert.
3511 3307 3566 3346 in
3605 3290 3819 3344 Lactant.

463 3355 791 3418 dominum,
836 3354 947 3408 nisi
998 3353 1267 3409 habuerit
1296 3359 1455 3408 extra
1482 3371 1543 3409 se
1578 3356 1902 3421 materiam,
1936 3357 2102 3426 cujus

2215 3393 2342 3448 cap.
2380 3377 2466 3447 17,
2499 3381 2609 3431 art.
2641 3377 2718 3447 3).

460 3458 657 3496 revera
701 3440 978 3495 dominus
1017 3440 1207 3494 fuerit.
1242 3442 1546 3506 Caeterum,
1571 3443 1835 3511 quamvis
1875 3442 2102 3497 Tertul-

458 3530 653 3584 lianus
685 3530 756 3585 ab
789 3528 947 3584 omni
976 3529 1499 3599 argumentationis
1539 3530 1717 3600 hujus
1756 3530 2104 3587 difﬁcultate

459 3634 586 3673 sese
618 3617 851 3689 penitus
892 3633 1003 3669 non
1056 3615 1455 3684 extricaverit;
1506 3634 1674 3673 nemo
1720 3624 1913 3675 tamen
1968 3620 2104 3675 inde

456 3706 803 3762 concludere
838 3703 1037 3759 merito
1070 3710 1259 3776 potest
1287 3708 1359 3761 ab
1390 3706 1488 3761 illo
1515 3712 1782 3777 negatam
1810 3709 1991 3765 luisse
2013 3710 2101 3764 Fi-

455 3796 517 3852 lii
539 3795 635 3850 Dei
659 3793 1063 3861 aaternitatem,
1091 3810 1156 3848 ac
1178 3795 1436 3850 divinam
1463 3802 1753 3851 naturam.
1778 3798 1917 3863 Quis
1947 3799 2101 3854 enim

459 3884 645 3940 nescit
675 3881 971 3937 intellectu
1006 3882 1353 3939 difﬁcillima
1393 3886 1656 3956 quaedam
1691 3886 2041 3943 documenta
2071 3904 2103 3942 a

459 3973 730 4046 pluribus
765 3973 917 4027 haud
943 3973 1278 4028 dubitanter
1298 3974 1500 4041 asseri,
1532 3974 1630 4045 qui
1653 3992 1854 4031 omnes
1888 3976 2104 4049 quibus

458 4061 840 4134 implicantur
895 4062 1303 4118 difﬁcultatum
1368 4064 1548 4119 nodos
1599 4066 1835 4135 penitus
1883 4066 2104 4122 solvere

460 4167 576 4207 non
611 4152 895 4223 possunt?
924 4157 992 4205 At
1031 4151 1465 4207 evidentissime
1508 4155 1874 4209 ostendimus
1925 4172 2099 4226 quam

460 4244 817 4309 constanter,
851 4255 1026 4309 quam
1059 4239 1296 4305 diserte,
1347 4245 1403 4293 et
1452 4240 1578 4295 sine
1620 4242 1754 4296 ullis
1793 4244 2099 4297 verborum
2950 4239 3818 4341 ιξὲὶξΐὲξῐῖἆσξέἔίῃςῶξὲιζοξ

460 4328 805 4352 ηηι--..;ι.--..
879 4327 1275 4352 m-_l.-l|:__.-..
1346 4331 1592 4352 -.---_.-2L
1657 4348 1716 4352 -_
1785 4331 2098 4352 __:__If__e_:a

458 4328 807 4400 ambagibus
879 4327 1277 4383 Tertullianus
1344 4331 1596 4383 asseruit
1654 4348 1718 4384 ac
1785 4331 2104 4386 vinrlicavit
2214 4327 2639 4441 ἀᾶὲῗέὲᾦσῖ·
2682 4327 2780 4381 “¹ῖ“’
2829 4327 2901 4337 "'"
2950 4327 3403 4385 ’“’·ν·“·“““““χ
3436 4327 3492 4386 νζ
3521 4327 3819 4405 "fw-""1

458 4416 581 4442 mm
615 4417 709 4442 η’,
739 4418 1115 4442 *ιη-,μιλη
1145 4416 1514 4442 “mgnum”
1543 4418 1664 4442 -_.___
1689 4424 1953 4442 __,_____
1992 4421 2098 4442 ad
2517 4413 2530 4438 ,
2588 4378 2839 4442 gratiam
2886 4371 3220 4428 Judzeorum
3268 4374 3613 4430 Christianis
3658 4379 3796 4425 trans

455 4416 581 4470 Filii
615 4417 711 4472 Dei
736 4416 1515 4488 mternitatemdivinamque
1539 4418 1666 4489 ejus
1689 4421 2103 4475 naturam.Sed
2882 4413 3220 4515 ;“Β’””’“““
3270 4413 3613 4475 “mimum”
3662 4413 3796 4469 “.“’””

456 4504 616 4534 HI...“
652 4505 839 4534 mnu...
873 4505 1007 4534 num
1057 4522 1167 4534 ..λη
1211 4505 1406 4534 ...εηηη
1456 4506 1758 4534 “manu..-
1810 4508 2076 4534 unum“;
2492 4500 2504 4525 ν
3011 4478 3076 4516 eo
3128 4470 3552 4534 Ρνωηυηίιθωτ
3587 4462 3820 4517 Christus

456 4504 619 4559 illam
651 4505 846 4601 adhuc
872 4505 1010 4601 alibi
1057 4522 1171 4560 non
1211 4505 1407 4601 minus
1454 4506 1778 4601 perspicue
1809 4508 2101 4578 praadicat,
2135 4536 2181 4599 Ι)

459 4594 955 4663 quemadmodum
986 4595 1042 4649 in
1076 4596 1340 4666 sequenti
1376 4596 1563 4667 capite
1593 4595 1938 4653 videbimus.

2286 3488 2407 3538 Non
2438 3485 2730 3539 communi
2762 3489 2957 3540 autem
2990 3484 3299 3541 hominum
3334 3504 3497 3543 more
3544 3487 3700 3542 illum
3736 3485 3821 3539 ho-

2216 3573 2434 3627 minem
2484 3574 2704 3629 factum
2754 3589 2883 3630 esse
2930 3576 3133 3642 docet;
3183 3577 3287 3632 sed
3335 3578 3603 3649 delapsus,
3642 3573 3821 3645 inquit,

2214 3664 2273 3716 in
2302 3663 2596 3732 virginem,
2627 3678 2754 3734 quas
2785 3663 2913 3718 sine
2962 3663 3139 3719 ullius
3186 3665 3294 3720 viri
3348 3682 3525 3738 opera
3555 3665 3703 3721 illum
3742 3678 3814 3734 ge-

2215 3749 2343 3804 nuit
2373 3751 2676 3821 (Apoiogct.
2725 3750 2835 3805 loc.
2886 3750 2964 3806 cit
2992 3752 3031 3823 ).
3065 3752 3279 3808 Verum
3304 3755 3444 3825 quia
3474 3755 3579 3809 hoc
3626 3750 3821 3808 creditu

2214 3837 2653 3905 difﬁcillimum,
2703 3838 2790 3894 vel
2857 3840 2929 3895 ab
2985 3840 3235 3896 ethnicis
3294 3843 3523 3899 irrideri
3582 3843 3819 3914 poterat,

2212 3925 2605 3981 Tertullianus
2636 3926 2903 3983 consulto
2953 3945 3095 3984 sane
3137 3936 3383 3986 cunctos
3410 3933 3675 3987 admonet
3700 3924 3819 3981 illud

2213 4032 2246 4069 a
2277 4016 2458 4069 sacris
2507 4018 2961 4086 praenuntiatum
3023 4018 3199 4073 fuisse
3250 4020 3570 4092 prophetis,
3604 4028 3819 4090 quorum

2214 4104 2531 4158 auctoritas
2590 4120 2623 4157 a
2672 4105 2924 4173 nemine,
2976 4112 3039 4161 ut
3104 4124 3283 4179 supra
3331 4108 3606 4175 diximus,
3663 4105 3821 4178 potest

2214 4192 2524 4247 inﬁrmari.
2566 4194 2889 4264 Qapropter
2960 4195 3060 4250 ille
3135 4197 3307 4266 paulo
3368 4204 3503 4253 ante
3574 4196 3817 4251 dixerat:

2526 4548 2642 4603 Dei.
2679 4570 2707 4597 »
2737 4578 2805 4591 —-
2836 4572 2864 4598 «
2898 4549 3086 4621 Hujus
3137 4551 3319 4623 igitur
3365 4552 3562 4623 gratim
3591 4544 3819 4618 discipli-

2214 4652 2417 4707 naaque
2470 4636 2687 4691 arbiter
2742 4643 2799 4692 et
2856 4639 3155 4711 magister,
3235 4639 3599 4696 illuminator
3674 4640 3821 4705 atque

1117 4738 1352 4793 CAPUT
1385 4740 1479 4793 ιχ,
2213 4725 2492 4779 deductor
2541 4727 2771 4796 generis
2818 4726 3085 4793 humani,
3120 4729 3299 4785 Filius
3338 4730 3436 4785 Dei
3469 4724 3820 4784 annuntiaba-

890 4826 963 4880 De
996 4826 1209 4881 Christo
1236 4827 1341 4882 Deo
1361 4832 1412 4882 ει
1441 4827 1676 4884 homine,
2214 4818 2345 4877 tur;
2382 4830 2493 4869 non
2535 4815 2772 4885 quidem
2804 4815 2886 4871 ita
2932 4817 3186 4888 genitus,
3222 4825 3285 4873 ut
3315 4820 3616 4875 erubescat
3652 4816 3703 4869 in
3734 4808 3818 4865 ﬁlii

986 4958 1297 4996 “manus
1338 4959 1556 4998 “mus
2216 4903 2474 4969 nomine,
2534 4909 2637 4957 aut
2694 4904 2764 4959 de
2822 4905 3002 4974 patris
3049 4908 3272 4963 semine
3314 4950 3326 4963 .
3373 4949 3386 4962 .
3428 4950 3442 4963 .
3486 4907 3581 4963 Dei
3638 4902 3820 4958 Filium

463 5029 538 5083 De
568 5028 817 5105 humano
844 5030 1050 5084 Christi
1069 5046 1146 5105 ea;
1168 5033 1379 5105 virgine
1407 5039 1548 5095 ortu,
1568 5050 1601 5086 a
1622 5036 1797 5088 sacris
1825 5035 2108 5105 prophetis
2470 4993 2941 5105 dif}??deth
2961 4995 3819 5105 §f§§f§f"°"‘,,il'?manf§

532 5102 953 5174 prwnuntiato;
987 5118 1086 5155 cur
1114 5075 1321 5157 dicithr
1350 5103 1504 5157 homo
1536 5075 1663 5159 'Dro
1696 5075 2107 5174 miszil'svf'éﬂi
2216 5080 2446 5174 Ῡίάθίυν
2475 5081 2736 5174 Pube”,
2788 5099 2921 5174 P09
2962 5090 3244 5157 nupserat
3292 5107 3320 5134 ”
3390 5084 3588 5156 (lbib-l'
3641 5085 3821 5136 omn"

538 5167 815 5248 internis
858 5172 1314 5248 adventumgrton
1359 5192 1512 5244 posse
1540 5177 1758 5246 rejicia
1786 5167 2104 5248 ρεηιίιίιῖαδ,
2217 5167 2335 5224 ἱ]ωο
2384 5170 2626 5224 totidem
2692 5171 2866 5226 verba
2910 5172 2966 5227 in
3018 5174 3235 5231 nostris
3290 5174 3588 5232 codicibus
3640 5181 3821 5224 manu-

530 5246 626 5333 ι]μὶ
649 5244 1136 5333 pdgdestracndum
1168 5246 1319 5300 illius
1350 5244 1633 5303 veritatem
1666 5244 1914 5320 quai'dam
1945 5244 2106 5304 simil
2217 5260 2455 5331 scriptis
2512 5264 2570 5315 et
2642 5260 2899 5333 antiquis
2972 5264 3331 5322 editionibus
3392 5267 3463 5321 ad
3540 5258 3821 5333 Rigaltium

530 5315 610 5370 ίία
638 5317 943 5386 Ῑῖηίεθηίηί·
1674 5315 1686 5320 -
2218 5315 2400 5419 usque
2470 5315 2894 5406 exhibenturi.‘
3387 5315 3463 5419 Γ*
3499 5315 3663 5423 qua?!)
3742 5340 3823 5398 ιὶίί

530 5431 682 5486 Satis
720 5432 974 5497 abunde,
1030 5432 1141 5486 nisi
1193 5432 1362 5504 plane
1409 5435 1686 5506 fallimur,
1723 5455 1756 5491 a
1804 5438 1970 5492 nobis
2003 5439 2106 5493 de-
2217 5442 2420 5508 postea
2479 5441 2662 5494 secuti
2718 5446 2879 5506 sunt,
2910 5442 3164 5513 primam
3212 5444 3388 5515 hujus
3431 5442 3538 5497 loci
3569 5432 3821 5511 phrasim.

462 5526 854 5577 monstratum
904 5525 992 5575 est
1044 5538 1215 5591 quam
1270 5540 1403 5579 vera
1452 5524 1887 5598 orthodoxaque
1934 5526 2109 5583 fuerit
2218 5526 2443 5581 uncicis
2474 5528 2783 5598 inclusam,
2831 5532 3065 5602 penitus
3114 5547 3370 5589 resecare
3429 5527 3650 5603 placuit.
3701 5518 3821 5577 Nul-

465 5608 810 5667 Tertulliani
854 5610 924 5665 de
968 5625 1243 5682 suprema
1289 5610 1485 5684 Verbi,
1531 5613 1649 5670 sive
1695 5614 1993 5672 Sermonis
2048 5620 2108 5671 et
2215 5614 2331 5671 lam
2389 5619 2587 5674 tamen
2644 5619 3062 5693 amputationis
3136 5621 3298 5680 illius
3369 5616 3614 5678 reddidit
3666 5608 3821 5669 ratio-
