4118 6182
292 278 404 337 941

1204 280 1277 341 D.
1325 283 1421 342 LE
1466 282 1791 345 NOURRY
1840 281 2487 346 OBSERVATIONES
2530 280 2788 343 NOVJE.

3570 282 3689 342 942

297 428 454 481 nem,
530 411 649 468 imo
696 428 768 467 ne
842 413 1158 469 minimum
1220 416 1453 486 quidem
1524 420 1789 474 verbum.
1870 420 2021 490 ΑιΑ
2121 412 3691 486 PalamadhucTertullianusproﬁteturhuncChristi

292 499 529 555 tametsi
587 500 709 555 hinc
765 500 998 570 phrasis
1052 501 1278 558 inutilis
1328 522 1589 576 prorsus,
1650 512 1706 562 et
1757 507 1938 562 textui

291 588 639 643 Tertulliani
691 589 951 645 omnimo
1002 598 1351 663 praepostere
1397 594 1621 651 inserta
1666 596 1777 668 ipsi
1817 595 1941 651 visa

296 677 417 747 sit;
451 676 634 733 lector
679 682 876 733 tamen
926 678 1104 750 hujus
1153 681 1535 738 additamenti
1578 684 1785 740 saltem
1844 684 1942 739 ad-

296 767 628 821 monendus
648 772 792 822 erat.

372 892 677 961 Caeterum,
731 890 875 946 nulli
919 893 1169 948 obscura
1232 911 1361 950 esse
1418 901 1609 966 potest
1656 899 1945 955 sententia

296 979 674 1047 Tertulliani,
706 980 805 1051 qui
842 981 1321 1039 manifestissime
1353 988 1698 1056 pronuntiat
1729 987 1942 1043 Filium

296 1070 399 1125 Dei
431 1069 741 1141 delapsum
771 1086 901 1125 esse
931 1069 991 1123 in
1024 1070 1332 1142 virginem,
1362 1089 1432 1128 ex
1475 1090 1585 1143 qua
1614 1074 1942 1131 humanum

299 1175 513 1229 corpus
555 1158 799 1229 accepit.
850 1157 1151 1231 Virginem
1203 1167 1395 1215 autem
1446 1162 1610 1233 dixit,
1665 1164 1803 1235 quia
1850 1166 1945 1219 hic

300 1248 400 1303 Dei
432 1247 675 1314 Filius,«
706 1246 1271 1319 Nullam,inquit,de
1300 1250 1662 1322 impudicitia
1694 1259 1944 1310 matrem

300 1336 516 1405 habet;
547 1336 726 1390 etiam
759 1352 935 1407 quam
967 1337 1197 1393 videtur
1226 1338 1460 1406 habere,
1494 1357 1607 1395 non
1639 1348 1943 1412 nupserat,

300 1430 378 1479 At
406 1425 457 1480 si
510 1423 633 1479 ulla
689 1424 911 1496 absque
971 1424 1344 1497 impudicitiae
1396 1428 1549 1497 labe,
1581 1435 1638 1484 et
1696 1430 1947 1486 maritali

301 1514 596 1569 consortio
640 1519 829 1569 mater
876 1514 1026 1569 facta
1094 1519 1204 1581 est,
1254 1522 1409 1571 certe
1457 1517 1754 1573 Christum
1787 1519 1948 1575 salva

300 1602 656 1675 virginitatis
674 1620 794 1658 suae
824 1602 1156 1674 integritate
1177 1605 1398 1675 genuit.
1420 1606 1530 1661 Sed
1555 1624 1672 1678 qua
1700 1608 1944 1676 ratione,

304 1691 529 1762 inquiet
559 1690 797 1762 aliquis,
831 1691 942 1746 dici
982 1693 1176 1763 potuit
1210 1709 1222 1747 :
1254 1694 1372 1749 Non
1400 1700 1713 1763 nupserat?
1744 1697 1948 1753 Nonne

304 1780 573 1851 plerique
594 1796 796 1836 omnes
821 1779 979 1835 illam
1008 1781 1262 1852 Josepho
1280 1790 1524 1853 nuptam
1549 1801 1747 1840 revera
1769 1786 1951 1842 fuisse
1982 1790 2027 1854 Β

305 1868 687 1925 asseverant?
745 1870 1118 1940 Respondent
1184 1870 1366 1941 aliqui
1425 1872 1532 1927 hoc
1590 1874 1764 1928 verbo
1832 1891 1945 1929 non

304 1962 586 2028 nupserat,
622 1957 767 2012 nihil
798 1957 954 2012 aliud
988 1958 1310 2030 significari
1344 1961 1453 2015 nisi
1488 1961 1727 2017 Mariam
1758 1962 1947 2018 virum

304 2062 422 2101 non
456 2046 816 2117 cognovisse.
850 2046 996 2101 Nam
1056 2051 1114 2101 et
1171 2048 1299 2118 ipsa
1328 2049 1533 2119 angelo
1601 2050 1902 2121 respondit
1933 2070 1947 2120 ;

308 2135 583 2203 Quomodo
625 2134 716 2203 ﬁet
772 2134 937 2199 istud,
1001 2138 1264 2206 quoniam
1322 2139 1503 2191 virum
1560 2154 1670 2192 non
1725 2154 1952 2209 cognos-

304 2227 419 2279 co?
477 2224 624 2295 (Luc.
686 2241 725 2293 1,
782 2224 895 2295 34).
975 2224 1085 2279 Sed
1146 2225 1237 2279 his
1313 2226 1682 2297 probandum
1741 2232 1863 2282 erat
1919 2244 1953 2282 a

306 2311 525 2383 quibus
555 2312 793 2367 verbum
838 2313 982 2367 nubo
1028 2311 1136 2367 hoc
1184 2329 1356 2368 sensu
1407 2313 1748 2385 accipiatur.
1799 2315 1952 2369 Non-

307 2400 490 2456 nullis
533 2417 668 2455 verc
717 2400 857 2471 haec,
926 2418 1100 2471 quam
1154 2401 1488 2474 Hieronymi
1545 2419 1675 2457 esse
1724 2408 1952 2475 putant,

308 2490 593 2560 probatur
634 2488 830 2561 opinio
879 2489 1122 2545 Mariam
1180 2491 1411 2560 quando
1468 2492 1735 2562 concepit
1790 2491 1953 2546 Chri-

312 2584 500 2644 stum,
561 2577 712 2633 835
783 2595 1058 2648 sponsam
1134 2578 1253 2634 sive
1310 2584 1375 2634 ut
1454 2580 1954 2652 Evangelistarum

317 2672 561 2723 utamur
599 2668 793 2735 verbo,
828 2668 1210 2738 desponsatam
1258 2668 1494 2739 quidem
1564 2669 1744 2725 fuisse
1794 2670 1957 2726 Jose-

314 2756 456 2828 pho,
526 2757 620 2811 cui
688 2762 819 2828 post
884 2757 1054 2811 breve
1136 2774 1170 2811 a
1241 2763 1521 2829 conceptu
1587 2757 1956 2814 intervallum

310 2851 499 2916 nupta
528 2850 635 2899 est.
669 2846 776 2900 Sed
812 2844 1013 2900 nullus
1044 2845 1382 2900 Tertulliani
1438 2853 1684 2903 mentem
1744 2848 1961 2904 certius

311 2951 492 3005 quam
543 2934 639 2989 ille
692 2934 816 3005 ipse
864 2933 1090 3005 aperire
1161 2939 1352 3006 potest
1401 2938 1623 3004 (Petav.
1700 2943 1836 2993 tom.
1911 2936 1959 2990 V

312 3024 566 3095 Theolog.
611 3023 849 3094 dogmat.
905 3022 1007 3078 lib.
1079 3041 1193 3092 xxv,
1248 3041 1375 3095 cap.
1429 3026 1484 3095 3,
1533 3026 1560 3091 §
1607 3024 1714 3094 lO;
1758 3025 1961 3080 Hiero-

2049 524 2117 563 ex
2148 507 2373 579 virgine
2404 511 2618 575 crtum,
2652 509 2708 560 et
2738 505 3053 560 adventum
3085 503 3144 558 in
3176 506 3385 571 terras,
3444 520 3476 559 a
3509 504 3693 560 sacris

2050 596 2269 652 nostris
2299 595 2532 654 vatibus
2562 593 3022 666 praenuntiatum
3045 591 3245 647 fuisse.
3279 592 3390 647 Sed
3423 608 3551 664 quas
3574 591 3695 648 sint

2050 683 2283 741 illorum
2325 683 2582 750 oracula,
2640 683 2750 737 hoc
2808 682 2867 737 in
2895 680 3071 750 libro,
3129 681 3185 734 in
3254 697 3366 751 quo
3426 679 3693 736 brevitati

2050 773 2412 842 consulebat,
2455 771 2626 844 plane
2673 772 2873 827 tacuit.
2910 769 3085 826 Plura
3115 785 3248 825 vero
3297 769 3397 825 ille
3454 770 3514 825 in
3542 769 3690 825 libro

2051 864 2306 919 adversus
2360 861 2585 930 Iudaeos,
2638 865 2695 915 et
2726 859 2822 915 alii
2853 861 2913 914 in
2948 859 3078 915 aliis
3114 858 3283 914 libris
3306 857 3636 914 retulerunt
3672 882 3689 927 ς

2052 953 2123 1007 de
2146 952 2360 1023 quibus
2382 950 2576 1006 adhuc
2607 950 2664 1004 in
2690 949 2897 1005 iisdem
2920 947 3322 1020 superioribus
3345 946 3561 1003 nostris
3578 947 3695 1002 dis-

2053 1040 2473 1097 sertationibus
2490 1044 2681 1095 actum
2698 1056 2731 1094 a
2744 1039 2911 1094 nobis
2935 1036 3352 1093 fuit.0mittere
3367 1040 3562 1092 tamen
3580 1052 3695 1091 non

2052 1146 2373 1201 possumus
2402 1126 2622 1184 Justini
2644 1126 2918 1199 martyris
2935 1124 3359 1191 testimonium,
3388 1124 3542 1196 quod
3557 1124 3694 1180 Ter-

2054 1218 2288 1275 tulliani
2317 1218 2490 1274 dictis
2510 1217 2728 1289 optime
2748 1216 3229 1288 congruit,eaque
3246 1214 3460 1269 mirum
3484 1214 3543 1269 in
3571 1230 3699 1269 mo-

2055 1308 2195 1363 dum
2227 1308 2553 1364 ccnﬁrmat.
2590 1306 2698 1362 Ubi
2728 1305 2885 1361 enim
2920 1304 3335 1360 sanctissimus
3367 1302 3464 1357 ille
3487 1307 3705 1375 martyr

2055 1396 2255 1468 plures
2290 1398 2360 1453 de
2399 1396 2593 1451 futuro
2641 1394 2856 1450 Christi
2905 1394 3160 1449 adventu
3212 1408 3515 1448 sacrorum
3565 1408 3699 1463 pro-

2054 1484 2367 1557 phetarum
2400 1483 2806 1557 przedictiones
2837 1482 2999 1548 citat,
3019 1486 3194 1552 atque
3223 1480 3375 1536 hanc
3405 1480 3464 1535 in
3498 1478 3704 1551 primis

2056 1574 2219 1629 Isaiae
2254 1591 2266 1628 :
2300 1576 2432 1630 ECCe
2496 1574 2651 1643 Virgo
2707 1573 2768 1626 in
2821 1574 2975 1627 utero
3032 1569 3288 1630 habebit;
3320 1568 3402 1624 ibi
3446 1566 3705 1624 ostendit

2058 1662 2282 1719 nullam
2324 1663 2460 1717 inde
2506 1660 2756 1716 ethnicis
2799 1659 2925 1714 dari
2974 1657 3338 1714 occasionem
3388 1673 3564 1713 suum
3603 1674 3705 1713 ex-

2057 1751 2301 1807 cusandi
2332 1751 2553 1819 Jovem,
2597 1749 2698 1821 qui
2743 1747 2943 1819 plures
3000 1746 3327 1801 adulterino
3385 1744 3703 1801 concubitu

2059 1839 2277 1896 liberos
2325 1842 2690 1910 susceperat.
2739 1837 2883 1891 Nam
2935 1835 3081 1891 illud
3150 1835 3311 1891 Isaias
3358 1834 3702 1890 vaticinium

2061 1926 2326 2000 Σημαίνει
2387 1926 2449 1980 οὐ
2509 1925 2976 1979 συνουσιασθεῖσαν
3036 1923 3134 1991 τὴν
3195 1921 3455 1997 παρθένον
3504 1920 3707 1975 συλλα-

2060 2010 2196 2069 ϐεῖν·
2248 2015 2292 2069 εἰ
2342 2016 2443 2090 γὰρ
2517 2014 2703 2068 ἐσυνου
2760 2013 2950 2081 σιάσθη
3027 2012 3414 2080 ὑπὸιὸτουοῦν,
3473 2009 3571 2065 οὐκ
3624 2005 3703 2065 ἔτι

2060 2104 2125 2172 ἦν
2159 2105 2444 2180 παρθένος·
2478 2101 2624 2158 ἀλλὰ
2654 2100 2883 2175 δύναμις
2913 2105 3046 2156 Θεοῦ
3103 2098 3400 2164 ἐπελθοῦσα
3444 2103 3513 2173 τῇ
3572 2119 3709 2175 παρ-

2061 2195 2216 2267 θένῳ,
2279 2193 2587 2249 ἐπεσκίασεν
2648 2193 2837 2262 αὐτὴν,
2894 2192 2986 2247 καὶ
3048 2192 3387 2266 κυσφορῆσαι
3445 2191 3708 2266 παρθένον

2064 2281 2222 2337 οὖσαν
2246 2283 2513 2353 πεποίηκε
2534 2302 2547 2314 ·
2583 2284 2867 2353 Signiﬁcat
2925 2285 3200 2354 virginem
3247 2282 3450 2352 absque
3477 2295 3708 2335 consue-

2064 2373 2253 2428 tudine
2282 2389 2510 2428 venerea
2531 2381 2909 2443 conceptarum
2940 2372 3131 2443 fuisse.
3162 2370 3224 2424 Si
3241 2372 3392 2423 enim
3420 2385 3543 2424 cum
3572 2384 3711 2442 quo-

2065 2480 2230 2535 quam
2258 2464 2633 2525 consuevisset,
2666 2477 2777 2515 non
2786 2463 2919 2531 jam
2942 2461 3092 2529 virgo
3112 2460 3327 2529 fuisset.
3358 2458 3425 2513 At
3443 2460 3593 2512 enim
3616 2458 3713 2512 Dei

2065 2554 2239 2607 virtus
2268 2551 2472 2623 virgini
2499 2551 2912 2622 superveniens,
2946 2549 3035 2603 ztti
3063 2546 3423 2614 obumbravit,
3457 2552 3508 2602 et
3539 2550 3710 2619 virgo

2065 2658 2187 2696 cum
2216 2647 2373 2711 esset,
2405 2648 2465 2695 ut
2511 2644 2687 2710 [etum
2723 2637 2958 2708 gravida
3004 2639 3064 2692 in
3094 2642 3249 2692 utero
3294 2638 3470 2707 ferret
3525 2636 3707 2708 effecit

2068 2731 2308 2803 (Justin.
2344 2730 2566 2802 Apolog.
2603 2728 2678 2800 1).

2138 2838 2351 2893 Verum
2384 2838 2431 2892 si
2464 2839 2620 2891 certo
2651 2834 2851 2891 nullus
2882 2832 3261 2906 pronuntiare
3316 2833 3530 2888 audeat
3572 2832 3713 2888 Ter-

2070 2926 2385 2983 tullianum
2459 2925 2531 2982 ad
2592 2924 2714 2980 haec
2793 2923 3141 2980 collineasse
3222 2921 3443 2978 Justini
3518 2920 3715 2992 verba,

2072 3013 2292 3068 nemini
2334 3012 2587 3084 profecto
2645 3012 2798 3067 836
2832 3011 3080 3066 dubium
3138 3024 3269 3065 esse
3324 3012 3539 3080 potest,
3575 3007 3718 3079 quin

312 3129 474 3185 nym.
519 3111 643 3168 adv.
691 3112 919 3183 Helvi).
982 3114 1055 3167 At
1101 3113 1160 3167 in
1228 3130 1334 3168 suo
1379 3114 1444 3169 de
1511 3129 1679 3169 carne
1749 3114 1963 3169 Christi
1992 3146 2036 3212 Ο
2073 3100 2399 3174 Cyprianus
2430 3101 2501 3212 id
2541 3102 2705 3200 hunc
2729 3098 3077 3212 Tertulliani
3102 3097 3284 3153 nostri
3306 3096 3499 3212 ltpcum
3524 3112 3719 3212 respe-

309 3201 460 3257 libro
489 3201 609 3255 haec
640 3202 709 3257 de
742 3201 926 3256 Maria
976 3201 1206 3273 Virgine
1255 3202 1501 3274 scripsit
1533 3221 1545 3258 :
1582 3226 1610 3253 «
1646 3202 1769 3258 Etsi
1798 3202 1962 3274 virgo

312 3290 603 3361 concepit,
681 3291 737 3345 in
807 3295 978 3362 partu
1040 3307 1148 3345 suo
1216 3292 1440 3363 nupsit,
1510 3292 1638 3363 ipsa
1696 3291 1947 3363 patefact

316 3380 581 3451 corporis
614 3377 763 3450 lege,
796 3401 824 3427 ››
858 3395 1034 3448 quam
1065 3378 1281 3434 ibidem
1314 3381 1454 3435 citat
1487 3397 1500 3434 :
1534 3403 1561 3430 ι(
1597 3380 1780 3435 Omne
1811 3397 1967 3435 mas-

318 3468 588 3523 culinum
640 3456 1284 3538 adaperiensvulvam,
1354 3472 1621 3522 sanctum
1667 3468 1968 3523 vocabitur

316 3555 566 3611 Domino
601 3580 621 3607 ι
662 3556 866 3626 (Idem,
900 3558 970 3610 de
999 3571 1166 3610 carne
1198 3555 1404 3611 Christ.
1451 3573 1578 3628 cap.
1624 3558 1740 3629 23).
1789 3556 1966 3612 Vides

320 3662 462 3701 sane
499 3645 739 3699 verbum
771 3644 975 3699 nubere
1006 3644 1102 3699 hic
1151 3644 1220 3699 ab
1252 3661 1316 3700 eo
1367 3645 1522 3700 sumi
1572 3663 1671 3716 pro
1722 3645 1966 3717 virginis

318 3738 513 3805 partu,
548 3749 661 3803 quo
692 3732 861 3787 vuiva
889 3733 1017 3803 ejus
1068 3738 1324 3789 reserata
1375 3739 1484 3789 est.
1536 3734 1658 3789 Non
1688 3734 1810 3804 jam
1845 3734 1966 3805 qui-

320 3823 451 3877 dem
515 3822 835 3892 quserimus
887 3839 1002 3892 quo
1061 3838 1239 3877 sensu
1298 3838 1424 3877 eam
1500 3827 1760 3893 apertam
1837 3839 1965 3878 esse

319 3910 549 3975 dixerit,
584 3911 653 3966 de
683 3928 798 3983 quo
849 3912 907 3965 in
963 3911 1181 3966 nostris
1233 3911 1303 3965 ad
1358 3911 1733 3966 Ambrosium
1766 3913 1963 3967 obser-

320 4000 676 4055 vationibus.
732 4001 913 4055 Nobis
960 3999 1115 4055 enim
1189 4016 1343 4055 nunc
1392 4000 1610 4055 sufficit
1669 3999 1836 4066 illud,
1896 4001 1966 4055 de

317 4106 431 4159 quo
466 4089 658 4160 agitur
694 4090 937 4144 verbum
985 4091 1192 4144 nubere
1245 4089 1316 4143 ab
1350 4105 1415 4144 ec
1467 4089 1647 4159 accipi
1698 4105 1799 4160 pro
1835 4105 1965 4143 mu-

316 4176 521 4231 liebris
551 4178 697 4233 uteri
732 4179 789 4233 in
824 4183 992 4249 partu
1026 4178 1417 4249 patefactione
1452 4177 1667 4246 (Not.in
1702 4178 1964 4233 Ambros.

322 4268 573 4335 EJ110321.
629 4267 881 4335 Evangel.
932 4284 1036 4322 sec.
1075 4268 1254 4338 Lua).
1313 4267 1477 4322 Sicut
1524 4272 1715 4322 autem
1758 4281 1969 4338 negare

319 4372 439 4410 non
465 4372 783 4426 possumus
814 4356 962 4412 hanc
1004 4356 1247 4411 minime
1295 4356 1592 4428 propriam
1625 4372 1752 4413 esse
1792 4356 1970 4427 hujus

317 4444 483 4499 verbi
518 4444 1025 4515 significationem,
1060 4446 1142 4501 ita
1173 4450 1328 4500 certe
1385 4462 1588 4500 omnes
1641 4446 1807 4501 fateri
1866 4447 1968 4500 de-

319 4532 465 4587 bent
495 4506 779 4588 illibatam
814 4506 1427 4605 Mariae'virginitatem
1484 4536 1553 4589 ab
1587 4533 1685 4589 illo
1743 4534 1972 4590 eviden-
2004 4506 2052 4569 D

318 4620 555 4676 tissime
602 4620 786 4675 asseri
834 4622 1020 4693 (Tom.
1072 4622 1115 4691 Ι,
1169 4623 1428 4693 Apparat.
1465 4620 1567 4677 lib.
1622 4639 1706 4692 III,
1739 4623 1973 4678 dissert.

317 4712 375 4778 2,
412 4725 542 4780 cap.
567 4709 624 4777 6,
656 4713 766 4765 art.
796 4710 850 4775 9,
885 4726 1015 4781 pag.
1056 4710 1204 4781 973).
1240 4710 1365 4765 Non
1399 4710 1456 4765 in
1504 4727 1610 4765 suo
1658 4710 1812 4765 enim
1844 4716 1976 4766 tan-

322 4802 453 4851 tum
487 4797 857 4868 Apotogetz'co,
893 4799 994 4853 sed
1041 4797 1153 4853 alio
1202 4798 1379 4854 etiam
1430 4798 1487 4852 in
1546 4798 1713 4868 libro,
1746 4804 1809 4854 ut
1840 4799 1979 4855 alibi

325 4884 611 4951 vidimus,
643 4885 787 4940 illud
820 4887 1237 4943 documentum
1284 4885 1527 4957 stabilit,
1565 4904 1629 4941 ac
1673 4888 1982 4943 confirmat

328 4979 614 5045 tanquam
650 4975 722 5029 ab
755 4975 1027 5031 universa
1057 4976 1148 5032 sui
1179 4976 1460 5048 temporis
1482 4975 1760 5043 Ecclesia,
1797 4980 1853 5031 et
1878 4993 1979 5031 an-

330 5066 427 5117 tea
461 5079 675 5134 magno
707 5080 995 5119 consensu
1031 5070 1351 5135 receptum.
1384 5070 1496 5120 Nos
1527 5081 1660 5120 vero
1706 5065 1775 5119 de
1824 5081 1890 5120 eo
1924 5065 1983 5119 in

334 5152 748 5222 superioribus
804 5153 1025 5206 nostris
1088 5152 1599 5208 dissertationibus
1663 5153 1985 5226 disputavi-

338 5255 474 5294 mus
507 5241 668 5309 (lbid.
708 5240 807 5297 lib.
843 5256 903 5307 ιι,
937 5240 1171 5296 dissert.
1203 5242 1257 5309 6,
1291 5256 1418 5314 cap.
1448 5244 1503 5309 7,
1533 5244 1560 5313 §
1586 5243 1645 5311 5,
1680 5259 1810 5314 pag.
1841 5243 1984 5309 597;

342 5329 634 5383 Dissertat.
670 5331 728 5384 in
757 5330 1006 5386 Lactant.
1038 5346 1161 5402 cap.
1199 5332 1287 5399 17,
1321 5336 1429 5386 art.
1460 5331 1513 5399 3,
1546 5336 1690 5386 tom.
1737 5331 1779 5402 Ι,
1810 5340 1989 5400 Appa-

342 5427 449 5473 rat'
491 5418 597 5474 loc.
631 5421 728 5475 cit.
774 5425 831 5475 et
876 5419 978 5475 lib.
1031 5436 1114 5490 III,
1163 5420 1397 5476 dissert.
1439 5424 1496 5488 2,
1542 5438 1668 5494 cap.
1702 5422 1755 5489 6,
1790 5425 1898 5476 art.
1934 5421 1986 5487 4,

342 5522 473 5579 pag.
507 5508 635 5575 597,
670 5512 726 5564 et
763 5525 926 5582 seqq.
982 5515 1039 5566 et
1088 5510 1314 5566 Dissert.
1362 5512 1421 5567 in
1470 5514 1714 5567 Lactant.
1775 5527 1900 5582 cap.
1933 5510 1989 5580 8,

348 5600 454 5651 art.
492 5597 565 5669 1).

2082 3191 2248 3257 xerit,
2276 3206 2409 3244 cum
2442 3189 2563 3244 hac
2594 3188 2829 3260 scriptis
2878 3188 3144 3242 tradebat
3176 3202 3188 3241 :
3223 3208 3251 3236 «
3310 3184 3498 3255 Hujus
3542 3183 3724 3256 igitur

2080 3276 2482 3349 indulgentiae,
2514 3277 2736 3349 gratias,
2768 3275 3207 3345 disciplinaque
3250 3273 3466 3329 arbiter
3496 3276 3555 3327 et
3602 3288 3724 3328 ma-

2077 3366 2277 3437 gister.
2312 3367 2510 3421 Sermo
2541 3371 2597 3421 et
2629 3365 2811 3421 Filius
2840 3364 2940 3419 Dei
2993 3363 3269 3431 mittitur,
3318 3362 3419 3433 qui
3453 3379 3556 3434 per
3586 3378 3719 3433 pro-

2078 3455 2284 3526 phetas
2315 3471 2519 3510 omnes
2554 3459 2704 3510 retro
2736 3452 3102 3508 illuminator
3148 3455 3203 3506 et
3245 3452 3447 3506 doctor
3492 3449 3720 3520 generis

2076 3542 2319 3599 humani
2353 3543 2892 3615 praedicabatur..."
2923 3541 3027 3596 Hic
3057 3540 3114 3595 in
3137 3539 3425 3611 virginem
3456 3537 3723 3593 illabitur

2074 3649 2307 3688 carnem
2376 3632 2595 3701 Spiritu
2669 3636 2871 3687 sancto
2946 3634 3312 3702 cooperante,
3398 3626 3715 3683 induitur:

2075 3722 2229 3777 Deus
2260 3737 2393 3776 cum
2426 3721 2661 3776 homine
2692 3721 2973 3775 miscetur
3000 3737 3027 3770 ι
3064 3718 3359 3790 (Cyprian.
3403 3715 3471 3771 de
3520 3715 3722 3772 Idolor.

2074 3810 2288 3881 venit).
2340 3810 2547 3864 Mistus
2597 3818 2789 3864 autem
2841 3809 2913 3863 ab
2957 3825 3046 3873 eo,
3095 3807 3247 3862 sicut
3293 3824 3326 3860 a
3355 3804 3718 3860 Tertulliano

2074 3899 2305 3954 dicitur.
2343 3915 2457 3952 non
2489 3897 2797 3969 utriusque
2830 3900 3050 3950 natura
3083 3895 3295 3949 divinae
3342 3899 3400 3948 et
3450 3894 3719 3947 humanas

2076 3987 2209 4040 ficta
2239 3987 2311 4041 ab
2371 3984 2745 4056 Eutychianis
2793 3984 3157 4049 confusione,
3220 3983 3321 4037 sed
3382 3979 3520 4051 quia
3550 3980 3722 4035 Chri-

2077 4078 2300 4139 stus,ut
2329 4073 2505 4144 paulo
2539 4077 2674 4127 ante
2706 4071 3070 4139 monuimus,
3107 4074 3417 4140 utramque
3448 4071 3725 4122 naturam

2077 4161 2392 4232 perfectam
2428 4159 2633 4215 divinae
2665 4177 2783 4215 sum
2816 4175 3077 4232 personas
3115 4156 3492 4226 conjunctam
3544 4168 3724 4231 copu-

2078 4250 2379 4321 latamque
2410 4248 2605 4304 habet.

2152 4358 2302 4412 Tum
2349 4355 2562 4412 dehinc
2607 4356 2823 4410 Auctor
2880 4357 3079 4409 noster
3141 4352 3426 4423 ipsosmet
3479 4343 3725 4418 gentiles

2082 4445 2394 4512 allocutus,
2455 4445 2577 4499 haec
2633 4445 2705 4500 ab
2753 4442 2825 4498 iis
2883 4442 3046 4513 rejici
3105 4457 3222 4496 non
3278 4452 3449 4510 posse
3505 4435 3592 4490 sic
3623 4433 3724 4489 de-

2085 4538 2375 4591 monstrat
2406 4551 2418 4589 :
2453 4558 2479 4583 (ι
2515 4532 2773 4604 Recipite
2804 4530 3037 4587 interim
3088 4529 3238 4584 hanc
3268 4524 3553 4591 fabulam,
3603 4523 3727 4579 sive

2086 4623 2262 4678 sicuti
2307 4622 2610 4690 famulam,
2660 4619 2873 4676 similis
2903 4624 2992 4674 est
3041 4616 3271 4688 vestris,
3302 4616 3444 4671 dum
3469 4610 3731 4669 ostendi-

2088 4727 2223 4766 mus
2283 4711 2578 4781 quomodo
2634 4708 2902 4765 Christus
2958 4708 3256 4779 probetur.
3306 4703 3579 4758 Sciebant
3634 4699 3734 4772 qui

2088 4815 2267 4870 penes
2296 4816 2396 4854 vos
2428 4798 2653 4853 fabulas
2684 4798 2753 4852 ad
2774 4795 3235 4852 destructionem
3267 4792 3532 4848 veritatis
3562 4791 3738 4846 istius

2090 4887 2335 4943 aemulas
2394 4887 3001 4960 praeministraverunt
3066 4906 3093 4934 «
3155 4881 3417 4954 (Tertull.
3478 4880 3738 4951 Apologet

2091 4993 2218 5048 cap.
2249 4978 2339 5046 2t,
2372 4992 2504 5048 pag.
2529 4974 2675 5046 399).
2712 4974 2774 5028 In
2820 4973 3040 5028 nostris
3099 4988 3232 5026 vero
3286 4966 3740 5039 masnuscriptis

2094 5065 2415 5136 codicibus,
2448 5070 2505 5119 et
2535 5071 2670 5119 ante
2703 5062 3023 5134 Rigaltium
3073 5060 3269 5129 editis,
3324 5062 3455 5131 post
3495 5058 3739 5112 verbum

2093 5153 2373 5226 probetur,
2418 5154 2538 5207 haec
2587 5151 2774 5217 aliter,
2832 5150 3035 5221 sicque
3090 5147 3310 5220 scripta
3366 5149 3552 5202 sunt:
3587 5167 3616 5195 ‹‹
3675 5144 3745 5200 Et

2097 5242 2199 5314 qui
2232 5258 2409 5313 penes
2439 5257 2540 5296 vos
2571 5238 2861 5311 ejusmodi
2896 5236 3125 5294 fabulas
3184 5234 3426 5291 asinulas
3486 5235 3559 5289 ad
3610 5235 3742 5289 des-

2096 5332 2447 5386 tructionem
2465 5330 2729 5385 veritatis
2744 5327 3076 5385 istiusmodi
3094 5325 3744 5398 praeministraverunt.»

2098 5420 2213 5476 Cur
2241 5436 2374 5474 vero
2422 5418 2711 5492 Rigaltius
2756 5418 2878 5473 haec
2928 5416 3103 5473 verba
3160 5411 3580 5479 immutaverit,
3615 5408 3743 5464 nul-

2100 5509 2216 5564 lam
2250 5508 2321 5564 ab
2355 5524 2422 5564 eo
2453 5514 2750 5580 exspectes
2780 5506 3088 5562 rationem.
3121 5502 3517 5559 Tertullianus
3547 5501 3743 5551 autem

2102 5599 2384 5655 adversus
2442 5596 2706 5655 ethnicos
2763 5595 2847 5654 sic
2903 5595 3352 5669 argumentatur
3407 5606 3425 5642 :
3484 5584 3745 5657 Objieere
