4118 6182
356 330 474 393 945

1266 338 1338 397 D.
1386 337 1482 399 LE
1527 339 1855 400 NOURRY
1900 335 2553 399 OBSERVATIONES
2597 338 2852 400 NOVIE.

3643 344 3761 407 946

353 467 569 531 audiat,
629 474 681 521 et
750 467 909 523 corde
980 484 1078 523 suo
1154 470 1458 542 intelligat,
1517 480 1566 526 et
1641 474 2006 536 convertatur,
2037 469 2301 537 AJudaei
2334 470 2432 539 qui
2464 469 2633 525 illum
2665 472 3039 527 crediderunt
3061 472 3358 529 hominem
3409 479 3638 531 tantum
3688 478 3759 534 de

352 560 402 611 el
430 570 621 610 sanem
645 557 987 627 eum»(lsa.
1022 574 1098 628 v1,
1152 557 1207 626 9,
1268 558 1373 628 10).
1437 561 1570 624 Quae
1628 559 1863 629 quidem
1923 556 2000 611 ci-

352 648 475 699 tata
531 644 794 699 invenies
853 662 968 701 non
1001 644 1193 701 solum
1228 646 1287 701 in
1318 648 1571 701 Matthasi
1608 646 1916 718 Evangelio
1947 649 2004 700 et

349 734 596 787 Actibus
627 733 1054 804 apostolorum,
1086 736 1184 789 sed
1222 752 1255 790 a
1286 736 1511 791 Joanne
1543 737 1715 790 etiam
1749 736 1999 805 Evange-

348 821 489 876 lista
530 821 686 877 hunc
740 822 799 877 in
856 824 1097 879 modum
1158 841 1172 878 :
1232 831 1527 895 Propterea
1582 841 1689 879 non
1744 828 2001 894 poterant

348 911 593 978 credere,
655 913 787 982 quia
850 914 1051 967 iterum
1108 913 1251 968 dixit
1278 916 1453 969 Isaias
1486 933 1503 968 :
1534 915 1841 969 Excaecavit
1867 928 2000 967 ocu-

349 1000 429 1055 los
460 1015 670 1068 eorum,
699 1004 753 1054 et
783 1000 1073 1055 induravit
1116 1019 1211 1056 cor
1252 1018 1477 1063 eorum;
1522 1011 1581 1057 ut
1625 1018 1731 1056 non
1782 1001 2004 1056 videant

346 1088 558 1157 oculis,
617 1092 671 1142 et
732 1087 1047 1157 intelligant
1105 1091 1297 1160 corde,
1354 1096 1409 1146 et
1465 1094 1885 1154 convertantur,
1947 1096 2001 1145 et

344 1193 531 1232 sanem
565 1193 649 1232 eos
704 1177 912 1246 (Matth.
974 1196 1012 1248 ι,
1078 1180 1179 1247 14;
1241 1181 1353 1236 Act.
1415 1198 1537 1245 vm,
1568 1182 1673 1247 26;
1706 1181 1861 1235 Joan.
1896 1196 1995 1249 xu,

344 1266 435 1332 39,
465 1265 709 1336 40).Sed
744 1266 813 1321 de
854 1266 1073 1322 Judaais
1123 1267 1473 1323 intolerabili
1524 1286 1763 1340 prorsus
1816 1268 1995 1323 obsti-

342 1353 601 1407 nationis
658 1354 797 1408 vitio
854 1354 1182 1422 obcaecatis,
1240 1356 1453 1427 quique
1502 1357 1716 1411 idcirco
1764 1356 1997 1411 credere

341 1440 601 1513 amplius
634 1459 749 1496 non
782 1445 1043 1514 potuisse
1074 1444 1370 1516 dicuntur,
1404 1446 1463 1500 in
1494 1449 1694 1501 nostra
1735 1445 1805 1500 de
1852 1445 1995 1499 Lac-

340 1530 489 1585 tanti
525 1530 692 1586 libris
720 1531 1133 1588 dissertatione
1158 1536 1282 1604 jam
1315 1535 1768 1606 disputavimus,
1818 1539 1994 1605 atque

345 1619 500 1673 infra
532 1618 779 1675 articulo
810 1620 982 1676 tertio
1012 1620 1233 1693 aliquid
1268 1623 1457 1677 adhuc
1490 1622 1801 1677 dicendum
1848 1622 1991 1693 (Dis-

339 1716 517 1763 sertat
546 1710 603 1763 in
636 1709 894 1764 Lactant.
929 1726 1055 1781 cap.
1092 1711 1178 1775 16,
1212 1716 1321 1766 art.
1354 1712 1429 1779 2).

414 1814 615 1885 Neque
652 1814 761 1881 hic
811 1815 975 1870 stetit
1023 1815 1311 1871 indomita
1357 1821 1415 1871 et
1463 1833 1612 1872 caeca
1654 1816 1985 1871 Judacorum

342 1902 667 1975 pervicacia
700 1920 712 1958 :
746 1904 847 1958 sed
880 1920 1013 1958 cum
1062 1904 1327 1961 Christus
1373 1905 1653 1961 inauditis
1698 1905 1981 1959 hactenus

337 1990 645 2047 miraculis
674 2008 743 2047 ex
769 1992 969 2048 aeterni
1000 1993 1091 2048 sui
1122 1993 1307 2049 Patris
1338 1994 1469 2049 sinu
1500 2011 1562 2050 se
1591 1993 1819 2050 venisse
1849 1992 1986 2048 uni-

334 2079 554 2150 cuique
584 2081 1066 2137 manifestissime
1095 2083 1464 2153 patefaceret,
1489 2083 1610 2137 htec
1664 2082 1748 2137 illi
1800 2082 1981 2153 magi-

330 2167 419 2224 cis
471 2168 696 2225 artibus
740 2168 997 2224 tribuere
1045 2170 1173 2226 ausi
1221 2176 1379 2226 sunt.
1426 2171 1635 2226 Verum
1668 2171 1981 2237 enimvero,

334 2280 364 2307 «
401 2260 580 2321 Quem
611 2256 996 2326 solummodo,
1030 2258 1113 2313 ita
1140 2259 1330 2331 pergit
1350 2259 1764 2329 Tcrtullianus,
1800 2259 1983 2313 homi-

334 2361 473 2400 nem
508 2351 1005 2417 praasumpserant
1036 2348 1107 2401 de
1136 2347 1491 2413 humilitate,
1516 2348 1868 2418 sequebatur
1896 2346 1980 2400 uti

334 2450 574 2504 magum
607 2434 965 2489 aestimarent
1001 2436 1072 2490 de
1119 2440 1427 2507 potestate,
1477 2452 1611 2491 cum
1665 2433 1761 2489 ille
1810 2435 1980 2491 verbo

334 2522 627 2577 daemonia
660 2522 731 2577 de
765 2522 1104 2579 hominibus
1133 2529 1632 2593 excuteret,cascos
1664 2524 1981 2579 relumina-

332 2614 446 2677 ret,
481 2609 741 2680 leprosos
769 2646 786 2665 .
826 2650 838 2663 .
877 2652 890 2665 .
924 2612 1240 2667 ostendens
1269 2628 1396 2667 sese
1426 2610 1597 2683 Λόγην
1638 2611 1835 2681 Dci,id
1868 2617 1978 2678 est,

334 2698 597 2753 Verbum
630 2697 775 2753 illud
809 2697 1204 2769 primordiale,
1238 2700 1715 2773 primogenitum,
1764 2701 1980 2755 virtute

331 2792 395 2843 et
416 2786 635 2842 ratione
669 2785 880 2841 fultum
917 2810 945 2836 ››
978 2788 1336 2858 (Tertullian.
1387 2791 1663 2861 Apologet.
1716 2806 1841 2860 cap.
1886 2790 1976 2857 21,

332 2892 395 2948 p.
426 2876 571 2946 400).
609 2879 695 2931 Ita
726 2875 785 2931 in
817 2876 1050 2948 Rigaltii
1083 2877 1358 2933 editione.
1400 2882 1463 2931 In
1514 2878 1731 2933 nostris
1781 2882 1976 2932 autem

330 2965 660 3036 codicibus,
709 2970 768 3021 et
819 2971 990 3021 antea
1036 2966 1206 3022 editis
1239 2985 1251 3021 :
1290 2967 1583 3022 Ostendens
1612 2983 1669 3023 se
1696 2983 1826 3034 esse,
1860 2966 1978 3021 sive

327 3070 450 3111 sese
484 3054 725 3109 Verbum
754 3056 872 3125 Dei,
905 3054 961 3109 id
990 3063 1088 3123 est,
1118 3053 1306 3129 λόγον,
1336 3056 1512 3118 illud;
1557 3074 1623 3111 ac
1671 3060 1802 3127 post
1848 3071 1976 3109 ver-

328 3144 478 3199 bum
509 3144 732 3213 lultum,
766 3143 823 3197 in
856 3143 940 3199 eis
971 3144 1236 3199 additum
1268 3149 1375 3212 est,
1404 3146 1655 3201 eumdem
1685 3146 1778 3216 qui
1818 3144 1977 3199 verbo

330 3232 524 3287 omnia
573 3239 623 3286 et
665 3236 865 3301 faceret
910 3240 959 3287 et
1002 3235 1245 3303 fecisset.
1295 3234 1405 3289 Sed
1459 3222 1735 3304 quoniam
1790 3232 1982 3303 priora

326 3320 510 3376 verba
531 3336 563 3375 a
583 3320 831 3393 Rigaltio
852 3322 1209 3392 trausposita
1224 3321 1747 3395 fuerunt,aliquam
1773 3321 1981 3376 saltem

328 3425 441 3464 cur
472 3408 793 3479 posteriora
843 3408 1139 3477 deleverit,
1192 3411 1474 3465 rationem
1526 3410 1765 3464 reddere
1806 3409 1981 3464 debe-

328 3498 457 3553 bat.
495 3497 787 3566 Numquid
826 3501 1023 3552 autem
1058 3514 1124 3552 es
1175 3499 1395 3570 rejecit,
1446 3498 1533 3553 vel
1585 3499 1719 3569 quia
1766 3497 1843 3551 ibi
1894 3500 1984 3552 est

328 3584 731 3652 sulmcismus,
780 3586 867 3642 vel
920 3588 1059 3658 quia
1108 3587 1340 3643 inutilia
1380 3606 1507 3644 esse
1536 3588 1823 3642 abitratus
1853 3585 1983 3641 est?

331 3674 486 3740 Quid
523 3690 654 3728 vero
686 3674 734 3728 si
780 3691 1099 3746 pronomen
1155 3676 1398 3731 eumdem
1445 3677 1513 3731 ad
1566 3673 1726 3747 λόγον
1772 3676 1984 3729 refera-

330 3759 481 3816 tur?
508 3760 709 3816 Nonne
741 3762 796 3816 in
827 3762 1069 3817 Joannis
1101 3762 1410 3834 Evangelio
1442 3763 1712 3835 legimus,
1768 3763 1983 3817 Princi-

331 3852 497 3922 pium
527 3851 624 3921 qui
652 3854 704 3905 et
733 3851 923 3921 loquor
951 3852 1102 3907 vobis
1127 3854 1154 3905 ?
1186 3853 1361 3923 (Joan.
1394 3869 1515 3921 vm,
1542 3852 1653 3919 25.)
1687 3849 1982 3921 Numquid

330 3938 396 3993 in
430 3939 523 3993 bis
556 3940 750 3993 minor
774 3945 883 4009 est,
916 3956 1092 4010 quam
1138 3939 1198 3993 in
1249 3939 1593 3995 Tertulliani
1644 3938 1835 3994 verbis
1888 3954 1984 3993 so-

332 4024 682 4081 lcecismus?
713 4026 972 4097 Denique
1005 4026 1209 4081 ultima
1240 4026 1435 4093 verba,
1462 4043 1587 4097 quas
1621 4027 1677 4081 in
1710 4025 1985 4081 omnibus

332 4116 561 4170 nostris
593 4115 899 4170 codicibus
934 4116 1203 4186 legimus,
1236 4116 1387 4172 859
1422 4133 1523 4171 nec
1555 4115 1852 4187 superﬂua
1902 4114 1986 4169 vi-

332 4206 575 4270 dentur,
608 4220 712 4259 nec
747 4221 952 4276 parum
987 4205 1057 4259 ad
1091 4203 1435 4260 Tertulliani
1469 4206 1805 4260 conducunt
1853 4220 1977 4275 pro-

332 4293 623 4366 positum.

411 4400 597 4470 Major
628 4399 826 4470 itaque
857 4399 967 4454 fuit
996 4398 1229 4471 Rigaltii
1263 4399 1739 4471 diligentia,cum
1772 4398 1984 4454 ibidem

334 4487 597 4544 monitos
631 4486 876 4543 lectores
905 4504 1033 4544 esse
1061 4488 1264 4555 voluit,
1299 4488 1356 4542 in
1390 4488 1740 4558 quibusdam
1777 4489 1987 4541 Aucto-

334 4577 421 4634 ris
452 4577 638 4631 nostri
671 4580 728 4631 et
777 4577 1047 4649 Cypriani
1098 4576 1530 4647 exemplaribus
1580 4575 1690 4648 legi
1751 4576 1989 4646 quidem

339 4682 632 4735 magnum,
665 4666 766 4720 sed
802 4666 997 4737 aptius
1030 4666 1316 4736 scriptum
1342 4665 1521 4720 videri
1552 4682 1804 4733 magum.
1840 4666 1989 4719 Bene

338 4754 606 4824 quidem.
642 4753 1037 4809 Tcrtullianus
1068 4755 1223 4809 enim
1258 4758 1459 4824 postea
1490 4752 1635 4807 dixit
1668 4769 1679 4806 :
1717 4776 1741 4801 ‹‹
1778 4752 1989 4822 Ecquis

336 4841 444 4897 ille
474 4841 768 4909 Christus,
801 4858 934 4897 cum
970 4842 1167 4898 fabula
1196 4860 1325 4907 sua,
1358 4843 1406 4897 si
1440 4842 1610 4897 homo
1658 4841 1989 4896 communis

337 4929 721 4996 conditionis,
755 4930 803 4984 si
838 4932 1086 5002 magus?
1120 4953 1147 4981 ››
1180 4930 1442 5002 (Tertull.
1474 4930 1990 5001 Apologet.cap.20,

339 5035 474 5091 pag.
508 5019 623 5087 25.)
675 5016 790 5073 Nos
841 5035 1072 5089 quoque
1122 5024 1398 5089 prmtcrea
1444 5017 1883 5073 observavimus
1932 5017 1990 5071 in

338 5106 643 5161 Harlazano
694 5106 912 5174 codice,
962 5106 1059 5161 ubi
1108 5106 1357 5161 habetur
1402 5123 1681 5175 magnum,
1728 5104 1991 5176 apposita

340 5210 471 5250 esse
503 5195 619 5249 duo
654 5198 870 5265 puncta
901 5195 1054 5249 infra
1084 5194 1338 5251 litteram
1370 5213 1426 5265 η,
1451 5194 1666 5266 quibus
1699 5195 1995 5265 superflua

341 5283 712 5355 delendaque
740 5287 992 5338 notatur.
1041 5283 1385 5339 Tertulliani
1434 5300 1566 5339 vero
1612 5282 1773 5338 locus
1820 5300 1853 5337 a
1899 5286 1996 5354 Cy-

345 5372 554 5444 priano
589 5370 671 5425 sic
698 5371 1089 5442 transcriptus
1120 5376 1207 5427 est
1242 5388 1253 5427 :
1289 5396 1314 5423 α
1352 5372 1493 5427 Cum
1527 5371 1794 5427 Christus
1823 5370 1996 5426 Jesus

347 5460 674 5515 secundum
722 5477 755 5515 a
798 5460 1099 5532 prophetis
1145 5466 1279 5517 ante
1316 5460 1611 5532 praedicta,
1639 5460 1810 5515 verbo
1836 5465 1996 5514 etvo-

350 5548 435 5603 cis
506 5548 755 5619 imperio
814 5549 1102 5604 daemonia
1160 5551 1229 5605 de
1287 5548 1629 5604 hominibus
1677 5552 1992 5615 excuteret,

351 5635 707 5711 paralyticos
739 5637 1138 5714 restringeret,
1188 5639 1451 5711 leprosos
1499 5641 1795 5712 purgaret.
1835 5679 1848 5692 .
1883 5679 1896 5693 .
1935 5680 1948 5694 .
1983 5680 1997 5697 .

2112 557 2445 612 humilitate
2474 559 2669 614 carnis
2701 564 2757 614 et
2783 561 3063 630 corporis,
3098 562 3488 618 exstimabant
3518 581 3755 637 magum

2111 647 2180 701 de
2201 646 2434 701 licentia
2467 649 2792 717 potestatis,
2818 671 2844 697 ››
2872 650 2950 717 (et
2981 650 3131 719 apud
3162 651 3585 709 Tertullianum
3619 672 3752 711 nos-

2112 739 2269 789 trum
2300 736 2375 790 de
2402 737 2684 807 potestate)
2715 737 3057 808 Cyprian.de
3086 740 3582 813 ldolor.vanit.).1n
3615 760 3753 815 qua-

2110 828 2241 878 tuor
2269 841 2425 889 vero,
2459 842 2604 895 quos
2639 829 2789 879 nacti
2819 842 3046 896 sumus,
3090 829 3521 900 antiquioribus
3573 834 3751 904 hujus

2109 912 2378 983 Cypriani
2412 912 2578 968 libris
2610 916 3029 987 manuscriptis
3060 917 3359 973 codicibus
3388 919 3603 991 legitur
3630 939 3749 977 ma-

2108 1018 2299 1070 gnum,
2335 1003 2390 1056 in
2425 1002 2556 1057 aliis
2588 1007 2780 1057 autem
2813 1020 3053 1075 magum.
3091 1010 3496 1063 Verumtamen
3556 1015 3747 1081 poste-

2110 1090 2227 1143 rior
2255 1090 2376 1145 hmo
2408 1090 2575 1146 lectio
2626 1090 2792 1146 alteri
2852 1097 3242 1165 praeponenda
3297 1097 3556 1164 videtur;
3613 1100 3751 1169 quia

2109 1183 2352 1249 uterque
2407 1178 2644 1234 disserit
2702 1182 2770 1235 de
2823 1182 3019 1236 divina
3049 1183 3260 1238 Christi
3296 1188 3601 1255 potestate,
3633 1203 3751 1258 qua

2108 1267 2390 1322 miracula
2421 1270 2843 1339 propemodum
2877 1271 3187 1338 infinita,et
3218 1272 3330 1328 huc
3363 1291 3549 1346 usque
3580 1276 3747 1332 inau-

2107 1355 2227 1409 dita
2258 1356 2485 1426 edebat,
2550 1374 2677 1428 quae
2737 1358 3235 1429 impudentissimi
3293 1362 3748 1420 calumniatores

2103 1443 2289 1498 Judmi
2324 1445 2566 1514 magicis
2599 1444 2759 1500 illius
2792 1448 3017 1501 artibus
3040 1448 3328 1503 ascribere
3348 1450 3474 1505 ausi
3494 1452 3743 1507 fuerant.

2102 1533 2180 1584 De
2213 1530 2304 1584 his
2332 1536 2525 1591 autem
2560 1532 2771 1586 Christi
2805 1533 3137 1602 miraculis,
3168 1535 3384 1606 quibus
3433 1538 3745 1596 evidentis-

2102 1618 2248 1673 sime
2279 1620 2680 1690 comprobavit
2706 1636 2765 1675 se
2793 1638 2920 1677 esse
2952 1623 3052 1677 Dei
3089 1623 3320 1693 Filium,
3353 1630 3409 1681 et
3438 1633 3743 1699 assumpto

2100 1724 2338 1780 corpore
2370 1710 2647 1777 humano,
2679 1711 2857 1765 vitam
2885 1715 3074 1784 egisse
3105 1716 3434 1785 mortalem,
3466 1717 3524 1771 in
3566 1734 3742 1790 supe-

2100 1797 2234 1851 riori
2266 1798 2511 1869 aliisque
2533 1799 3044 1858 dissertationibus
3066 1805 3283 1860 nostris
3302 1805 3737 1877 disputavimus

2094 1886 2353 1953 (Dissert.
2387 1890 2443 1941 in
2478 1888 2731 1943 Lactant.
2764 1905 2888 1961 cap.
2924 1893 2977 1957 9,
3011 1896 3118 1946 art.
3150 1894 3184 1946 2
3214 1898 3270 1947 et
3299 1909 3464 1965 seqq.
3499 1910 3624 1968 cap.
3648 1896 3735 1967 18,

2093 1978 2203 2030 art.
2234 1975 2306 2045 3)-

2691 2136 3008 2177 ARTICULUS
3046 2139 3129 2178 Ill.

2094 2236 2372 2310 Christum
2395 2234 2660 2310 violentis
2688 2234 3029 2310 Judzorum
3061 2239 3360 2308 suffragiis,
3420 2242 3558 2294 sicut
3616 2244 3735 2310 ipse

2164 2306 2502 2374 prmdixerat
2547 2308 2605 2359 in
2653 2323 2874 2361 crucem
2902 2306 3353 2379 arPilato‘Sy’riae
3383 2306 3733 2375 procuratore
3784 2368 3787 2375 _

2162 2382 2367 2441 actum,
2400 2382 2588 2446 sponte
2617 2382 2667 2430 et
2692 2394 2814 2431 cum
2844 2378 3002 2431 verbo
3030 2378 3294 2448 spiritum
3324 2381 3630 2442 dimisisse;
3670 2383 3735 2439 de

2158 2449 2430 2573 solislttum
2459 2448 2730 2519 deliquio,
2766 2450 2826 2502 in
2856 2464 3067 2503 arcana
3098 2451 3290 2520 relato,
3321 2468 3384 2505 ac
3412 2453 3479 2507 de
3530 2453 3736 2510 Christi

2159 2536 2291 2573 seou
2345 2536 2466 2573 ura.

2159 2524 2466 2590 sepultura.

2160 2638 2503 2704 Quanquam
2536 2638 2621 2688 tot
2648 2637 2886 2705 tamque
2941 2636 3233 2707 stupenda
3287 2637 3500 2692 Christi
3554 2639 3731 2694 mira-

2089 2724 2220 2779 cula
2250 2722 2636 2778 invictissime
2667 2724 2946 2779 adversus
2975 2725 3229 2790 Judmos,
3251 2743 3315 2780 ac
3347 2744 3731 2799 quoscunque

2089 2810 2233 2865 alios
2266 2810 2427 2865 illum
2462 2827 2589 2865 vere
2626 2813 2802 2866 Deum
2835 2816 2891 2866 et
2928 2812 3225 2867 hominem
3260 2814 3464 2882 fuisse,
3495 2831 3562 2870 ac
3592 2831 3727 2870 cum

2088 2898 2426 2954 hominibus
2458 2898 2670 2954 vixisse
2698 2900 3132 2967 demonstrent;
3166 2901 3276 2957 hoc
3331 2906 3527 2958 tamen
3586 2904 3725 2958 Ter-
3756 2946 3765 2951 -

2086 2987 2370 3042 tullianus
2429 2988 2571 3041 satis
2601 2988 2713 3042 sibi
2737 3006 2851 3043 non
2885 3005 3013 3043 esse
3044 2989 3359 3044 arbitratus
3392 2996 3495 3044 est.
3532 2992 3728 3063 Pergit

2088 3076 2265 3143 enim,
2300 3091 2405 3130 nec
2436 3076 2632 3131 minus
2662 3075 2989 3131 luculenter
3021 3078 3386 3132 demonstrat
3432 3078 3487 3132 id
3540 3079 3732 3135 adhuc

2011 3202 2054 3269 Ο
2090 3164 2336 3219 stabiliri
2370 3164 2822 3236 confirmarique
2853 3181 3024 3236 posse
3054 3165 3184 3221 aliis
3214 3165 3508 3222 similibus
3556 3168 3733 3222 mira-

2092 3253 2259 3319 culis,
2291 3270 2415 3321 quae
2447 3254 2517 3307 ab
2548 3252 2647 3307 illo
2679 3258 2812 3307 ante
2841 3259 2898 3308 et
2930 3259 3059 3325 post
3090 3260 3334 3308 mortem
3377 3255 3530 3309 edita
3570 3259 3733 3310 sunt.

2090 3343 2233 3397 Eum
2268 3357 2402 3413 ergo
2434 3346 2835 3413 sequamur,et
2866 3342 2935 3397 de
2964 3341 3065 3397 illa
3095 3342 3305 3397 Christi
3338 3348 3522 3397 morte
3548 3343 3735 3398 disse-

2092 3435 2314 3485 rentem
2344 3429 2705 3485 audiamus:
2739 3453 2765 3479 «
2812 3430 2896 3484 Ad
2949 3430 3299 3495 doctrinam,
3350 3430 3561 3501 inquit,
3612 3431 3739 3502 ejus

2093 3517 2231 3589 quia
2287 3516 2694 3588 (manuscripti
2756 3517 3005 3586 Codices,
3063 3520 3193 3588 qua)
3270 3517 3740 3583 revincebantur,

2096 3605 2381 3676 magistri,
2420 3605 2823 3676 primoresque
2851 3604 3297 3672 Judaaorumﬁta
3326 3606 3745 3677 exasperaban-

2094 3700 2210 3760 tur,
2245 3694 2498 3749 maxime
2532 3696 2687 3764 quod
2717 3695 2787 3748 ad
2846 3711 2978 3748 eum
3016 3694 3221 3766 ingens
3273 3693 3589 3750 multitudo
3642 3696 3739 3751 de-

2095 3783 2375 3848 llecteret,
2410 3787 2472 3835 ut
2504 3787 2802 3852 postremo
2834 3782 3089 3836 oblatum
3127 3782 3324 3837 Pontio
3373 3782 3580 3850 Pilato,
3632 3784 3739 3855 Sy-

2095 3872 2240 3923 riam
2288 3874 2427 3923 tunc
2475 3886 2540 3923 ex
2576 3877 2737 3940 parte
2782 3870 3044 3925 Romana
3076 3871 3433 3941 procuranti,
3466 3870 3741 3927 violentia

2092 3956 2504 4027 suilragiorum
2537 3956 2593 4011 in
2624 3974 2792 4012 cruce
2823 3958 3233 4028 (manuscripti
3269 3957 3515 4022 codices,
3535 3960 3739 4029 Iesum)

2092 4045 2225 4099 dedi
2261 4044 2371 4099 sibi
2405 4046 2751 4099 extorserint
2787 4068 2813 4092 ››
2840 4044 3106 4111 (Tertull.
3144 4043 3381 4115 Apolog.
3416 4062 3541 4115 cap.
3582 4046 3741 4116 21,p.

2095 4134 2238 4202 400).
2297 4131 2615 4203 Cyprianus
2674 4148 2806 4186 vero
2869 4132 2988 4186 haec
3046 4133 3117 4186 ab
3153 4136 3396 4187 Auctore
3431 4136 3627 4186 nostro
3660 4132 3743 4186 sic

2097 4225 2399 4275 mutuatus
2446 4224 2556 4287 est,
2586 4225 2650 4273 ut
2689 4220 2952 4289 quaedam
2985 4220 3163 4274 etiam
3197 4220 3553 4291 decerpserit
3586 4218 3745 4275 illius

2094 4310 2271 4364 verba
2303 4326 2314 4363 ε
2351 4331 2378 4358 ‹‹
2412 4309 2602 4376 Hunc,
2638 4309 3131 4380 inquit,magistri
3163 4308 3747 4377 eorum,Judzeorum,

2097 4403 2271 4470 atque
2295 4398 2723 4469 primores,hoc
2746 4401 2853 4465 est,
2880 4414 3028 4468 quos
3059 4404 3111 4451 el
3142 4396 3408 4450 doctrina
3443 4394 3540 4451 ille
3571 4401 3627 4451 et
3658 4412 3751 4451 sa-

2098 4487 2317 4557 pientia
2371 4486 2721 4549 revincebat,
2757 4486 2912 4539 860
2959 4486 3188 4540 accensi
3238 4485 3344 4551 ira,
3374 4489 3431 4539 et
3479 4483 3749 4557 indigna-

2026 4560 2069 4623 Ῑ)
2103 4576 2257 4631 tione
2288 4575 2601 4647 provocati,
2636 4580 2932 4645 postremo
2966 4574 3267 4628 detentum
3299 4573 3507 4628 Pontio
3540 4573 3751 4640 Pilato,

2104 4666 2200 4735 qui
2234 4669 2375 4718 tunc
2434 4680 2500 4717 ex
2559 4667 2719 4733 parte
2778 4662 3039 4716 Romana
3092 4661 3319 4732 Syriam
3377 4662 3747 4732 procurabat,

2104 4751 2496 4815 tradiderunt,
2550 4766 2779 4803 crucem
2831 4750 2980 4819 ejus,
3042 4754 3097 4803 et
3156 4753 3401 4805 mortem
3455 4749 3749 4820 suﬂ‘ragiis

2102 4839 2372 4895 violentis
2402 4856 2469 4893 ac
2502 4837 2898 4907 pertinacibus
2931 4838 3261 4909 ﬂagitantes
3296 4860 3325 4887 ››
3360 4838 3655 4909 (Cyprian.
3683 4838 3749 4894 de

2102 4929 2299 4983 Idolor.
2359 4927 2580 4997 mnia).
2644 4926 2804 4991 Quod
2874 4931 3068 4981 autem
3134 4930 3375 4996 uterque
3426 4943 3492 4981 ac
3547 4931 3751 4996 postea

2104 5015 2442 5071 Lactantius
2466 5020 2585 5070 tam
2606 5014 2819 5068 diserte
2843 5013 3138 5085 appellant
3161 5012 3407 5069 Pilatum
3431 5013 3603 5085 Syria:
3624 5031 3753 5086 pro-

2104 5110 2453 5163 curatorem.
2488 5104 2597 5157 hoc
2630 5120 2743 5157 non
2777 5108 2935 5157 caret
2967 5102 3313 5158 difﬁcultate
3349 5120 3361 5157 :
3396 5103 3495 5157 sed
3530 5118 3658 5159 eam
3693 5105 3753 5159 in

2109 5196 2308 5247 nostra
2340 5192 2408 5247 ad
2442 5192 2621 5261 hujus
2652 5190 2832 5246 libros
2863 5190 3277 5245 dissertatione
3324 5191 3581 5247 enodare
3629 5196 3756 5248 ten-

2104 5281 2382 5336 tavimus.
2436 5280 2734 5335 Rationem
2770 5295 3003 5351 quoque
3036 5278 3404 5335 reddidimus
3435 5295 3541 5336 cur
3567 5280 3755 5336 Judaai

2106 5370 2381 5425 dicantur
2409 5369 2677 5424 doctrina
2708 5368 2919 5424 Christi
2949 5369 3290 5439 exasperati,
3315 5367 3425 5424 hoe
3454 5373 3562 5433 est,
3584 5386 3752 5439 aspe-

2108 5459 2293 5513 riores
2328 5457 2486 5525 facti,
2520 5459 2662 5526 sive,
2696 5463 2758 5513 ut
2786 5459 2865 5513 ait
2894 5458 3237 5530 Cyprianus,
3282 5461 3372 5514 ira
3410 5463 3460 5513 et
3506 5457 3748 5528 indigni-

2067 5558 2080 5570 ·
2108 5551 2220 5601 tute
2246 5546 2495 5617 accensi,
2530 5548 2669 5618 quia
2698 5546 2885 5619 legem
2930 5564 3128 5602 eorum
3178 5546 3437 5603 solvebat
3486 5548 3542 5599 et
3588 5545 3743 5600 anti-

2110 5636 2328 5709 quabat
2356 5638 2657 5710 (Dissertat.
2690 5638 2755 5695 in
2782 5638 3033 5697 Lactant.
3068 5652 3117 5694 c.
3156 5636 3239 5708 18,
3271 5637 3385 5695 art.
3422 5633 3499 5705 2).
