4118 6182
452 373 571 436 947

977 369 1507 430 TERTULLIANI
1552 369 1871 431 OPERUM
1916 369 2119 431 PARS
2164 370 2215 431 Ι.
2247 400 2323 414 -
2352 368 2628 430 SERIES
2673 369 2723 441 Ι,
2768 367 3338 429 APOLOGETICA.

3699 374 3805 434 9&8

526 502 703 559 Addit
732 503 928 556 autem
961 499 1356 555 Tertullianus
1392 518 1404 555 :
1442 522 1470 551 ‹‹
1502 500 1848 556 Ρπωάὶχοιοειι
1894 504 1949 556 et
1979 501 2105 573 ipse
2135 504 2188 569 Α
2220 500 2436 572 inquit,
2470 503 2791 570 momento,
2814 516 2929 571 quo
2961 499 3219 554 animam
3247 498 3464 570 agebat,
3485 500 3617 570 dies,
3636 502 3806 557 orbem

460 593 541 649 ita
573 592 850 649 facturos.
883 594 1097 645 Parum
1134 590 1239 645 hoc
1271 589 1353 661 (in
1406 590 1829 661 manuscriptis
1877 590 2111 645 deside-

461 685 628 739 ratur
657 695 979 752 pronomen
1011 678 1151 749 hoc).
1204 678 1251 733 si
1303 695 1419 734 non
1468 683 1525 734 et
1573 678 1865 751 propheta:
1897 682 2049 735 retro
2081 702 2109 728 »

460 768 724 844 (Tertull.
770 769 1049 839 Apotoget.
1103 784 1229 840 cap.
1291 768 1382 836 21,
1434 784 1567 839 pag.
1631 769 1774 837 401).
1829 768 1941 823 Sed
1991 768 2111 823 haec

464 856 638 930 paulo
671 856 860 913 fusius
890 855 1266 927 apertiusque
1296 872 1330 910 a
1354 855 1635 927 Cypriano
1666 855 1758 909 his
1789 855 1981 909 verbis
2010 871 2109 910 ex-

460 945 673 1019 plicata
704 950 878 1001 sunt:
906 966 933 993 «
959 944 1073 1000 Hoc
1104 959 1203 999 eos
1229 944 1482 999 facturos
1512 948 1570 999 et
1592 944 1715 1015 ipse
1747 943 2108 1014 praedixerat,

462 1039 520 1092 et
568 1034 988 1107 prophetarum
1049 1034 1313 1088 omnium
1374 1032 1777 1087 testimonium
1838 1032 1922 1088 sic
1978 1037 2112 1087 ante

460 1127 853 1198 praecesserat,
885 1127 1150 1195 oportere
1197 1122 1363 1176 illum
1415 1122 1557 1193 pati,
1591 1126 1657 1176 ut
1704 1138 1817 1177 non
1872 1121 2114 1177 sentiret

459 1217 691 1269 tantum
726 1216 994 1277 mortem,
1028 1212 1128 1266 sed
1162 1214 1226 1266 ut
1254 1210 1511 1266 vinceret
1537 1233 1555 1258 -
1584 1210 1875 1282 (Cyprian.
1898 1210 1966 1264 de
1996 1210 2110 1265 Ido-

458 1302 561 1358 ιον.
592 1303 815 1370 vanit.).
849 1304 971 1367 Quo
1004 1305 1198 1356 autem
1234 1300 1404 1355 modo
1455 1300 1720 1355 Christus
1752 1299 2109 1353 inferendam

461 1391 576 1448 sibi
598 1408 632 1446 a
659 1390 878 1446 Judaais
912 1405 1111 1443 necem
1146 1387 1498 1460 praedixerit,
1524 1405 1637 1443 non
1672 1404 1824 1443 unus
1853 1393 2111 1456 tantum,

460 1480 562 1536 sed
608 1494 812 1534 omnes
857 1476 1226 1550 evangelista:
1278 1477 1534 1532 maximo
1585 1476 1757 1548 plane
1815 1492 2104 1532 consensu

464 1567 761 1624 testiﬁcati
782 1571 940 1623 sunt.
966 1568 1050 1621 Ab
1072 1567 1218 1638 ipsis
1240 1582 1476 1637 quoque
1508 1566 1721 1620 veteris
1750 1564 2112 1620 Testamenti

467 1656 767 1731 prophetis
817 1654 1225 1711 annuntiatam
1268 1654 1447 1710 fuisse
1477 1653 1615 1709 alibi
1650 1654 2039 1710 osteudimus.

540 1782 690 1837 Tum
722 1780 931 1836 deinde
959 1781 1176 1835 Auctor
1204 1782 1402 1834 noster
1437 1795 1449 1832 :
1485 1799 1513 1827 «
1543 1781 1610 1831 Et
1639 1782 1835 1832 tamen
1866 1777 2115 1834 sufﬁxus

470 1870 630 1926 cruci
662 1870 939 1941 spiritum
973 1885 1106 1923 cum
1150 1869 1325 1923 verbo
1376 1866 1622 1932 dimisit,
1657 1870 1946 1937 praevento
1986 1883 2114 1921 car-
2146 1870 2192 1935 B

466 1958 661 2013 niﬁcis
701 1958 891 2013 ofﬁcio
920 1978 947 2005 ‹‹
972 1956 1189 2025 (Matth.
1214 1973 1305 2025 xx,
1330 1955 1537 2024 18,49;
1571 1954 1732 2009 Marc.
1766 1972 1821 2023 χ,
1854 1955 1925 2009 35
1948 1972 1960 2022 ;
1983 1957 2112 2010 Luc.

460 2063 520 2114 ι,
549 2046 619 2100 33
648 2050 705 2100 et
732 2061 893 2111 xvm,
926 2045 991 2099 31
1020 2061 1033 2112 ;
1066 2045 1222 2100 Joan.
1255 2060 1339 2110 ιιι,
1373 2044 1427 2110 4,
1458 2044 1529 2110 8;
1562 2045 1685 2097 Act.
1720 2059 1820 2109 xxi,
1850 2043 1955 2110 32;
1988 2045 2114 2098 Di:-

461 2139 657 2190 sertat.
691 2137 752 2189 in
783 2138 1030 2190 Lactant.
1064 2149 1191 2202 cap.
1225 2134 1279 2201 8,
1311 2137 1424 2195 art,
1468 2134 1539 2199 2;
1574 2130 1918 2187 Tertullian.
1954 2131 2113 2203 Apol.

463 2240 593 2293 cap.
625 2223 720 2287 21,
753 2240 809 2293 p.
846 2221 991 2291 401).
1029 2225 1114 2275 Ita
1144 2220 1383 2291 quidem
1419 2219 1724 2290 Rigaltius.
1759 2221 1870 2275 Sed
1903 2220 2115 2275 miram

394 2330 399 2341 ο
465 2310 640 2383 plane
672 2310 905 2365 adverte
935 2309 1042 2376 ibi,
1064 2308 1218 2363 sicut
1246 2307 1408 2376 alibi,
1437 2310 1566 2379 ejus
1597 2307 2116 2381 diligentiam.Non

470 2399 650 2455 aliam
683 2398 898 2470 quippe
947 2398 1167 2453 notavit
1212 2397 1502 2452 diversam
1536 2396 1864 2465 lectionem,
1900 2398 2035 2468 nisi,
2068 2407 2119 2454 et

475 2488 718 2555 tandem,
752 2503 877 2558 pro,
908 2491 959 2541 ct
989 2494 1191 2542 tamen.
1226 2490 1296 2540 At
1334 2484 1392 2540 in
1437 2485 1714 2541 omnibus
1745 2486 1962 2541 nostris
1993 2502 2119 2540 ma-

477 2575 795 2647 nuscriptis
817 2574 1274 2645 exemplaribus,
1305 2574 1457 2629 sicut
1491 2577 1547 2629 et
1575 2579 1747 2629 antea
1776 2574 1971 2641 editis,
1998 2573 2120 2630 hac

473 2664 768 2719 habentur
791 2680 804 2717 :
826 2686 853 2712 «
889 2663 957 2718 Et
986 2667 1179 2717 tamen
1212 2662 1481 2729 sufﬁxus,
1516 2663 1701 2717 multa
1726 2662 1929 2718 mortis
1959 2661 2118 2717 illius

472 2752 710 2825 prOpria
740 2750 994 2807 ostendit
1016 2750 1292 2821 insignia.
1316 2750 1458 2804 Nam
1492 2750 1764 2821 spiritum
1788 2767 1921 2805 cum
1946 2753 2117 2806 verbo

472 2845 681 2912 sponte
711 2838 952 2909 dimisit,
985 2843 1271 2910 praevento
1302 2838 1593 2894 carniﬁcis
1624 2838 1835 2894 ofﬁcio.
1862 2861 1889 2887 »
1919 2840 1976 2893 Si
2000 2855 2121 2893 om-

472 2930 571 2984 nia
598 2934 794 2983 autem
828 2928 947 2983 hinc
976 2929 1150 2983 verba
1195 2926 1444 2996 Rigaltio
1475 2944 1589 2982 non
1623 2928 1980 2992 arridebant,
2016 2945 2121 2983 cur

470 3017 633 3074 nulla
650 3018 788 3073 data
810 3018 1054 3087 ratione,
1078 3020 1135 3072 et
1157 3015 1257 3071 illa
1280 3016 1543 3085 abstulit,
1568 3020 1624 3071 et
1648 3017 1889 3071 verbum
1911 3026 2119 3089 sponte,

472 3106 627 3178 quod
678 3106 831 3178 apud
891 3105 1267 3177 Cyprianum,
1318 3104 1665 3159 Tertulliani
1732 3110 2116 3175 sequestrem,

473 3196 777 3266 fidumque
827 3194 1203 3264 interpretem
1252 3192 1336 3247 sic
1382 3192 1597 3263 legitur
1644 3210 1657 3247 :
1708 3215 1737 3243 «
1772 3192 2117 3259 Cruciﬁxus,

478 3285 769 3354 prasvento
800 3280 1093 3335 carniﬁcis
1124 3280 1337 3345 ofﬁcio,
1378 3280 1656 3350 spiritum
1706 3286 1913 3352 sponte
1943 3281 2117 3335 dimi-

475 3369 555 3425 sit
586 3391 613 3417 »
644 3368 935 3440 (Cyprian.
967 3368 1032 3423 de
1070 3368 1269 3423 Idolor.
1305 3367 1524 3439 venit).
1584 3368 1786 3424 Nonne
1833 3369 2119 3441 Rigaltius

478 3456 803 3528 intelligere
824 3456 961 3511 hinc
982 3456 1173 3527 potuit
1193 3456 1395 3511 eadem
1411 3471 1540 3511 esse
1562 3456 1906 3512 Tertulliani
1923 3458 2118 3523 verba,

481 3561 608 3616 quis
651 3544 974 3617 Cyprianus
1025 3544 1083 3598 in
1134 3543 1314 3614 hujus
1362 3545 1692 3614 Apologetici
1734 3546 1930 3600 codice
1961 3545 2118 3601 haud

480 3633 657 3688 dubie
684 3632 942 3702 legerat?
990 3630 1286 3703 Numquid
1318 3631 1491 3687 etiam
1523 3632 1740 3687 oblitus
1782 3633 1988 3700 fuerat,
2021 3639 2121 3689 aut

481 3719 857 3785 dissimulare
888 3720 1078 3791 potuit
1099 3721 1254 3791 quod
1285 3737 1319 3775 a
1349 3721 1650 3776 Lactantio
1682 3721 1954 3777 similiter
1981 3724 2119 3778 scri-

478 3812 649 3881 ptum
681 3808 1117 3864 observavimus
1141 3825 1153 3863 :
1180 3832 1207 3858 «
1240 3812 1574 3880 Suspensus
1595 3813 1768 3881 atque
1794 3810 2001 3866 afﬁxus
2023 3828 2118 3866 ex-

478 3896 752 3953 clamavit
781 3898 854 3953 ad
900 3897 1215 3952 Dominum
1246 3914 1385 3953 voce
1414 3913 1646 3969 magna,
1678 3902 1735 3953 et
1764 3897 1916 3953 ultro
1943 3900 2116 3970 spiri-

476 3990 606 4041 tum
637 3985 835 4058 posuit
864 4007 892 4034 υ
923 3986 1223 4057 (Dissertat.
1254 3987 1316 4040 in
1348 3988 1597 4042 Lactant.
1633 4003 1759 4059 cap.
1795 3987 1879 4054 18,
1903 3991 2011 4041 art.
2042 3988 2118 4058 3).

475 4075 673 4130 Obiter
701 4078 897 4130 autem
932 4076 1165 4130 adverte
1196 4074 1288 4130 his
1318 4075 1529 4144 verbis,
1563 4091 1683 4131 voce
1709 4090 1932 4146 magna,
1966 4076 2120 4131 idem

476 4162 793 4235 signiﬁcari
824 4172 1000 4233 atque
1030 4163 1122 4218 his
1169 4163 1512 4219 Tertulliani
1557 4163 1763 4229 nostri,
1795 4180 1920 4218 cum
1962 4166 2122 4220 verba

475 4252 706 4306 dimisit.
731 4251 802 4307 Ut
828 4252 963 4322 quid
991 4252 1227 4307 tandem
1253 4252 1539 4324 Rigaltius
1570 4251 1683 4307 alia
1712 4252 1933 4307 abrasit
1963 4254 2119 4323 ejus-

477 4340 608 4395 dem
658 4339 1004 4395 Tertulliani
1050 4340 1243 4409 verba,
1277 4342 1492 4411 quibus
1543 4341 1821 4394 adversus
1861 4341 2119 4409 Judasos,

477 4428 741 4499 aliosque
786 4429 1031 4500 probare
1080 4429 1260 4484 voluit
1305 4428 1602 4484 Christum
1635 4433 1814 4483 Deum
1845 4438 1899 4483 et
1931 4428 2118 4484 homi-

475 4531 608 4571 nem
651 4522 857 4587 sponte
904 4535 1009 4573 sua
1055 4533 1184 4573 esse
1236 4521 1555 4584 mortuum,
1615 4517 2116 4587 quemadmodum

473 4614 626 4669 facta
656 4618 794 4669 tunc
822 4616 893 4670 ab
926 4631 992 4670 eo
1025 4613 1310 4670 miracula
1338 4614 1868 4669 demonstrabant?

550 4746 694 4802 861
736 4747 899 4813 Quod
930 4761 1063 4801 vero
1113 4744 1230 4813 ille,
1277 4762 1343 4801 ac
1390 4749 1595 4819 postea
1651 4745 1974 4818 Cyprianus
2030 4746 2118 4802 di-

470 4839 634 4905 cunt,
689 4838 968 4905 praevento
1015 4833 1293 4901 carniﬁcis
1344 4835 1543 4902 ofﬁcio,
1594 4833 1734 4889 illud
1787 4834 2020 4905 planius
2059 4840 2115 4891 et

469 4923 777 4979 enodatius
806 4921 898 4977 his
930 4921 1209 4976 Lactantii
1249 4922 1441 4976 verbis
1479 4921 1803 4993 explicatur
1835 4940 1850 4980 :
1888 4941 1909 4970 ι
1944 4923 2113 4978 Fixus

471 5028 605 5067 cum
638 5010 907 5081 spiritum
954 5009 1345 5078 deposuisset,
1380 5011 1777 5066 necessarium
1808 5011 2114 5067 carniﬁces

472 5116 587 5154 non
628 5102 980 5168 putaverunt
1024 5113 1158 5151 ossa
1205 5098 1334 5167 ejus
1381 5098 1747 5170 suﬁ‘ringere,
1782 5099 1935 5153 sicut
1984 5114 2110 5154 mos

471 5201 673 5241 eorum
708 5186 928 5241 ferebat
960 5207 987 5234 »
1021 5185 1307 5256 (Lactant.
1333 5203 1405 5256 iv,
1434 5187 1616 5242 Divin.
1649 5188 1827 5242 Instit.
1862 5187 2106 5259 cap.26).

466 5274 547 5330 De
577 5272 686 5327 hoc
716 5278 910 5327 autem
945 5289 1103 5329 more
1150 5273 1382 5345 Lipsius
1412 5275 1693 5346 disputat,
1730 5291 1901 5347 quem
1938 5274 1985 5330 si
2016 5274 2104 5330 lu-

466 5361 564 5416 bet
593 5365 650 5415 et
678 5365 861 5428 vacat,
891 5361 1052 5416 adire
1090 5362 1305 5432 poteris
1348 5363 1529 5435 (Lips.
1586 5362 1690 5418 lib.
1732 5380 1771 5417 ii
1819 5364 1883 5420 de
1915 5364 2105 5431 Cruce,

466 5466 591 5521 cap.
635 5448 723 5513 14,
756 5464 889 5520 pag.
921 5450 1046 5517 663,
1080 5450 1326 5521 tom.j3).

537 5587 968 5653 Prosequamur
1016 5580 1273 5651 interim,
1320 5585 1395 5648 et,
1442 5580 1581 5652 quid
1616 5582 1687 5637 de
1716 5582 1944 5639 Christo
1976 5600 2102 5640 mo-

462 5672 647 5731 riente
698 5670 875 5727 addat
930 5669 1347 5740 Tertullianus,
1405 5669 1709 5727 videamus
1742 5686 1755 5727 :
1788 5693 1815 5721 «
1867 5672 2103 5742 Eodem,

2222 590 2489 660 signante
2519 588 2662 656 sole,
2695 589 2986 643 subducta
3014 592 3121 644 est.
3157 587 3477 658 Deliquium
3508 588 3690 659 utique
3718 608 3808 661 pu-

2219 683 2508 746 taverunt,
2542 678 2640 751 qui
2675 679 2732 732 id
2766 694 2996 749 quoque
3028 694 3205 748 super
3233 677 3454 733 Christo
3479 678 3810 748 praedicatum

2222 782 2334 821 non
2368 767 2675 823 scierunt»
2704 766 2971 839 (Tertull.
2998 767 3280 838 Apologet.
3311 782 3435 837 cap.
3456 767 3540 834 21,
3563 768 3811 839 pagJiOl).

2222 855 2287 910 Et
2339 855 2460 910 ham
2508 856 2767 927 quidem,
2802 871 2907 911 nec
2959 855 3126 925 plura
3186 854 3455 926 leguntur
3485 856 3538 909 in
3576 856 3814 913 omnibus

2220 944 2539 1011 codicibus,
2586 961 2720 999 cum
2773 944 2946 1000 editis
2999 944 3449 1015 antiquioribus,
3492 946 3608 998 tum
3663 961 3816 1001 manu

2220 1032 2481 1104 qualibet
2524 1034 2794 1090 exaratis.
2828 1034 2934 1089 Sed
2970 1033 3025 1087 in
3058 1033 3310 1088 editione
3353 1049 3459 1087 sua
3499 1032 3608 1087 haec
3638 1033 3818 1103 adjecit

2222 1122 2505 1191 Rigaltius
2560 1140 2571 1177 :
2630 1123 2856 1177 Ratione
2910 1138 3019 1176 non
3089 1120 3441 1192 deprehensa,
3503 1126 3816 1191 negaverunt.

2220 1212 2404 1281 Atque
2434 1212 2515 1266 ita
2544 1210 2639 1266 ille
2701 1210 2877 1265 textui
2902 1209 3243 1265 Tertulliani
3277 1208 3396 1265 haec
3427 1209 3656 1275 addidit,
3676 1209 3818 1264 sicuti

2223 1317 2338 1354 non
2372 1317 2558 1371 pauca
2589 1300 2859 1371 pluribus
2891 1299 3021 1353 aliis
3052 1299 3109 1352 in
3151 1298 3292 1353 locis
3324 1314 3392 1353 ex
3419 1314 3483 1353 eo
3520 1297 3803 1353 abstulerat

2226 1387 2382 1445 Unde
2409 1392 2603 1443 autem
2638 1387 2737 1442 illa
2766 1386 3164 1458 desumpserit
3186 1386 3353 1441 nobis
3380 1402 3479 1442 nec
3502 1386 3593 1441 ille
3616 1386 3821 1455 indicat,

2224 1492 2329 1531 nec
2360 1476 2622 1531 divinare
2654 1476 2857 1547 utique
2884 1492 3222 1547 possumus.
3252 1476 3483 1530 Duobus
3504 1491 3683 1529 autem
3706 1491 3823 1529 usus

2222 1573 2306 1620 est
2356 1564 2779 1636 manuscriptis
2829 1564 3007 1635 hujus
3056 1563 3193 1618 libri
3242 1564 3559 1633 codicibus,
3607 1564 3823 1618 Puteanc

2222 1658 2278 1709 et
2307 1653 2629 1723 Pithceano,
2674 1670 2738 1707 ac
2789 1652 2965 1707 variis
3013 1651 3322 1708 Fuldensis
3353 1651 3702 1707 lectionibus.
3732 1652 3823 1705 Pu-

2222 1744 2461 1795 teanum
2519 1746 2714 1796 autem
2780 1741 3127 1809 antiquitate
3186 1756 3295 1795 sua
3351 1740 3741 1809 venerandum,
3782 1742 3827 1793 et

2228 1830 2631 1885 Philhmanum
2668 1847 2784 1901 prie
2815 1829 3091 1885 manibus
3121 1829 3429 1899 habemus,
3454 1829 3508 1883 in
3534 1828 3730 1900 quibus
3752 1844 3825 1882 su-

2223 1919 2527 1990 peraddita
2558 1918 2657 1972 illa
2700 1920 2876 1974 verba
2924 1935 3040 1973 non
3090 1923 3425 1973 occurrunt.
3457 1918 3656 1973 Notare
3680 1917 3829 1987 igitur

2224 2005 2515 2077 Rigaltius
2542 2006 2791 2060 debebat
2828 2010 3028 2060 utrum
3060 2006 3211 2061 inter
3240 2005 3531 2061 variantes
3563 2001 3828 2059 Fuldsnsis

2224 2094 2575 2165 exemplaris
2620 2093 2868 2149 lectione
2916 2094 3307 2165 reperiantur,
3339 2102 3390 2148 el
3422 2110 3522 2148 cur
3567 2092 3729 2163 hujus
3754 2107 3828 2146 sc-

2224 2181 2339 2237 lius
2371 2180 2778 2238 auctoritatem
2810 2184 3031 2238 caeteris
3062 2183 3340 2237 omnibus
3373 2180 3695 2253 praetulerit.

2301 2290 2375 2344 De
2407 2292 2727 2344 memorata
2776 2289 3051 2360 deinceps
3082 2306 3114 2343 a
3143 2287 3499 2343 Tertulliano
3530 2286 3660 2342 solis
3702 2285 3830 2340 defs-

2227 2378 2435 2447 ctione,
2459 2378 2705 2449 ejusque
2728 2376 3134 2448 praedicatione
3157 2376 3294 2432 alibi
3321 2375 3695 2433 disseruimus
3711 2375 3827 2433 (Di:-

2225 2474 2353 2521 scrt.
2390 2467 2449 2521 in
2479 2468 2726 2521 Lactant.
2760 2483 2886 2537 cap.
2936 2466 2990 2520 8.
3045 2470 3152 2520 art.
3197 2467 3279 2537 2).
3321 2468 3610 2533 Quantum
3638 2479 3753 2519 vero
3777 2478 3830 2517 ea

2228 2554 2479 2627 perculsi
2509 2555 2726 2610 fuerint
2771 2571 2885 2609 non
2936 2553 3125 2609 solum
3157 2554 3366 2621 Judaei,
3399 2556 3497 2610 sed
3530 2553 3692 2609 etiam
3717 2567 3829 2622 gen-

2227 2644 2454 2711 tiles,ex
2482 2643 2574 2698 his
2608 2643 2832 2712 conjice
2862 2644 3361 2714 subsequentibus
3388 2642 3649 2697 Auctoris
3676 2637 3829 2695 nostri

2226 2732 2462 2787 verbis:
2508 2754 2535 2782 «
2566 2733 2633 2786 Et
2662 2736 2856 2787 tamen
2915 2748 3047 2786 cum
3099 2732 3306 2786 mundi
3368 2748 3564 2787 casum
3618 2730 3831 2785 relatum

2229 2821 2285 2875 in
2319 2821 2547 2876 arcanis
2577 2822 2786 2876 vestris
2816 2820 3049 2875 habetis
3070 2844 3091 2872 ι
3130 2820 3499 2890 (Tertullian.
3532 2819 3702 2889 ibid.)
3723 2816 3832 2880 Qua

2229 2909 2464 2977 quidem
2498 2909 2578 2963 ita
2614 2909 2671 2963 in
2722 2909 2940 2963 nostris
2982 2908 3309 2979 codicibus,
3358 2909 3511 2963 sicut
3552 2908 3608 2962 in
3638 2904 3831 2977 Rigaltii

2228 2996 2482 3052 editione
2514 2996 2730 3068 scripta
2777 3000 2935 3052 sunt.
2971 2997 3035 3050 At
3064 2997 3193 3066 quis
3225 3013 3342 3051 non
3381 2995 3637 3052 laudabit
3664 2994 3832 3064 singu-

2227 3084 2409 3140 larem
2439 3084 2651 3140 eruditi
2681 3085 2841 3140 illius
2871 3085 2977 3139 viri
3008 3084 3407 3155 sedulitatem,
3428 3085 3527 3157 qui
3551 3102 3647 3140 nos
3677 3083 3745 3137 ibi
3760 3081 3837 3136 ad-

2233 3176 2463 3231 monuit
2492 3175 2549 3229 in
2584 3174 2715 3229 aliis
2760 3174 3139 3239 editionibus,
3189 3191 3295 3245 pro
3344 3178 3581 3241 arcanis,
3612 3173 3831 3245 positum

2230 3264 2466 3319 archivis
2490 3267 2514 3317 .9
2543 3264 2782 3334 Majoris
2816 3268 3013 3318 tamen
3037 3264 3209 3318 laude
3231 3264 3450 3337 dignus
3473 3262 3659 3336 procul
3687 3258 3834 3315 dubio

2229 3354 2396 3418 foret,
2429 3352 2475 3407 si
2512 3353 2618 3408 hac
2651 3352 2901 3423 aliisque
2934 3352 3237 3409 nonnullis
3284 3353 3579 3409 similibus
3610 3355 3745 3407 certe
3769 3350 3833 3402 le-

2230 3441 2487 3497 vissimis
2520 3441 2866 3496 lectionibus
2914 3441 3150 3511 notatis,
3183 3440 3332 3497 alias
3366 3441 3537 3515 longe
3583 3440 3759 3513 plures
3784 3442 3829 3492 et

2230 3530 2517 3603 gravioris
2568 3531 2824 3600 profecto
2885 3532 3167 3585 momenti
3226 3547 3344 3586 non
3388 3528 3832 3603 praetermisisset.

2230 3620 2374 3674 Nam
2388 3618 3833 3691 archivaidemplanesigniﬁcantatquearcanaquae,

2233 3709 2399 3762 Festo
2432 3711 2487 3762 et
2515 3707 2709 3762 Servio
2740 3707 3016 3774 testibus,
3040 3708 3319 3764 dicuntur
3340 3714 3563 3765 secreta
3582 3714 3635 3763 et
3654 3706 3836 3767 clausa,

2233 3802 2290 3851 et
2319 3814 2351 3851 a
2372 3797 2587 3867 quibus
2612 3812 2814 3851 omnes
2836 3800 3107 3851 arcentur
3128 3798 3383 3868 (Festus,
3400 3798 3503 3853 lib.
3525 3815 3612 3865 xx,
3633 3796 3692 3852 de
3714 3793 3839 3851 Veri).

2232 3887 2528 3956 signiﬁcat.
2556 3902 2568 3951 ;
2602 3884 2833 3939 Servius
2866 3886 2922 3938 in
2959 3885 3176 3954 Virgit.,
3207 3885 3244 3940 l.
3280 3905 3299 3940 Ῑ
3330 3888 3546 3943 Eadd.
3576 3904 3627 3957 ν,
3654 3886 3781 3951 266).

2302 3994 2476 4044 Porro
2508 3993 2704 4044 autem
2727 3988 2868 4043 illud
2894 3989 3036 4045 solis
3060 3991 3369 4062 deliquium
3400 3993 3458 4046 in
3494 4007 3694 4047 arcana
3720 4001 3839 4060 gen-

2230 4077 2419 4133 tilium
2454 4076 2701 4133 relatum
2733 4093 2861 4133 esse
2892 4082 3106 4133 Auctor
3146 4084 3347 4136 noster
3376 4085 3696 4145 asseverat;
3727 4074 3840 4147 quia

2230 4166 2372 4221 illud
2424 4171 2480 4222 et
2536 4165 2670 4232 alia,
2703 4183 2827 4236 quas
2874 4172 3008 4222 ante
3066 4171 3123 4221 et
3172 4173 3306 4239 post
3359 4170 3574 4225 Christi
3624 4169 3836 4222 mortem

2232 4259 2563 4319 evenerant,
2598 4272 2631 4308 a
2663 4254 2905 4309 notariis
2955 4254 3226 4326 publicis,
3262 4262 3365 4311 aut
3415 4257 3547 4312 aliis
3588 4253 3840 4321 descripta

2232 4344 2292 4399 in
2325 4343 2661 4398 eorumdem
2694 4342 2999 4413 gentilium
3033 4343 3285 4399 archivis
3322 4346 3712 4400 servabantur.
3730 4341 3841 4404 Qua?

2232 4437 2423 4487 autem
2447 4432 2568 4486 haec
2591 4432 2710 4486 sint
2734 4430 2966 4487 archiva
2987 4432 3109 4487 sive
3130 4449 3365 4500 arcana,
3386 4452 3459 4488 an
3485 4435 3839 4489 Romanorum

2228 4520 2316 4575 vel
2347 4520 2591 4575 aliorum
2638 4519 2972 4591 gentilium,
3005 4536 3072 4575 ex
3121 4520 3214 4576 his
3265 4521 3508 4577 forsitan
3549 4517 3728 4589 colligi
3756 4530 3836 4586 po-

2146 4593 2193 4657 D
2226 4608 2380 4679 terit,
2401 4625 2528 4679 quae
2556 4608 2724 4678 paulo
2747 4613 2877 4679 post
2899 4609 3163 4664 dicemus
3194 4610 3264 4665 dc
3286 4610 3457 4666 Pilati
3483 4611 3553 4665 ad
3579 4604 3836 4665 Tiberium

2224 4698 2634 4769 imperatorem
2667 4697 2737 4751 de
2770 4697 2997 4751 Christo
3030 4697 3263 4752 litteris.

2294 4785 2520 4840 Interea
2574 4801 2703 4840 vero
2746 4785 3283 4841 animadvertemus
3338 4804 3552 4843 manus
3590 4784 3765 4842 adhuc
3812 4795 3839 4833 α

2224 4875 2474 4947 Rigaltio
2527 4875 2719 4931 illatas
2792 4876 2885 4931 his
2953 4875 3456 4947 subsequentibus
3529 4870 3836 4931 Tertulliani

2220 4964 2411 5019 verbis
2448 4981 2458 5019 :
2494 4964 2645 5019 882
2683 4986 2710 5013 «
2745 4966 2907 5018 llunc
2936 4964 3119 5019 Judaei
3154 4966 3485 5021 detractum
3518 4967 3586 5020 de
3616 4964 3837 5024 crucs,et

2220 5051 2488 5123 sepulcro
2511 5053 2834 5121 conditum,
2862 5069 3074 5124 magna
3096 5054 3270 5109 etiam
3298 5054 3568 5109 militaris
3588 5048 3834 5108 custodiae

2218 5139 2522 5209 diligentia
2553 5139 3055 5195 circumsederunt
3090 5164 3117 5190 »
3168 5142 3372 5213 (Ibid).
3429 5144 3491 5197 In
3537 5140 3739 5198 nostris
3768 5134 3832 5191 si-

2219 5229 2453 5299 quidem
2493 5228 2911 5299 manuscriptis
2941 5233 2998 5283 et
3027 5233 3200 5285 antea
3230 5230 3401 5286 editis
3430 5227 3828 5300 exemplaribus

2216 5316 2429 5388 legitur
2460 5334 2471 5371 :
2508 5340 2534 5366 «
2567 5317 2729 5371 Tunc
2774 5315 3074 5372 Judaei”...
3110 5334 3322 5390 magna
3371 5320 3547 5373 etiam
3612 5308 3831 5371 militari

2217 5422 2415 5476 manu,
2449 5405 2723 5459 custodiae
2756 5404 3057 5476 diligentia
3088 5406 3605 5462 circumsederunt.
3645 5428 3664 5451 ι
3692 5400 3819 5465 Quid

2215 5497 2409 5548 autem
2469 5493 2548 5547 ibi
2602 5493 2884 5548 nocebant
2933 5492 3051 5548 haec
3108 5496 3302 5560 verba,
3356 5511 3560 5564 magna
3618 5486 3834 5545 militari

2213 5583 2429 5635 manu?
2457 5581 2658 5637 Nonne
2690 5581 2780 5634 his
2826 5584 3043 5636 Auctor
3076 5588 3273 5638 noster
3301 5580 3719 5654 signiﬁcantius
3748 5593 3829 5632 ex-

2214 5670 2429 5743 pressit
2461 5686 2574 5726 non
2617 5686 2858 5743 parvum
2887 5670 3068 5729 fuisse
3099 5671 3348 5729 militum
3383 5685 3710 5736 numerum,
3740 5680 3807 5735 qu
