4118 6182
364 351 483 413 949

1270 336 1346 396 n.
1393 331 1491 394 LE
1542 331 1871 394 NOURRY
1917 308 2577 397 OBSERVATIONES
2621 333 2881 396 NOV1E.

3664 325 3782 401 950

363 480 701 555 sepulcrum
759 473 974 531 Christi
1031 466 1486 544 diligentissime
1551 466 2014 524 custodiebant?
2042 470 2096 536 Α
2128 469 2246 523 haec
2284 468 2705 540 subsequentia
2750 463 3090 522 Tertulliani
3120 461 3289 517 verba
3325 478 3336 515 :
3374 482 3400 508 ‹‹
3434 457 3653 515 Dehinc
3683 458 3776 512 or'

364 572 477 630 Sed
508 573 714 625 caetera
744 578 1193 638 prosequamur.

972 738 1290 779 ARTICULUS
1332 738 1407 776 IV.

366 843 440 897 De
474 838 682 894 Christi
710 852 743 891 a
766 842 943 888 morte
970 831 1043 885 ad
1071 832 1237 885 vitam
1269 843 1538 898 regressu,
1572 827 2015 897 apparitionibus

436 913 495 965 in
550 908 804 975 Gatilaza,
856 902 1132 975 ordinatis
1185 901 1255 955 ad
1311 899 1778 975 disseminandum
1836 899 2015 975 Epan-

434 984 645 1051 gelium
690 971 998 1051 discipulis,
1033 974 1188 1051 ittqu
1217 975 1324 1051 _in_
1350 972 1506 1051 caelos
1552 986 1801 1051 ascensu,
1844 973 1896 1023 et
1940 971 2015 1051 iis

433 1041 690 1109 omnibus
737 1067 772 1104 a
820 1041 999 1102 Pilato
1047 1045 1117 1099 ad
1150 1045 1422 1099 Tiberium
1450 1043 1833 1112 imperatorem
1863 1041 2012 1095 reta-

436 1127 505 1180 tis
530 1142 549 1178 :
570 1139 671 1178 cur
703 1121 939 1175 Casam:
972 1117 1184 1173 Christo
1213 1115 1597 1182 credidissent,
1623 1116 1672 1168 si
1699 1129 1808 1168 non
1836 1123 2017 1168 essent

434 1195 637 1253 seculo
668 1192 957 1248 necessari.

437 1319 635 1391 Pergit
665 1315 1087 1379 Tertullianus,
1116 1313 1510 1382 certioresque
1550 1327 1655 1366 nos
1685 1310 1823 1365 facit
1851 1310 2014 1366 Chri-

364 1414 528 1465 stum
563 1405 901 1479 praadixisse
947 1403 1066 1458 fore
1101 1406 1163 1456 ut
1191 1400 1363 1456 tertia
1402 1404 1533 1470 post
1562 1404 1811 1455 mortem
1845 1416 2014 1455 suam

366 1499 465 1554 die
495 1496 568 1553 ad
602 1495 779 1550 vitam
813 1496 1181 1547 revocaretur
1206 1488 1468 1561 (Tertull.
1501 1489 2013 1559 Apologet.cap.21,

366 1602 500 1658 pag.
534 1586 681 1654 401).
734 1582 907 1637 Recte
963 1579 1223 1651 quidem,
1258 1578 1751 1649 quemadmodum
1785 1596 1815 1632 a
1849 1578 2017 1633 nobis

365 1673 507 1730 alibi
540 1672 895 1744 explicatum
926 1673 1017 1725 est
1046 1669 1298 1739 (Dissert.
1321 1668 1381 1722 in
1411 1668 1648 1721 Lactant.
1673 1683 1800 1739 cap.
1825 1668 1879 1734 8,
1904 1672 2014 1722 art.

359 1764 441 1831 2).
476 1761 610 1818 Suis
664 1765 861 1816 autem
906 1757 1175 1813 Christus
1206 1756 1369 1811 stetit
1398 1755 1725 1828 promissis,
1758 1760 1815 1810 et
1844 1755 2017 1811 rediit

2126 558 2345 614 dinatis
2376 558 2460 613 eis
2492 559 2563 613 ad
2592 556 2849 613 ofﬁcium
2890 552 3240 627 praedicandi
3275 566 3377 621 per
3407 549 3625 615 orbem,
3660 546 3771 601 cir-

2125 648 2503 719 cumperfusa
2536 648 2687 702 nube
2732 647 2787 700 in
2822 644 3026 702 coelum
3060 647 3149 698 est
3177 645 3410 711 ereptus
3443 659 3468 689 ι
3505 635 3767 709 (Tertull.

2126 738 2225 791 loc.
2258 736 2396 806 cit.).
2433 738 2491 790 ln
2556 737 2775 791 nostris
2820 751 2953 789 vero
3012 729 3461 801 exemplaribus,
3522 731 3581 781 et
3635 725 3766 781 aliis

2127 831 2259 880 ante
2308 825 2621 898 Rigallium
2674 824 2846 879 editis
2907 822 3159 891 legimus
3211 836 3223 873 :
3277 842 3304 868 ‹‹
3345 820 3404 872 tn
3438 817 3645 871 omium
3679 822 3768 869 est

2128 918 2414 987 receptus.
2478 936 2502 965 υ
2564 913 2859 985 Numquid
2916 910 3205 982 Rigaltius
3267 906 3431 962 illum
3490 904 3769 975 loquendi

2128 1014 2364 1062 modum
2399 1007 2546 1061 ferre
2578 1021 2693 1059 non
2727 1001 2961 1074 potuit?
2989 1002 3105 1055 Cur
3134 1014 3270 1069 ergo
3302 996 3394 1050 his
3428 995 3620 1065 potius
3654 1010 3767 1047 non

2128 1114 2272 1151 usus
2312 1102 2402 1150 est
2442 1092 2711 1166 Cypriani
2744 1091 2933 1146 verbis
2968 1108 2981 1145 :
3022 1109 3042 1137 ε
3080 1092 3140 1142 In
3175 1088 3381 1142 coelum
3416 1082 3774 1139 circumfusa

2129 1186 2281 1241 nube
2310 1183 2580 1239 sublatus
2611 1186 2738 1237 est?
2767 1181 2956 1252 (Cypr.
2997 1180 3070 1234 dc
3101 1176 3305 1233 Idolor.
3340 1172 3540 1243 venit.)
3571 1172 3773 1226 Nonne

2129 1274 2339 1329 melius
2366 1291 2434 1328 ex
2464 1271 2771 1343 discipulo,
2822 1270 2870 1324 si
2918 1269 2975 1323 id
3016 1267 3234 1336 liceret,
3270 1266 3617 1336 magistrum
3648 1277 3773 1315 cor-

2127 1362 2416 1418 rexisset?
2467 1362 2575 1418 Sed
2634 1359 2971 1415 auctoribus
3004 1373 3111 1411 sua
3156 1355 3327 1409 verba
3387 1350 3776 1421 relinquenda

2125 1458 2282 1506 sunt.
2341 1452 2448 1505 lias
2489 1450 2645 1505 enim
2679 1454 2875 1503 actum
2910 1451 3069 1501 esset
3098 1446 3169 1499 de
3202 1442 3477 1515 genuinis
3510 1443 3772 1493 veterum

2127 1542 2481 1613 scriptorum
2506 1538 2803 1611 operibus.

2198 1649 2377 1703 Addit
2404 1645 2801 1701 Tertullianus
2840 1642 3133 1697 Christum
3184 1640 3255 1693 ad
3289 1637 3463 1694 coelos
3494 1652 3772 1691 conscen-

2126 1739 2286 1794 disse
2318 1753 2331 1790 :
2368 1760 2393 1785 ‹‹
2430 1735 2610 1791 Multo
2665 1733 2897 1802 melius,
2930 1747 3109 1802 quam
3159 1729 3312 1800 apud
3346 1745 3467 1795 vos,
3499 1724 3771 1797 gentiles,

366 1812 442 1908 ad
883 1854 1189 1919 postquam
1218 1843 1299 1899 ita
1331 1812 1763 1912 resurrexisse’t,
1797 1865 1826 1893 ››
1858 1844 2013 1913 ejus-
2054 1841 2096 1905 B
2128 1842 2459 1882 asseverare
2517 1824 2588 1877 d3
2634 1820 2907 1919 Romunﬁt
2934 1819 3161 1919 Ρξρυξλιί
3215 1817 3473 1913 εοιθοίβ)
3510 1812 3770 1919 (Τθτξξλη-

367 1941 503 1996 dem
536 1938 805 1995 Auctoris
837 1934 1020 1991 nostri
1050 1934 1226 1990 verba
1256 1938 1416 2000 sunt,
1436 1956 1463 1982 «
1491 1932 1635 1987 nihil
1668 1933 1725 1986 in
1753 1933 2021 2003 sepulcro

368 2034 667 2102 repertum
700 2030 788 2084 est
818 2030 1203 2098 praeterquam
1226 2022 1443 2078 exuviae
1470 2020 1725 2093 sepulcri
1750 2044 1777 2071 ››
1804 2021 2021 2093 (Ibid.).

367 2122 431 2176 In
465 2118 766 2174 codicibus
793 2116 1011 2171 nostris
1042 2118 1098 2170 et
1125 2113 1255 2167 aliis
1284 2112 1682 2178 edutionibus,
1705 2112 1943 2181 sepulti;
1965 2114 2023 2165 et

364 2207 585 2263 melius
629 2205 888 2278 quidem.
938 2203 1085 2258 Nam
1136 2200 1680 2275 exuvimrdicuntur
1728 2199 2021 2271 imprimis

365 2296 701 2364 hominum,
753 2298 810 2349 et
866 2291 1184 2363 aliquando
1235 2290 1579 2345 bestiarum.
1630 2289 2020 2352 Quamobrem

366 2385 709 2441 Lactantius
741 2401 757 2437 :
791 2405 818 2431 «
841 2380 905 2436 1n
938 2379 1227 2452 sepulcro,
1279 2379 1490 2450 inquit,
1549 2376 1695 2432 nihil
1728 2381 2020 2448 repertum

370 2480 484 2541 est,
516 2473 630 2529 nisi
664 2471 906 2535 exuviis,
939 2470 1155 2540 quibus
1186 2467 1558 2523 convolutum
1590 2483 1801 2537 corpus
1832 2465 2020 2520 inclu-

372 2568 576 2619 serant
608 2583 635 2611 ››
667 2561 954 2632 (Lactant.
988 2557 1092 2613 lib.
1142 2574 1198 2612 ιν
1247 2556 1430 2611 Dicin.
1481 2558 1719 2611 Institut.
1755 2571 1881 2626 cap.
1912 2555 2020 2621 29;

372 2653 604 2707 Diuert.
637 2650 698 2705 in
726 2650 971 2704 Lactant.
1005 2662 1129 2717 cap.
1160 2646 1248 2714 17,
1280 2649 1390 2701 art.
1416 2643 1494 2716 2).

447 2740 511 2795 In
543 2739 745 2795 eadem
778 2752 1009 2810 quoque
1053 2738 1253 2791 nostra
1284 2735 1355 2790 de
1403 2734 1583 2805 hujus
1612 2731 1777 2787 libris
1807 2732 2024 2789 disser-

373 2828 600 2885 tatione
629 2825 996 2882 ostendimus
1026 2824 1319 2895 quomodo
1356 2839 1423 2878 ea
1452 2821 1865 2894 explanaverit,
1898 2837 2025 2892 quas

376 2936 415 2974 a
462 2914 823 2972 Tertulliano
866 2914 937 2969 de
984 2912 1196 2968 Christi
1242 2915 1451 2978 morte,
1491 2910 1812 2982 sepultura,
1846 2916 1904 2965 et
1936 2927 2024 2965 re-

376 3004 739 3062 surrectione
778 3001 955 3072 dicta,
989 3006 1165 3074 atque
1202 3000 1361 3056 hunc
1405 3001 1463 3055 in
1516 3001 1758 3056 modum
1808 2999 2025 3054 ibidem

383 3093 711 3164 subjuncta
740 3095 921 3147 sunt:
952 3114 979 3141 ‹‹
1012 3090 1125 3147 Nec
1157 3090 1256 3145 ille
1311 3089 1579 3145 Christus
1632 3089 1922 3144 redivivus
1967 3104 2029 3143 se

2129 1916 2238 1970 loc.
2272 1914 2417 1984 CIL).
2469 1914 2689 1967 Rursus
2728 1926 2862 1965 vero
2896 1909 2952 1963 in
2986 1907 3196 1962 iisdem
3247 1903 3463 1960 nostris
3513 1906 3569 1956 et
3600 1901 3773 1956 editis

2130 2003 2451 2071 codicibus,
2478 2000 2726 2073 Rigaltio
2758 1997 3194 2069 antiquioribus
3219 2011 3230 2048 :
3253 1991 3481 2073 «Multo
3513 1991 3772 2046 verius...

2132 2095 2201 2149 de
2224 2091 2469 2148 Romulo
2498 2071 2725 2145 Proculi
2752 2087 2961 2142 solent.
2987 2105 3014 2135 »
3040 2083 3178 2148 Quis
3211 2071 3404 2137 auten:
3441 2097 3553 2134 non
3588 2079 3778 2133 videat

2131 2182 2281 2236 hanc
2312 2181 2595 2252 potiorem
2628 2178 3067 2249 genuinamque
3109 2188 3233 2228 esse
3281 2169 3625 2226 Tertulliani
3661 2168 3778 2222 lec-

2132 2271 2345 2324 tionem
2361 2269 2387 2322 ?
2408 2269 2551 2323 Nam
2578 2268 2654 2321 ibi
2681 2265 2892 2321 asserit
2910 2261 3300 2317 multoverius
3320 2276 3448 2312 esse
3480 2257 3778 2311 Christum

2131 2359 2189 2413 in
2248 2357 2421 2413 cmlos
2483 2355 2841 2419 ascendisse,
2900 2367 3073 2422 quam
3134 2348 3470 2412 Romulum,
3512 2345 3778 2413 quamvis

2133 2446 2383 2511 Proculi,
2415 2446 2471 2501 id
2504 2451 2611 2511 est,
2638 2444 2676 2497 ii
2708 2442 2808 2513 qui
2843 2439 3070 2495 Proculi
3105 2435 3358 2509 perjurio
3391 2437 3776 2500 abuntuntur,

2132 2537 2428 2592 affirmare
2458 2534 2684 2590 soleant
2728 2531 2921 2587 visum
2969 2546 3003 2584 a
3048 2524 3472 2584 se‘Romulum
3514 2524 3572 2577 in
3604 2521 3778 2578 ccslos

2134 2625 2567 2681 ascendentem.

2207 2734 2464 2805 Deniqne
2494 2735 2710 2785 Auctor
2742 2731 2937 2783 noster
2966 2723 3205 2796 adjecit:
3230 2745 3255 2774 υ
3276 2722 3354 2776 Ea
3376 2720 3573 2775 omnia
3603 2736 3781 2791 supter

2135 2823 2363 2880 Christo
2412 2820 2659 2885 Pilatus,
2701 2823 2757 2873 et
2790 2817 2917 2888 ipse
2957 2817 3080 2884 jam
3117 2830 3217 2885 pro
3263 2828 3365 2865 sua
3399 2810 3780 2888 (conscientia

2136 2911 2524 2975 Christianus,
2578 2886 2978 2963 Caesari—tunc
3023 2901 3252 2957 Tiberio
3301 2886 3605 2955 nuntiavit.
3669 2899 3777 2953 Sed

2138 3008 2194 3057 et
2222 3003 2475 3058 Caesares
2534 2996 2924 3053 credidissent
2980 3008 3155 3061 super
3183 2990 3433 3053 Christo,
3475 2988 3519 3042 si
3554 2992 3608 3041 et
3662 2987 3780 3041 Ca2-

2139 3107 2298 3148 sares
2352 3105 2467 3144 non
2517 3092 2714 3142 essent
2770 3081 2977 3138 saeculo
3012 3078 3348 3144 necessarii,
3385 3082 3483 3131 aut
3534 3076 3579 3128 si
3614 3075 3780 3129 Chri-

380 3184 441 3238 in
473 3182 684 3253 vulgus
714 3180 929 3249 eduxit,
982 3196 1053 3235 ne
1104 3179 1271 3250 impii
1330 3194 1525 3234 errore
1577 3177 1966 3233 liberarentur
1998 3199 2025 3226 »
2059 3209 2100 3274 C
2141 3180 2314 3236 suam
2352 3176 2676 3250 potuissent
2718 3188 2845 3229 esse
2877 3173 3132 3227 Caesares
3165 3189 3193 3217 ››
3240 3168 3398 3237 (Ibid
3427 3167 3463 3235 ).
3516 3165 3780 3219 Mutuam

377 3269 646 3341 (Tertull.
681 3271 953 3341 Apologet.
987 3285 1115 3340 cap.
1168 3269 1259 3337 21,
1314 3284 1446 3339 pag.
1502 3269 1652 3335 402).
1704 3267 1784 3322 Ibi
1826 3272 2023 3321 autem

381 3360 924 3417 demonstravimus
971 3358 1129 3413 hunc
1177 3356 1455 3428 loquendi
1487 3357 1749 3423 modum,
1779 3356 1879 3427 qui
1913 3372 2027 3410 non

381 3450 577 3506 solum
635 3465 669 3505 a
724 3446 1080 3503 Tertulliano
1128 3451 1185 3502 et
1237 3446 1548 3512 Lactantio,
1598 3447 1698 3502 sed
1748 3444 2029 3517 Cypriane

382 3541 589 3609 etiam,
630 3553 695 3592 ac
752 3536 936 3592 sacris
995 3536 1214 3591 nostris
1256 3535 1650 3607 Scriptoribus
1694 3535 2027 3599 adhibetur,

382 3628 561 3700 plane
594 3625 887 3681 immerito
933 3625 1005 3681 ab
1050 3624 1420 3680 heterodoxis
1450 3625 1806 3695 quibusdam
1840 3623 2029 3678 vexari

383 3719 640 3791 (Dissert.
672 3717 731 3770 in
764 3717 1013 3769 Lactant.
1035 3715 1142 3769 loc.
1177 3730 1340 3785 supr.
1375 3713 1471 3769 cit.
1504 3718 1561 3769 et
1591 3730 1717 3784 cap.
1742 3715 2027 3780 17,art.5).

460 3804 727 3861 Posthaec
772 3820 905 3859 vero
951 3801 1347 3858 Tertullianus
1378 3803 1446 3857 de
1478 3800 1727 3869 Christo,
1751 3802 1821 3856 ad
1853 3801 2029 3856 vitam

387 3899 680 3964 revocato,
731 3893 852 3947 haec
904 3892 1146 3947 tradidit
1199 3907 1212 3945 :
1275 3912 1301 3943 ι
1350 3891 1492 3946 Cum
1542 3890 1847 3961 discipulis
1900 3890 2032 3960 qui-

385 3984 644 4039 busdam
697 3981 853 4054 apud
884 3979 1180 4037 Galilaeam
1209 3980 1424 4036 Judazae
1452 3979 1747 4051 regionem
1780 3980 1850 4034 ad
1884 3994 2035 4049 qua-

387 4072 661 4142 draginta
715 4071 839 4125 dies
902 4069 1037 4139 egit,
1088 4070 1303 4124 docens
1362 4085 1461 4123 eos
1518 4084 1645 4137 quae
1702 4067 2033 4122 docerent»

387 4159 663 4234 (Tertull.
697 4159 876 4230 ibid)
910 4158 1057 4223 Quid
1090 4158 1273 4227 ergo?
1304 4156 1603 4227 Numquid
1636 4156 1905 4212 Christus
1936 4174 2038 4228 per

386 4254 581 4306 totum
612 4248 760 4303 illud
794 4253 1028 4318 tempus
1066 4246 1126 4302 in
1174 4246 1301 4303 sola
1352 4244 1608 4312 Galilaaa,
1644 4262 1709 4300 ac
1740 4262 1870 4299 cum
1907 4247 2037 4317 qui-

384 4339 647 4395 busdam
669 4342 901 4393 tantum
926 4336 1233 4408 discipulis
1258 4336 1383 4391 suis
1406 4340 1671 4391 versatus
1693 4340 1781 4391 est
1796 4336 1823 4390 ?
1839 4336 2039 4391 Nonne

390 4433 452 4486 et
477 4427 638 4496 alibi,
672 4432 728 4482 et
757 4427 1032 4481 omnibus
1063 4425 1371 4497 discipulis
1401 4424 1716 4497 apparuit?
1763 4426 1868 4480 Sed
1901 4430 2040 4480 Ter-

368 4515 700 4587 .tullianus,
733 4514 873 4587 quia
909 4515 967 4568 in
989 4514 1099 4570 hoc
1130 4515 1277 4569 libro
1310 4514 1562 4569 brivitati
1595 4515 1888 4581 studebat,
1924 4530 2041 4569 non

2140 3277 2337 3326 autem
2371 3267 2464 3321 his
2495 3264 2687 3320 verbis
2716 3262 2848 3331 alia,
2882 3261 2955 3315 ab
2986 3275 3051 3313 eo
3085 3256 3354 3328 superius
3386 3254 3782 3324 scripta,dant

2140 3359 2341 3429 utique
2370 3356 2579 3411 lucem.
2614 3353 2742 3407 Ηωο
2774 3355 2969 3405 autem
3002 3346 3361 3416 totidemque
3392 3352 3532 3398 sunt
3563 3360 3573 3397 :
3627 3366 3645 3389 α
3684 3342 3777 3396 Ti-

2139 3449 2335 3503 berius
2367 3442 2716 3500 annuntiata
2764 3435 3168 3509 (manuscripti
3206 3434 3411 3495 nostri,
3444 3436 3497 3485 et
3529 3430 3778 3501 antiquae

2139 3534 2422 3592 editiones
2473 3527 2885 3595 annuntiatum)
2935 3525 3046 3581 sibi
3096 3542 3165 3578 ex
3226 3522 3398 3593 Syria:
3452 3519 3778 3583 Palmstina,

2139 3643 2266 3697 quas
2296 3620 2631 3695 (Pamelius,
2665 3617 2819 3689 quod)
2854 3615 2971 3670 illic
3019 3612 3317 3669 veritatem
3372 3609 3544 3663 istius
3575 3606 3781 3663 divini-

2139 3716 2275 3771 tatis
2330 3710 2722 3768 revelaverant
2770 3706 2940 3761 iidem
2986 3699 3391 3770 manuscripti,
3433 3703 3490 3753 et
3520 3697 3643 3753 aliae
3675 3713 3779 3752 an-

2138 3805 2420 3876 tiquiores
2444 3799 2750 3863 editiones,
2770 3793 3138 3861 revelaverat)
3164 3789 3375 3845 detulit
3404 3789 3473 3841 ad
3509 3792 3779 3841 senatum

2141 3910 2275 3947 cum
2307 3887 2685 3962 prserogativa
2715 3881 2973 3949 suffragii
3005 3880 3118 3934 sui.
3149 3879 3421 3944 Senatus,
3471 3875 3610 3946 quia
3668 3890 3782 3928 non

2141 3982 2265 4052 ipse
2288 3972 2898 4051 probaverat,respuit.
2925 3971 3113 4025 Caesar
3134 3967 3192 4020 in
3224 3963 3515 4019 sententia
3545 3962 3784 4024 mansit,

2144 4049 2536 4123 comminatus
2585 4059 2906 4132 periculum
2959 4052 3397 4111 accusatoribus
3426 4049 3785 4104 Christiano-

2146 4174 2330 4213 rum»
2364 4152 2624 4227 (Tertull.
2678 4148 2810 4203 ibid.
2863 4163 2990 4217 cap.
3041 4146 3094 4209 5,
3139 4158 3269 4213 pag.
3316 4140 3462 4208 291).
3504 4136 3787 4227 Eusebius

2145 4262 2277 4302 vero
2308 4225 2494 4300 totum
2528 4242 2682 4296 hunc
2705 4233 3064 4299 Tertulliani,
3088 4232 3343 4286 indicato
3374 4230 3498 4298 ejus
3529 4225 3786 4293 nomine,

2147 4335 2337 4391 locum
2370 4329 2759 4400 transcripsit.
2792 4324 2960 4380 Prius
2992 4325 3184 4377 autem
3220 4322 3417 4373 narrat
3447 4329 3664 4369 morem
3706 4313 3791 4367 in-

2147 4424 2427 4491 valuisse,
2459 4426 2520 4476 ut
2551 4415 2979 4491 provinciarum
3030 4414 3302 4473 rectores,
3339 4403 3624 4477 quidquid
3659 4400 3790 4457 novi

2149 4514 2301 4586 apud
2337 4514 2498 4583 ipsos
2520 4505 2883 4578 contigisset,
2906 4496 3243 4572 imperatori
3277 4493 3791 4555 nuntiarent.Qua-

394 4606 455 4662 id
507 4580 767 4677 quidem-
789 4608 981 4676 negat,
1034 4606 1092 4659 at
1145 4620 1272 4675 quae
1320 4603 1378 4657 in
1429 4602 1665 4659 Galilaaa
1715 4580 2042 4669 suntracta,
2074 4580 2119 4643 D
2154 4580 2414 4659 mobrem
2464 4596 2705 4661 Pilatus,
2759 4618 2783 4641 α
2835 4592 2906 4646 de
2947 4585 3390 4650 resurrectione,
3425 4582 3634 4653 inquit,
3667 4581 3794 4635 Ser-

397 4711 668 4751 narrasse
724 4693 836 4748 sibi
891 4692 1034 4748 satis
1091 4707 1220 4749 esse
1268 4692 1514 4748 censuit.
1572 4695 1644 4748 At
1700 4692 2042 4764 Cyprianus,

395 4782 669 4856 quamvis
701 4781 866 4836 illum
898 4786 1200 4852 sequatur,
1234 4797 1348 4836 non
1400 4786 1518 4836 tam
1561 4781 1779 4851 stricte,
1814 4781 1914 4835 sed
1947 4798 2042 4853 ge—

399 4871 677 4929 neraliter
697 4870 997 4942 scripsit:«
1016 4872 1298 4942 Apparuit
1320 4869 1625 4941 discipulis
1644 4870 1769 4925 suis
1792 4869 2040 4924 talis.....

398 4962 707 5017 fuerat.....
741 4960 811 5014 ad
841 4959 964 5014 dies
1013 4960 1406 5030 quadraginta
1454 4962 1781 5014 remoratus
1812 4963 1900 5014 est
1933 4976 1945 5012 :
1984 4962 2047 5013 ut

397 5052 473 5105 de
502 5066 571 5106 eo
624 5049 697 5104 ad
747 5053 1032 5120 praecepta
1078 5047 1278 5103 vitalia
1307 5046 1519 5102 instrui
1554 5051 1811 5117 possent,
1840 5050 1895 5101 et
1925 5046 2043 5102 dis-

398 5143 600 5195 cerent
655 5139 808 5194 803
868 5153 995 5208 quae
1055 5137 1332 5192 docerent
1389 5159 1414 5185 ››
1475 5138 1663 5208 (Cypr.
1724 5136 1789 5192 de
1851 5136 2042 5192 idolor.

400 5227 623 5299 venit).
682 5226 762 5282 De
810 5225 901 5281 his
947 5230 1138 5281 autem
1181 5225 1396 5283 Christi
1454 5225 1938 5298 apparitionibus,
1992 5230 2050 5281 et

402 5316 670 5373 doctrina
701 5333 817 5388 qua
847 5314 1167 5385 discipulos
1197 5332 1336 5371 suos
1381 5315 1614 5382 imbuit,
1654 5315 1712 5369 in
1763 5314 1893 5371 aliis
1928 5315 2046 5369 dis-

404 5404 825 5464 sertationibus
868 5404 1299 5475 disputavimus
1351 5406 1654 5474 (Dissertat.
1688 5406 1747 5459 in
1798 5405 2044 5460 Lactant.

405 5514 531 5569 cap.
593 5495 679 5561 19,
712 5497 820 5549 art.
863 5494 936 5560 3;
985 5498 1043 5548 et
1083 5495 1365 5550 Dissertat.
1419 5496 1478 5549 in
1525 5494 1713 5551 Caecil.
1767 5495 1835 5549 de
1880 5499 2046 5551 mort.

402 5589 676 5659 persecat.
710 5600 834 5655 cap.
872 5582 924 5648 4,
960 5586 1064 5639 art.
1090 5582 1167 5654 2).

480 5676 547 5736 In
578 5673 790 5733 iisdem
821 5671 998 5734 etiam
1046 5670 1484 5733 enucleavimus
1528 5673 1668 5748 quid
1717 5672 2053 5747 signiﬁcent

2152 4689 2370 4747 vatoris
2421 4685 2600 4741 nostri
2647 4688 2782 4737 Jesu
2833 4678 3067 4746 Christi,
3097 4677 3264 4745 cujus
3317 4690 3418 4745 per
3467 4671 3795 4725 universam

2156 4778 2524 4835 Palaestinam
2553 4771 2796 4830 celebris
2846 4769 3001 4823 fama
3030 4770 3174 4831 erat,
3209 4763 3279 4818 ad
3310 4759 3605 4817 Tiberium
3640 4759 3795 4830 prin-

2154 4870 2341 4940 cipem
2393 4863 2614 4927 retulit,
2674 4859 2857 4915 multa
2905 4871 3138 4928 quoque
3179 4851 3292 4907 alia
3322 4852 3585 4922 ejusdem
3620 4849 3795 4903 mira-

2157 4937 2297 5012 bula
2353 4970 2415 5009 se
2473 4950 2672 5007 auditu
2708 4946 3004 5018 accepisse
3064 4942 3426 5014 significans,
3459 4942 3515 4994 et
3545 4937 3801 5009 qualiter

2156 5049 2346 5103 denuo
2378 5044 2446 5098 ad
2494 5042 2672 5095 vitam
2733 5040 3054 5103 revocatus,
3088 5050 3121 5088 a
3175 5030 3467 5102 plerisque
3489 5028 3615 5099 jam
3651 5032 3801 5081 Deus

2158 5137 2486 5192 haberetur.
2576 5130 2646 5183 At
2704 5124 3003 5182 Tiberium
3064 5122 3298 5193 quidem
3385 5118 3456 5174 ad
3528 5121 3797 5172 senatum

2159 5222 2431 5281 retulisse
2462 5218 2788 5292 perhibent,
2821 5214 2924 5271 sed
2962 5215 3230 5269 senatum
3262 5206 3600 5279 hujusmodi
3652 5203 3799 5260 rela-

2158 5314 2378 5369 tionem
2412 5310 2786 5380 aspcrnatum
2822 5302 3023 5368 fuisse,
3053 5298 3245 5372 specie
3276 5297 3537 5367 quidem,
3561 5310 3627 5351 eo
3645 5293 3797 5365 quod

2159 5406 2404 5460 senatus
2433 5396 2749 5454 auctoritas
2771 5395 2841 5449 ad
2874 5393 2930 5447 id
2964 5407 3077 5445 non
3109 5391 3443 5459 exspectata
3472 5384 3799 5448 videbatur,

2160 5508 2292 5549 cum
2326 5496 2523 5545 tamen
2552 5487 2644 5543 lex
2675 5488 2836 5540 vetus
2880 5481 3034 5553 apud
3068 5480 3357 5535 Romanos
3387 5490 3535 5543 csse,
3567 5489 3637 5526 ne
3669 5469 3801 5541 quis

2161 5582 2382 5651 absque
2435 5579 2663 5633 decreto
2722 5575 2960 5629 senatus
3019 5585 3122 5641 pro
3186 5571 3294 5621 [)eo
3348 5563 3694 5651 haberetur;
3742 5576 3803 5613 re

2160 5649 2355 5728 autem
2383 5669 2511 5743 ipsa
2530 5684 2594 5723 eo
2618 5665 2774 5722 864
2797 5659 2953 5735 quod
2984 5654 3259 5717 salutaris
3291 5651 3494 5708 divinae
3525 5649 3802 5705 doctrinas
