4118 6182
383 338 501 401 951

907 340 1437 403 TERTULLIANI
1482 339 1809 402 OPERUM
1854 340 2029 401 PAR!

2144 385 2148 399 .
2183 373 2260 384 —
2290 340 2566 402 SERIES
2612 343 2658 419 Ι,
2692 342 3268 405 ἈΡΟΒΟΕΕΤΙΟΑ.

3672 349 3789 407 952

382 471 713 545 praedicatio
764 473 1111 528 auctoritate
1155 476 1212 529 et
1268 472 1483 529 auxilio
1536 474 1844 529 hominum
1905 490 2019 529 non
2055 474 2105 540 Α
2137 474 2256 529 sive
2296 489 2432 529 vero
2478 474 2738 543 homine,
2770 494 2801 531 a
2831 476 3190 532 Tertulliano
3252 478 3471 549 scripta
3501 478 3788 546 vidimus,

384 562 690 634 indigeret.
722 561 868 616 Cum
900 562 1081 633 igitur
1130 568 1373 619 senatus
1427 563 1769 619 relationem
1799 564 1867 618 de
1898 563 2028 618 Ser-

381 654 578 706 vatore
625 650 1017 722 repudiasset,
1087 651 1356 707 Tiberius
1412 657 1609 707 tamen
1660 653 1717 707 in
1780 652 2031 724 pristina

382 741 675 796 sententia
730 757 1132 811 perseverans,
1173 741 1317 796 nihil
1368 743 1648 797 adversus
1704 741 2030 796 doctrinam

381 827 595 884 Christi
629 828 836 885 durius
866 829 1108 885 molitus
1139 846 1268 886 esse
1297 830 1515 885 dicitur
1544 852 1572 881 »
1605 832 1840 900 (Euseb.
1863 829 1964 885 lib.
1988 847 2030 883 ιι

383 919 583 973 Histor.
616 918 814 973 Eccles.
849 934 977 989 cap.
1017 919 1070 985 2,
1104 934 1237 989 pag.
1288 920 1397 989 40).
1440 919 1525 974 Ita
1552 918 1820 974 Valesius
1849 917 2032 973 inter-

384 1010 647 1079 pretatus
676 1010 765 1063 est
793 1008 970 1063 verba
999 1007 1232 1063 Eusebii
1255 1007 1471 1078 Graeca,
1504 1024 1654 1079 quae,
1690 1008 1828 1079 quia
1858 1007 2032 1079 paulo

383 1094 648 1167 longiora
679 1100 837 1163 sunt,
873 1096 968 1151 hic
1000 1113 1115 1151 non
1148 1096 1616 1152 transcribimus.
1654 1097 1866 1152 Deinde
1898 1112 2031 1151 vero

385 1184 677 1241 Eusebius
709 1184 1052 1241 Tertulliani
1084 1185 1261 1241 verba
1289 1185 1544 1240 Graecam
1576 1185 1637 1239 in
1670 1185 1929 1257 linguam
1949 1185 2033 1240 sic

383 1272 690 1329 transtulit
722 1290 735 1328 :
766 1266 1018 1346 Τιϐέριος
1079 1270 1170 1325 οὖν
1220 1271 1574 1346 ἀγγελθέντος
1624 1274 1771 1344 αὐτῷ
1815 1271 1873 1326 ἐκ
1923 1277 2033 1325 Πα-

316 1352 319 1353 ν
386 1358 671 1430 λαιστίνης
719 1365 815 1414 τοῦ
866 1357 1141 1435 δόγματος
1183 1360 1400 1431 τούτου,
1443 1356 1567 1414 ἔνθα
1610 1365 1827 1435 πρῶτον
1869 1359 2033 1434 ἤρξα-

383 1469 470 1517 το,
519 1452 588 1522 τῇ
644 1449 937 1524 συγκλήτῳ
996 1449 1389 1505 ἀνεκοινώσατο
1451 1448 1620 1519 δῆλος
1676 1448 1747 1503 ὢν
1810 1449 2033 1511 ἐκείνοις

387 1538 463 1600 ὡς
511 1542 592 1611 τῷ
641 1535 876 1613 δόγματι
934 1539 1260 1613 ἀρέσκεται·
1321 1542 1355 1607 ἡ
1418 1535 1473 1592 δὲ
1534 1534 1864 1613 σόγκλητός,
1918 1537 2034 1592 ἐπεὶ

388 1626 487 1682 οὐκ
533 1628 670 1696 αὐτὴ
721 1624 1115 1700 ἐδεδοκιμάκει,
1164 1628 1441 1683 ἀπώσατο.
1475 1629 1537 1685 Ὁ
1588 1625 1643 1681 δὲ
1700 1627 1748 1682 ἐν
1808 1631 1876 1700 τῇ
1935 1627 2035 1681 αὖ-

383 1720 481 1771 τοῢ
525 1714 789 1793 ἀποφάσει
836 1709 1067 1789 ἔμεινεν,
1118 1715 1421 1787 ἀπειλήσας
1476 1714 1697 1771 Θάνατον
1758 1722 1873 1778 τοῖς
1928 1720 2036 1770 τῶν

384 1806 723 1881 Χριστιανῶν
753 1805 1105 1880 κατηγόροις.
1143 1806 1410 1863 Valesius
1467 1824 1599 1862 vero
1659 1807 1777 1862 haec
1825 1807 2033 1863 iisdem

388 1896 614 1954 Latinis
656 1896 846 1951 verbis
894 1896 1168 1959 reddidit,
1203 1913 1330 1967 quae
1380 1896 1439 1951 in
1472 1895 1771 1951 codicibus
1819 1896 2035 1951 nostris

385 1988 443 2040 et
491 1984 851 2040 editionibus
901 1989 1034 2039 ante
1088 1982 1404 2056 Rigaltium
1454 1983 1711 2039 exhibita
1758 1985 2033 2039 vidimus.

382 2072 601 2128 Verum
632 2071 693 2127 in
720 2072 867 2143 suis,
914 2073 1090 2141 notis,
1146 2074 1469 2144 approbata
1505 2074 1769 2143 ejusdem
1798 2072 2035 2145 Rigaltii

381 2160 812 2229 emendatione,
862 2161 1039 2217 verba
1088 2161 1285 2217 Graeca
1331 2161 1587 2233 Eusebii,
1621 2167 1725 2217 aut
1769 2161 2032 2227 alterius,

378 2255 445 2307 ut
474 2251 599 2322 ipse
629 2255 817 2323 putat,
852 2250 1187 2322 interpretis
1233 2255 1507 2323 corrupta
1560 2268 1687 2307 esse
1736 2251 2030 2323 opinatur.

372 2340 483 2395 Sed
517 2340 567 2396 si
599 2340 711 2412 ipsi
761 2339 1165 2395 suboluissent
1208 2356 1335 2412 quae
1388 2357 1421 2394 a
1468 2339 1717 2411 Rigaltio
1764 2340 1821 2394 in
1872 2344 2030 2395 textu

370 2428 712 2485 Tertulliani
748 2428 1060 2485 immutata
1091 2434 1251 2500 sunt,
1276 2429 1470 2501 potius
1503 2430 1697 2485 Graeco
1730 2429 2032 2499 scriptori-

367 2518 618 2574 fortasse
647 2517 1117 2589 subscripsisset.

438 2605 731 2675 Quidquid
756 2622 924 2677 perro
960 2606 1056 2673 sit,
1081 2622 1150 2663 ex
1181 2610 1432 2677 utraque
1459 2606 1709 2661 lectione
1742 2606 1884 2662 satis
1907 2622 2031 2677 per-

370 2692 624 2765 spicitur
650 2692 996 2748 Tertulliani
1046 2710 1281 2760 sensus,
1318 2710 1423 2749 nec
1455 2694 1525 2749 de
1555 2694 1655 2750 illa
1683 2711 1813 2750 esse
1844 2700 2034 2766 potest

374 2782 498 2838 ulla
528 2781 868 2848 difﬁcultas,
903 2783 1017 2838 nisi
1044 2783 1103 2838 in
1136 2783 1229 2838 his
1259 2782 1473 2851 verbis,
1521 2784 1736 2855 quibus
1764 2784 2032 2840 Tiberius

383 2871 600 2928 dicitur
620 2888 724 2943 pro
748 2888 857 2928 sua
886 2872 1247 2929 conscientia
1271 2873 1397 2943 jam
1428 2872 1609 2928 fuisse
1639 2873 2025 2930 Christianus.

372 2962 520 3017 Nam
570 2960 788 3017 ibidem
845 2961 1011 3029 dixit,
1059 2966 1315 3017 Caesares
1346 2979 1459 3017 non
1494 2962 1832 3029 credidisse,
1893 2963 2031 3037 quia

371 3052 624 3107 Caesares
656 3053 844 3118 erant,
878 3050 989 3106 Sed
1022 3050 1102 3106 ibi
1134 3051 1310 3107 verbo
1357 3051 1583 3106 credere
1626 3051 1771 3107 nihil
1803 3051 2032 3107 videtur

371 3138 531 3195 aliud
563 3138 952 3211 significasse,
1003 3138 1117 3195 nisi
1172 3139 1469 3210 publicam
1517 3139 1857 3196 Christianas
1890 3141 2027 3197 reli-

370 3226 562 3300 gionis
629 3210 1074 3298 professionem.
1139 3228 1245 3283 Pro
1296 3245 1404 3284 sua
1452 3228 1629 3294 igitur
1672 3230 2031 3286 conscientia
2060 3210 2102 3276 (ἶ

368 3314 639 3370 Tiberius
670 3318 794 3370 erat
821 3315 1170 3384 Cristianus,
1203 3317 1303 3372 sed
1346 3332 1527 3371 ausus
1573 3334 1687 3372 non
1720 3323 1811 3373 est
1838 3318 1897 3373 id
1932 3336 2029 3389 pa-

374 3401 491 3458 lam
526 3403 810 3475 proﬁteri.

445 3494 521 3545 At
560 3508 686 3563 cur,
718 3490 971 3562 inquies,
1005 3492 1219 3563 adjecit
1268 3494 1484 3548 Auctor
1527 3497 1772 3549 noster:
1825 3518 1853 3545 ‹‹
1910 3495 2029 3551 Cae-

379 3596 542 3635 sares
602 3580 1012 3650 credidissent,
1066 3580 1116 3635 si
1171 3596 1286 3635 non
1335 3586 1532 3636 essent
1579 3582 1788 3637 saeculo
1834 3600 2028 3639 neces-

381 3668 573 3725 sarii?
621 3690 650 3719 »
704 3668 1039 3739 Respondet
1090 3670 1378 3741 Rigaltius
1429 3669 1574 3725 illud
1628 3670 1756 3727 ideo
1808 3672 2029 3729 dictum

383 3757 589 3825 fuisse,
621 3756 781 3829 quia,
828 3757 911 3812 uti
962 3757 1115 3813 infra
1162 3759 1513 3831 videbimus,
1547 3777 1890 3831 persuasum
1923 3762 2030 3817 ha-

382 3846 601 3901 bebant
630 3846 751 3902 fore
782 3849 847 3901 ut
876 3847 1156 3917 mundus,
1200 3863 1375 3919 quem
1425 3850 1702 3905 nolebant
1748 3854 1869 3906 tam
1918 3852 2029 3907 cito

383 3933 631 4004 destrui,
692 3950 826 3989 cum
873 3934 1134 3991 Romano
1189 3937 1432 4008 imperio
1490 3944 1863 3996 everteretur.
1922 3942 2029 3997 Sed

381 4038 675 4095 quasnam,
707 4022 949 4078 obsecro
998 4028 1073 4093 te,
1107 4041 1174 4080 ex
1206 4026 1313 4081 hoc
1357 4043 1551 4083 errore
1599 4028 1795 4084 induci
1842 4036 2034 4101 potest

377 4112 508 4169 vitas
541 4112 717 4169 unius
748 4117 850 4168 aut
879 4112 1119 4169 alterius
1151 4117 1394 4173 Cassaris
1425 4118 1743 4174 necessitas
1765 4120 1792 4175 ‘2
1832 4121 2034 4179 Nonne

379 4205 573 4259 autem
605 4202 1005 4257 Tertullianus
1062 4204 1253 4260 dicere
1302 4206 1491 4276 potuit
1537 4210 1788 4264 Caesares
1817 4210 2031 4265 saaculo

378 4307 507 4348 esse
539 4291 925 4363 necessarios,
958 4292 1015 4347 id
1067 4298 1174 4363 est,
1209 4294 1407 4350 saeculi
1438 4299 1495 4349 et
1524 4296 1874 4368 populorum
1910 4315 2032 4354 mo-

379 4381 566 4446 ribus,
600 4398 667 4435 ac
698 4381 1022 4452 praesertim
1056 4383 1307 4453 receptis
1357 4382 1709 4455 religionum
1744 4385 2032 4443 institutis

379 4472 539 4525 tanta
589 4470 932 4525 necessitate
982 4471 1321 4539 obstrictos,
1351 4476 1416 4527 ut
1466 4488 1533 4527 ea
1563 4473 1691 4529 sine
1731 4475 2030 4530 seditioni-

2139 562 2259 617 hsac
2283 563 2377 619 ille
2400 564 2705 620 verissima
2723 581 2852 621 esse
2874 570 3037 620 tanta
3055 568 3483 623 asseveratione
3505 568 3600 622 afﬁ
3611 572 3787 637 rmat,

2141 655 2207 706 ut
2236 651 2484 723 nullum,
2515 670 2585 707 ne
2629 653 2941 709 minimum
2974 655 3235 725 quidem,
3272 655 3567 728 relinquat
3596 658 3668 711 de
3718 657 3788 712 iis

2141 740 2446 795 dubitandi
2487 741 2636 799 865
2692 742 2904 798 locum.
2966 744 3112 801 Nam
3161 744 3426 799 ethnicos
3484 745 3647 816 ipsos
3709 746 3791 801 sic

2141 829 2499 899 compellat:
2547 852 2574 879 ε(
2627 831 2726 885 Hic
2775 836 2865 886 est
2903 832 3042 887 ordo
3093 838 3305 888 nostrae
3365 832 3791 903 institutionis,

2140 917 2298 972 hunc
2327 918 2620 973 edidimus
2668 924 2725 974 et
2770 926 2940 975 sectis
2986 924 3042 974 et
3091 920 3347 976 nominis
3376 937 3621 977 censum
3658 940 3788 977 cum

2144 1023 2249 1061 suo
2309 1011 2615 1062 auctore»
2677 1008 2939 1080 (Tertull.
3001 1010 3222 1080 Apolog.
3276 1026 3325 1064 ο.
3377 1010 3468 1078 21,
3532 1028 3585 1079 p.
3648 1012 3789 1080 403).

2144 1099 2366 1151 Census
2396 1102 2591 1152 autem
2624 1098 2696 1152 ab
2726 1114 2791 1153 eo
2822 1098 3037 1153 dicitur
3067 1099 3346 1165 recensio,
3380 1100 3702 1171 recognitio
3735 1106 3795 1155 et

2144 1185 2470 1256 explicatio.
2506 1187 2565 1240 In
2600 1189 2708 1241 hoc
2738 1191 2933 1243 autem
2965 1204 3156 1254 nemo,
3189 1188 3399 1259 inquit,
3432 1187 3591 1243 aliud
3626 1206 3782 1260 pror-

2143 1293 2247 1331 sus
2277 1293 2405 1332 esse
2435 1278 2747 1338 existimet.
2787 1280 2940 1350 quod
2994 1280 3345 1335 occultatum
3378 1288 3480 1334 aut
3508 1279 3793 1333 dissimu-

2147 1364 2326 1419 latum
2358 1364 2664 1421 voluerim.
2696 1365 2852 1421 Nihil
2884 1367 3039 1422 enim
3075 1368 3166 1423 his
3196 1384 3323 1439 quae
3368 1367 3564 1433 retuli,
3598 1367 3791 1423 verius

2144 1470 2273 1509 esse
2304 1459 2525 1525 potest;
2576 1454 2715 1527 quia
2760 1473 2860 1511 nec
2907 1458 2996 1530 fas
3032 1466 3113 1512 est
3143 1457 3268 1527 ulli,
3302 1457 3402 1523 ait,
3436 1457 3502 1511 de
3529 1474 3632 1511 sua
3661 1458 3791 1511 reli-

2143 1544 2304 1612 gione
2332 1545 2576 1600 mentiri.

2215 1650 2681 1706 Christianorum
2730 1654 2924 1705 autem
2972 1652 3304 1723 pectoribus
3347 1656 3467 1706 tam
3501 1652 3614 1706 alte
3644 1652 3789 1707 insi-

2144 1743 2269 1794 tum
2321 1744 2443 1795 erat
2494 1739 2638 1794 illud
2694 1741 3131 1807 documentum,
3185 1746 3249 1796 ut
3303 1741 3791 1812 exquisitissimis

2067 1847 2114 1912 B
2145 1829 2503 1900 quibuslibet
2532 1829 2835 1901 suppliciis
2866 1831 3126 1901 torqueri
3177 1835 3233 1884 et
3280 1830 3474 1885 necari
3527 1828 3795 1897 mallent,

2146 1936 2320 1990 quam
2345 1920 2686 1993 interrogati
2706 1922 2897 1976 desua
2912 1920 3593 1992 religione,aliquid,imo
3619 1937 3793 1977 suum
3834 1946 3847 1959 ο

2145 2010 2429 2064 duntaxat
2459 2010 2858 2066 Christianum
2892 2025 3124 2079 nomen,
3159 2015 3261 2064 aut
3301 2024 3515 2081 negare
3545 2014 3647 2063 aut
3676 2008 3793 2064 dis-

2144 2097 2443 2154 simulare.
2498 2099 2781 2164 Quociraa
2809 2099 3081 2155 Justinus
3113 2103 3352 2171 martyr,
3382 2102 3447 2153 ut
3476 2097 3618 2152 alibi
3650 2098 3793 2151 dixi-

2144 2204 2300 2253 mus,
2335 2187 2603 2242 similiter
2626 2187 2947 2259 gentilibus
2979 2187 3209 2243 dicebat
3242 2205 3255 2242 :
3290 2187 3685 2253 Considerate,
3710 2183 3792 2237 ὅτι

2142 2272 2201 2327 ἐκ
2255 2278 2351 2327 τοῦ
2399 2273 2478 2351 ἐφ’
2525 2277 2660 2347 ἡμῖν
2714 2276 2843 2328 εἶναι
2905 2275 3177 2347 ἀρνεῖσθαι
3242 2273 3676 2346 ἐξεταζομὲνους,
3728 2273 3792 2325 οὗ

2147 2361 2463 2437 βουλόμεθα
2496 2367 2590 2436 ζῇν
2623 2361 3110 2437 ψευδολογοῦντες,
3145 2364 3296 2433 Quod
3344 2365 3405 2417 in
3460 2367 3651 2418 nostra
3694 2379 3792 2433 po-

2141 2457 2338 2508 testate
2383 2461 2479 2518 est,
2522 2458 2581 2507 ut
2629 2470 2753 2507 cum
2801 2455 3166 2524 inquirimur,
3222 2468 3473 2523 negemus
3497 2468 3517 2512 ,θ
3556 2452 3656 2506 sed
3702 2466 3799 2505 no-

2142 2542 2323 2597 lumus
2365 2544 2543 2598 vivere
2592 2544 2956 2609 mendacitrr,
2989 2544 3047 2597 id
3099 2544 3207 2604 est,
3253 2540 3533 2596 nolumus
3586 2541 3797 2606 vivere,

2140 2629 2482 2702 religionem
2518 2635 2778 2686 nostram
2813 2630 3189 2698 mentientes,
3221 2634 3323 2684 aut
3344 2628 3792 2683 dissimulantes

2140 2718 2377 2789 (Justin.
2424 2721 2692 2790 Apologet.
2748 2736 2765 2775 ι
2816 2720 2885 2774 ad
2932 2720 3194 2775 Antonia.
3246 2736 3301 2789 p.
3341 2719 3433 2788 57,
3481 2735 3519 2771 1.
3556 2719 3575 2772 Ι
3606 2718 3793 2788 Appa-

2139 2812 2244 2863 rat.
2279 2808 2512 2879 p.357).
2548 2810 2803 2863 Tantum
2856 2813 3050 2863 autem
3100 2806 3397 2878 piaculum
3441 2822 3572 2861 esse
3622 2809 3790 2875 puta-

2139 2897 2300 2958 bant,
2361 2898 2595 2968 quando
2651 2899 2720 2952 de
2765 2897 3043 2968 religione
3096 2913 3202 2952 sua
3247 2895 3785 2966 interrogabantur,

2138 2986 2310 3041 dictis
2361 2987 2710 3057 respondere
2760 2985 3084 3057 ambiguis;
3118 2989 3199 3050 ut,
3233 2984 3361 3055 ipso
3406 2983 3599 3037 adhuc
3643 2983 3787 3036 Ter-

2137 3075 2385 3131 tulliano
2418 3080 2585 3144 teste,
2620 3076 2720 3147 qui
2770 3075 3119 3146 martyrium
3151 3072 3340 3145 magis
3389 3071 3697 3135 timebant,
3724 3070 3787 3124 hi

2136 3165 2250 3237 ipsi
2282 3164 2541 3236 torqueri
2576 3164 2882 3235 necarique
2913 3162 3434 3232 maluerint,quam
3466 3165 3585 3215 tres
3618 3176 3794 3215 sanc-

2142 3253 2386 3309 tissimae
2419 3252 2724 3309 Trinitatis
2770 3269 3052 3324 personas
3085 3251 3440 3318 conﬁtendo,
3474 3249 3671 3322 plures
3701 3248 3795 3303 di-

2140 3358 2270 3398 cere
2301 3344 2461 3398 deos.

2212 3432 2328 3487 Cur
2358 3438 2554 3488 autem
2606 3448 2777 3488 omne
2826 3433 2895 3486 de
2948 3431 3237 3502 religione
3268 3428 3665 3497 mendacium,
3697 3432 3809 3481 aut

2140 3520 2416 3591 quaslibet
2441 3520 3096 3592 dissimulatio,penitus
3118 3520 3450 3585 damnetur,
3471 3517 3525 3571 si
3550 3532 3807 3588 quaeras,

2141 3607 2519 3678 respondebit
2548 3606 2969 3673 Tertullianus,
3001 3630 3027 3656 «
3062 3623 3127 3661 eo
3160 3607 3313 3676 quod
3346 3604 3445 3675 qui
3478 3603 3637 3658 aliud
3671 3620 3703 3656 a
3735 3618 3801 3657 se

2141 3695 2251 3751 coli
2282 3696 2447 3764 dicit,
2481 3713 2657 3769 quam
2690 3696 2847 3766 colit,
2895 3699 3065 3766 negat
3113 3694 3267 3766 quod
3318 3692 3456 3761 edit,
3489 3696 3546 3746 et
3598 3690 3799 3745 cultu-

2142 3802 2266 3840 ram
2311 3791 2369 3841 et
2415 3786 2695 3840 honorem
2751 3786 2809 3839 in
2855 3784 3103 3839 alterum
3132 3782 3426 3848 transfert,
3457 3784 3515 3836 et
3545 3779 3802 3834 transfe-

2142 3876 2320 3930 rendo
2349 3860 2474 3945 jam
2522 3891 2635 3929 non
2683 3874 2838 3940 colit,
2892 3874 3044 3945 quod
3092 3872 3379 3944 negavit»
3425 3867 3797 3940 (Tertullian.

2140 3965 2440 4035 Apologet.,
2472 3980 2526 4020 c.
2565 3964 2654 4034 21,
2688 3980 2744 4034 ρ.
2796 3963 2937 4031 403).
2988 3963 3059 4016 At
3107 3959 3354 4031 Rigaltio
3404 3958 3628 4030 placuit
3670 3957 3797 4012 haec

2142 4055 2333 4111 delere
2362 4055 2558 4123 verba,
2592 4063 2642 4109 et
2689 4054 2963 4109 honorem.
3020 4052 3161 4115 Quis
3209 4056 3403 4106 autem
3457 4066 3523 4104 ea
3564 4048 3642 4102 ibi
3676 4064 3794 4102 non

2142 4143 2374 4199 inutilia
2431 4160 2558 4199 esse
2618 4142 3007 4198 difﬁtebitur?
3050 4141 3175 4195 Non
3235 4139 3389 4195 enim
3451 4137 3683 4193 cultura
3740 4141 3802 4191 et

2144 4233 2329 4287 honor
2358 4233 2598 4286 omnino
2631 4247 2959 4303 synonyma
2990 4234 3168 4296 sunt;
3203 4232 3257 4284 et
3279 4227 3547 4298 quamvis
3572 4231 3795 4291 essent,

2144 4338 2314 4377 nemo
2347 4324 2542 4375 tamen
2575 4319 2809 4391 negabit
2837 4317 3265 4373 Tertullianum
3290 4315 3363 4370 iis
3384 4314 3469 4369 uti
3501 4312 3793 4386 potuisse.

2141 4411 2251 4465 Sed
2285 4410 2405 4464 haec
2438 4409 2689 4474 minimi,
2724 4407 2835 4464 nisi
2865 4408 2936 4463 ad
2976 4406 3295 4463 notandam
3329 4403 3571 4475 Rigaltii
3616 4402 3804 4457 auda-

2142 4500 2311 4566 ciam,
2342 4504 2480 4554 sunt
2510 4498 2811 4553 momenti.
2845 4499 2917 4551 At
2945 4501 3099 4552 certe
3130 4496 3301 4566 longe
3332 4492 3619 4563 gravioris
3649 4507 3795 4563 pon-

379 4558 516 4624 bus!
555 4562 730 4629 atque
776 4559 1111 4615 imminenti
1159 4563 1339 4618 etiam
1371 4567 1427 4617 et
1456 4562 1662 4634 capitis
1703 4568 1759 4618 et
1800 4564 2029 4637 imperii
2061 4581 2108 4646 Ι)
2139 4558 2410 4643 deris'est
2443 4587 2564 4641 haec
2592 4587 2861 4642 Auctoris
2891 4584 3077 4641 nostri
3124 4558 3525 4639 ratiocinatio:
3577 4558 3684 4643 Qui
3708 4578 3797 4632 (ἰὶ-

382 4646 753 4703 subvertendi
786 4648 1045 4719 periculo
1076 4648 1424 4706 labefactare
1450 4656 1547 4707 aut
1580 4652 1887 4709 immutare
1914 4671 2028 4710 non

383 4739 627 4807 possent
656 4734 684 4789 ?

999 4870 1318 4913 ARTXCULUS
1356 4874 1409 4913 ν.

381 4958 517 5030 Vera
544 4974 658 5014 esse
684 4974 749 5014 ea
777 4958 988 5027 omnia,
1023 4977 1141 5030 quae
1183 4963 1249 5017 de
1297 4963 1510 5019 Christo
1558 4967 1664 5019 Deo
1711 4974 1761 5019 et
1810 4964 2028 5020 homine

450 5029 599 5104 dicta
627 5039 797 5104 sant;
828 5029 1041 5086 nemini
1082 5036 1170 5103 fas
1213 5051 1323 5091 esse
1352 5037 1414 5091 de
1443 5037 1711 5104 religione
1740 5053 1839 5090 sua
1871 5053 2029 5092 men-

445 5102 959 5177 tiri;_Christianos
1000 5102 1200 5176 absque
1249 5108 1367 5162 ulla
1405 5102 1764 5177 ambiguitate
1792 5111 1886 5162 aut
1917 5109 2022 5162 dis-

443 5174 802 5229 simulatione
824 5175 1017 5244 palam
1036 5174 1176 5231 etin
1205 5181 1495 5233 tormentis
1522 5174 1690 5234 eiz'am
1718 5180 2025 5234 dirissimis

442 5244 706 5301 clamasse
760 5248 933 5302 Deum
987 5262 1023 5301 a
1075 5263 1133 5303 se
1187 5264 1284 5317 per
1340 5250 1617 5306 Christum
1662 5250 1788 5317 coli,
1823 5267 1921 5304 nec

440 5331 596 5385 posse
637 5318 951 5393 improbari
991 5335 1026 5373 a
1069 5318 1298 5393 Iudaeis,
1331 5326 1426 5391 qui
1461 5323 1625 5375 Deum
1655 5339 1754 5393 per
1781 5322 2017 5393 Moysen,

439 5404 551 5463 nec
594 5406 627 5443 a
680 5388 1006 5463 gentilibus,
1067 5392 1164 5463 qui
1217 5388 1675 5463 per'Orpheum',
1735 5388 2013 5463 Musaeum,

441 5461 781 5586 ίἵζειαηιρῖιηι
826 5466 882 5517 et
931 5461 1299 5531 Trolnhonium
1326 5461 1495 5533 falsos
1539 5461 1668 5520 deos
1710 5466 1885 5519 colere
1925 5461 2014 5520 di;

480 5548 672 5586 iceran
709 5575 720 5586 .

480 5542 720 5588 icerant.

440 5665 575 5729 Quae
605 5665 887 5724 hactenus
918 5664 989 5722 de
1018 5663 1269 5738 Christo,
1294 5668 1415 5727 sive
1445 5674 1558 5727 Deo
1588 5668 1807 5741 Deique
1840 5669 2008 5741 Filio,

2139 4677 2217 4732 cit
2239 4680 2437 4731 Jovem
2470 4675 2625 4730 verbi
2652 4675 2840 4747 gratia
2872 4692 2905 4730 a
2936 4690 2997 4729 se
3029 4672 3158 4741 coli,
3188 4676 3243 4727 et
3274 4668 3453 4724 alium
3486 4668 3674 4724 Deum
3698 4684 3793 4722 co-

2136 4765 2224 4833 lit,
2247 4766 2295 4821 is
2318 4765 2518 4821 Jovem
2551 4765 2725 4820 deum
2753 4779 2881 4820 esse
2906 4767 3098 4835 negat,
3125 4765 3183 4818 et
3202 4759 3469 4832 ejusdem
3497 4757 3661 4813 Jovis
3682 4755 3795 4811 cul-

2136 4860 2260 4910 tum
2294 4861 2351 4910 et
2380 4855 2657 4909 honorem
2690 4854 2747 4908 in
2782 4852 2962 4908 alium
2995 4851 3290 4911 transfert,
3329 4866 3395 4904 ac
3426 4848 3512 4903 sic
3542 4846 3793 4902 transfe-

2136 4944 2336 5011 rendo,
2399 4960 2511 4997 non
2573 4942 2789 5011 ipsum,
2849 4942 3021 4997 sicuti
3083 4938 3334 5002 dicebat,
3389 4938 3593 4991 Jovem
3628 4932 3792 5001 colit,

2135 5033 2421 5102 illumque
2453 5033 2626 5086 deum
2660 5047 2787 5086 esse
2819 5034 3012 5101 negat.

2203 5142 2569 5209 Quapropter
2620 5153 2724 5190 nos
2772 5134 3110 5203 Christiani,
3162 5132 3355 5204 inquit
3404 5130 3522 5195 ille,
3582 5130 3795 5200 rejects

2132 5228 2291 5280 omni
2321 5243 2562 5297 prorsus
2612 5224 3106 5293 dissimulatione,
3140 5223 3365 5290 fraude,
3402 5225 3463 5276 et
3493 5218 3786 5291 ambigui-

2128 5320 2266 5384 tate,
2294 5339 2321 5364 ‹‹
2360 5315 2547 5385 palam
2581 5314 2853 5377 dicimus,
2888 5318 2943 5367 et
2974 5313 3135 5368 vobis
3165 5311 3418 5368 ethnicis
3448 5308 3782 5379 torquenti-

2126 5406 2306 5471 tibus,
2340 5403 2573 5458 lacerati
2608 5407 2664 5457 et
2695 5402 2918 5457 cruenti
2952 5401 3340 5456 vociferamur
3373 5416 3385 5453 :
3422 5398 3609 5452 Deum
3641 5396 3777 5451 coli-

2126 5510 2259 5547 mus
2310 5509 2411 5563 per
2464 5492 2756 5546 Christum
2798 5514 2824 5539 »

2122 5598 2315 5654 quem,
2377 5596 2476 5635 seu
2565 5596 2678 5649 quo
2752 5580 3016 5647 docente,
3079 5595 3185 5634 nos
3261 5575 3579 5632 didicimus
3638 5573 3768 5645 quis

2121 5686 2292 5726 verus
2349 5668 2423 5725 sit
2483 5668 2656 5739 Deus,
2719 5684 2891 5740 quem
2950 5684 3153 5725 omnes
3201 5665 3386 5724 colere
3415 5663 3652 5721 debent.
3696 5665 3765 5721 At

2878 5490 3040 5559 (Ibid.
3101 5507 3151 5544 c.
3204 5489 3308 5544 403
3357 5492 3415 5542 et
3467 5488 3640 5555 seq.),
3677 5501 3776 5557 per
