4118 6182
245 395 367 456 953

1160 392 1236 450 D.
1284 391 1379 450 LE
1422 390 1747 452 NOURBY
1789 389 2440 453 OBSERVATIONES
2484 388 2748 459 NOVJE.

3534 397 3654 456 954

248 523 448 588 homo,
482 522 809 593 arguebant
857 521 1097 587 ethnici,
1152 520 1263 575 fuit
1293 520 1578 577 Christus.
1608 520 1771 586 Esto,
1803 534 1891 574 re-
1924 523 1976 589 Α
2010 519 2251 576 nitatem
2291 522 2483 591 habet,
2532 539 2669 589 rem,
2725 524 2809 579 uti
2864 526 3079 581 Auctor
3128 530 3327 581 noster
3371 526 3471 597 ait,
3518 544 3649 599 pro-

249 612 505 683 spondet
553 610 994 676 Tertullianus;
1041 626 1156 665 non
1206 610 1423 665 idcirco
1495 614 1689 664 tamen
1738 608 1897 663 Chri-

253 701 433 755 stiani
465 716 597 755 eum
632 699 887 754 colentes
920 699 1179 770 torqueri
1210 704 1267 753 et
1296 698 1481 754 occidi
1524 698 1600 775 ab
1650 695 1901 752 ethnicis

253 791 565 855 debebant,
602 788 714 843 nisi
750 789 804 842 hi
855 789 1107 853 Judaaos,
1168 788 1417 854 Graecos,
1477 803 1544 842 ac
1607 786 1900 841 Romanos

251 878 431 933 etiam
481 877 683 932 eodem
733 878 904 931 modo
967 878 1443 931 condemnarent.
1497 876 1643 929 Nam
1691 872 1897 943 Judeai,

249 966 470 1038 inquit,
509 990 535 1015 «
573 971 755 1021 Deum
790 984 889 1037 per
916 966 1215 1021 hominem
1252 967 1487 1037 Moysen
1530 963 1715 1019 colere
1748 962 1898 1017 didi-

250 1061 460 1110 cerunt
489 1077 519 1105 «
550 1056 719 1125 (Ibid.
755 1072 811 1126 p.
842 1056 955 1124 23).
992 1056 1052 1109 In
1087 1055 1211 1109 suis
1243 1055 1458 1125 quippe
1481 1051 1648 1107 libris
1675 1055 1899 1122 Moyses

247 1145 451 1199 docuit
481 1161 597 1214 qua
628 1144 873 1211 ratione,
893 1144 1227 1215 quibusque
1260 1143 1469 1198 ritibus
1501 1142 1654 1197 Deus
1681 1140 1751 1196 ab
1781 1138 1899 1194 illis

247 1232 359 1288 coli
394 1233 662 1288 debebat.

319 1338 475 1394 866
535 1339 764 1395 Graecos
813 1356 948 1395 vero
1006 1362 1034 1388 «
1093 1339 1363 1411 Orpheus
1431 1339 1627 1396 Pierias
1690 1342 1901 1415 (pergit

247 1434 472 1485 Auctor
504 1428 741 1499 noster),
774 1432 1025 1483 Musaeus
1057 1428 1322 1495 Athenis,
1348 1429 1674 1502 Melampus
1703 1432 1895 1505 Argis,

248 1518 628 1590 Trophonius
650 1518 880 1573 Boeotia:
904 1517 1338 1573 initiationibus
1357 1518 1633 1574 falsorum
1655 1521 1896 1576 deorum

250 1608 521 1664 homines
544 1607 948 1678 obligaverunt
979 1630 1006 1655 ››
1036 1607 1379 1678 (Ibid.),hoc
1410 1613 1495 1663 est
1515 1608 1901 1680 alligaverunt

251 1701 310 1753 et
341 1696 937 1753 obstrinxerunt.Nos
968 1712 1099 1751 vero
1134 1695 1270 1750 alibi
1303 1697 1669 1753 ostendimus
1701 1699 1773 1753 ab
1794 1699 1896 1755 Or-

247 1787 402 1859 pheo
448 1787 780 1841 introducta
826 1786 1006 1840 fuisse
1052 1784 1242 1840 Liberi
1292 1802 1458 1841 sacra
1488 1792 1543 1841 et
1572 1787 1739 1855 festa,
1771 1805 1896 1859 quae

245 1875 467 1931 idcirco
492 1875 743 1947 Orphica
774 1874 1065 1946 appellata
1097 1877 1235 1929 sunt
1284 1878 1597 1939 (Dissertat.
1650 1878 1707 1931 in
1757 1878 1894 1932 Lac-
1930 1891 1977 1955 Β

243 1970 385 2020 tant.
420 1981 547 2035 cap.
580 1965 649 2018 30
679 1969 790 2019 art.
824 1964 899 2031 3).
933 1963 1060 2017 Alio
1093 1968 1289 2018 autem
1321 1964 1379 2018 in
1411 1963 1539 2019 loco
1590 1965 1898 2021 citavimus

239 2053 484 2109 Diodori
517 2051 699 2107 Siculi
736 2052 930 2120 verba,
968 2051 1182 2124 quibus
1213 2056 1413 2107 narrat
1465 2053 1772 2109 Herculem
1803 2071 1899 2111 ve-

241 2142 409 2197 nisse
439 2140 720 2209 Athenas,
752 2144 816 2196 ut
844 2141 1050 2196 matris
1083 2142 1366 2197 Eleusine;
1398 2141 1728 2197 initiaretur
1753 2144 1899 2215 imy-

246 2230 473 2296 steriis,
527 2246 777 2301 quorum
845 2230 1101 2286 Musaeus
1149 2231 1364 2302 Orphei
1416 2231 1574 2286 ﬁlius
1630 2239 1898 2304 προεστῆ-

245 2319 387 2387 nec,
420 2320 724 2390 przetectus
756 2323 900 2389 erat,
934 2319 1034 2391 qui
1068 2320 1309 2391 proinde
1339 2321 1583 2375 docebat
1613 2322 1899 2392 quomodo

254 2411 349 2464 his
382 2408 648 2463 homines
677 2407 1078 2479 obligarentur
1107 2410 1271 2479 (tom.
1305 2411 1346 2477 Ι,
1380 2414 1639 2480 Apparat.
1674 2408 1776 2464 lib.
1811 2426 1896 2477 III,

253 2498 492 2553 dissert.
523 2499 579 2567 2,
610 2514 736 2569 cap.
769 2498 858 2566 35,
893 2515 947 2569 p.
986 2498 1164 2567 1280).

326 2606 607 2660 Praeterea
636 2604 790 2659 idem
826 2605 1108 2660 Diodorus
1138 2603 1897 2677 Siculus,quemadmodum

251 2695 313 2750 in
342 2699 543 2749 nostra
572 2695 643 2749 de
673 2694 961 2750 Lactantii
1000 2693 1164 2748 libris
1215 2694 1627 2750 dissertatione
1655 2697 1897 2753 adnota-

248 2784 469 2850 vimus,
504 2782 713 2838 litteris
746 2782 1047 2838 mandavit
1085 2783 1510 2853 Melampodem
1544 2800 1613 2838 ex
1657 2785 1895 2858 Egypto

244 2871 306 2925 in
342 2871 624 2926 Graeciam
656 2871 1028 2927 transtulisse
1052 2870 1277 2926 sancite
1308 2872 1529 2927 Baccho
1562 2873 1722 2944 orgia
1753 2875 1894 2945 (Dis-

240 2965 378 3015 sert.
430 2976 580 3015 mox.
632 2963 725 3029 cit,
758 2977 779 3022 ;
832 2960 1059 3015 Diodor.
1121 2959 1220 3015 lib.
1273 2978 1291 3015 ι
1338 2960 1618 3028 Biblioth.,
1672 2979 1728 3033 p.
1779 2964 1892 3034 61).

238 3049 564 3120 Subjunxit
590 3050 767 3104 etiam
802 3048 1129 3104 fabulosam
1161 3049 1232 3103 de
1263 3048 1535 3120 Saturno,
1579 3066 1645 3105 ac
1673 3051 1893 3106 Titani-

240 3138 379 3204 bus,
452 3143 623 3207 atque
686 3138 927 3192 deorum
994 3137 1400 3192 affectionibus
1471 3140 1890 3207 narrationem,

246 3243 380 3298 qua
438 3226 673 3281 tametsi
726 3225 1025 3324 omnibus.
1068 3242 1205 3324 n_on
1252 3226 1551 3324 probetur,
1612 3244 1727 3324 non
1790 3246 1889 3300 pa-
1928 3257 1972 3324 Ο
2011 3265 2094 3319 An

247 3332 383 3370 rum
418 3319 613 3370 tamen
643 3313 921 3370 conducit
959 3315 1026 3369 ad
1081 3313 1422 3369 Tertulliani
1469 3316 1655 3372 nostri
1686 3334 1896 3390 pr0po-

248 3405 459 3460 situm.

324 3491 695 3563 Trophonius
727 3508 897 3563 porro
948 3491 1167 3563 Ergini,
1219 3496 1320 3547 aut
1368 3493 1562 3563 potius
1618 3495 1905 3566 Apollinis

251 3581 413 3636 {ilius
444 3597 573 3636 esse
605 3581 917 3646 ferebatur,
970 3582 1141 3651 cujus
1186 3581 1514 3651 oraculum,
1565 3584 1718 3638 sicut
1765 3585 1902 3639 alibi

249 3668 652 3725 Tertullianus
683 3668 782 3734 ait,
816 3669 872 3723 in
908 3669 1127 3724 Boeotia
1153 3670 1420 3725 exstabat
1468 3670 1734 3741 (Tertull.
1795 3672 1898 3728 loc.

247 3763 345 3815 cit.
373 3764 431 3813 et
459 3758 560 3813 lib.
593 3758 658 3812 de
687 3760 867 3813 Anim.
897 3775 946 3813 c.
978 3760 1089 3828 46).
1125 3764 1199 3812 At
1241 3758 1409 3829 plura
1438 3761 1508 3814 de
1540 3776 1627 3824 eo,
1659 3765 1716 3815 et
1763 3762 1899 3816 aedi-

250 3847 438 3902 ﬁcetis
472 3847 543 3901 ab
577 3847 779 3901 eodem
812 3846 1143 3918 Trophonio
1175 3847 1520 3915 deorum,ac
1553 3849 1896 3905 nominatim

250 3935 536 4007 Apollinis
564 3935 847 4006 Delphici,
900 3934 1133 4006 templis
1176 3936 1467 3991 memoria
1517 3938 1901 4008 prodiderunt

250 4023 596 4089 Pausanias,
630 4023 946 4091 Lucianus,
988 4024 1206 4091 Cicero,
1264 4023 1671 4092 Philostratus,
1724 4027 1897 4082 Eras-

251 4129 409 4179 mus,
444 4116 501 4167 et
533 4110 632 4166 alii
662 4128 696 4166 a
726 4112 894 4166 nobis
927 4112 984 4166 in
1036 4112 1322 4184 superiori
1371 4118 1427 4169 et
1458 4115 1698 4169 Arnobii
1732 4114 1899 4171 libris

250 4202 664 4257 dissertatione
695 4200 855 4256 citati
905 4200 1178 4271 (Pausan.
1215 4201 1318 4256 lib.
1350 4203 1403 4269 9,
1449 4202 1515 4258 de
1563 4204 1726 4258 Bwot.
1764 4220 1896 4277 pag.

248 4292 349 4345 311
390 4289 676 4345 :Lucian.
734 4290 878 4343 Dial.
940 4290 1135 4360 Menip.
1196 4295 1305 4345 etc.
1364 4307 1421 4361 p.
1483 4293 1584 4345 116
1635 4297 1690 4347 et
1720 4309 1895 4364 seq.;

248 4382 427 4436 Cicer.
461 4380 562 4434 lib.
598 4380 651 4448 1,
685 4380 893 4433 Tuscul.
930 4396 983 4450 p.
1021 4380 1160 4446 134;
1211 4378 1484 4435 Philostr.
1543 4381 1644 4438 lib.
1697 4400 1798 4439 vm
1833 4384 1898 4439 de

251 4474 367 4525 Vit.
398 4469 648 4540 Apollon.
687 4484 742 4539 p.
776 4469 881 4522 420
910 4472 967 4522 et
999 4483 1099 4539 seq
1130 4485 1141 4535 ;
1176 4472 1396 4523 Erasm.
1458 4470 1624 4539 Adag.
1681 4471 1819 4526 chil.
1853 4490 1892 4540 ι,

246 4560 408 4629 adag.
440 4559 511 4610 77
532 4574 551 4619 ;
582 4558 844 4612 Dissertat
876 4559 935 4611 in
961 4558 1161 4613 Arnob.
1213 4574 1338 4629 cap.
1384 4559 1474 4625 24,
1523 4564 1632 4615 art.
1662 4561 1731 4627 2;
1767 4563 1892 4616 Dis-

244 4656 439 4704 sertat.
473 4649 534 4700 in
566 4647 821 4702 Lactant.
854 4662 977 4717 cap.
1012 4647 1102 4712 30,
1132 4650 1239 4701 art.
1272 4628 1343 4715 4).
1377 4646 1515 4711 Quis
1548 4652 1741 4703 autem
1776 4666 1890 4705 non
1924 4628 1968 4691 D
2002 4653 2099 4704 tur
2131 4672 2157 4697 ››
2191 4628 2540 4719 (lbid.),vhoc
2566 4652 2673 4711 est,
2707 4647 2924 4717 quibus
2951 4647 3244 4700 dmmones
3278 4645 3523 4699 suadere
3551 4661 3646 4698 co-
3732 4672 3743 4683 -

247 4738 404 4793 videt
425 4752 626 4792 eorum
655 4734 994 4790 testimonio
1026 4734 1169 4790 satis
1218 4752 1511 4807 superque
1560 4737 1794 4807 probari
1825 4738 1894 4793 ab

251 4826 370 4895 illo,
404 4829 462 4880 et
491 4824 621 4879 aliis
652 4841 684 4878 a
715 4823 1079 4879 Tertulliano
1114 4824 1749 4892 memoratis,homines
1781 4825 1895 4881 ini-

249 4914 597 4970 tiationibus
625 4914 862 4968 deorum
897 4912 968 4969 ab
1018 4912 1152 4968 aliis
1202 4912 1539 4969 hominibus
1574 4914 1753 4969 fuisse
1784 4914 1896 4969 illi-

252 5001 469 5075 gatos?
526 5002 768 5056 Domum
813 4999 910 5055 ille
959 5000 1173 5072 adjecit
1232 5001 1481 5057 Numam
1543 5002 1895 5073 Pompilium

253 5089 686 5162 operosissimis
739 5090 1032 5144 Romanos
1081 5106 1352 5145 onerasse
1400 5090 1889 5147 institutionibus.

251 5183 433 5245 Quam
467 5184 663 5235 autem
696 5178 751 5232 id
784 5195 983 5233 verum
1015 5180 1116 5247 sit,
1150 5196 1181 5233 a
1208 5180 1377 5234 nobis
1426 5179 1894 5235 demonstratum

254 5275 361 5325 cst.

321 5363 495 5415 Recte
538 5375 674 5430 ergo
726 5376 793 5414 ex
842 5358 936 5415 his
994 5358 1290 5414 concludit
1335 5358 1730 5415 Tertullianus
1779 5377 1894 5415 non

255 5449 449 5504 minus
477 5448 726 5512 Christo,
759 5447 986 5503 etiamsi
1017 5448 1190 5503 homo
1222 5447 1447 5503 tanium
1496 5452 1671 5518 esset,
1717 5465 1893 5520 quam

253 5538 344 5593 his
373 5535 613 5592 licuisse
640 5534 895 5606 aliquam
920 5537 1297 5593 commentari
1328 5536 1702 5605 divinitatem,
1720 5555 1894 5608 quam

256 5626 525 5682 homines
557 5624 743 5681 colere
793 5625 1043 5680 doceret.
1106 5629 1176 5680 At
1232 5625 1497 5683 Christus
1554 5643 1670 5683 non
1703 5626 1895 5683 solum

258 5714 429 5773 homo
462 5714 593 5783 fuit,
627 5714 728 5771 sed
761 5729 953 5771 veram
985 5730 1117 5772 cum
1151 5731 1256 5771 suo
1286 5718 1500 5773 aeterno
1552 5716 1720 5774 Patre
1750 5717 1896 5775 divi-

2007 612 2227 679 priam;
2262 612 2401 682 quia
2431 612 2567 684 ipsi,
2599 612 2751 668 sicut
2781 614 2933 669 Patri
2965 616 3336 687 suo,propria
3365 622 3451 672 est
3484 618 3651 689 (Ter-

2010 698 2240 755 tullian.
2290 702 2512 770 Apotog.
2561 719 2609 756 c.
2666 704 2758 773 21,
2816 720 2865 758 c.
2926 705 3072 771 404).
3132 705 3256 760 Non
3316 704 3471 760 enim
3530 706 3646 777 ille,

2010 790 2505 858 quemadmodum
2539 792 2726 846 Numa
2773 792 3112 864 Pompilius,
3158 796 3397 865 rupices,
3430 795 3484 850 id
3541 804 3649 861 est,

2010 877 2323 946 silvicolas,
2360 880 2531 946 feros,
2564 886 2621 936 et
2651 881 2949 949 barbaros,
2984 887 3047 936 ut
3077 882 3217 937 alibi
3269 884 3394 953 ipse
3426 884 3650 939 Tertul-

2008 965 2180 1022 lanus
2207 968 2457 1039 explicat
2487 970 2573 1038 (de
2603 971 2803 1034 Pallio,
2839 987 2963 1041 cap.
3010 972 3063 1038 4,
3095 976 3151 1025 et
3179 970 3244 1026 de
3283 973 3468 1026 Anim.
3518 989 3644 1044 cap.

2006 1056 2083 1126 6),
2118 1057 2385 1112 homines
2417 1058 2663 1129 injectos
2695 1058 2977 1114 falsorum
3027 1060 3265 1115 deorum
3300 1064 3539 1126 terrore,
3574 1063 3647 1117 ad

2009 1144 2454 1201 humaninatem
2481 1148 2823 1217 temperavit
2847 1165 2859 1214 ;
2885 1148 2983 1202 sed
3010 1146 3222 1219 politos
3245 1153 3301 1203 et
3319 1148 3647 1205 urbanosin

2008 1234 2367 1304 agnitionem
2397 1235 2516 1289 veri
2566 1235 2664 1290 Dei
2719 1235 2978 1302 oculavit,
3014 1236 3120 1291 hoc
3151 1240 3262 1303 est,
3320 1236 3439 1291 illis
3488 1238 3649 1292 dedit

2006 1323 2123 1378 veri
2158 1323 2259 1379 Dei
2290 1324 2542 1394 videndi,
2577 1340 2680 1379 seu
2712 1324 3098 1395 cognoscendi
3148 1325 3508 1380 facultatem.
3547 1327 3647 1380 Eo-

2008 1411 2137 1466 dem
2171 1412 2325 1467 enim
2359 1428 2533 1467 sensu
2566 1412 2704 1468 alibi
2726 1414 2797 1467 de
2827 1412 3143 1468 hirundine
3163 1413 3309 1468 dixit
3342 1430 3354 1469 :
3396 1434 3422 1466 α
3453 1413 3649 1469 Pullos

2006 1500 2165 1554 novit
2193 1500 2425 1556 oculare
2470 1519 2674 1557 rursus
2707 1503 2776 1557 de
2807 1519 2914 1557 sua
2944 1501 3277 1557 chelidonia
3312 1524 3338 1551 ι)
3384 1502 3561 1574 (Idem
3585 1503 3650 1557 de

2010 1590 2202 1644 Pamit.
2236 1606 2286 1644 c.
2318 1590 2427 1659 12).
2480 1591 2867 1655 Quamobrem
2917 1591 3065 1645 867
3119 1592 3465 1662 Cyprianus,
3514 1608 3645 1647 cum

2007 1695 2169 1734 more
2200 1696 2306 1734 suo
2338 1680 2620 1745 imitatus,
2668 1680 2903 1749 Christi,
2954 1680 3108 1736 sicut
3153 1680 3269 1748 ille,
3324 1680 3645 1752 discipulos

2006 1768 2134 1824 ideo
2170 1785 2272 1840 per
2317 1769 2515 1824 orbem
2568 1771 2868 1840 dispersos
2924 1786 3053 1825 esse
3096 1770 3263 1825 docet
3310 1792 3337 1819 «
3369 1774 3435 1824 ut
3464 1766 3645 1826 caecos

2006 1861 2063 1913 et
2120 1858 2354 1929 ignaros
2399 1860 2470 1913 ad
2520 1859 2879 1931 agnitionem
2930 1858 3193 1914 veritatis
3267 1859 3569 1915 ocularent
3613 1881 3641 1910 ››

2009 1947 2199 2018 (Cypr.
2233 1947 2296 2002 de
2327 1947 2519 2003 Idolor.
2560 1950 2781 2019 vanit.).
2814 1948 2963 2013 Quin
3012 1948 3188 2003 etiam
3242 1948 3483 2004 Pontius
3540 1949 3645 2019 Cy-

2008 2035 2200 2106 priani
2231 2036 2535 2103 diaconus,
2568 2038 2627 2091 in
2658 2038 2787 2107 ejus
2818 2036 2961 2107 Vita,
3013 2053 3079 2092 ac
3108 2037 3180 2093 de
3233 2036 3331 2092 illo
3360 2037 3599 2109 scripsit
3630 2055 3643 2092 :

2008 2124 2336 2179 «Nondum
2392 2127 2651 2181 secunda
2708 2126 2981 2182 nativitas
3047 2142 3261 2182 novum
3346 2126 3647 2183 hominem

2009 2214 2319 2284 splendore
2353 2218 2472 2270 toto
2503 2215 2710 2271 divinae
2732 2215 2882 2270 lucis
2934 2214 3266 2271 oculaverat
3298 2237 3326 2264 ››
3357 2215 3644 2287 (Pontius,

2010 2302 2069 2356 in
2108 2304 2205 2358 Vit.
2237 2302 2293 2357 S.
2322 2302 2588 2374 Cyprian.
2638 2303 2811 2373 init.).
2866 2304 3007 2366 Quis
3052 2320 3222 2373 porro
3271 2318 3338 2357 ex
3370 2302 3483 2368 his,
3518 2320 3644 2373 quin

2008 2391 2291 2446 hactenus
2322 2391 2621 2463 disputata
2672 2396 2832 2458 sunt,
2884 2408 2998 2447 non
3035 2391 3279 2462 percipit
3309 2407 3486 2462 quam
3523 2407 3641 2445 me-

2008 2480 2118 2535 rito
2135 2481 2263 2550 jure
2283 2480 2680 2536 Tertullianus
2701 2482 2970 2536 conﬁciat
2993 2480 3349 2535 Christianos
3366 2480 3438 2534 ab
3459 2479 3646 2534 ethni-

2008 2568 2093 2623 cis
2124 2574 2180 2623 et
2206 2569 2424 2625 Judaais
2455 2568 2824 2640 iniquissime
2850 2568 3116 2635 cruciari,
3145 2577 3198 2623 et
3229 2567 3644 2639 interﬁci,quia

2007 2674 2140 2713 cum
2171 2674 2369 2713 verum
2403 2663 2581 2713 Deum
2615 2675 2717 2729 per
2745 2658 3045 2712 Christum
3076 2657 3469 2729 agnovissent,
3494 2656 3644 2727 ejus-

2006 2763 2119 2818 que
2150 2748 2395 2818 professi
2429 2748 2675 2801 fuissent
2705 2747 3068 2817 religionem,
3100 2750 3371 2801 neutrum
3405 2760 3639 2817 negare,

2003 2836 2121 2893 imo
2152 2854 2223 2892 ne
2248 2837 2625 2892 dissimulare
2655 2838 2891 2908 quidem
2922 2836 3241 2892 volebant?

2646 2979 2882 3035 CAPUT
2921 2980 2984 3034 Χ.

2430 3071 2501 3125 De
2532 3069 2743 3137 angelis
2774 3076 2826 3124 et
2856 3068 3209 3123 daemonibus.

2531 3193 2737 3231 ARTICU
2749 3192 2851 3231 LUS
2891 3192 3075 3230 PRIMU
3084 3193 3111 3231 S

2095 3264 2347 3334 gelorum
2400 3268 2451 3319 et
2508 3264 2820 3320 daemonum
2876 3279 3071 3319 nomen
3144 3266 3427 3335 cognitum
3480 3263 3649 3333 fuisse

2084 3336 2384 3406 gentilibus
2428 3338 2624 3406 poetis,
2672 3335 3030 3406 philosophis,
3079 3351 3144 3392 ac
3192 3336 3516 3391 nominatim
3550 3335 3645 3390 So-

2032 3462 2040 3468 ,
2086 3417 2244 3475 crati,
2278 3408 2519 3475 Platoni,
2551 3423 2649 3461 nec
2668 3424 2776 3461 non
2810 3408 2987 3475 magis
3016 3409 3068 3460 et
3097 3408 3259 3475 vulgo
3306 3407 3649 3462 indoctorum

2088 3478 2392 3543 hominum,
2428 3480 2520 3548 qui
2548 3494 2749 3533 nomen
2790 3478 3050 3532 damonis
3076 3480 3137 3532 in
3182 3494 3344 3532 usum
3370 3478 3651 3533 maledicti

2084 3551 2509 3619 frequentabant
2526 3566 2545 3609 ;
2577 3566 2676 3604 cur
2702 3549 2841 3604 illud
2870 3565 3065 3603 nomen
3094 3549 3227 3605 adeo
3275 3549 3596 3604 detestabile
3630 3567 3643 3615 ;

2084 3638 2266 3677 omnes
2294 3622 2516 3689 angelos
2543 3629 2750 3676 creatos
2780 3638 2892 3676 esse
2923 3638 2955 3675 a
2988 3624 3090 3674 Deo
3117 3622 3401 3691 perfectos,
3452 3636 3647 3690 pravos

2090 3702 2276 3748 autem
2315 3698 2499 3764 sponte
2548 3710 2645 3747 sua
2695 3700 3009 3763 corruptos;
3041 3693 3104 3747 de
3136 3709 3323 3747 eorum
3372 3709 3498 3764 cum
3532 3698 3643 3746 Deo

2081 3763 2346 3829 divortio,
2382 3781 2448 3819 ac
2504 3766 2856 3819 matrimonio
2910 3779 3032 3817 cum
3088 3765 3310 3833 ﬁliabus
3365 3763 3649 3818 hominum

2081 3838 2227 3891 unde
2254 3837 2569 3906 corruptior
2597 3835 2907 3890 daemonum
2949 3850 3080 3904 gens
3100 3841 3219 3890 orta
3246 3836 3469 3889 dicitur.

2078 3942 2313 3997 Transit
2342 3941 2739 3996 Tertullianus
2763 3942 2831 3995 ad
2856 3940 3010 3995 aliud
3044 3940 3382 3994 Christianae
3415 3938 3648 4009 religio-

2008 4030 2100 4085 nis
2132 4031 2201 4085 de
2233 4029 2453 4100 angelis
2498 4034 2554 4082 et
2606 4029 2969 4083 daemonibus
3020 4029 3434 4082 documentum
3486 4028 3647 4095 (Ter-

2008 4118 2136 4172 tull.
2170 4119 2441 4189 Apotoget.
2477 4134 2506 4172 c
2558 4120 2649 4183 22,
2682 4134 2729 4171 c-
2764 4118 2910 4187 404).
2962 4118 3038 4172 Eo
3071 4124 3263 4171 autem
3310 4116 3649 4170 accuratius

2008 4205 2148 4261 illud
2182 4205 2467 4277 explicare
2517 4205 2832 4269 contendit,
2888 4222 3004 4275 quo
3059 4219 3400 4275 persuasum
3462 4203 3649 4273 magis

2007 4294 2223 4350 ethnici
2254 4294 2547 4348 habebant
2578 4294 2871 4348 daemones
2905 4294 3015 4348 sub
3067 4290 3419 4359 imaginibus
3462 4295 3518 4344 et
3546 4306 3648 4343 no-

2008 4384 2266 4439 minibus
2296 4390 2636 4438 mortuorum
2665 4382 2834 4453 (Ibid.
2866 4382 2956 4451 23,
2992 4398 3041 4436 c.
3079 4382 3224 4448 404),
3284 4379 3339 4433 id
3400 4382 3508 4445 est,
3543 4377 3647 4431 fal-

2004 4489 2203 4527 sorum
2238 4472 2501 4537 deorum,
2537 4469 3136 4539 delitescentes,edere
3167 4465 3649 4539 signa,miracula

2002 4565 2061 4616 et
2089 4560 2345 4629 oracula,
2393 4559 2608 4630 quibus
2660 4580 2686 4607 ‹‹
2736 4559 2910 4613 ﬁdem
2961 4557 3283 4613 divinitatis
3330 4558 3684 4627 operaban-°

2006 4738 2300 4793 nabantur
2327 4753 2493 4792 veros
2541 4751 2688 4800 esse,
2723 4752 2869 4805 quos
2900 4734 3167 4789 colebant
3213 4733 3452 4802 ethnici,
3485 4733 3643 4801 deos,

2007 4844 2074 4882 ac
2130 4826 2374 4897 proinde
2420 4841 2617 4880 veram
2666 4839 2795 4879 esse
2842 4839 3041 4879 eorum
3109 4822 3472 4894 religionem,
3520 4826 3646 4877 Jam

2005 4932 2136 4971 vero
2169 4914 2425 4969 vidimus
2455 4932 2487 4969 a
2514 4912 2757 4968 Minutio
2807 4912 3012 4979 Felice,
3059 4910 3380 4978 Lactantio,
3433 4914 3489 4965 et
3519 4909 3650 4965 aliis

2006 5004 2288 5060 radicitus
2310 5003 2575 5059 evulsum
2598 5002 2781 5057 fuisse
2804 5002 2958 5056 hunc
2980 5000 3344 5057 ethnicorum
3368 5015 3646 5067 errorem,

2006 5112 2122 5166 quo
2152 5093 2425 5165 inprimis
2476 5091 2772 5147 nitebatur
2829 5094 2951 5145 tota
2994 5090 3228 5145 illorum
3278 5088 3479 5159 religio
3508 5090 3648 5159 (Dis-

2004 5187 2191 5240 sertat.
2226 5182 2283 5236 in
2318 5181 2513 5235 Minue.
2550 5197 2675 5251 cap.
2713 5182 2798 5246 18,
2830 5184 2939 5234 art.
2978 5181 3025 5244 1,
3060 5184 3117 5232 et
3147 5179 3203 5232 in
3239 5180 3480 5233 Lactant.
3516 5194 3643 5248 cap.

2002 5274 2093 5340 20,
2126 5276 2234 5326 art.
2272 5272 2346 5337 4).
2397 5270 2507 5325 Sed
2548 5270 2688 5339 quia
2735 5268 2796 5324 hi
2836 5269 3153 5340 scriptores
3201 5265 3373 5337 plura
3420 5283 3487 5321 ex
3537 5266 3646 5321 hoc

2004 5360 2272 5417 Auctoris
2328 5358 2511 5413 nostri
2570 5357 2717 5413 libro
2789 5357 3220 5421 delibaveruut,
3280 5358 3456 5426 atque
3513 5353 3649 5409 inde

2002 5455 2283 5520 tanquam
2316 5463 2383 5502 ex
2410 5463 2556 5517 pura
2589 5448 2743 5502 fonte
2772 5462 2911 5501 suos
2943 5446 3331 5516 irrigaverunt
3360 5441 3645 5511 hortulos,

2003 5538 2220 5593 idcirco
2249 5536 2377 5606 ejus
2408 5534 2603 5606 opinio
2627 5533 2969 5606 diligentius
2992 5551 3024 5589 a
3058 5534 3226 5589 nobis
3255 5528 3645 5586 examinanda

2003 5632 2111 5683 est.

2078 5714 2340 5772 Primum
2371 5714 2569 5787 itaque
2598 5715 2765 5771 docet
2792 5711 3030 5784 angelos
3069 5716 3126 5767 et
3173 5711 3469 5767 daemones
3511 5721 3641 5762 esse
