  <div class='ocr_page' id='page_1' title='image "/cluster/home/n/w/nwhite01/storage/ocr_20150623/1/hvd.32044096580337/485.png"; bbox 0 0 4118 6182; ppageno 0'>
   <div class='ocr_carea' id='block_1_1' title="bbox 587 345 702 405">
    <p class='ocr_par' dir='ltr' id='par_1_1' title="bbox 587 345 702 405">
     <span class='ocr_line' id='line_1_1' title="bbox 587 345 702 405; baseline 0.017 -2"><span class='ocrx_word' id='word_1_1' title='bbox 587 345 702 405; x_wconf 80' lang='lat'>955</span> 
     </span>
    </p>
   </div>
   <div class='ocr_carea' id='block_1_2' title="bbox 1113 342 3880 416">
    <p class='ocr_par' dir='ltr' id='par_1_2' title="bbox 1113 342 3880 416">
     <span class='ocr_line' id='line_1_2' title="bbox 1113 342 3880 416; baseline 0.004 -13"><span class='ocrx_word' id='word_1_2' title='bbox 1113 343 1642 406; x_wconf 81' lang='lat' dir='ltr'>TERTULLIANI</span> <span class='ocrx_word' id='word_1_3' title='bbox 1688 342 2012 405; x_wconf 69' lang='lat' dir='ltr'>OPEIIUM</span> <span class='ocrx_word' id='word_1_4' title='bbox 2056 343 2260 404; x_wconf 82' lang='lat' dir='ltr'>PARS</span> <span class='ocrx_word' id='word_1_5' title='bbox 2305 345 2352 403; x_wconf 88' lang='grc' dir='ltr'>Ι.</span> <span class='ocrx_word' id='word_1_6' title='bbox 2385 374 2464 389; x_wconf 94' lang='grc'><strong><em>-</em></strong></span> <span class='ocrx_word' id='word_1_7' title='bbox 2493 343 2767 404; x_wconf 82' lang='lat' dir='ltr'>SERIES</span> <span class='ocrx_word' id='word_1_8' title='bbox 2812 343 2859 416; x_wconf 86' lang='grc' dir='ltr'>Ι,</span> <span class='ocrx_word' id='word_1_9' title='bbox 2906 344 3453 404; x_wconf 82' lang='lat' dir='ltr'>APOLOGETICA.</span> <span class='ocrx_word' id='word_1_10' title='bbox 3782 353 3880 412; x_wconf 69' lang='lat'>936</span> 
     </span>
    </p>
   </div>
   <div class='ocr_carea' id='block_1_3' title="bbox 590 475 3882 550">
    <p class='ocr_par' dir='ltr' id='par_1_3' title="bbox 590 475 3882 550">
     <span class='ocr_line' id='line_1_3' title="bbox 590 475 3882 550; baseline 0.002 -18"><span class='ocrx_word' id='word_1_11' title='bbox 590 476 954 533; x_wconf 80' lang='lat' dir='ltr'>substantias</span> <span class='ocrx_word' id='word_1_12' title='bbox 1001 477 1287 547; x_wconf 88' lang='lat' dir='ltr'>quasdam</span> <span class='ocrx_word' id='word_1_13' title='bbox 1335 475 1648 546; x_wconf 77' lang='lat' dir='ltr'>spiritales,</span> <span class='ocrx_word' id='word_1_14' title='bbox 1711 492 1962 547; x_wconf 87' lang='lat' dir='ltr'>quarum</span> <span class='ocrx_word' id='word_1_15' title='bbox 2019 491 2229 530; x_wconf 86' lang='lat' dir='ltr'><strong>nomen</strong></span> <span class='ocrx_word' id='word_1_16' title='bbox 2263 476 2524 543; x_wconf 76' lang='lat' dir='ltr'>Anonia</span> <span class='ocrx_word' id='word_1_17' title='bbox 2568 476 2857 542; x_wconf 89' lang='lat' dir='ltr'>dicantur,</span> <span class='ocrx_word' id='word_1_18' title='bbox 2913 493 3027 530; x_wconf 92' lang='lat' dir='ltr'>non</span> <span class='ocrx_word' id='word_1_19' title='bbox 3080 475 3192 530; x_wconf 90' lang='lat' dir='ltr'>nisi</span> <span class='ocrx_word' id='word_1_20' title='bbox 3272 475 3493 548; x_wconf 79' lang='lat' dir='ltr'>maligni</span> <span class='ocrx_word' id='word_1_21' title='bbox 3553 480 3882 550; x_wconf 83' lang='lat' dir='ltr'>signiﬁcantur</span> 
     </span>
    </p>
   </div>
   <div class='ocr_carea' id='block_1_4' title="bbox 586 564 2231 637">
    <p class='ocr_par' dir='ltr' id='par_1_4' title="bbox 586 564 2231 637">
     <span class='ocr_line' id='line_1_4' title="bbox 586 564 2231 637; baseline -0.001 -17"><span class='ocrx_word' id='word_1_22' title='bbox 586 565 904 637; x_wconf 81' lang='lat' dir='ltr'>gentilibus</span> <span class='ocrx_word' id='word_1_23' title='bbox 935 573 1052 619; x_wconf 91' lang='lat' dir='ltr'>tam</span> <span class='ocrx_word' id='word_1_24' title='bbox 1086 565 1292 636; x_wconf 91' lang='lat' dir='ltr'>poetis,</span> <span class='ocrx_word' id='word_1_25' title='bbox 1327 582 1504 635; x_wconf 91' lang='lat' dir='ltr'>quam</span> <span class='ocrx_word' id='word_1_26' title='bbox 1543 564 1908 635; x_wconf 80' lang='lat' dir='ltr'>philosophis</span> <span class='ocrx_word' id='word_1_27' title='bbox 1939 565 2062 635; x_wconf 81' lang='lat' dir='ltr'>(loc.</span> <span class='ocrx_word' id='word_1_28' title='bbox 2091 565 2231 635; x_wconf 86' lang='lat' dir='ltr'>cit.),</span> 
     </span>
    </p>
   </div>
   <div class='ocr_carea' id='block_1_5' title="bbox 588 653 2234 725">
    <p class='ocr_par' dir='ltr' id='par_1_5' title="bbox 588 653 2234 725">
     <span class='ocr_line' id='line_1_5' title="bbox 588 653 2234 725; baseline -0.001 -17"><span class='ocrx_word' id='word_1_29' title='bbox 588 655 1087 725; x_wconf 79' lang='lat' dir='ltr'>quemadmodum</span> <span class='ocrx_word' id='word_1_30' title='bbox 1122 653 1258 708; x_wconf 81' lang='lat' dir='ltr'>alibi</span> <span class='ocrx_word' id='word_1_31' title='bbox 1292 654 1482 708; x_wconf 92' lang='lat' dir='ltr'>adhuc</span> <span class='ocrx_word' id='word_1_32' title='bbox 1527 653 1914 718; x_wconf 91' lang='lat' dir='ltr'>ostendimus,</span> <span class='ocrx_word' id='word_1_33' title='bbox 1977 670 2090 707; x_wconf 91' lang='lat' dir='ltr'>non</span> <span class='ocrx_word' id='word_1_34' title='bbox 2124 653 2234 707; x_wconf 86' lang='lat' dir='ltr'>fuit</span> 
     </span>
    </p>
   </div>
   <div class='ocr_carea' id='block_1_6' title="bbox 589 741 2235 814">
    <p class='ocr_par' dir='ltr' id='par_1_6' title="bbox 589 741 2235 814">
     <span class='ocr_line' id='line_1_6' title="bbox 589 741 2235 814; baseline -0.001 -18"><span class='ocrx_word' id='word_1_35' title='bbox 589 743 978 814; x_wconf 88' lang='lat' dir='ltr'>incognitum.</span> <span class='ocrx_word' id='word_1_36' title='bbox 1013 744 1090 796; x_wconf 84' lang='lat' dir='ltr'>Ex</span> <span class='ocrx_word' id='word_1_37' title='bbox 1123 742 1486 813; x_wconf 88' lang='lat' dir='ltr'>philosophis</span> <span class='ocrx_word' id='word_1_38' title='bbox 1517 748 1714 797; x_wconf 90' lang='lat' dir='ltr'>autem</span> <span class='ocrx_word' id='word_1_39' title='bbox 1760 741 2106 796; x_wconf 82' lang='lat' dir='ltr'>nominatim</span> <span class='ocrx_word' id='word_1_40' title='bbox 2139 758 2235 812; x_wconf 91' lang='lat' dir='ltr'>ap-</span> 
     </span>
    </p>
   </div>
   <div class='ocr_carea' id='block_1_7' title="bbox 589 830 2231 902">
    <p class='ocr_par' dir='ltr' id='par_1_7' title="bbox 589 830 2231 902">
     <span class='ocr_line' id='line_1_7' title="bbox 589 830 2231 902; baseline -0.001 -16"><span class='ocrx_word' id='word_1_41' title='bbox 589 831 765 901; x_wconf 84' lang='lat' dir='ltr'>pellat</span> <span class='ocrx_word' id='word_1_42' title='bbox 791 833 1090 886; x_wconf 87' lang='lat' dir='ltr'>Platonem</span> <span class='ocrx_word' id='word_1_43' title='bbox 1131 837 1187 885; x_wconf 92' lang='lat' dir='ltr'>et</span> <span class='ocrx_word' id='word_1_44' title='bbox 1217 832 1538 893; x_wconf 82' lang='lat' dir='ltr'>Socratem,</span> <span class='ocrx_word' id='word_1_45' title='bbox 1587 831 1685 902; x_wconf 90' lang='lat' dir='ltr'>qui</span> <span class='ocrx_word' id='word_1_46' title='bbox 1728 832 2050 885; x_wconf 69' lang='lat' dir='ltr'>daemonem</span> <span class='ocrx_word' id='word_1_47' title='bbox 2085 830 2231 884; x_wconf 88' lang='lat' dir='ltr'>assi-</span> 
     </span>
    </p>
   </div>
   <div class='ocr_carea' id='block_1_8' title="bbox 590 918 2233 990">
    <p class='ocr_par' dir='ltr' id='par_1_8' title="bbox 590 918 2233 990">
     <span class='ocr_line' id='line_1_8' title="bbox 590 918 2233 990; baseline -0.001 -15"><span class='ocrx_word' id='word_1_48' title='bbox 590 926 839 975; x_wconf 87' lang='lat' dir='ltr'>stentem</span> <span class='ocrx_word' id='word_1_49' title='bbox 871 921 1146 986; x_wconf 90' lang='lat' dir='ltr'>habebat,</span> <span class='ocrx_word' id='word_1_50' title='bbox 1176 944 1200 969; x_wconf 91' lang='grc'>‹‹</span> <span class='ocrx_word' id='word_1_51' title='bbox 1237 921 1726 986; x_wconf 88' lang='lat' dir='ltr'>dehortatorium,</span> <span class='ocrx_word' id='word_1_52' title='bbox 1761 919 1974 990; x_wconf 87' lang='lat' dir='ltr'>inquit,</span> <span class='ocrx_word' id='word_1_53' title='bbox 2011 918 2178 989; x_wconf 85' lang='lat' dir='ltr'>plane</span> <span class='ocrx_word' id='word_1_54' title='bbox 2200 936 2233 973; x_wconf 90' lang='lat' dir='ltr'>a</span> 
     </span>
    </p>
   </div>
   <div class='ocr_carea' id='block_1_9' title="bbox 588 1008 2232 1079">
    <p class='ocr_par' dir='ltr' id='par_1_9' title="bbox 588 1008 2232 1079">
     <span class='ocr_line' id='line_1_9' title="bbox 588 1008 2232 1079; baseline -0.001 -16"><span class='ocrx_word' id='word_1_55' title='bbox 588 1010 739 1064; x_wconf 91' lang='lat' dir='ltr'>bono</span> <span class='ocrx_word' id='word_1_56' title='bbox 772 1031 799 1058; x_wconf 83' lang='lat'>»</span> <span class='ocrx_word' id='word_1_57' title='bbox 840 1008 1107 1079; x_wconf 81' lang='lat' dir='ltr'>(Tertull.</span> <span class='ocrx_word' id='word_1_58' title='bbox 1142 1008 1432 1079; x_wconf 82' lang='lat' dir='ltr'>Apologct.</span> <span class='ocrx_word' id='word_1_59' title='bbox 1467 1025 1515 1062; x_wconf 82' lang='grc' dir='ltr'><strong>ο.</strong></span> <span class='ocrx_word' id='word_1_60' title='bbox 1571 1011 1661 1075; x_wconf 85' lang='grc'>22,</span> <span class='ocrx_word' id='word_1_61' title='bbox 1717 1025 1764 1062; x_wconf 93' lang='lat' dir='ltr'>c.</span> <span class='ocrx_word' id='word_1_62' title='bbox 1820 1009 1963 1076; x_wconf 82' lang='grc'>406).</span> <span class='ocrx_word' id='word_1_63' title='bbox 2005 1008 2232 1062; x_wconf 86' lang='lat' dir='ltr'>Dixerat</span> 
     </span>
    </p>
   </div>
   <div class='ocr_carea' id='block_1_10' title="bbox 600 1096 2233 1167">
    <p class='ocr_par' dir='ltr' id='par_1_10' title="bbox 600 1096 2233 1167">
     <span class='ocr_line' id='line_1_10' title="bbox 600 1096 2233 1167; baseline -0.002 -15"><span class='ocrx_word' id='word_1_64' title='bbox 600 1103 793 1152; x_wconf 91' lang='lat' dir='ltr'>autem</span> <span class='ocrx_word' id='word_1_65' title='bbox 826 1097 937 1152; x_wconf 92' lang='lat' dir='ltr'>alio</span> <span class='ocrx_word' id='word_1_66' title='bbox 984 1098 1042 1151; x_wconf 94' lang='lat' dir='ltr'>in</span> <span class='ocrx_word' id='word_1_67' title='bbox 1093 1098 1289 1153; x_wconf 89' lang='lat' dir='ltr'>libro:</span> <span class='ocrx_word' id='word_1_68' title='bbox 1332 1121 1358 1147; x_wconf 96' lang='grc'><em>‹‹</em></span> <span class='ocrx_word' id='word_1_69' title='bbox 1413 1102 1705 1152; x_wconf 83' lang='lat' dir='ltr'>Socratem</span> <span class='ocrx_word' id='word_1_70' title='bbox 1740 1113 1984 1167; x_wconf 88' lang='lat' dir='ltr'>puerum</span> <span class='ocrx_word' id='word_1_71' title='bbox 2042 1096 2233 1150; x_wconf 92' lang='lat' dir='ltr'>adhuc</span> 
     </span>
    </p>
   </div>
   <div class='ocr_carea' id='block_1_11' title="bbox 589 1186 2228 1257">
    <p class='ocr_par' dir='ltr' id='par_1_11' title="bbox 589 1186 2228 1257">
     <span class='ocr_line' id='line_1_11' title="bbox 589 1186 2228 1257; baseline -0.001 -15"><span class='ocrx_word' id='word_1_72' title='bbox 589 1187 832 1257; x_wconf 84' lang='lat' dir='ltr'>spiritus</span> <span class='ocrx_word' id='word_1_73' title='bbox 865 1187 1222 1241; x_wconf 67' lang='lat' dir='ltr'>daemonicus</span> <span class='ocrx_word' id='word_1_74' title='bbox 1253 1186 1475 1240; x_wconf 86' lang='lat' dir='ltr'>invenit</span> <span class='ocrx_word' id='word_1_75' title='bbox 1518 1209 1537 1235; x_wconf 71' lang='grc' dir='ltr'><strong>ιο</strong></span> <span class='ocrx_word' id='word_1_76' title='bbox 1577 1187 1780 1257; x_wconf 88' lang='lat' dir='ltr'>(Idem,</span> <span class='ocrx_word' id='word_1_77' title='bbox 1814 1186 1879 1240; x_wconf 76' lang='lat' dir='ltr'>de</span> <span class='ocrx_word' id='word_1_78' title='bbox 1941 1187 2124 1240; x_wconf 84' lang='lat' dir='ltr'>Anim.</span> <span class='ocrx_word' id='word_1_79' title='bbox 2178 1201 2228 1240; x_wconf 91' lang='lat' dir='ltr'>c.</span> 
     </span>
    </p>
   </div>
   <div class='ocr_carea' id='block_1_12' title="bbox 588 1275 2235 1348">
    <p class='ocr_par' dir='ltr' id='par_1_12' title="bbox 588 1275 2235 1348">
     <span class='ocr_line' id='line_1_12' title="bbox 588 1275 2235 1348; baseline -0.001 -17"><span class='ocrx_word' id='word_1_80' title='bbox 588 1277 678 1341; x_wconf 87' lang='grc'>39,</span> <span class='ocrx_word' id='word_1_81' title='bbox 712 1295 766 1348; x_wconf 91' lang='lat' dir='ltr'>p.</span> <span class='ocrx_word' id='word_1_82' title='bbox 799 1279 948 1342; x_wconf 84' lang='grc'><strong>341).</strong></span> <span class='ocrx_word' id='word_1_83' title='bbox 982 1281 1053 1330; x_wconf 89' lang='lat' dir='ltr'>At</span> <span class='ocrx_word' id='word_1_84' title='bbox 1084 1278 1154 1331; x_wconf 91' lang='lat' dir='ltr'>de</span> <span class='ocrx_word' id='word_1_85' title='bbox 1187 1278 1294 1331; x_wconf 92' lang='lat' dir='ltr'>hoc</span> <span class='ocrx_word' id='word_1_86' title='bbox 1327 1277 1581 1332; x_wconf 88' lang='lat' dir='ltr'>Socratis</span> <span class='ocrx_word' id='word_1_87' title='bbox 1627 1278 1885 1331; x_wconf 63' lang='lat' dir='ltr'>daemone</span> <span class='ocrx_word' id='word_1_88' title='bbox 1941 1277 1998 1329; x_wconf 93' lang='lat' dir='ltr'>in</span> <span class='ocrx_word' id='word_1_89' title='bbox 2060 1275 2235 1330; x_wconf 89' lang='lat' dir='ltr'>citata</span> 
     </span>
    </p>
   </div>
   <div class='ocr_carea' id='block_1_13' title="bbox 589 1364 2232 1431">
    <p class='ocr_par' dir='ltr' id='par_1_13' title="bbox 589 1364 2232 1431">
     <span class='ocr_line' id='line_1_13' title="bbox 589 1364 2232 1431; baseline -0.001 -12"><span class='ocrx_word' id='word_1_90' title='bbox 589 1367 659 1420; x_wconf 91' lang='lat' dir='ltr'>de</span> <span class='ocrx_word' id='word_1_91' title='bbox 711 1367 953 1420; x_wconf 90' lang='lat' dir='ltr'>Minutio</span> <span class='ocrx_word' id='word_1_92' title='bbox 998 1365 1229 1420; x_wconf 89' lang='lat' dir='ltr'>Octavio</span> <span class='ocrx_word' id='word_1_93' title='bbox 1277 1365 1710 1431; x_wconf 86' lang='lat' dir='ltr'>dissertatione,</span> <span class='ocrx_word' id='word_1_94' title='bbox 1759 1371 1814 1419; x_wconf 87' lang='lat' dir='ltr'>et</span> <span class='ocrx_word' id='word_1_95' title='bbox 1866 1366 1922 1418; x_wconf 91' lang='lat' dir='ltr'>in</span> <span class='ocrx_word' id='word_1_96' title='bbox 1972 1364 2100 1418; x_wconf 90' lang='lat' dir='ltr'>aliis</span> <span class='ocrx_word' id='word_1_97' title='bbox 2154 1364 2232 1419; x_wconf 89' lang='lat' dir='ltr'>ibi</span> 
     </span>
    </p>
   </div>
   <div class='ocr_carea' id='block_1_14' title="bbox 589 1453 2229 1526">
    <p class='ocr_par' dir='ltr' id='par_1_14' title="bbox 589 1453 2229 1526">
     <span class='ocr_line' id='line_1_14' title="bbox 589 1453 2229 1526; baseline 0 -18"><span class='ocrx_word' id='word_1_98' title='bbox 589 1453 843 1509; x_wconf 87' lang='lat' dir='ltr'>laudatis</span> <span class='ocrx_word' id='word_1_99' title='bbox 875 1455 1103 1526; x_wconf 84' lang='lat' dir='ltr'>egimus</span> <span class='ocrx_word' id='word_1_100' title='bbox 1152 1455 1457 1525; x_wconf 78' lang='lat' dir='ltr'>(Dissertat.</span> <span class='ocrx_word' id='word_1_101' title='bbox 1507 1457 1566 1508; x_wconf 90' lang='lat' dir='ltr'>in</span> <span class='ocrx_word' id='word_1_102' title='bbox 1611 1456 1812 1523; x_wconf 76' lang='lat' dir='ltr'>Minue,</span> <span class='ocrx_word' id='word_1_103' title='bbox 1845 1455 2025 1509; x_wconf 74' lang='grc' dir='ltr'>θείαν.</span> <span class='ocrx_word' id='word_1_104' title='bbox 2061 1470 2108 1507; x_wconf 91' lang='lat' dir='ltr'>c.</span> <span class='ocrx_word' id='word_1_105' title='bbox 2143 1454 2229 1523; x_wconf 88' lang='grc'>18,</span> 
     </span>
    </p>
   </div>
   <div class='ocr_carea' id='block_1_15' title="bbox 588 1543 2235 1613">
    <p class='ocr_par' dir='ltr' id='par_1_15' title="bbox 588 1543 2235 1613">
     <span class='ocr_line' id='line_1_15' title="bbox 588 1543 2235 1613; baseline -0.002 -15"><span class='ocrx_word' id='word_1_106' title='bbox 588 1548 697 1598; x_wconf 88' lang='lat' dir='ltr'>art.</span> <span class='ocrx_word' id='word_1_107' title='bbox 746 1543 818 1611; x_wconf 94' lang='lat'>1).</span> <span class='ocrx_word' id='word_1_108' title='bbox 888 1548 1171 1598; x_wconf 82' lang='lat' dir='ltr'>Praeterea</span> <span class='ocrx_word' id='word_1_109' title='bbox 1233 1543 1449 1597; x_wconf 88' lang='lat' dir='ltr'>ibidem</span> <span class='ocrx_word' id='word_1_110' title='bbox 1503 1544 1884 1613; x_wconf 80' lang='lat' dir='ltr'>patefecimus</span> <span class='ocrx_word' id='word_1_111' title='bbox 1954 1544 2235 1612; x_wconf 80' lang='lat' dir='ltr'>utriusque</span> 
     </span>
    </p>
   </div>
   <div class='ocr_carea' id='block_1_16' title="bbox 591 1629 2232 1704">
    <p class='ocr_par' dir='ltr' id='par_1_16' title="bbox 591 1629 2232 1704">
     <span class='ocr_line' id='line_1_16' title="bbox 591 1629 2232 1704; baseline -0.002 -18"><span class='ocrx_word' id='word_1_112' title='bbox 591 1634 855 1698; x_wconf 76' lang='lat' dir='ltr'>nominis,</span> <span class='ocrx_word' id='word_1_113' title='bbox 887 1632 940 1686; x_wconf 93' lang='lat' dir='ltr'>id</span> <span class='ocrx_word' id='word_1_114' title='bbox 976 1637 1087 1698; x_wconf 88' lang='lat' dir='ltr'>est,</span> <span class='ocrx_word' id='word_1_115' title='bbox 1144 1631 1334 1704; x_wconf 87' lang='lat' dir='ltr'>angeli</span> <span class='ocrx_word' id='word_1_116' title='bbox 1363 1637 1419 1686; x_wconf 92' lang='lat' dir='ltr'>et</span> <span class='ocrx_word' id='word_1_117' title='bbox 1449 1633 1732 1687; x_wconf 68' lang='lat' dir='ltr'>daemonis</span> <span class='ocrx_word' id='word_1_118' title='bbox 1765 1631 1914 1686; x_wconf 79' lang='lat'>868</span> <span class='ocrx_word' id='word_1_119' title='bbox 1948 1629 2232 1699; x_wconf 90' lang='lat' dir='ltr'>testes,si-</span> 
     </span>
    </p>
   </div>
   <div class='ocr_carea' id='block_1_17' title="bbox 589 1721 2231 1791">
    <p class='ocr_par' dir='ltr' id='par_1_17' title="bbox 589 1721 2231 1791">
     <span class='ocr_line' id='line_1_17' title="bbox 589 1721 2231 1791; baseline -0.001 -15"><span class='ocrx_word' id='word_1_120' title='bbox 589 1726 686 1776; x_wconf 88' lang='lat' dir='ltr'>cut</span> <span class='ocrx_word' id='word_1_121' title='bbox 716 1721 907 1776; x_wconf 89' lang='lat' dir='ltr'>adhuc</span> <span class='ocrx_word' id='word_1_122' title='bbox 936 1721 1341 1776; x_wconf 82' lang='lat' dir='ltr'>Tertullianus</span> <span class='ocrx_word' id='word_1_123' title='bbox 1376 1722 1638 1789; x_wconf 88' lang='lat' dir='ltr'>adnotat,</span> <span class='ocrx_word' id='word_1_124' title='bbox 1671 1737 1798 1776; x_wconf 89' lang='lat' dir='ltr'>esse</span> <span class='ocrx_word' id='word_1_125' title='bbox 1849 1736 2048 1791; x_wconf 88' lang='lat' dir='ltr'>magos</span> <span class='ocrx_word' id='word_1_126' title='bbox 2079 1721 2231 1790; x_wconf 89' lang='lat' dir='ltr'>(Ter-</span> 
     </span>
    </p>
   </div>
   <div class='ocr_carea' id='block_1_18' title="bbox 590 1810 1593 1881">
    <p class='ocr_par' dir='ltr' id='par_1_18' title="bbox 590 1810 1593 1881">
     <span class='ocr_line' id='line_1_18' title="bbox 590 1810 1593 1881; baseline 0.001 -17"><span class='ocrx_word' id='word_1_127' title='bbox 590 1810 817 1865; x_wconf 89' lang='lat' dir='ltr'>tullian.</span> <span class='ocrx_word' id='word_1_128' title='bbox 851 1811 1123 1880; x_wconf 80' lang='lat' dir='ltr'>Apologet.</span> <span class='ocrx_word' id='word_1_129' title='bbox 1158 1826 1208 1864; x_wconf 93' lang='lat' dir='ltr'>c.</span> <span class='ocrx_word' id='word_1_130' title='bbox 1236 1813 1328 1874; x_wconf 87' lang='lat'>22,</span> <span class='ocrx_word' id='word_1_131' title='bbox 1361 1826 1410 1864; x_wconf 85' lang='grc' dir='ltr'>ο.</span> <span class='ocrx_word' id='word_1_132' title='bbox 1444 1811 1593 1881; x_wconf 83' lang='grc'>405).</span> 
     </span>
    </p>
   </div>
   <div class='ocr_carea' id='block_1_19' title="bbox 660 1915 2234 1986">
    <p class='ocr_par' dir='ltr' id='par_1_19' title="bbox 660 1915 2234 1986">
     <span class='ocr_line' id='line_1_19' title="bbox 660 1915 2234 1986; baseline 0 -17"><span class='ocrx_word' id='word_1_133' title='bbox 660 1915 842 1970; x_wconf 86' lang='lat' dir='ltr'>Aliam</span> <span class='ocrx_word' id='word_1_134' title='bbox 869 1921 1142 1986; x_wconf 67' lang='lat' dir='ltr'>praeterea</span> <span class='ocrx_word' id='word_1_135' title='bbox 1163 1915 1258 1970; x_wconf 89' lang='lat' dir='ltr'>ille</span> <span class='ocrx_word' id='word_1_136' title='bbox 1281 1916 1545 1985; x_wconf 80' lang='lat' dir='ltr'>suggerit</span> <span class='ocrx_word' id='word_1_137' title='bbox 1568 1916 1847 1970; x_wconf 88' lang='lat' dir='ltr'>rationem</span> <span class='ocrx_word' id='word_1_138' title='bbox 1882 1931 1986 1969; x_wconf 90' lang='lat' dir='ltr'>cur</span> <span class='ocrx_word' id='word_1_139' title='bbox 2013 1915 2234 1970; x_wconf 65' lang='lat' dir='ltr'>daemo-</span> 
     </span>
    </p>
   </div>
   <div class='ocr_carea' id='block_1_20' title="bbox 589 2003 2232 2074">
    <p class='ocr_par' dir='ltr' id='par_1_20' title="bbox 589 2003 2232 2074">
     <span class='ocr_line' id='line_1_20' title="bbox 589 2003 2232 2074; baseline 0 -15"><span class='ocrx_word' id='word_1_140' title='bbox 589 2021 694 2059; x_wconf 91' lang='lat' dir='ltr'>nes</span> <span class='ocrx_word' id='word_1_141' title='bbox 725 2020 836 2058; x_wconf 92' lang='lat' dir='ltr'>non</span> <span class='ocrx_word' id='word_1_142' title='bbox 871 2004 1059 2058; x_wconf 90' lang='lat' dir='ltr'>solum</span> <span class='ocrx_word' id='word_1_143' title='bbox 1099 2003 1209 2068; x_wconf 92' lang='lat' dir='ltr'>his,</span> <span class='ocrx_word' id='word_1_144' title='bbox 1242 2004 1341 2058; x_wconf 88' lang='lat' dir='ltr'>sed</span> <span class='ocrx_word' id='word_1_145' title='bbox 1376 2003 1738 2074; x_wconf 89' lang='lat' dir='ltr'>quibuslibet</span> <span class='ocrx_word' id='word_1_146' title='bbox 1773 2004 1946 2058; x_wconf 87' lang='lat' dir='ltr'>etiam</span> <span class='ocrx_word' id='word_1_147' title='bbox 1982 2004 2232 2059; x_wconf 87' lang='lat' dir='ltr'>ethnicts</span> 
     </span>
    </p>
   </div>
   <div class='ocr_carea' id='block_1_21' title="bbox 591 2091 2230 2163">
    <p class='ocr_par' dir='ltr' id='par_1_21' title="bbox 591 2091 2230 2163">
     <span class='ocr_line' id='line_1_21' title="bbox 591 2091 2230 2163; baseline -0.001 -16"><span class='ocrx_word' id='word_1_148' title='bbox 591 2093 930 2148; x_wconf 89' lang='lat' dir='ltr'>hominibus</span> <span class='ocrx_word' id='word_1_149' title='bbox 962 2091 1143 2163; x_wconf 81' lang='lat' dir='ltr'>agniti</span> <span class='ocrx_word' id='word_1_150' title='bbox 1170 2094 1440 2147; x_wconf 86' lang='lat' dir='ltr'>fuerunt:</span> <span class='ocrx_word' id='word_1_151' title='bbox 1476 2116 1502 2141; x_wconf 89' lang='grc'><em>‹‹</em></span> <span class='ocrx_word' id='word_1_152' title='bbox 1534 2093 1664 2148; x_wconf 91' lang='lat' dir='ltr'>Jam</span> <span class='ocrx_word' id='word_1_153' title='bbox 1697 2092 1906 2163; x_wconf 88' lang='lat' dir='ltr'>vulgus</span> <span class='ocrx_word' id='word_1_154' title='bbox 1929 2093 2230 2148; x_wconf 89' lang='lat' dir='ltr'>indoctum</span> 
     </span>
    </p>
   </div>
   <div class='ocr_carea' id='block_1_22' title="bbox 590 2180 2232 2252">
    <p class='ocr_par' dir='ltr' id='par_1_22' title="bbox 590 2180 2232 2252">
     <span class='ocr_line' id='line_1_22' title="bbox 590 2180 2232 2252; baseline 0.001 -18"><span class='ocrx_word' id='word_1_155' title='bbox 590 2181 802 2252; x_wconf 87' lang='lat' dir='ltr'>inquit,</span> <span class='ocrx_word' id='word_1_156' title='bbox 837 2182 894 2235; x_wconf 93' lang='lat' dir='ltr'>in</span> <span class='ocrx_word' id='word_1_157' title='bbox 928 2198 1097 2235; x_wconf 90' lang='lat' dir='ltr'>usum</span> <span class='ocrx_word' id='word_1_158' title='bbox 1135 2180 1427 2236; x_wconf 91' lang='lat' dir='ltr'>maledicti</span> <span class='ocrx_word' id='word_1_159' title='bbox 1491 2183 1821 2252; x_wconf 82' lang='lat' dir='ltr'>frequentat</span> <span class='ocrx_word' id='word_1_160' title='bbox 1853 2204 1880 2230; x_wconf 85' lang='lat'>»</span> <span class='ocrx_word' id='word_1_161' title='bbox 1933 2182 2091 2252; x_wconf 84' lang='lat' dir='ltr'>(Ibid.</span> <span class='ocrx_word' id='word_1_162' title='bbox 2147 2187 2232 2236; x_wconf 89' lang='lat' dir='ltr'>Ita</span> 
     </span>
    </p>
   </div>
   <div class='ocr_carea' id='block_1_23' title="bbox 589 2268 2233 2342">
    <p class='ocr_par' dir='ltr' id='par_1_23' title="bbox 589 2268 2233 2342">
     <span class='ocr_line' id='line_1_23' title="bbox 589 2268 2233 2342; baseline 0.001 -18"><span class='ocrx_word' id='word_1_163' title='bbox 589 2269 915 2340; x_wconf 81' lang='lat' dir='ltr'>Rigaltius;</span> <span class='ocrx_word' id='word_1_164' title='bbox 958 2270 1056 2324; x_wconf 90' lang='lat' dir='ltr'>sed</span> <span class='ocrx_word' id='word_1_165' title='bbox 1091 2270 1205 2324; x_wconf 92' lang='lat' dir='ltr'>duo</span> <span class='ocrx_word' id='word_1_166' title='bbox 1239 2268 1422 2323; x_wconf 90' lang='lat' dir='ltr'>nostri</span> <span class='ocrx_word' id='word_1_167' title='bbox 1459 2269 1841 2342; x_wconf 90' lang='lat' dir='ltr'>manuscripti</span> <span class='ocrx_word' id='word_1_168' title='bbox 1892 2271 2120 2325; x_wconf 90' lang='lat' dir='ltr'>codices</span> <span class='ocrx_word' id='word_1_169' title='bbox 2151 2287 2233 2325; x_wconf 87' lang='lat' dir='ltr'>re-</span> 
     </span>
    </p>
   </div>
   <div class='ocr_carea' id='block_1_24' title="bbox 587 2357 2230 2428">
    <p class='ocr_par' dir='ltr' id='par_1_24' title="bbox 587 2357 2230 2428">
     <span class='ocr_line' id='line_1_24' title="bbox 587 2357 2230 2428; baseline 0.001 -16"><span class='ocrx_word' id='word_1_170' title='bbox 587 2361 875 2413; x_wconf 90' lang='lat' dir='ltr'>centiores</span> <span class='ocrx_word' id='word_1_171' title='bbox 902 2361 960 2412; x_wconf 87' lang='lat' dir='ltr'>in</span> <span class='ocrx_word' id='word_1_172' title='bbox 996 2375 1114 2424; x_wconf 80' lang='lat' dir='ltr'>usu,</span> <span class='ocrx_word' id='word_1_173' title='bbox 1150 2357 1508 2428; x_wconf 86' lang='lat' dir='ltr'>antiquiores</span> <span class='ocrx_word' id='word_1_174' title='bbox 1543 2361 1600 2413; x_wconf 89' lang='lat' dir='ltr'>in</span> <span class='ocrx_word' id='word_1_175' title='bbox 1631 2376 1734 2414; x_wconf 77' lang='lat' dir='ltr'>usu</span> <span class='ocrx_word' id='word_1_176' title='bbox 1777 2360 2104 2427; x_wconf 70' lang='lat' dir='ltr'>maledictis,</span> <span class='ocrx_word' id='word_1_177' title='bbox 2139 2375 2230 2413; x_wconf 81' lang='lat' dir='ltr'>ve-</span> 
     </span>
    </p>
   </div>
   <div class='ocr_carea' id='block_1_25' title="bbox 587 2445 2229 2502">
    <p class='ocr_par' dir='ltr' id='par_1_25' title="bbox 587 2445 2229 2502">
     <span class='ocr_line' id='line_1_25' title="bbox 587 2445 2229 2502; baseline 0.001 -3"><span class='ocrx_word' id='word_1_178' title='bbox 587 2446 865 2501; x_wconf 88' lang='lat' dir='ltr'>tustiores</span> <span class='ocrx_word' id='word_1_179' title='bbox 897 2445 1178 2500; x_wconf 88' lang='lat' dir='ltr'>ediiiones</span> <span class='ocrx_word' id='word_1_180' title='bbox 1213 2448 1268 2499; x_wconf 87' lang='lat' dir='ltr'>in</span> <span class='ocrx_word' id='word_1_181' title='bbox 1292 2463 1451 2501; x_wconf 77' lang='lat' dir='ltr'>usum</span> <span class='ocrx_word' id='word_1_182' title='bbox 1483 2447 1817 2502; x_wconf 74' lang='lat' dir='ltr'>maledictis.</span> <span class='ocrx_word' id='word_1_183' title='bbox 1848 2447 2069 2502; x_wconf 90' lang='lat' dir='ltr'>Sensus</span> <span class='ocrx_word' id='word_1_184' title='bbox 2097 2463 2229 2502; x_wconf 91' lang='lat' dir='ltr'>vero</span> 
     </span>
    </p>
   </div>
   <div class='ocr_carea' id='block_1_26' title="bbox 585 2534 2229 2607">
    <p class='ocr_par' dir='ltr' id='par_1_26' title="bbox 585 2534 2229 2607">
     <span class='ocr_line' id='line_1_26' title="bbox 585 2534 2229 2607; baseline 0.001 -19"><span class='ocrx_word' id='word_1_185' title='bbox 585 2535 856 2589; x_wconf 86' lang='lat' dir='ltr'>Auctoris</span> <span class='ocrx_word' id='word_1_186' title='bbox 889 2535 1069 2589; x_wconf 90' lang='lat' dir='ltr'>nostri</span> <span class='ocrx_word' id='word_1_187' title='bbox 1101 2539 1227 2589; x_wconf 90' lang='lat' dir='ltr'>est:</span> <span class='ocrx_word' id='word_1_188' title='bbox 1261 2534 1486 2607; x_wconf 80' lang='lat' dir='ltr'>Vulgus</span> <span class='ocrx_word' id='word_1_189' title='bbox 1515 2537 1879 2591; x_wconf 85' lang='lat' dir='ltr'>ethnicorum</span> <span class='ocrx_word' id='word_1_190' title='bbox 1914 2553 2048 2590; x_wconf 92' lang='lat' dir='ltr'>cum</span> <span class='ocrx_word' id='word_1_191' title='bbox 2080 2535 2229 2590; x_wconf 91' lang='lat' dir='ltr'>male</span> 
     </span>
    </p>
   </div>
   <div class='ocr_carea' id='block_1_27' title="bbox 588 2622 2228 2697">
    <p class='ocr_par' dir='ltr' id='par_1_27' title="bbox 588 2622 2228 2697">
     <span class='ocr_line' id='line_1_27' title="bbox 588 2622 2228 2697; baseline 0.001 -19"><span class='ocrx_word' id='word_1_192' title='bbox 588 2622 719 2678; x_wconf 88' lang='lat' dir='ltr'>aliis</span> <span class='ocrx_word' id='word_1_193' title='bbox 765 2623 1000 2689; x_wconf 87' lang='lat' dir='ltr'>diceret,</span> <span class='ocrx_word' id='word_1_194' title='bbox 1048 2629 1105 2678; x_wconf 89' lang='lat' dir='ltr'>et</span> <span class='ocrx_word' id='word_1_195' title='bbox 1156 2625 1595 2697; x_wconf 76' lang='lat' dir='ltr'>imprenaretur,</span> <span class='ocrx_word' id='word_1_196' title='bbox 1630 2625 1870 2679; x_wconf 89' lang='lat' dir='ltr'>solitum</span> <span class='ocrx_word' id='word_1_197' title='bbox 1921 2625 2101 2679; x_wconf 84' lang='lat' dir='ltr'>fuisse</span> <span class='ocrx_word' id='word_1_198' title='bbox 2130 2641 2228 2679; x_wconf 85' lang='lat' dir='ltr'>eos</span> 
     </span>
    </p>
   </div>
   <div class='ocr_carea' id='block_1_28' title="bbox 589 2712 2224 2782">
    <p class='ocr_par' dir='ltr' id='par_1_28' title="bbox 589 2712 2224 2782">
     <span class='ocr_line' id='line_1_28' title="bbox 589 2712 2224 2782; baseline 0.001 -17"><span class='ocrx_word' id='word_1_199' title='bbox 589 2712 883 2766; x_wconf 64' lang='lat' dir='ltr'>damones</span> <span class='ocrx_word' id='word_1_200' title='bbox 913 2729 1137 2782; x_wconf 91' lang='lat' dir='ltr'>vocare,</span> <span class='ocrx_word' id='word_1_201' title='bbox 1191 2720 1292 2769; x_wconf 89' lang='lat' dir='ltr'>aut</span> <span class='ocrx_word' id='word_1_202' title='bbox 1337 2731 1549 2769; x_wconf 92' lang='lat' dir='ltr'>nomen</span> <span class='ocrx_word' id='word_1_203' title='bbox 1604 2714 1870 2768; x_wconf 84' lang='lat' dir='ltr'>invocare</span> <span class='ocrx_word' id='word_1_204' title='bbox 1923 2713 2224 2768; x_wconf 64' lang='lat' dir='ltr'>daemonis.</span> 
     </span>
    </p>
   </div>
   <div class='ocr_carea' id='block_1_29' title="bbox 587 2800 2221 2873">
    <p class='ocr_par' dir='ltr' id='par_1_29' title="bbox 587 2800 2221 2873">
     <span class='ocr_line' id='line_1_29' title="bbox 587 2800 2221 2873; baseline 0.001 -19"><span class='ocrx_word' id='word_1_205' title='bbox 587 2800 679 2854; x_wconf 92' lang='lat' dir='ltr'>Sic</span> <span class='ocrx_word' id='word_1_206' title='bbox 711 2800 984 2855; x_wconf 89' lang='lat' dir='ltr'>enimille</span> <span class='ocrx_word' id='word_1_207' title='bbox 1015 2802 1389 2873; x_wconf 83' lang='lat' dir='ltr'>prosequitur</span> <span class='ocrx_word' id='word_1_208' title='bbox 1422 2821 1433 2857; x_wconf 92' lang='lat'>:</span> <span class='ocrx_word' id='word_1_209' title='bbox 1470 2825 1497 2851; x_wconf 88' lang='grc'>‹‹</span> <span class='ocrx_word' id='word_1_210' title='bbox 1531 2807 1673 2856; x_wconf 90' lang='lat' dir='ltr'>Nam</span> <span class='ocrx_word' id='word_1_211' title='bbox 1696 2807 1754 2856; x_wconf 89' lang='lat' dir='ltr'>et</span> <span class='ocrx_word' id='word_1_212' title='bbox 1773 2803 2047 2856; x_wconf 87' lang='lat' dir='ltr'>Satanam</span> <span class='ocrx_word' id='word_1_213' title='bbox 2071 2802 2221 2872; x_wconf 91' lang='lat' dir='ltr'>prin-</span> 
     </span>
    </p>
   </div>
   <div class='ocr_carea' id='block_1_30' title="bbox 582 2888 2224 2963">
    <p class='ocr_par' dir='ltr' id='par_1_30' title="bbox 582 2888 2224 2963">
     <span class='ocr_line' id='line_1_30' title="bbox 582 2888 2224 2963; baseline 0 -19"><span class='ocrx_word' id='word_1_214' title='bbox 582 2888 764 2959; x_wconf 89' lang='lat' dir='ltr'>cipem</span> <span class='ocrx_word' id='word_1_215' title='bbox 802 2889 978 2960; x_wconf 79' lang='lat' dir='ltr'>huius</span> <span class='ocrx_word' id='word_1_216' title='bbox 1010 2890 1144 2945; x_wconf 90' lang='lat' dir='ltr'>mali</span> <span class='ocrx_word' id='word_1_217' title='bbox 1177 2891 1430 2963; x_wconf 86' lang='lat' dir='ltr'>generis,</span> <span class='ocrx_word' id='word_1_218' title='bbox 1466 2891 1706 2961; x_wconf 91' lang='lat' dir='ltr'>proinde</span> <span class='ocrx_word' id='word_1_219' title='bbox 1730 2892 1801 2945; x_wconf 89' lang='lat' dir='ltr'>de</span> <span class='ocrx_word' id='word_1_220' title='bbox 1829 2891 2063 2962; x_wconf 88' lang='lat' dir='ltr'>propria</span> <span class='ocrx_word' id='word_1_221' title='bbox 2088 2907 2224 2944; x_wconf 90' lang='lat' dir='ltr'>con-</span> 
     </span>
    </p>
   </div>
   <div class='ocr_carea' id='block_1_31' title="bbox 581 2978 2223 3049">
    <p class='ocr_par' dir='ltr' id='par_1_31' title="bbox 581 2978 2223 3049">
     <span class='ocr_line' id='line_1_31' title="bbox 581 2978 2223 3049; baseline 0.001 -17"><span class='ocrx_word' id='word_1_222' title='bbox 581 2978 826 3033; x_wconf 90' lang='lat' dir='ltr'>scientia</span> <span class='ocrx_word' id='word_1_223' title='bbox 879 2979 1100 3043; x_wconf 76' lang='lat' dir='ltr'>animae,</span> <span class='ocrx_word' id='word_1_224' title='bbox 1151 2981 1353 3034; x_wconf 87' lang='lat' dir='ltr'>eadem</span> <span class='ocrx_word' id='word_1_225' title='bbox 1417 2980 1835 3034; x_wconf 83' lang='lat' dir='ltr'>exsecramenti</span> <span class='ocrx_word' id='word_1_226' title='bbox 1895 2995 2032 3033; x_wconf 88' lang='lat' dir='ltr'>voce</span> <span class='ocrx_word' id='word_1_227' title='bbox 2094 2997 2223 3049; x_wconf 89' lang='lat' dir='ltr'>pro-</span> 
     </span>
    </p>
   </div>
   <div class='ocr_carea' id='block_1_32' title="bbox 580 3067 2223 3139">
    <p class='ocr_par' dir='ltr' id='par_1_32' title="bbox 580 3067 2223 3139">
     <span class='ocr_line' id='line_1_32' title="bbox 580 3067 2223 3139; baseline 0 -17"><span class='ocrx_word' id='word_1_228' title='bbox 580 3067 829 3122; x_wconf 87' lang='lat' dir='ltr'>nuntiat.</span> <span class='ocrx_word' id='word_1_229' title='bbox 869 3089 895 3115; x_wconf 80' lang='lat'><strong>»</strong></span> <span class='ocrx_word' id='word_1_230' title='bbox 928 3071 989 3120; x_wconf 95' lang='lat' dir='ltr'>In</span> <span class='ocrx_word' id='word_1_231' title='bbox 1024 3067 1282 3139; x_wconf 86' lang='lat' dir='ltr'>antiquis</span> <span class='ocrx_word' id='word_1_232' title='bbox 1319 3069 1740 3139; x_wconf 89' lang='lat' dir='ltr'>manuscriptis</span> <span class='ocrx_word' id='word_1_233' title='bbox 1778 3072 1834 3122; x_wconf 91' lang='lat' dir='ltr'>et</span> <span class='ocrx_word' id='word_1_234' title='bbox 1863 3067 2037 3122; x_wconf 90' lang='lat' dir='ltr'>editis</span> <span class='ocrx_word' id='word_1_235' title='bbox 2067 3067 2223 3122; x_wconf 92' lang='lat' dir='ltr'>codi-</span> 
     </span>
    </p>
   </div>
   <div class='ocr_carea' id='block_1_33' title="bbox 581 3155 2222 3227">
    <p class='ocr_par' dir='ltr' id='par_1_33' title="bbox 581 3155 2222 3227">
     <span class='ocr_line' id='line_1_33' title="bbox 581 3155 2222 3227; baseline 0.001 -18"><span class='ocrx_word' id='word_1_236' title='bbox 581 3157 746 3210; x_wconf 88' lang='lat' dir='ltr'>cibus</span> <span class='ocrx_word' id='word_1_237' title='bbox 778 3155 990 3227; x_wconf 85' lang='lat' dir='ltr'>legitur</span> <span class='ocrx_word' id='word_1_238' title='bbox 1027 3173 1096 3211; x_wconf 69' lang='grc' dir='ltr'>επ</span> <span class='ocrx_word' id='word_1_239' title='bbox 1143 3159 1499 3221; x_wconf 76' lang='lat' dir='ltr'>sacramenti,</span> <span class='ocrx_word' id='word_1_240' title='bbox 1545 3157 1643 3210; x_wconf 91' lang='lat' dir='ltr'>sed</span> <span class='ocrx_word' id='word_1_241' title='bbox 1698 3155 1820 3211; x_wconf 89' lang='lat' dir='ltr'>sola</span> <span class='ocrx_word' id='word_1_242' title='bbox 1860 3156 2018 3210; x_wconf 90' lang='lat' dir='ltr'>haud</span> <span class='ocrx_word' id='word_1_243' title='bbox 2050 3156 2222 3210; x_wconf 92' lang='lat' dir='ltr'>dubie</span> 
     </span>
    </p>
   </div>
   <div class='ocr_carea' id='block_1_34' title="bbox 579 3242 2218 3313">
    <p class='ocr_par' dir='ltr' id='par_1_34' title="bbox 579 3242 2218 3313">
     <span class='ocr_line' id='line_1_34' title="bbox 579 3242 2218 3313; baseline 0.001 -17"><span class='ocrx_word' id='word_1_244' title='bbox 579 3242 949 3298; x_wconf 88' lang='lat' dir='ltr'>librariorum</span> <span class='ocrx_word' id='word_1_245' title='bbox 982 3244 1307 3298; x_wconf 76' lang='lat' dir='ltr'>oscitantis.</span> <span class='ocrx_word' id='word_1_246' title='bbox 1342 3243 1739 3298; x_wconf 89' lang='lat' dir='ltr'>Tertullianus</span> <span class='ocrx_word' id='word_1_247' title='bbox 1772 3244 2062 3313; x_wconf 89' lang='lat' dir='ltr'>siquidem</span> <span class='ocrx_word' id='word_1_248' title='bbox 2108 3243 2218 3298; x_wconf 91' lang='lat' dir='ltr'>alio</span> 
     </span>
    </p>
   </div>
   <div class='ocr_carea' id='block_1_35' title="bbox 580 3330 2216 3402">
    <p class='ocr_par' dir='ltr' id='par_1_35' title="bbox 580 3330 2216 3402">
     <span class='ocr_line' id='line_1_35' title="bbox 580 3330 2216 3402; baseline 0.001 -18"><span class='ocrx_word' id='word_1_249' title='bbox 580 3330 638 3384; x_wconf 91' lang='lat' dir='ltr'>in</span> <span class='ocrx_word' id='word_1_250' title='bbox 669 3330 818 3385; x_wconf 89' lang='lat' dir='ltr'>libro</span> <span class='ocrx_word' id='word_1_251' title='bbox 849 3331 986 3386; x_wconf 88' lang='lat' dir='ltr'>satis</span> <span class='ocrx_word' id='word_1_252' title='bbox 1015 3337 1210 3401; x_wconf 89' lang='lat' dir='ltr'>aperte</span> <span class='ocrx_word' id='word_1_253' title='bbox 1234 3337 1488 3386; x_wconf 90' lang='lat' dir='ltr'>mentem</span> <span class='ocrx_word' id='word_1_254' title='bbox 1507 3332 1757 3402; x_wconf 84' lang='lat' dir='ltr'>explicat</span> <span class='ocrx_word' id='word_1_255' title='bbox 1776 3347 1943 3386; x_wconf 90' lang='lat' dir='ltr'>suam</span> <span class='ocrx_word' id='word_1_256' title='bbox 1970 3347 1983 3385; x_wconf 87' lang='lat'><strong>:</strong></span> <span class='ocrx_word' id='word_1_257' title='bbox 2017 3353 2044 3380; x_wconf 84' lang='lat'><strong>«</strong></span> <span class='ocrx_word' id='word_1_258' title='bbox 2079 3334 2216 3386; x_wconf 92' lang='lat' dir='ltr'>Cum</span> 
     </span>
    </p>
   </div>
   <div class='ocr_carea' id='block_1_36' title="bbox 580 3419 2218 3490">
    <p class='ocr_par' dir='ltr' id='par_1_36' title="bbox 580 3419 2218 3490">
     <span class='ocr_line' id='line_1_36' title="bbox 580 3419 2218 3490; baseline 0.001 -18"><span class='ocrx_word' id='word_1_259' title='bbox 580 3420 885 3486; x_wconf 66' lang='lat' dir='ltr'>daemonia,</span> <span class='ocrx_word' id='word_1_260' title='bbox 917 3419 1129 3490; x_wconf 90' lang='lat' dir='ltr'>inquit,</span> <span class='ocrx_word' id='word_1_261' title='bbox 1163 3420 1532 3474; x_wconf 82' lang='lat' dir='ltr'>afﬁrmamus</span> <span class='ocrx_word' id='word_1_262' title='bbox 1559 3437 1709 3488; x_wconf 90' lang='lat' dir='ltr'>esse,</span> <span class='ocrx_word' id='word_1_263' title='bbox 1742 3436 1881 3474; x_wconf 88' lang='lat' dir='ltr'>sane</span> <span class='ocrx_word' id='word_1_264' title='bbox 1912 3420 2077 3489; x_wconf 76' lang='lat' dir='ltr'>quasi</span> <span class='ocrx_word' id='word_1_265' title='bbox 2105 3437 2218 3475; x_wconf 92' lang='lat' dir='ltr'>non</span> 
     </span>
    </p>
   </div>
   <div class='ocr_carea' id='block_1_37' title="bbox 577 3507 2216 3578">
    <p class='ocr_par' dir='ltr' id='par_1_37' title="bbox 577 3507 2216 3578">
     <span class='ocr_line' id='line_1_37' title="bbox 577 3507 2216 3578; baseline 0.001 -17"><span class='ocrx_word' id='word_1_266' title='bbox 577 3511 636 3561; x_wconf 87' lang='lat' dir='ltr'>et</span> <span class='ocrx_word' id='word_1_267' title='bbox 662 3507 996 3575; x_wconf 90' lang='lat' dir='ltr'>probemus,</span> <span class='ocrx_word' id='word_1_268' title='bbox 1033 3507 1130 3576; x_wconf 91' lang='lat' dir='ltr'>qui</span> <span class='ocrx_word' id='word_1_269' title='bbox 1167 3524 1233 3561; x_wconf 88' lang='lat' dir='ltr'>ea</span> <span class='ocrx_word' id='word_1_270' title='bbox 1264 3508 1371 3562; x_wconf 89' lang='lat' dir='ltr'>soli</span> <span class='ocrx_word' id='word_1_271' title='bbox 1406 3509 1478 3563; x_wconf 88' lang='lat' dir='ltr'>de</span> <span class='ocrx_word' id='word_1_272' title='bbox 1524 3507 1864 3578; x_wconf 90' lang='lat' dir='ltr'>corporibus</span> <span class='ocrx_word' id='word_1_273' title='bbox 1913 3507 2216 3577; x_wconf 82' lang='lat' dir='ltr'>exigimus,</span> 
     </span>
    </p>
   </div>
   <div class='ocr_carea' id='block_1_38' title="bbox 581 3593 2220 3664">
    <p class='ocr_par' dir='ltr' id='par_1_38' title="bbox 581 3593 2220 3664">
     <span class='ocr_line' id='line_1_38' title="bbox 581 3593 2220 3664; baseline 0.002 -17"><span class='ocrx_word' id='word_1_274' title='bbox 581 3593 760 3662; x_wconf 88' lang='lat' dir='ltr'>aliqui</span> <span class='ocrx_word' id='word_1_275' title='bbox 796 3593 1105 3664; x_wconf 82' lang='lat' dir='ltr'>Chrysippi</span> <span class='ocrx_word' id='word_1_276' title='bbox 1140 3601 1467 3650; x_wconf 86' lang='lat' dir='ltr'>assentator</span> <span class='ocrx_word' id='word_1_277' title='bbox 1497 3596 1710 3649; x_wconf 89' lang='lat' dir='ltr'>illudit.</span> <span class='ocrx_word' id='word_1_278' title='bbox 1746 3596 1814 3650; x_wconf 89' lang='lat' dir='ltr'>Et</span> <span class='ocrx_word' id='word_1_279' title='bbox 1853 3611 1982 3650; x_wconf 83' lang='lat' dir='ltr'>esse</span> <span class='ocrx_word' id='word_1_280' title='bbox 2011 3602 2067 3649; x_wconf 90' lang='lat' dir='ltr'>et</span> <span class='ocrx_word' id='word_1_281' title='bbox 2088 3597 2220 3651; x_wconf 88' lang='lat' dir='ltr'>abo-</span> 
     </span>
    </p>
   </div>
   <div class='ocr_carea' id='block_1_39' title="bbox 581 3682 2218 3756">
    <p class='ocr_par' dir='ltr' id='par_1_39' title="bbox 581 3682 2218 3756">
     <span class='ocr_line' id='line_1_39' title="bbox 581 3682 2218 3756; baseline 0.003 -21"><span class='ocrx_word' id='word_1_282' title='bbox 581 3682 961 3738; x_wconf 87' lang='lat' dir='ltr'>minationem</span> <span class='ocrx_word' id='word_1_283' title='bbox 1009 3685 1301 3741; x_wconf 90' lang='lat' dir='ltr'>sustinere</span> <span class='ocrx_word' id='word_1_284' title='bbox 1362 3685 1773 3740; x_wconf 84' lang='lat' dir='ltr'>exsecrationis</span> <span class='ocrx_word' id='word_1_285' title='bbox 1822 3691 1934 3740; x_wconf 62' lang='lat' dir='ltr'>tua;</span> <span class='ocrx_word' id='word_1_286' title='bbox 1984 3702 2218 3756; x_wconf 87' lang='lat' dir='ltr'>respon-</span> 
     </span>
    </p>
   </div>
   <div class='ocr_carea' id='block_1_40' title="bbox 581 3771 2216 3842">
    <p class='ocr_par' dir='ltr' id='par_1_40' title="bbox 581 3771 2216 3842">
     <span class='ocr_line' id='line_1_40' title="bbox 581 3771 2216 3842; baseline 0.003 -18"><span class='ocrx_word' id='word_1_287' title='bbox 581 3771 737 3830; x_wconf 82' lang='lat' dir='ltr'>dent.</span> <span class='ocrx_word' id='word_1_288' title='bbox 771 3771 1132 3828; x_wconf 67' lang='lat' dir='ltr'>Damonium</span> <span class='ocrx_word' id='word_1_289' title='bbox 1164 3791 1334 3830; x_wconf 91' lang='lat' dir='ltr'>vocas</span> <span class='ocrx_word' id='word_1_290' title='bbox 1367 3774 1662 3830; x_wconf 88' lang='lat' dir='ltr'>hominem</span> <span class='ocrx_word' id='word_1_291' title='bbox 1694 3779 1794 3830; x_wconf 89' lang='lat' dir='ltr'>aut</span> <span class='ocrx_word' id='word_1_292' title='bbox 1822 3775 2216 3842; x_wconf 90' lang='lat' dir='ltr'>immunditia,</span> 
     </span>
    </p>
   </div>
   <div class='ocr_carea' id='block_1_41' title="bbox 579 3859 2216 3935">
    <p class='ocr_par' dir='ltr' id='par_1_41' title="bbox 579 3859 2216 3935">
     <span class='ocr_line' id='line_1_41' title="bbox 579 3859 2216 3935; baseline 0.002 -21"><span class='ocrx_word' id='word_1_293' title='bbox 579 3865 684 3914; x_wconf 87' lang='lat' dir='ltr'>aut</span> <span class='ocrx_word' id='word_1_294' title='bbox 717 3859 960 3928; x_wconf 90' lang='lat' dir='ltr'>malitia,</span> <span class='ocrx_word' id='word_1_295' title='bbox 995 3867 1097 3917; x_wconf 88' lang='lat' dir='ltr'>aut</span> <span class='ocrx_word' id='word_1_296' title='bbox 1145 3863 1478 3931; x_wconf 89' lang='lat' dir='ltr'>insolentia,</span> <span class='ocrx_word' id='word_1_297' title='bbox 1529 3869 1629 3918; x_wconf 87' lang='lat' dir='ltr'>aut</span> <span class='ocrx_word' id='word_1_298' title='bbox 1676 3880 2044 3935; x_wconf 90' lang='lat' dir='ltr'>quacumque</span> <span class='ocrx_word' id='word_1_299' title='bbox 2093 3880 2216 3917; x_wconf 87' lang='lat' dir='ltr'>ma-</span> 
     </span>
    </p>
   </div>
   <div class='ocr_carea' id='block_1_42' title="bbox 578 3947 2216 4023">
    <p class='ocr_par' dir='ltr' id='par_1_42' title="bbox 578 3947 2216 4023">
     <span class='ocr_line' id='line_1_42' title="bbox 578 3947 2216 4023; baseline 0.001 -20"><span class='ocrx_word' id='word_1_300' title='bbox 578 3947 733 4016; x_wconf 88' lang='lat' dir='ltr'>cula,</span> <span class='ocrx_word' id='word_1_301' title='bbox 777 3965 954 4020; x_wconf 90' lang='lat' dir='ltr'>quam</span> <span class='ocrx_word' id='word_1_302' title='bbox 1018 3968 1123 4005; x_wconf 90' lang='lat' dir='ltr'>nos</span> <span class='ocrx_word' id='word_1_303' title='bbox 1186 3952 1492 4007; x_wconf 75' lang='lat' dir='ltr'>daemoniis</span> <span class='ocrx_word' id='word_1_304' title='bbox 1559 3953 1930 4023; x_wconf 90' lang='lat' dir='ltr'>deputamus,</span> <span class='ocrx_word' id='word_1_305' title='bbox 1980 3957 2082 4006; x_wconf 91' lang='lat' dir='ltr'>aut</span> <span class='ocrx_word' id='word_1_306' title='bbox 2147 3953 2216 4006; x_wconf 88' lang='lat' dir='ltr'>ad</span> 
     </span>
    </p>
   </div>
   <div class='ocr_carea' id='block_1_43' title="bbox 579 4037 2216 4111">
    <p class='ocr_par' dir='ltr' id='par_1_43' title="bbox 579 4037 2216 4111">
     <span class='ocr_line' id='line_1_43' title="bbox 579 4037 2216 4111; baseline 0.002 -21"><span class='ocrx_word' id='word_1_307' title='bbox 579 4037 988 4093; x_wconf 88' lang='lat' dir='ltr'>necessitatem</span> <span class='ocrx_word' id='word_1_308' title='bbox 1045 4039 1158 4093; x_wconf 91' lang='lat' dir='ltr'>odii</span> <span class='ocrx_word' id='word_1_309' title='bbox 1223 4039 1648 4111; x_wconf 90' lang='lat' dir='ltr'>importunum.</span> <span class='ocrx_word' id='word_1_310' title='bbox 1715 4041 1989 4096; x_wconf 77' lang='lat' dir='ltr'>Satanam</span> <span class='ocrx_word' id='word_1_311' title='bbox 2050 4040 2216 4095; x_wconf 90' lang='lat' dir='ltr'>deni-</span> 
     </span>
    </p>
   </div>
   <div class='ocr_carea' id='block_1_44' title="bbox 579 4126 2220 4199">
    <p class='ocr_par' dir='ltr' id='par_1_44' title="bbox 579 4126 2220 4199">
     <span class='ocr_line' id='line_1_44' title="bbox 579 4126 2220 4199; baseline 0.002 -20"><span class='ocrx_word' id='word_1_312' title='bbox 579 4142 691 4196; x_wconf 91' lang='lat' dir='ltr'>que</span> <span class='ocrx_word' id='word_1_313' title='bbox 723 4126 779 4179; x_wconf 94' lang='lat' dir='ltr'>in</span> <span class='ocrx_word' id='word_1_314' title='bbox 813 4128 974 4181; x_wconf 91' lang='lat' dir='ltr'>omni</span> <span class='ocrx_word' id='word_1_315' title='bbox 1020 4130 1406 4193; x_wconf 87' lang='lat' dir='ltr'>aversatione,</span> <span class='ocrx_word' id='word_1_316' title='bbox 1461 4134 1517 4184; x_wconf 91' lang='lat' dir='ltr'>et</span> <span class='ocrx_word' id='word_1_317' title='bbox 1547 4129 1977 4199; x_wconf 81' lang='lat' dir='ltr'>aspernatione,</span> <span class='ocrx_word' id='word_1_318' title='bbox 2025 4133 2081 4183; x_wconf 93' lang='lat' dir='ltr'>et</span> <span class='ocrx_word' id='word_1_319' title='bbox 2125 4129 2220 4184; x_wconf 92' lang='lat' dir='ltr'>de-</span> 
     </span>
    </p>
   </div>
   <div class='ocr_carea' id='block_1_45' title="bbox 578 4214 2218 4287">
    <p class='ocr_par' dir='ltr' id='par_1_45' title="bbox 578 4214 2218 4287">
     <span class='ocr_line' id='line_1_45' title="bbox 578 4214 2218 4287; baseline 0.002 -19"><span class='ocrx_word' id='word_1_320' title='bbox 578 4214 892 4270; x_wconf 89' lang='lat' dir='ltr'>testatione</span> <span class='ocrx_word' id='word_1_321' title='bbox 941 4218 1313 4286; x_wconf 89' lang='lat' dir='ltr'>pronuntias,</span> <span class='ocrx_word' id='word_1_322' title='bbox 1354 4233 1528 4287; x_wconf 91' lang='lat' dir='ltr'>quem</span> <span class='ocrx_word' id='word_1_323' title='bbox 1599 4235 1704 4273; x_wconf 89' lang='lat' dir='ltr'>nos</span> <span class='ocrx_word' id='word_1_324' title='bbox 1749 4218 2000 4273; x_wconf 91' lang='lat' dir='ltr'>dicimus</span> <span class='ocrx_word' id='word_1_325' title='bbox 2051 4217 2218 4272; x_wconf 86' lang='lat' dir='ltr'>mali-</span> 
     </span>
    </p>
   </div>
   <div class='ocr_carea' id='block_1_46' title="bbox 581 4302 2219 4375">
    <p class='ocr_par' dir='ltr' id='par_1_46' title="bbox 581 4302 2219 4375">
     <span class='ocr_line' id='line_1_46' title="bbox 581 4302 2219 4375; baseline 0.003 -19"><span class='ocrx_word' id='word_1_326' title='bbox 581 4302 674 4357; x_wconf 62' lang='lat' dir='ltr'>tia</span> <span class='ocrx_word' id='word_1_327' title='bbox 707 4303 1002 4375; x_wconf 83' lang='lat' dir='ltr'>angelum,</span> <span class='ocrx_word' id='word_1_328' title='bbox 1046 4305 1226 4360; x_wconf 80' lang='lat' dir='ltr'>totius</span> <span class='ocrx_word' id='word_1_329' title='bbox 1279 4306 1492 4360; x_wconf 89' lang='lat' dir='ltr'>erroris</span> <span class='ocrx_word' id='word_1_330' title='bbox 1530 4305 1834 4374; x_wconf 83' lang='lat' dir='ltr'>artificem,</span> <span class='ocrx_word' id='word_1_331' title='bbox 1885 4305 2068 4361; x_wconf 85' lang='lat' dir='ltr'>totius</span> <span class='ocrx_word' id='word_1_332' title='bbox 2112 4324 2219 4361; x_wconf 74' lang='lat' dir='ltr'>sa:-</span> 
     </span>
    </p>
   </div>
   <div class='ocr_carea' id='block_1_47' title="bbox 586 4391 2217 4465">
    <p class='ocr_par' dir='ltr' id='par_1_47' title="bbox 586 4391 2217 4465">
     <span class='ocr_line' id='line_1_47' title="bbox 586 4391 2217 4465; baseline 0.004 -20"><span class='ocrx_word' id='word_1_333' title='bbox 586 4391 700 4446; x_wconf 91' lang='lat' dir='ltr'>culi</span> <span class='ocrx_word' id='word_1_334' title='bbox 750 4391 1226 4464; x_wconf 88' lang='lat' dir='ltr'>interpolatorem</span> <span class='ocrx_word' id='word_1_335' title='bbox 1283 4417 1308 4442; x_wconf 92' lang='grc'><strong>››</strong></span> <span class='ocrx_word' id='word_1_336' title='bbox 1370 4394 1568 4465; x_wconf 85' lang='lat' dir='ltr'>(Idem,</span> <span class='ocrx_word' id='word_1_337' title='bbox 1634 4395 1697 4449; x_wconf 83' lang='lat' dir='ltr'>de</span> <span class='ocrx_word' id='word_1_338' title='bbox 1765 4396 1976 4450; x_wconf 79' lang='lat' dir='ltr'>Testim.</span> <span class='ocrx_word' id='word_1_339' title='bbox 2043 4398 2217 4452; x_wconf 88' lang='lat' dir='ltr'>anim.</span> 
     </span>
    </p>
   </div>
   <div class='ocr_carea' id='block_1_48' title="bbox 582 4480 820 4550">
    <p class='ocr_par' dir='ltr' id='par_1_48' title="bbox 582 4480 820 4550">
     <span class='ocr_line' id='line_1_48' title="bbox 582 4480 820 4550; baseline 0.004 -16"><span class='ocrx_word' id='word_1_340' title='bbox 582 4496 707 4550; x_wconf 88' lang='lat' dir='ltr'>cap.</span> <span class='ocrx_word' id='word_1_341' title='bbox 742 4480 820 4550; x_wconf 90' lang='lat'>3).</span> 
     </span>
    </p>
   </div>
   <div class='ocr_carea' id='block_1_49' title="bbox 2343 564 3882 635">
    <p class='ocr_par' dir='ltr' id='par_1_49' title="bbox 2343 564 3882 635">
     <span class='ocr_line' id='line_1_49' title="bbox 2343 564 3882 635; baseline 0.005 -17"><span class='ocrx_word' id='word_1_342' title='bbox 2343 564 2607 635; x_wconf 88' lang='lat' dir='ltr'>spiritus.</span> <span class='ocrx_word' id='word_1_343' title='bbox 2643 570 2706 620; x_wconf 87' lang='lat' dir='ltr'>Et</span> <span class='ocrx_word' id='word_1_344' title='bbox 2746 565 2895 619; x_wconf 91' lang='lat' dir='ltr'>hanc</span> <span class='ocrx_word' id='word_1_345' title='bbox 2925 564 3195 635; x_wconf 90' lang='lat' dir='ltr'>lequendi</span> <span class='ocrx_word' id='word_1_346' title='bbox 3231 566 3668 622; x_wconf 83' lang='lat' dir='ltr'>consuetudinem</span> <span class='ocrx_word' id='word_1_347' title='bbox 3694 569 3741 623; x_wconf 91' lang='lat' dir='ltr'>in</span> <span class='ocrx_word' id='word_1_348' title='bbox 3780 576 3882 625; x_wconf 86' lang='lat' dir='ltr'>tan-</span> 
     </span>
    </p>
   </div>
   <div class='ocr_carea' id='block_1_50' title="bbox 2343 653 3879 725">
    <p class='ocr_par' dir='ltr' id='par_1_50' title="bbox 2343 653 3879 725">
     <span class='ocr_line' id='line_1_50' title="bbox 2343 653 3879 725; baseline 0.004 -17"><span class='ocrx_word' id='word_1_349' title='bbox 2343 657 2470 708; x_wconf 85' lang='lat' dir='ltr'>tum</span> <span class='ocrx_word' id='word_1_350' title='bbox 2505 653 2702 724; x_wconf 89' lang='lat' dir='ltr'>populi</span> <span class='ocrx_word' id='word_1_351' title='bbox 2756 670 3182 725; x_wconf 90' lang='lat' dir='ltr'>usquequaque</span> <span class='ocrx_word' id='word_1_352' title='bbox 3231 654 3405 708; x_wconf 89' lang='lat' dir='ltr'>secuti</span> <span class='ocrx_word' id='word_1_353' title='bbox 3452 660 3588 722; x_wconf 88' lang='lat' dir='ltr'>sunt,</span> <span class='ocrx_word' id='word_1_354' title='bbox 3634 663 3687 710; x_wconf 93' lang='lat' dir='ltr'>ut</span> <span class='ocrx_word' id='word_1_355' title='bbox 3727 675 3879 713; x_wconf 87' lang='lat' dir='ltr'>eorum</span> 
     </span>
    </p>
   </div>
   <div class='ocr_carea' id='block_1_51' title="bbox 2343 742 3883 814">
    <p class='ocr_par' dir='ltr' id='par_1_51' title="bbox 2343 742 3883 814">
     <span class='ocr_line' id='line_1_51' title="bbox 2343 742 3883 814; baseline 0.003 -18"><span class='ocrx_word' id='word_1_356' title='bbox 2343 742 2538 811; x_wconf 81' lang='lat' dir='ltr'>etiam,</span> <span class='ocrx_word' id='word_1_357' title='bbox 2571 743 2668 813; x_wconf 92' lang='lat' dir='ltr'>qui</span> <span class='ocrx_word' id='word_1_358' title='bbox 2703 743 2914 814; x_wconf 88' lang='lat' dir='ltr'>pagani</span> <span class='ocrx_word' id='word_1_359' title='bbox 2945 743 3332 813; x_wconf 86' lang='lat' dir='ltr'>appellantur,</span> <span class='ocrx_word' id='word_1_360' title='bbox 3364 749 3417 797; x_wconf 89' lang='lat' dir='ltr'>et</span> <span class='ocrx_word' id='word_1_361' title='bbox 3443 744 3566 798; x_wconf 85' lang='lat' dir='ltr'>deos</span> <span class='ocrx_word' id='word_1_362' title='bbox 3595 747 3797 808; x_wconf 88' lang='lat' dir='ltr'>multos,</span> <span class='ocrx_word' id='word_1_363' title='bbox 3835 764 3883 801; x_wconf 85' lang='lat' dir='ltr'>ac</span> 
     </span>
    </p>
   </div>
   <div class='ocr_carea' id='block_1_52' title="bbox 2342 830 3886 898">
    <p class='ocr_par' dir='ltr' id='par_1_52' title="bbox 2342 830 3886 898">
     <span class='ocr_line' id='line_1_52' title="bbox 2342 830 3886 898; baseline 0.003 -14"><span class='ocrx_word' id='word_1_364' title='bbox 2342 831 2636 885; x_wconf 63' lang='lat' dir='ltr'>daemones</span> <span class='ocrx_word' id='word_1_365' title='bbox 2668 830 2942 886; x_wconf 90' lang='lat' dir='ltr'>colendos</span> <span class='ocrx_word' id='word_1_366' title='bbox 2976 848 3104 886; x_wconf 83' lang='lat' dir='ltr'>esse</span> <span class='ocrx_word' id='word_1_367' title='bbox 3132 831 3494 898; x_wconf 83' lang='lat' dir='ltr'>contendunt,</span> <span class='ocrx_word' id='word_1_368' title='bbox 3527 831 3697 888; x_wconf 90' lang='lat' dir='ltr'>nullus</span> <span class='ocrx_word' id='word_1_369' title='bbox 3723 835 3815 888; x_wconf 85' lang='lat' dir='ltr'>fere</span> <span class='ocrx_word' id='word_1_370' title='bbox 3831 835 3886 889; x_wconf 85' lang='lat' dir='ltr'>sit</span> 
     </span>
    </p>
   </div>
   <div class='ocr_carea' id='block_1_53' title="bbox 2341 918 3887 990">
    <p class='ocr_par' dir='ltr' id='par_1_53' title="bbox 2341 918 3887 990">
     <span class='ocr_line' id='line_1_53' title="bbox 2341 918 3887 990; baseline 0.001 -16"><span class='ocrx_word' id='word_1_371' title='bbox 2341 923 2460 974; x_wconf 88' lang='lat' dir='ltr'>tam</span> <span class='ocrx_word' id='word_1_372' title='bbox 2488 918 2798 986; x_wconf 87' lang='lat' dir='ltr'>litteratus,</span> <span class='ocrx_word' id='word_1_373' title='bbox 2834 927 2889 975; x_wconf 90' lang='lat' dir='ltr'>et</span> <span class='ocrx_word' id='word_1_374' title='bbox 2929 921 3156 990; x_wconf 88' lang='lat' dir='ltr'>doctus,</span> <span class='ocrx_word' id='word_1_375' title='bbox 3184 919 3280 990; x_wconf 90' lang='lat' dir='ltr'>qui</span> <span class='ocrx_word' id='word_1_376' title='bbox 3325 921 3519 974; x_wconf 88' lang='lat' dir='ltr'>audeat</span> <span class='ocrx_word' id='word_1_377' title='bbox 3563 920 3612 973; x_wconf 91' lang='lat' dir='ltr'>in</span> <span class='ocrx_word' id='word_1_378' title='bbox 3661 921 3801 976; x_wconf 87' lang='lat' dir='ltr'>laude</span> <span class='ocrx_word' id='word_1_379' title='bbox 3823 922 3887 976; x_wconf 89' lang='lat' dir='ltr'>vel</span> 
     </span>
    </p>
   </div>
   <div class='ocr_carea' id='block_1_54' title="bbox 2341 1008 3888 1075">
    <p class='ocr_par' dir='ltr' id='par_1_54' title="bbox 2341 1008 3888 1075">
     <span class='ocr_line' id='line_1_54' title="bbox 2341 1008 3888 1075; baseline 0 -13"><span class='ocrx_word' id='word_1_380' title='bbox 2341 1024 2507 1063; x_wconf 90' lang='lat' dir='ltr'>servo</span> <span class='ocrx_word' id='word_1_381' title='bbox 2543 1025 2647 1063; x_wconf 91' lang='lat' dir='ltr'>suo</span> <span class='ocrx_word' id='word_1_382' title='bbox 2683 1009 2875 1063; x_wconf 89' lang='lat' dir='ltr'>dicere</span> <span class='ocrx_word' id='word_1_383' title='bbox 2907 1026 2919 1063; x_wconf 91' lang='lat'>:</span> <span class='ocrx_word' id='word_1_384' title='bbox 2974 1009 3304 1063; x_wconf 59' lang='lat' dir='ltr'>Damonem</span> <span class='ocrx_word' id='word_1_385' title='bbox 3353 1008 3556 1075; x_wconf 81' lang='lat' dir='ltr'>habes;</span> <span class='ocrx_word' id='word_1_386' title='bbox 3587 1009 3673 1063; x_wconf 90' lang='lat' dir='ltr'>sed</span> <span class='ocrx_word' id='word_1_387' title='bbox 3704 1008 3888 1063; x_wconf 88' lang='lat' dir='ltr'>cuilibet</span> 
     </span>
    </p>
   </div>
   <div class='ocr_carea' id='block_1_55' title="bbox 2342 1097 3884 1170">
    <p class='ocr_par' dir='ltr' id='par_1_55' title="bbox 2342 1097 3884 1170">
     <span class='ocr_line' id='line_1_55' title="bbox 2342 1097 3884 1170; baseline 0.001 -19"><span class='ocrx_word' id='word_1_388' title='bbox 2342 1097 2450 1152; x_wconf 91' lang='lat' dir='ltr'>hoc</span> <span class='ocrx_word' id='word_1_389' title='bbox 2485 1099 2674 1153; x_wconf 90' lang='lat' dir='ltr'>dicere</span> <span class='ocrx_word' id='word_1_390' title='bbox 2707 1099 3094 1168; x_wconf 90' lang='lat' dir='ltr'>voluerit,non</span> <span class='ocrx_word' id='word_1_391' title='bbox 3130 1116 3192 1154; x_wconf 89' lang='lat' dir='ltr'>se</span> <span class='ocrx_word' id='word_1_392' title='bbox 3223 1099 3386 1154; x_wconf 90' lang='lat' dir='ltr'>aliter</span> <span class='ocrx_word' id='word_1_393' title='bbox 3411 1100 3602 1170; x_wconf 89' lang='lat' dir='ltr'>accipi,</span> <span class='ocrx_word' id='word_1_394' title='bbox 3629 1116 3778 1170; x_wconf 88' lang='lat' dir='ltr'>quam</span> <span class='ocrx_word' id='word_1_395' title='bbox 3795 1116 3884 1153; x_wconf 86' lang='lat' dir='ltr'>ma-</span> 
     </span>
    </p>
   </div>
   <div class='ocr_carea' id='block_1_56' title="bbox 2344 1186 3890 1258">
    <p class='ocr_par' dir='ltr' id='par_1_56' title="bbox 2344 1186 3890 1258">
     <span class='ocr_line' id='line_1_56' title="bbox 2344 1186 3890 1258; baseline 0.001 -19"><span class='ocrx_word' id='word_1_396' title='bbox 2344 1186 2590 1242; x_wconf 89' lang='lat' dir='ltr'>ledicere</span> <span class='ocrx_word' id='word_1_397' title='bbox 2622 1187 2893 1258; x_wconf 88' lang='lat' dir='ltr'>voluisse,</span> <span class='ocrx_word' id='word_1_398' title='bbox 2940 1189 3210 1243; x_wconf 90' lang='lat' dir='ltr'>dubitare</span> <span class='ocrx_word' id='word_1_399' title='bbox 3241 1205 3354 1243; x_wconf 94' lang='lat' dir='ltr'>non</span> <span class='ocrx_word' id='word_1_400' title='bbox 3406 1189 3575 1258; x_wconf 87' lang='lat' dir='ltr'>possit</span> <span class='ocrx_word' id='word_1_401' title='bbox 3614 1210 3638 1237; x_wconf 92' lang='grc'><strong>››</strong></span> <span class='ocrx_word' id='word_1_402' title='bbox 3683 1191 3890 1257; x_wconf 80' lang='lat' dir='ltr'>(August.</span> 
     </span>
    </p>
   </div>
   <div class='ocr_carea' id='block_1_57' title="bbox 2345 1275 3891 1348">
    <p class='ocr_par' dir='ltr' id='par_1_57' title="bbox 2345 1275 3891 1348">
     <span class='ocr_line' id='line_1_57' title="bbox 2345 1275 3891 1348; baseline 0 -20"><span class='ocrx_word' id='word_1_403' title='bbox 2345 1275 2442 1329; x_wconf 92' lang='lat' dir='ltr'>lib.</span> <span class='ocrx_word' id='word_1_404' title='bbox 2478 1293 2535 1330; x_wconf 82' lang='lat' dir='ltr'>ix</span> <span class='ocrx_word' id='word_1_405' title='bbox 2565 1275 2629 1331; x_wconf 73' lang='lat' dir='ltr'>de</span> <span class='ocrx_word' id='word_1_406' title='bbox 2655 1279 2820 1346; x_wconf 72' lang='lat' dir='ltr'>Civil,</span> <span class='ocrx_word' id='word_1_407' title='bbox 2854 1293 2979 1348; x_wconf 91' lang='lat' dir='ltr'>cap.</span> <span class='ocrx_word' id='word_1_408' title='bbox 3016 1276 3104 1342; x_wconf 86' lang='lat'>19,</span> <span class='ocrx_word' id='word_1_409' title='bbox 3139 1293 3270 1348; x_wconf 87' lang='lat' dir='ltr'>pag.</span> <span class='ocrx_word' id='word_1_410' title='bbox 3303 1278 3444 1346; x_wconf 90' lang='lat'>233).</span> <span class='ocrx_word' id='word_1_411' title='bbox 3480 1277 3662 1331; x_wconf 89' lang='lat' dir='ltr'>Postea</span> <span class='ocrx_word' id='word_1_412' title='bbox 3688 1293 3795 1331; x_wconf 86' lang='lat' dir='ltr'>vero</span> <span class='ocrx_word' id='word_1_413' title='bbox 3819 1277 3891 1328; x_wconf 75' lang='lat' dir='ltr'>ad~</span> 
     </span>
    </p>
   </div>
   <div class='ocr_carea' id='block_1_58' title="bbox 2343 1363 3895 1430">
    <p class='ocr_par' dir='ltr' id='par_1_58' title="bbox 2343 1363 3895 1430">
     <span class='ocr_line' id='line_1_58' title="bbox 2343 1363 3895 1430; baseline 0 -14"><span class='ocrx_word' id='word_1_414' title='bbox 2343 1363 2518 1419; x_wconf 86' lang='lat' dir='ltr'>didit:</span> <span class='ocrx_word' id='word_1_415' title='bbox 2545 1388 2572 1412; x_wconf 89' lang='grc'>‹‹</span> <span class='ocrx_word' id='word_1_416' title='bbox 2605 1366 2686 1419; x_wconf 90' lang='lat' dir='ltr'>Ita</span> <span class='ocrx_word' id='word_1_417' title='bbox 2709 1365 3051 1420; x_wconf 88' lang='lat' dir='ltr'>detestabile</span> <span class='ocrx_word' id='word_1_418' title='bbox 3076 1382 3286 1420; x_wconf 90' lang='lat' dir='ltr'>nomen</span> <span class='ocrx_word' id='word_1_419' title='bbox 3314 1370 3398 1420; x_wconf 92' lang='lat' dir='ltr'>est</span> <span class='ocrx_word' id='word_1_420' title='bbox 3426 1364 3895 1430; x_wconf 70' lang='lat' dir='ltr'>daemonum,uthoc</span> 
     </span>
    </p>
   </div>
   <div class='ocr_carea' id='block_1_59' title="bbox 2343 1452 3896 1524">
    <p class='ocr_par' dir='ltr' id='par_1_59' title="bbox 2343 1452 3896 1524">
     <span class='ocr_line' id='line_1_59' title="bbox 2343 1452 3896 1524; baseline -0.002 -17"><span class='ocrx_word' id='word_1_421' title='bbox 2343 1452 2534 1508; x_wconf 90' lang='lat' dir='ltr'>modis</span> <span class='ocrx_word' id='word_1_422' title='bbox 2566 1453 2838 1508; x_wconf 90' lang='lat' dir='ltr'>omnibus</span> <span class='ocrx_word' id='word_1_423' title='bbox 2869 1471 2903 1508; x_wconf 91' lang='lat' dir='ltr'>a</span> <span class='ocrx_word' id='word_1_424' title='bbox 2933 1454 3152 1510; x_wconf 87' lang='lat' dir='ltr'>sanctis</span> <span class='ocrx_word' id='word_1_425' title='bbox 3205 1453 3421 1524; x_wconf 90' lang='lat' dir='ltr'>angelis</span> <span class='ocrx_word' id='word_1_426' title='bbox 3468 1469 3564 1507; x_wconf 89' lang='lat' dir='ltr'>nos</span> <span class='ocrx_word' id='word_1_427' title='bbox 3611 1468 3799 1506; x_wconf 88' lang='lat' dir='ltr'>movere</span> <span class='ocrx_word' id='word_1_428' title='bbox 3822 1452 3896 1504; x_wconf 84' lang='lat' dir='ltr'>de-</span> 
     </span>
    </p>
   </div>
   <div class='ocr_carea' id='block_1_60' title="bbox 2342 1537 3896 1612">
    <p class='ocr_par' dir='ltr' id='par_1_60' title="bbox 2342 1537 3896 1612">
     <span class='ocr_line' id='line_1_60' title="bbox 2342 1537 3896 1612; baseline -0.003 -17"><span class='ocrx_word' id='word_1_429' title='bbox 2342 1541 2586 1595; x_wconf 86' lang='lat' dir='ltr'>beamus</span> <span class='ocrx_word' id='word_1_430' title='bbox 2622 1563 2648 1589; x_wconf 84' lang='lat'>»</span> <span class='ocrx_word' id='word_1_431' title='bbox 2682 1541 2842 1612; x_wconf 84' lang='lat' dir='ltr'>(Ibid.</span> <span class='ocrx_word' id='word_1_432' title='bbox 2879 1558 3006 1612; x_wconf 91' lang='lat' dir='ltr'>cap.</span> <span class='ocrx_word' id='word_1_433' title='bbox 3039 1542 3129 1606; x_wconf 89' lang='lat'>23,</span> <span class='ocrx_word' id='word_1_434' title='bbox 3165 1556 3297 1612; x_wconf 87' lang='lat' dir='ltr'>pag.</span> <span class='ocrx_word' id='word_1_435' title='bbox 3337 1541 3476 1610; x_wconf 82' lang='lat'>236).</span> <span class='ocrx_word' id='word_1_436' title='bbox 3513 1537 3706 1609; x_wconf 81' lang='lat' dir='ltr'>Duplex</span> <span class='ocrx_word' id='word_1_437' title='bbox 3745 1537 3896 1606; x_wconf 84' lang='lat' dir='ltr'>itaque</span> 
     </span>
    </p>
   </div>
   <div class='ocr_carea' id='block_1_61' title="bbox 2338 1628 3892 1701">
    <p class='ocr_par' dir='ltr' id='par_1_61' title="bbox 2338 1628 3892 1701">
     <span class='ocr_line' id='line_1_61' title="bbox 2338 1628 3892 1701; baseline -0.005 -17"><span class='ocrx_word' id='word_1_438' title='bbox 2338 1631 2730 1701; x_wconf 83' lang='lat' dir='ltr'>Augustinus,</span> <span class='ocrx_word' id='word_1_439' title='bbox 2766 1629 3264 1701; x_wconf 90' lang='lat' dir='ltr'>quemodmodum</span> <span class='ocrx_word' id='word_1_440' title='bbox 3318 1628 3687 1684; x_wconf 87' lang='lat' dir='ltr'>Tertullianus</span> <span class='ocrx_word' id='word_1_441' title='bbox 3729 1631 3892 1690; x_wconf 84' lang='lat' dir='ltr'>noster,</span> 
     </span>
    </p>
   </div>
   <div class='ocr_carea' id='block_1_62' title="bbox 2342 1715 3895 1791">
    <p class='ocr_par' dir='ltr' id='par_1_62' title="bbox 2342 1715 3895 1791">
     <span class='ocr_line' id='line_1_62' title="bbox 2342 1715 3895 1791; baseline -0.003 -19"><span class='ocrx_word' id='word_1_442' title='bbox 2342 1718 2656 1790; x_wconf 89' lang='lat' dir='ltr'>distinguit</span> <span class='ocrx_word' id='word_1_443' title='bbox 2687 1718 3028 1789; x_wconf 87' lang='lat' dir='ltr'>angelorum</span> <span class='ocrx_word' id='word_1_444' title='bbox 3061 1735 3268 1791; x_wconf 88' lang='lat' dir='ltr'>genus,</span> <span class='ocrx_word' id='word_1_445' title='bbox 3313 1724 3369 1773; x_wconf 88' lang='lat' dir='ltr'>et</span> <span class='ocrx_word' id='word_1_446' title='bbox 3399 1734 3571 1772; x_wconf 89' lang='lat' dir='ltr'>unum</span> <span class='ocrx_word' id='word_1_447' title='bbox 3602 1716 3802 1787; x_wconf 87' lang='lat' dir='ltr'>quidem</span> <span class='ocrx_word' id='word_1_448' title='bbox 3825 1715 3895 1768; x_wconf 87' lang='lat' dir='ltr'>bo-</span> 
     </span>
    </p>
   </div>
   <div class='ocr_carea' id='block_1_63' title="bbox 2263 1804 3894 1909">
    <p class='ocr_par' dir='ltr' id='par_1_63' title="bbox 2263 1804 3894 1909">
     <span class='ocr_line' id='line_1_63' title="bbox 2263 1804 3894 1909; baseline -0.006 -46"><span class='ocrx_word' id='word_1_449' title='bbox 2263 1845 2310 1909; x_wconf 84' lang='lat' dir='ltr'><strong>B</strong></span> <span class='ocrx_word' id='word_1_450' title='bbox 2343 1824 2507 1872; x_wconf 90' lang='lat' dir='ltr'>num,</span> <span class='ocrx_word' id='word_1_451' title='bbox 2539 1807 2862 1879; x_wconf 78' lang='lat' dir='ltr'>quiangeli</span> <span class='ocrx_word' id='word_1_452' title='bbox 2904 1807 3255 1878; x_wconf 88' lang='lat' dir='ltr'>simpliciter</span> <span class='ocrx_word' id='word_1_453' title='bbox 3285 1811 3554 1862; x_wconf 88' lang='lat' dir='ltr'>vocantur</span> <span class='ocrx_word' id='word_1_454' title='bbox 3585 1830 3596 1871; x_wconf 86' lang='lat'><strong>;</strong></span> <span class='ocrx_word' id='word_1_455' title='bbox 3626 1804 3762 1858; x_wconf 89' lang='lat' dir='ltr'>aliud</span> <span class='ocrx_word' id='word_1_456' title='bbox 3800 1817 3894 1855; x_wconf 88' lang='lat' dir='ltr'>vero</span> 
     </span>
    </p>
   </div>
   <div class='ocr_carea' id='block_1_64' title="bbox 2343 1892 3898 1966">
    <p class='ocr_par' dir='ltr' id='par_1_64' title="bbox 2343 1892 3898 1966">
     <span class='ocr_line' id='line_1_64' title="bbox 2343 1892 3898 1966; baseline -0.006 -15"><span class='ocrx_word' id='word_1_457' title='bbox 2343 1897 2694 1963; x_wconf 66' lang='lat' dir='ltr'>daemonum,</span> <span class='ocrx_word' id='word_1_458' title='bbox 2742 1913 2991 1966; x_wconf 89' lang='lat' dir='ltr'>quorum</span> <span class='ocrx_word' id='word_1_459' title='bbox 3038 1913 3250 1951; x_wconf 92' lang='lat' dir='ltr'>nomen</span> <span class='ocrx_word' id='word_1_460' title='bbox 3298 1894 3645 1960; x_wconf 86' lang='lat' dir='ltr'>detestabile,</span> <span class='ocrx_word' id='word_1_461' title='bbox 3677 1892 3898 1962; x_wconf 82' lang='lat' dir='ltr'>malignos</span> 
     </span>
    </p>
   </div>
   <div class='ocr_carea' id='block_1_65' title="bbox 2345 1985 3198 2057">
    <p class='ocr_par' dir='ltr' id='par_1_65' title="bbox 2345 1985 3198 2057">
     <span class='ocr_line' id='line_1_65' title="bbox 2345 1985 3198 2057; baseline 0 -18"><span class='ocrx_word' id='word_1_462' title='bbox 2345 1985 2588 2055; x_wconf 86' lang='lat' dir='ltr'>spiritus</span> <span class='ocrx_word' id='word_1_463' title='bbox 2623 2001 2853 2056; x_wconf 86' lang='lat' dir='ltr'>semper</span> <span class='ocrx_word' id='word_1_464' title='bbox 2883 1985 3198 2057; x_wconf 80' lang='lat' dir='ltr'>signiﬁcat.</span> 
     </span>
    </p>
   </div>
   <div class='ocr_carea' id='block_1_66' title="bbox 2413 2087 3897 2162">
    <p class='ocr_par' dir='ltr' id='par_1_66' title="bbox 2413 2087 3897 2162">
     <span class='ocr_line' id='line_1_66' title="bbox 2413 2087 3897 2162; baseline -0.007 -16"><span class='ocrx_word' id='word_1_465' title='bbox 2413 2093 2527 2146; x_wconf 86' lang='lat' dir='ltr'>Cur</span> <span class='ocrx_word' id='word_1_466' title='bbox 2556 2107 2714 2162; x_wconf 90' lang='lat' dir='ltr'>ergo,</span> <span class='ocrx_word' id='word_1_467' title='bbox 2749 2092 2936 2162; x_wconf 88' lang='lat' dir='ltr'>inquit</span> <span class='ocrx_word' id='word_1_468' title='bbox 2999 2091 3234 2161; x_wconf 87' lang='lat' dir='ltr'>aliquis,</span> <span class='ocrx_word' id='word_1_469' title='bbox 3264 2092 3404 2146; x_wconf 90' lang='lat' dir='ltr'>adeo</span> <span class='ocrx_word' id='word_1_470' title='bbox 3463 2087 3775 2144; x_wconf 85' lang='lat' dir='ltr'>detestabile</span> <span class='ocrx_word' id='word_1_471' title='bbox 3812 2087 3897 2137; x_wconf 77' lang='lat' dir='ltr'>erat</span> 
     </span>
    </p>
   </div>
   <div class='ocr_carea' id='block_1_67' title="bbox 2341 2173 3902 2250">
    <p class='ocr_par' dir='ltr' id='par_1_67' title="bbox 2341 2173 3902 2250">
     <span class='ocr_line' id='line_1_67' title="bbox 2341 2173 3902 2250; baseline -0.006 -16"><span class='ocrx_word' id='word_1_472' title='bbox 2341 2179 2484 2234; x_wconf 90' lang='lat' dir='ltr'>illud</span> <span class='ocrx_word' id='word_1_473' title='bbox 2519 2180 2665 2234; x_wconf 78' lang='lat'>867</span> <span class='ocrx_word' id='word_1_474' title='bbox 2715 2197 2947 2244; x_wconf 89' lang='lat' dir='ltr'>nomen,</span> <span class='ocrx_word' id='word_1_475' title='bbox 2990 2185 3166 2250; x_wconf 87' lang='lat' dir='ltr'>atque</span> <span class='ocrx_word' id='word_1_476' title='bbox 3220 2197 3337 2235; x_wconf 90' lang='lat' dir='ltr'>non</span> <span class='ocrx_word' id='word_1_477' title='bbox 3385 2177 3568 2234; x_wconf 92' lang='lat' dir='ltr'>solum</span> <span class='ocrx_word' id='word_1_478' title='bbox 3599 2193 3629 2230; x_wconf 87' lang='lat' dir='ltr'>a</span> <span class='ocrx_word' id='word_1_479' title='bbox 3682 2173 3902 2229; x_wconf 85' lang='lat' dir='ltr'>Christia-</span> 
     </span>
    </p>
   </div>
   <div class='ocr_carea' id='block_1_68' title="bbox 2346 2266 3902 2339">
    <p class='ocr_par' dir='ltr' id='par_1_68' title="bbox 2346 2266 3902 2339">
     <span class='ocr_line' id='line_1_68' title="bbox 2346 2266 3902 2339; baseline -0.006 -16"><span class='ocrx_word' id='word_1_480' title='bbox 2346 2269 2458 2336; x_wconf 92' lang='lat' dir='ltr'>nis,</span> <span class='ocrx_word' id='word_1_481' title='bbox 2493 2270 2593 2324; x_wconf 91' lang='lat' dir='ltr'>sed</span> <span class='ocrx_word' id='word_1_482' title='bbox 2627 2269 2803 2324; x_wconf 90' lang='lat' dir='ltr'>etiam</span> <span class='ocrx_word' id='word_1_483' title='bbox 2835 2286 2868 2323; x_wconf 92' lang='lat' dir='ltr'>a</span> <span class='ocrx_word' id='word_1_484' title='bbox 2896 2268 3217 2339; x_wconf 89' lang='lat' dir='ltr'>gentilibus</span> <span class='ocrx_word' id='word_1_485' title='bbox 3240 2267 3299 2322; x_wconf 89' lang='lat' dir='ltr'>in</span> <span class='ocrx_word' id='word_1_486' title='bbox 3335 2266 3542 2322; x_wconf 75' lang='lat' dir='ltr'>malam</span> <span class='ocrx_word' id='word_1_487' title='bbox 3575 2269 3767 2337; x_wconf 89' lang='lat' dir='ltr'>partem</span> <span class='ocrx_word' id='word_1_488' title='bbox 3794 2275 3902 2315; x_wconf 86' lang='lat' dir='ltr'>sem-</span> 
     </span>
    </p>
   </div>
   <div class='ocr_carea' id='block_1_69' title="bbox 2343 2345 3902 2428">
    <p class='ocr_par' dir='ltr' id='par_1_69' title="bbox 2343 2345 3902 2428">
     <span class='ocr_line' id='line_1_69' title="bbox 2343 2345 3902 2428; baseline -0.008 -17"><span class='ocrx_word' id='word_1_489' title='bbox 2343 2373 2446 2428; x_wconf 89' lang='lat' dir='ltr'>per</span> <span class='ocrx_word' id='word_1_490' title='bbox 2477 2355 2917 2428; x_wconf 78' lang='lat' dir='ltr'>acoipiebatur?</span> <span class='ocrx_word' id='word_1_491' title='bbox 2958 2357 3162 2411; x_wconf 88' lang='lat' dir='ltr'>Nonne</span> <span class='ocrx_word' id='word_1_492' title='bbox 3192 2355 3320 2427; x_wconf 89' lang='lat' dir='ltr'>ipse</span> <span class='ocrx_word' id='word_1_493' title='bbox 3367 2357 3710 2426; x_wconf 82' lang='lat' dir='ltr'>Augustinus</span> <span class='ocrx_word' id='word_1_494' title='bbox 3755 2355 3801 2404; x_wconf 89' lang='lat' dir='ltr'>et</span> <span class='ocrx_word' id='word_1_495' title='bbox 3836 2345 3902 2400; x_wconf 85' lang='lat' dir='ltr'>alii</span> 
     </span>
    </p>
   </div>
   <div class='ocr_carea' id='block_1_70' title="bbox 2339 2433 3901 2515">
    <p class='ocr_par' dir='ltr' id='par_1_70' title="bbox 2339 2433 3901 2515">
     <span class='ocr_line' id='line_1_70' title="bbox 2339 2433 3901 2515; baseline -0.006 -14"><span class='ocrx_word' id='word_1_496' title='bbox 2339 2446 2656 2515; x_wconf 88' lang='lat' dir='ltr'>scriptores</span> <span class='ocrx_word' id='word_1_497' title='bbox 2709 2445 2923 2513; x_wconf 86' lang='lat' dir='ltr'>Latini,</span> <span class='ocrx_word' id='word_1_498' title='bbox 2985 2451 3049 2500; x_wconf 87' lang='lat' dir='ltr'>ut</span> <span class='ocrx_word' id='word_1_499' title='bbox 3079 2445 3219 2500; x_wconf 90' lang='lat' dir='ltr'>alibi</span> <span class='ocrx_word' id='word_1_500' title='bbox 3278 2443 3697 2500; x_wconf 87' lang='lat' dir='ltr'>observavimus</span> <span class='ocrx_word' id='word_1_501' title='bbox 3744 2442 3792 2492; x_wconf 90' lang='lat' dir='ltr'>et</span> <span class='ocrx_word' id='word_1_502' title='bbox 3835 2433 3901 2486; x_wconf 80' lang='lat' dir='ltr'>alii</span> 
     </span>
    </p>
   </div>
   <div class='ocr_carea' id='block_1_71' title="bbox 2338 2521 3902 2604">
    <p class='ocr_par' dir='ltr' id='par_1_71' title="bbox 2338 2521 3902 2604">
     <span class='ocr_line' id='line_1_71' title="bbox 2338 2521 3902 2604; baseline -0.009 -18"><span class='ocrx_word' id='word_1_503' title='bbox 2338 2535 2398 2586; x_wconf 89' lang='lat' dir='ltr'>in</span> <span class='ocrx_word' id='word_1_504' title='bbox 2430 2535 2676 2588; x_wconf 78' lang='lat' dir='ltr'>Lactant.</span> <span class='ocrx_word' id='word_1_505' title='bbox 2712 2549 2840 2604; x_wconf 91' lang='lat' dir='ltr'>cap.</span> <span class='ocrx_word' id='word_1_506' title='bbox 2874 2534 2962 2599; x_wconf 92' lang='lat'>20,</span> <span class='ocrx_word' id='word_1_507' title='bbox 2999 2539 3106 2587; x_wconf 88' lang='lat' dir='ltr'>art.</span> <span class='ocrx_word' id='word_1_508' title='bbox 3142 2534 3213 2602; x_wconf 83' lang='grc'>4),</span> <span class='ocrx_word' id='word_1_509' title='bbox 3274 2549 3484 2589; x_wconf 91' lang='lat' dir='ltr'>nomen</span> <span class='ocrx_word' id='word_1_510' title='bbox 3543 2531 3775 2585; x_wconf 71' lang='lat' dir='ltr'>Gnaeum</span> <span class='ocrx_word' id='word_1_511' title='bbox 3821 2521 3902 2575; x_wconf 75' lang='grc' dir='ltr'>δαι-</span> 
     </span>
    </p>
   </div>
   <div class='ocr_carea' id='block_1_72' title="bbox 2342 2621 3901 2692">
    <p class='ocr_par' dir='ltr' id='par_1_72' title="bbox 2342 2621 3901 2692">
     <span class='ocr_line' id='line_1_72' title="bbox 2342 2621 3901 2692; baseline -0.002 -19"><span class='ocrx_word' id='word_1_512' title='bbox 2342 2641 2521 2692; x_wconf 84' lang='grc' dir='ltr'>μονες,</span> <span class='ocrx_word' id='word_1_513' title='bbox 2556 2622 2710 2676; x_wconf 90' lang='lat' dir='ltr'>idem</span> <span class='ocrx_word' id='word_1_514' title='bbox 2743 2621 3075 2692; x_wconf 85' lang='lat' dir='ltr'>significare</span> <span class='ocrx_word' id='word_1_515' title='bbox 3110 2622 3522 2690; x_wconf 82' lang='lat' dir='ltr'>testificantur,</span> <span class='ocrx_word' id='word_1_516' title='bbox 3553 2624 3710 2688; x_wconf 90' lang='lat' dir='ltr'>atque</span> <span class='ocrx_word' id='word_1_517' title='bbox 3757 2626 3901 2668; x_wconf 83' lang='lat' dir='ltr'>rerum</span> 
     </span>
    </p>
   </div>
   <div class='ocr_carea' id='block_1_73' title="bbox 2337 2698 3903 2780">
    <p class='ocr_par' dir='ltr' id='par_1_73' title="bbox 2337 2698 3903 2780">
     <span class='ocr_line' id='line_1_73' title="bbox 2337 2698 3903 2780; baseline -0.01 -14"><span class='ocrx_word' id='word_1_518' title='bbox 2337 2712 2511 2777; x_wconf 90' lang='lat' dir='ltr'>scios,</span> <span class='ocrx_word' id='word_1_519' title='bbox 2543 2716 2599 2765; x_wconf 93' lang='lat' dir='ltr'>et</span> <span class='ocrx_word' id='word_1_520' title='bbox 2631 2711 2850 2780; x_wconf 89' lang='lat' dir='ltr'>peritos</span> <span class='ocrx_word' id='word_1_521' title='bbox 2872 2710 2899 2763; x_wconf 76' lang='lat' dir='ltr'>‘I</span> <span class='ocrx_word' id='word_1_522' title='bbox 2940 2710 3223 2766; x_wconf 75' lang='lat' dir='ltr'>Praeterea</span> <span class='ocrx_word' id='word_1_523' title='bbox 3275 2709 3658 2765; x_wconf 87' lang='lat' dir='ltr'>Tertullianus</span> <span class='ocrx_word' id='word_1_524' title='bbox 3686 2714 3829 2758; x_wconf 84' lang='lat' dir='ltr'>hocce</span> <span class='ocrx_word' id='word_1_525' title='bbox 3863 2698 3903 2751; x_wconf 89' lang='lat' dir='ltr'>in</span> 
     </span>
    </p>
   </div>
   <div class='ocr_carea' id='block_1_74' title="bbox 2335 2795 3903 2871">
    <p class='ocr_par' dir='ltr' id='par_1_74' title="bbox 2335 2795 3903 2871">
     <span class='ocr_line' id='line_1_74' title="bbox 2335 2795 3903 2871; baseline -0.009 -17"><span class='ocrx_word' id='word_1_526' title='bbox 2335 2800 2681 2871; x_wconf 77' lang='lat' dir='ltr'>Apologelico</span> <span class='ocrx_word' id='word_1_527' title='bbox 2715 2799 2894 2853; x_wconf 91' lang='lat' dir='ltr'>libros</span> <span class='ocrx_word' id='word_1_528' title='bbox 2913 2816 3018 2854; x_wconf 90' lang='lat' dir='ltr'>nos</span> <span class='ocrx_word' id='word_1_529' title='bbox 3052 2804 3251 2854; x_wconf 88' lang='lat' dir='ltr'>monet</span> <span class='ocrx_word' id='word_1_530' title='bbox 3283 2801 3436 2854; x_wconf 90' lang='lat' dir='ltr'>idem</span> <span class='ocrx_word' id='word_1_531' title='bbox 3471 2813 3592 2852; x_wconf 90' lang='lat' dir='ltr'>esse</span> <span class='ocrx_word' id='word_1_532' title='bbox 3621 2795 3903 2850; x_wconf 72' lang='lat' dir='ltr'>daemonum,</span> 
     </span>
    </p>
   </div>
   <div class='ocr_carea' id='block_1_75' title="bbox 2336 2877 3909 2958">
    <p class='ocr_par' dir='ltr' id='par_1_75' title="bbox 2336 2877 3909 2958">
     <span class='ocr_line' id='line_1_75' title="bbox 2336 2877 3909 2958; baseline -0.005 -17"><span class='ocrx_word' id='word_1_533' title='bbox 2336 2893 2510 2958; x_wconf 89' lang='lat' dir='ltr'>atque</span> <span class='ocrx_word' id='word_1_534' title='bbox 2542 2889 2848 2958; x_wconf 88' lang='lat' dir='ltr'>geniorum</span> <span class='ocrx_word' id='word_1_535' title='bbox 2882 2904 3127 2942; x_wconf 90' lang='lat' dir='ltr'>nomen:</span> <span class='ocrx_word' id='word_1_536' title='bbox 3162 2910 3188 2937; x_wconf 84' lang='lat'><strong>«</strong></span> <span class='ocrx_word' id='word_1_537' title='bbox 3231 2887 3504 2954; x_wconf 88' lang='lat' dir='ltr'>Nescitis,</span> <span class='ocrx_word' id='word_1_538' title='bbox 3539 2883 3732 2955; x_wconf 88' lang='lat' dir='ltr'>inquit,</span> <span class='ocrx_word' id='word_1_539' title='bbox 3757 2877 3909 2950; x_wconf 76' lang='lat' dir='ltr'>genios</span> 
     </span>
    </p>
   </div>
   <div class='ocr_carea' id='block_1_76' title="bbox 2335 2969 3911 3041">
    <p class='ocr_par' dir='ltr' id='par_1_76' title="bbox 2335 2969 3911 3041">
     <span class='ocr_line' id='line_1_76' title="bbox 2335 2969 3911 3041; baseline -0.009 -10"><span class='ocrx_word' id='word_1_540' title='bbox 2335 2977 2630 3031; x_wconf 67' lang='lat' dir='ltr'>daemonas</span> <span class='ocrx_word' id='word_1_541' title='bbox 2662 2977 2796 3041; x_wconf 91' lang='lat' dir='ltr'>dici,</span> <span class='ocrx_word' id='word_1_542' title='bbox 2858 2980 2915 3030; x_wconf 91' lang='lat' dir='ltr'>et</span> <span class='ocrx_word' id='word_1_543' title='bbox 2972 2976 3108 3030; x_wconf 91' lang='lat' dir='ltr'>inde</span> <span class='ocrx_word' id='word_1_544' title='bbox 3166 2976 3521 3030; x_wconf 87' lang='lat' dir='ltr'>diminutiva</span> <span class='ocrx_word' id='word_1_545' title='bbox 3574 2986 3695 3026; x_wconf 81' lang='lat' dir='ltr'>voce</span> <span class='ocrx_word' id='word_1_546' title='bbox 3745 2969 3911 3021; x_wconf 67' lang='lat' dir='ltr'>damo-</span> 
     </span>
    </p>
   </div>
   <div class='ocr_carea' id='block_1_77' title="bbox 2334 3060 3910 3145">
    <p class='ocr_par' dir='ltr' id='par_1_77' title="bbox 2334 3060 3910 3145">
     <span class='ocr_line' id='line_1_77' title="bbox 2334 3060 3910 3145; baseline -0.006 -26"><span class='ocrx_word' id='word_1_547' title='bbox 2334 3064 2479 3119; x_wconf 86' lang='lat' dir='ltr'>nia?</span> <span class='ocrx_word' id='word_1_548' title='bbox 2526 3087 2554 3114; x_wconf 89' lang='grc'>››</span> <span class='ocrx_word' id='word_1_549' title='bbox 2607 3065 2670 3119; x_wconf 87' lang='lat' dir='ltr'>Et</span> <span class='ocrx_word' id='word_1_550' title='bbox 2724 3064 2896 3135; x_wconf 90' lang='lat' dir='ltr'>paulo</span> <span class='ocrx_word' id='word_1_551' title='bbox 2948 3069 3124 3135; x_wconf 88' lang='lat' dir='ltr'>post:</span> <span class='ocrx_word' id='word_1_552' title='bbox 3164 3084 3185 3112; x_wconf 77' lang='grc' dir='ltr'>ι</span> <span class='ocrx_word' id='word_1_553' title='bbox 3242 3065 3544 3119; x_wconf 71' lang='lat' dir='ltr'>Daemones</span> <span class='ocrx_word' id='word_1_554' title='bbox 3575 3078 3588 3114; x_wconf 84' lang='lat'><strong>:</strong></span> <span class='ocrx_word' id='word_1_555' title='bbox 3616 3060 3670 3114; x_wconf 92' lang='lat' dir='ltr'>id</span> <span class='ocrx_word' id='word_1_556' title='bbox 3713 3061 3804 3120; x_wconf 90' lang='lat' dir='ltr'>est,</span> 
     </span>
    </p>
   </div>
   <div class='ocr_carea' id='block_1_78' title="bbox 2338 3139 3911 3224">
    <p class='ocr_par' dir='ltr' id='par_1_78' title="bbox 2338 3139 3911 3224">
     <span class='ocr_line' id='line_1_78' title="bbox 2338 3139 3911 3224; baseline -0.011 -17"><span class='ocrx_word' id='word_1_557' title='bbox 2338 3153 2465 3209; x_wconf 90' lang='lat' dir='ltr'>nios</span> <span class='ocrx_word' id='word_1_558' title='bbox 2502 3177 2521 3202; x_wconf 79' lang='grc' dir='ltr'>ι</span> <span class='ocrx_word' id='word_1_559' title='bbox 2559 3153 2820 3224; x_wconf 86' lang='lat' dir='ltr'>(Tertull.</span> <span class='ocrx_word' id='word_1_560' title='bbox 2855 3155 3124 3224; x_wconf 83' lang='lat' dir='ltr'>Apologet.</span> <span class='ocrx_word' id='word_1_561' title='bbox 3160 3168 3292 3224; x_wconf 89' lang='lat' dir='ltr'>cap.</span> <span class='ocrx_word' id='word_1_562' title='bbox 3343 3153 3433 3217; x_wconf 89' lang='lat'>32,</span> <span class='ocrx_word' id='word_1_563' title='bbox 3485 3149 3586 3205; x_wconf 92' lang='lat' dir='ltr'>col.</span> <span class='ocrx_word' id='word_1_564' title='bbox 3637 3147 3764 3214; x_wconf 72' lang='grc'>447).</span> <span class='ocrx_word' id='word_1_565' title='bbox 3798 3139 3911 3194; x_wconf 83' lang='lat' dir='ltr'>Alibi</span> 
     </span>
    </p>
   </div>
   <div class='ocr_carea' id='block_1_79' title="bbox 2336 3233 3912 3313">
    <p class='ocr_par' dir='ltr' id='par_1_79' title="bbox 2336 3233 3912 3313">
     <span class='ocr_line' id='line_1_79' title="bbox 2336 3233 3912 3313; baseline -0.011 -16"><span class='ocrx_word' id='word_1_566' title='bbox 2336 3259 2468 3297; x_wconf 92' lang='lat' dir='ltr'>vero</span> <span class='ocrx_word' id='word_1_567' title='bbox 2503 3259 2515 3296; x_wconf 89' lang='lat'><strong>:</strong></span> <span class='ocrx_word' id='word_1_568' title='bbox 2555 3265 2581 3292; x_wconf 88' lang='grc'>‹‹</span> <span class='ocrx_word' id='word_1_569' title='bbox 2617 3242 2903 3296; x_wconf 86' lang='lat' dir='ltr'>Omnibus</span> <span class='ocrx_word' id='word_1_570' title='bbox 2933 3241 3092 3313; x_wconf 89' lang='lat' dir='ltr'>genii</span> <span class='ocrx_word' id='word_1_571' title='bbox 3140 3242 3525 3311; x_wconf 89' lang='lat' dir='ltr'>deputantur,</span> <span class='ocrx_word' id='word_1_572' title='bbox 3572 3235 3711 3309; x_wconf 88' lang='lat' dir='ltr'>quod</span> <span class='ocrx_word' id='word_1_573' title='bbox 3745 3233 3912 3286; x_wconf 70' lang='lat' dir='ltr'>damo-</span> 
     </span>
    </p>
   </div>
   <div class='ocr_carea' id='block_1_80' title="bbox 2333 3314 3908 3401">
    <p class='ocr_par' dir='ltr' id='par_1_80' title="bbox 2333 3314 3908 3401">
     <span class='ocr_line' id='line_1_80' title="bbox 2333 3314 3908 3401; baseline -0.007 -16"><span class='ocrx_word' id='word_1_574' title='bbox 2333 3348 2474 3386; x_wconf 89' lang='lat' dir='ltr'>num</span> <span class='ocrx_word' id='word_1_575' title='bbox 2506 3337 2596 3386; x_wconf 90' lang='lat' dir='ltr'>est</span> <span class='ocrx_word' id='word_1_576' title='bbox 2637 3347 2845 3385; x_wconf 92' lang='lat' dir='ltr'>nomen</span> <span class='ocrx_word' id='word_1_577' title='bbox 2901 3352 2929 3379; x_wconf 87' lang='grc'>››</span> <span class='ocrx_word' id='word_1_578' title='bbox 2982 3330 3183 3401; x_wconf 87' lang='lat' dir='ltr'>(Idem,</span> <span class='ocrx_word' id='word_1_579' title='bbox 3233 3331 3299 3385; x_wconf 85' lang='lat' dir='ltr'>de</span> <span class='ocrx_word' id='word_1_580' title='bbox 3329 3332 3512 3385; x_wconf 83' lang='lat' dir='ltr'>Anim.</span> <span class='ocrx_word' id='word_1_581' title='bbox 3561 3343 3679 3396; x_wconf 87' lang='lat' dir='ltr'>cap.</span> <span class='ocrx_word' id='word_1_582' title='bbox 3715 3323 3789 3386; x_wconf 85' lang='lat'>39,</span> <span class='ocrx_word' id='word_1_583' title='bbox 3831 3314 3908 3370; x_wconf 71' lang='lat' dir='ltr'>col.</span> 
     </span>
    </p>
   </div>
   <div class='ocr_carea' id='block_1_81' title="bbox 2328 3412 3910 3490">
    <p class='ocr_par' dir='ltr' id='par_1_81' title="bbox 2328 3412 3910 3490">
     <span class='ocr_line' id='line_1_81' title="bbox 2328 3412 3910 3490; baseline -0.01 -16"><span class='ocrx_word' id='word_1_584' title='bbox 2328 3420 2475 3490; x_wconf 85' lang='lat'>351).</span> <span class='ocrx_word' id='word_1_585' title='bbox 2515 3419 2662 3483; x_wconf 88' lang='lat' dir='ltr'>Quid</span> <span class='ocrx_word' id='word_1_586' title='bbox 2696 3419 2878 3490; x_wconf 87' lang='lat' dir='ltr'>igitur</span> <span class='ocrx_word' id='word_1_587' title='bbox 2903 3420 2960 3472; x_wconf 94' lang='lat' dir='ltr'>in</span> <span class='ocrx_word' id='word_1_588' title='bbox 2994 3435 3059 3473; x_wconf 86' lang='lat' dir='ltr'>eo</span> <span class='ocrx_word' id='word_1_589' title='bbox 3092 3418 3330 3473; x_wconf 91' lang='lat' dir='ltr'>nomine</span> <span class='ocrx_word' id='word_1_590' title='bbox 3377 3423 3495 3473; x_wconf 91' lang='lat' dir='ltr'>tam</span> <span class='ocrx_word' id='word_1_591' title='bbox 3542 3414 3756 3476; x_wconf 90' lang='lat' dir='ltr'>malum,</span> <span class='ocrx_word' id='word_1_592' title='bbox 3797 3412 3910 3462; x_wconf 86' lang='lat' dir='ltr'>tum-</span> 
     </span>
    </p>
   </div>
   <div class='ocr_carea' id='block_1_82' title="bbox 2331 3497 3907 3579">
    <p class='ocr_par' dir='ltr' id='par_1_82' title="bbox 2331 3497 3907 3579">
     <span class='ocr_line' id='line_1_82' title="bbox 2331 3497 3907 3579; baseline -0.003 -17"><span class='ocrx_word' id='word_1_593' title='bbox 2331 3524 2443 3579; x_wconf 91' lang='lat' dir='ltr'>que</span> <span class='ocrx_word' id='word_1_594' title='bbox 2483 3507 2733 3579; x_wconf 90' lang='lat' dir='ltr'>singulis</span> <span class='ocrx_word' id='word_1_595' title='bbox 2781 3507 3055 3563; x_wconf 92' lang='lat' dir='ltr'>omnibus</span> <span class='ocrx_word' id='word_1_596' title='bbox 3101 3506 3456 3562; x_wconf 86' lang='lat' dir='ltr'>detestabile</span> <span class='ocrx_word' id='word_1_597' title='bbox 3478 3506 3504 3559; x_wconf 84' lang='lat'><strong>?</strong></span> <span class='ocrx_word' id='word_1_598' title='bbox 3535 3506 3676 3560; x_wconf 87' lang='lat' dir='ltr'>Bene</span> <span class='ocrx_word' id='word_1_599' title='bbox 3706 3497 3907 3570; x_wconf 65' lang='lat' dir='ltr'>quidem:</span> 
     </span>
    </p>
   </div>
   <div class='ocr_carea' id='block_1_83' title="bbox 2330 3591 3905 3668">
    <p class='ocr_par' dir='ltr' id='par_1_83' title="bbox 2330 3591 3905 3668">
     <span class='ocr_line' id='line_1_83' title="bbox 2330 3591 3905 3668; baseline -0.008 -18"><span class='ocrx_word' id='word_1_600' title='bbox 2330 3597 2377 3650; x_wconf 91' lang='lat' dir='ltr'>si</span> <span class='ocrx_word' id='word_1_601' title='bbox 2424 3614 2531 3650; x_wconf 90' lang='lat' dir='ltr'>sua</span> <span class='ocrx_word' id='word_1_602' title='bbox 2597 3597 2859 3666; x_wconf 88' lang='lat' dir='ltr'>scientia,</span> <span class='ocrx_word' id='word_1_603' title='bbox 2923 3597 3128 3668; x_wconf 89' lang='lat' dir='ltr'>peritia</span> <span class='ocrx_word' id='word_1_604' title='bbox 3182 3596 3525 3668; x_wconf 85' lang='lat' dir='ltr'>ingeniique</span> <span class='ocrx_word' id='word_1_605' title='bbox 3579 3591 3776 3647; x_wconf 86' lang='lat' dir='ltr'>viribus</span> <span class='ocrx_word' id='word_1_606' title='bbox 3821 3596 3905 3638; x_wconf 80' lang='lat' dir='ltr'>non</span> 
     </span>
    </p>
   </div>
   <div class='ocr_carea' id='block_1_84' title="bbox 2330 3672 3908 3756">
    <p class='ocr_par' dir='ltr' id='par_1_84' title="bbox 2330 3672 3908 3756">
     <span class='ocr_line' id='line_1_84' title="bbox 2330 3672 3908 3756; baseline -0.01 -17"><span class='ocrx_word' id='word_1_607' title='bbox 2330 3684 2836 3756; x_wconf 24' lang='lat' dir='ltr'>maleluterentur.</span> <span class='ocrx_word' id='word_1_608' title='bbox 2879 3685 2988 3740; x_wconf 89' lang='lat' dir='ltr'>Sed</span> <span class='ocrx_word' id='word_1_609' title='bbox 3017 3684 3153 3755; x_wconf 90' lang='lat' dir='ltr'>quia</span> <span class='ocrx_word' id='word_1_610' title='bbox 3201 3684 3273 3739; x_wconf 89' lang='lat' dir='ltr'>iis</span> <span class='ocrx_word' id='word_1_611' title='bbox 3307 3685 3381 3739; x_wconf 91' lang='lat' dir='ltr'>ad</span> <span class='ocrx_word' id='word_1_612' title='bbox 3432 3681 3710 3738; x_wconf 85' lang='lat' dir='ltr'>vexandos</span> <span class='ocrx_word' id='word_1_613' title='bbox 3753 3672 3908 3730; x_wconf 79' lang='lat' dir='ltr'>fallen-</span> 
     </span>
    </p>
   </div>
   <div class='ocr_carea' id='block_1_85' title="bbox 2328 3765 3906 3845">
    <p class='ocr_par' dir='ltr' id='par_1_85' title="bbox 2328 3765 3906 3845">
     <span class='ocr_line' id='line_1_85' title="bbox 2328 3765 3906 3845; baseline -0.008 -16"><span class='ocrx_word' id='word_1_614' title='bbox 2328 3775 2550 3844; x_wconf 90' lang='lat' dir='ltr'>dosque</span> <span class='ocrx_word' id='word_1_615' title='bbox 2581 3773 2870 3841; x_wconf 91' lang='lat' dir='ltr'>homines,</span> <span class='ocrx_word' id='word_1_616' title='bbox 2908 3779 2971 3828; x_wconf 88' lang='lat' dir='ltr'>ut</span> <span class='ocrx_word' id='word_1_617' title='bbox 3001 3778 3202 3845; x_wconf 87' lang='lat' dir='ltr'>postea</span> <span class='ocrx_word' id='word_1_618' title='bbox 3230 3773 3584 3836; x_wconf 88' lang='lat' dir='ltr'>videbimus,</span> <span class='ocrx_word' id='word_1_619' title='bbox 3631 3768 3779 3841; x_wconf 87' lang='lat' dir='ltr'>plane</span> <span class='ocrx_word' id='word_1_620' title='bbox 3799 3765 3906 3816; x_wconf 85' lang='lat' dir='ltr'>abu-</span> 
     </span>
    </p>
   </div>
   <div class='ocr_carea' id='block_1_86' title="bbox 2326 3853 3910 3932">
    <p class='ocr_par' dir='ltr' id='par_1_86' title="bbox 2326 3853 3910 3932">
     <span class='ocr_line' id='line_1_86' title="bbox 2326 3853 3910 3932; baseline -0.008 -16"><span class='ocrx_word' id='word_1_621' title='bbox 2326 3866 2555 3926; x_wconf 88' lang='lat' dir='ltr'>tuntur,</span> <span class='ocrx_word' id='word_1_622' title='bbox 2591 3879 2706 3917; x_wconf 92' lang='lat' dir='ltr'>non</span> <span class='ocrx_word' id='word_1_623' title='bbox 2741 3863 2953 3917; x_wconf 90' lang='lat' dir='ltr'>mirum</span> <span class='ocrx_word' id='word_1_624' title='bbox 2986 3862 3238 3932; x_wconf 78' lang='lat' dir='ltr'>profecto</span> <span class='ocrx_word' id='word_1_625' title='bbox 3273 3862 3322 3917; x_wconf 92' lang='lat' dir='ltr'>si</span> <span class='ocrx_word' id='word_1_626' title='bbox 3356 3862 3552 3916; x_wconf 89' lang='lat' dir='ltr'>cuncti</span> <span class='ocrx_word' id='word_1_627' title='bbox 3586 3860 3687 3913; x_wconf 88' lang='lat' dir='ltr'>hoc</span> <span class='ocrx_word' id='word_1_628' title='bbox 3715 3853 3910 3909; x_wconf 80' lang='lat' dir='ltr'>detesta-</span> 
     </span>
    </p>
   </div>
   <div class='ocr_carea' id='block_1_87' title="bbox 2328 3935 3910 4022">
    <p class='ocr_par' dir='ltr' id='par_1_87' title="bbox 2328 3935 3910 4022">
     <span class='ocr_line' id='line_1_87' title="bbox 2328 3935 3910 4022; baseline -0.012 -16"><span class='ocrx_word' id='word_1_629' title='bbox 2328 3955 2530 4006; x_wconf 90' lang='lat' dir='ltr'>rentur</span> <span class='ocrx_word' id='word_1_630' title='bbox 2559 3968 2794 4019; x_wconf 87' lang='lat' dir='ltr'>nomen,</span> <span class='ocrx_word' id='word_1_631' title='bbox 2828 3951 3090 4022; x_wconf 89' lang='lat' dir='ltr'>illudque</span> <span class='ocrx_word' id='word_1_632' title='bbox 3121 3951 3246 4006; x_wconf 89' lang='lat' dir='ltr'>suis</span> <span class='ocrx_word' id='word_1_633' title='bbox 3279 3951 3432 4006; x_wconf 90' lang='lat' dir='ltr'>alios</span> <span class='ocrx_word' id='word_1_634' title='bbox 3465 3945 3767 4005; x_wconf 86' lang='lat' dir='ltr'>maledictis</span> <span class='ocrx_word' id='word_1_635' title='bbox 3792 3935 3910 3994; x_wconf 86' lang='lat' dir='ltr'>adhi-</span> 
     </span>
    </p>
   </div>
   <div class='ocr_carea' id='block_1_88' title="bbox 2327 4038 3888 4118">
    <p class='ocr_par' dir='ltr' id='par_1_88' title="bbox 2327 4038 3888 4118">
     <span class='ocr_line' id='line_1_88' title="bbox 2327 4038 3888 4118; baseline 0.001 -26"><span class='ocrx_word' id='word_1_636' title='bbox 2327 4038 2550 4094; x_wconf 87' lang='lat' dir='ltr'>berent.</span> <span class='ocrx_word' id='word_1_637' title='bbox 3786 4117 3793 4118; x_wconf 15' lang='grc' dir='ltr'><em>γ</em></span> <span class='ocrx_word' id='word_1_638' title='bbox 3881 4110 3888 4118; x_wconf 30' lang='grc' dir='ltr'><strong><em>ε</em></strong></span> 
     </span>
    </p>
   </div>
   <div class='ocr_carea' id='block_1_89' title="bbox 2401 4117 3912 4198">
    <p class='ocr_par' dir='ltr' id='par_1_89' title="bbox 2401 4117 3912 4198">
     <span class='ocr_line' id='line_1_89' title="bbox 2401 4117 3912 4198; baseline -0.018 -6"><span class='ocrx_word' id='word_1_639' title='bbox 2401 4129 2678 4192; x_wconf 84' lang='lat' dir='ltr'>Quamvis</span> <span class='ocrx_word' id='word_1_640' title='bbox 2731 4133 2922 4184; x_wconf 90' lang='lat' dir='ltr'>autem</span> <span class='ocrx_word' id='word_1_641' title='bbox 2974 4133 3191 4183; x_wconf 84' lang='lat' dir='ltr'>Auctor</span> <span class='ocrx_word' id='word_1_642' title='bbox 3240 4134 3447 4187; x_wconf 81' lang='lat' dir='ltr'>noster</span> <span class='ocrx_word' id='word_1_643' title='bbox 3494 4140 3674 4198; x_wconf 90' lang='lat' dir='ltr'>pauca</span> <span class='ocrx_word' id='word_1_644' title='bbox 3700 4117 3912 4175; x_wconf 80' lang='lat' dir='ltr'>debonis</span> 
     </span>
    </p>
   </div>
   <div class='ocr_carea' id='block_1_90' title="bbox 2330 4206 3915 4300">
    <p class='ocr_par' dir='ltr' id='par_1_90' title="bbox 2330 4206 3915 4300">
     <span class='ocr_line' id='line_1_90' title="bbox 2330 4206 3915 4300; baseline -0.004 -27"><span class='ocrx_word' id='word_1_645' title='bbox 2330 4219 2551 4291; x_wconf 88' lang='lat' dir='ltr'>angelis</span> <span class='ocrx_word' id='word_1_646' title='bbox 2587 4221 2642 4276; x_wconf 93' lang='lat' dir='ltr'>in</span> <span class='ocrx_word' id='word_1_647' title='bbox 2673 4222 3018 4294; x_wconf 75' lang='lat' dir='ltr'>Apologetico</span> <span class='ocrx_word' id='word_1_648' title='bbox 3048 4221 3383 4293; x_wconf 82' lang='lat' dir='ltr'>tradiderit,</span> <span class='ocrx_word' id='word_1_649' title='bbox 3430 4219 3564 4275; x_wconf 90' lang='lat' dir='ltr'>illos</span> <span class='ocrx_word' id='word_1_650' title='bbox 3595 4206 3915 4300; x_wconf 37' lang='lat' dir='ltr'>nihilomintl.S</span> 
     </span>
    </p>
   </div>
   <div class='ocr_carea' id='block_1_91' title="bbox 2330 4293 3915 4378">
    <p class='ocr_par' dir='ltr' id='par_1_91' title="bbox 2330 4293 3915 4378">
     <span class='ocr_line' id='line_1_91' title="bbox 2330 4293 3915 4378; baseline -0.009 -16"><span class='ocrx_word' id='word_1_651' title='bbox 2330 4325 2364 4362; x_wconf 92' lang='lat' dir='ltr'>a</span> <span class='ocrx_word' id='word_1_652' title='bbox 2394 4309 2586 4378; x_wconf 88' lang='lat' dir='ltr'>malis,</span> <span class='ocrx_word' id='word_1_653' title='bbox 2635 4315 2694 4365; x_wconf 88' lang='lat' dir='ltr'>et</span> <span class='ocrx_word' id='word_1_654' title='bbox 2743 4293 2853 4366; x_wconf 87' lang='lat' dir='ltr'>hos</span> <span class='ocrx_word' id='word_1_655' title='bbox 2899 4329 2932 4365; x_wconf 90' lang='lat' dir='ltr'>a</span> <span class='ocrx_word' id='word_1_656' title='bbox 2988 4311 3358 4366; x_wconf 63' lang='lat' dir='ltr'>damonibus</span> <span class='ocrx_word' id='word_1_657' title='bbox 3407 4308 3564 4364; x_wconf 91' lang='lat' dir='ltr'>haud</span> <span class='ocrx_word' id='word_1_658' title='bbox 3615 4305 3829 4359; x_wconf 84' lang='lat' dir='ltr'>obscure</span> <span class='ocrx_word' id='word_1_659' title='bbox 3852 4293 3915 4345; x_wconf 84' lang='lat' dir='ltr'>di-</span> 
     </span>
    </p>
   </div>
   <div class='ocr_carea' id='block_1_92' title="bbox 2332 4383 3916 4471">
    <p class='ocr_par' dir='ltr' id='par_1_92' title="bbox 2332 4383 3916 4471">
     <span class='ocr_line' id='line_1_92' title="bbox 2332 4383 3916 4471; baseline -0.006 -20"><span class='ocrx_word' id='word_1_660' title='bbox 2332 4397 2600 4471; x_wconf 89' lang='lat' dir='ltr'>stinguit.</span> <span class='ocrx_word' id='word_1_661' title='bbox 2632 4400 2711 4454; x_wconf 89' lang='lat' dir='ltr'>De</span> <span class='ocrx_word' id='word_1_662' title='bbox 2764 4399 2880 4455; x_wconf 92' lang='lat' dir='ltr'>illis</span> <span class='ocrx_word' id='word_1_663' title='bbox 2913 4400 3210 4454; x_wconf 85' lang='lat' dir='ltr'>enimvero</span> <span class='ocrx_word' id='word_1_664' title='bbox 3266 4400 3381 4455; x_wconf 91' lang='lat' dir='ltr'>hoc</span> <span class='ocrx_word' id='word_1_665' title='bbox 3427 4397 3682 4470; x_wconf 89' lang='lat' dir='ltr'>quidem,</span> <span class='ocrx_word' id='word_1_666' title='bbox 3711 4387 3797 4445; x_wconf 90' lang='lat' dir='ltr'>sed</span> <span class='ocrx_word' id='word_1_667' title='bbox 3824 4383 3916 4438; x_wconf 66' lang='lat' dir='ltr'>bh‘r</span> 
     </span>
    </p>
   </div>
   <div class='ocr_carea' id='block_1_93' title="bbox 2331 4473 3918 4559">
    <p class='ocr_par' dir='ltr' id='par_1_93' title="bbox 2331 4473 3918 4559">
     <span class='ocr_line' id='line_1_93' title="bbox 2331 4473 3918 4559; baseline -0.008 -19"><span class='ocrx_word' id='word_1_668' title='bbox 2331 4487 2569 4544; x_wconf 89' lang='lat' dir='ltr'>vissime</span> <span class='ocrx_word' id='word_1_669' title='bbox 2604 4505 2670 4542; x_wconf 86' lang='lat'>:«</span> <span class='ocrx_word' id='word_1_670' title='bbox 2703 4489 3023 4554; x_wconf 87' lang='lat' dir='ltr'>Quomodo,</span> <span class='ocrx_word' id='word_1_671' title='bbox 3084 4489 3296 4559; x_wconf 77' lang='lat' dir='ltr'>inquit,</span> <span class='ocrx_word' id='word_1_672' title='bbox 3332 4489 3407 4544; x_wconf 91' lang='lat' dir='ltr'>de</span> <span class='ocrx_word' id='word_1_673' title='bbox 3458 4483 3679 4558; x_wconf 86' lang='lat' dir='ltr'>angelis</span> <span class='ocrx_word' id='word_1_674' title='bbox 3727 4473 3918 4548; x_wconf 80' lang='lat' dir='ltr'>quibus-</span> 
     </span>
    </p>
   </div>
   <div class='ocr_carea' id='block_1_94' title="bbox 651 4559 2224 4662">
    <p class='ocr_par' dir='ltr' id='par_1_94' title="bbox 651 4588 2220 4662">
     <span class='ocr_line' id='line_1_94' title="bbox 651 4588 2220 4662; baseline 0.006 -22"><span class='ocrx_word' id='word_1_675' title='bbox 651 4589 774 4642; x_wconf 83' lang='lat' dir='ltr'>Mos</span> <span class='ocrx_word' id='word_1_676' title='bbox 804 4588 978 4659; x_wconf 88' lang='lat' dir='ltr'>igitur</span> <span class='ocrx_word' id='word_1_677' title='bbox 1000 4590 1364 4646; x_wconf 89' lang='lat' dir='ltr'>ethnicorum</span> <span class='ocrx_word' id='word_1_678' title='bbox 1398 4594 1610 4661; x_wconf 90' lang='lat' dir='ltr'>erat,ut</span> <span class='ocrx_word' id='word_1_679' title='bbox 1637 4589 1769 4646; x_wconf 90' lang='lat' dir='ltr'>aliis</span> <span class='ocrx_word' id='word_1_680' title='bbox 1802 4591 2220 4662; x_wconf 88' lang='lat' dir='ltr'>maledicendo,</span> 
     </span>
    </p>
   </div>
   <div class='ocr_carea' id='block_1_95' title="bbox 2333 4559 3918 4662">
    <p class='ocr_par' dir='ltr' id='par_1_95' title="bbox 2333 4559 3918 4662">
     <span class='ocr_line' id='line_1_95' title="bbox 2333 4559 3918 4662; baseline -0.021 -13"><span class='ocrx_word' id='word_1_681' title='bbox 2333 4576 2492 4646; x_wconf 67' lang='lat' dir='ltr'>dam,</span> <span class='ocrx_word' id='word_1_682' title='bbox 2535 4595 2642 4633; x_wconf 90' lang='lat' dir='ltr'>sua</span> <span class='ocrx_word' id='word_1_683' title='bbox 2689 4583 2896 4648; x_wconf 89' lang='lat' dir='ltr'>sponte</span> <span class='ocrx_word' id='word_1_684' title='bbox 2940 4581 3250 4648; x_wconf 87' lang='lat' dir='ltr'>corruptis,</span> <span class='ocrx_word' id='word_1_685' title='bbox 3313 4574 3648 4647; x_wconf 90' lang='lat' dir='ltr'>corruptior</span> <span class='ocrx_word' id='word_1_686' title='bbox 3689 4581 3812 4662; x_wconf 81' lang='lat' dir='ltr'>gens</span> <span class='ocrx_word' id='word_1_687' title='bbox 3837 4559 3918 4614; x_wconf 55' lang='lat' dir='ltr'>dai&#39;</span> 
     </span>
    </p>
   </div>
   <div class='ocr_carea' id='block_1_96' title="bbox 582 4677 2220 4749">
    <p class='ocr_par' dir='ltr' id='par_1_96' title="bbox 582 4677 2220 4749">
     <span class='ocr_line' id='line_1_96' title="bbox 582 4677 2220 4749; baseline 0.004 -20"><span class='ocrx_word' id='word_1_688' title='bbox 582 4679 756 4746; x_wconf 91' lang='lat' dir='ltr'>atque</span> <span class='ocrx_word' id='word_1_689' title='bbox 784 4677 1182 4749; x_wconf 89' lang='lat' dir='ltr'>imprecando,</span> <span class='ocrx_word' id='word_1_690' title='bbox 1215 4695 1313 4735; x_wconf 92' lang='lat' dir='ltr'>eos</span> <span class='ocrx_word' id='word_1_691' title='bbox 1345 4686 1616 4736; x_wconf 84' lang='lat' dir='ltr'>vocarent</span> <span class='ocrx_word' id='word_1_692' title='bbox 1637 4681 1949 4749; x_wconf 83' lang='lat' dir='ltr'>daemones,</span> <span class='ocrx_word' id='word_1_693' title='bbox 1982 4687 2082 4736; x_wconf 92' lang='lat' dir='ltr'>aut</span> <span class='ocrx_word' id='word_1_694' title='bbox 2113 4683 2220 4736; x_wconf 72' lang='lat' dir='ltr'>daa-</span> 
     </span>
    </p>
   </div>
   <div class='ocr_carea' id='block_1_97' title="bbox 583 4765 2222 4835">
    <p class='ocr_par' dir='ltr' id='par_1_97' title="bbox 583 4765 2222 4835">
     <span class='ocr_line' id='line_1_97' title="bbox 583 4765 2222 4835; baseline 0.005 -17"><span class='ocrx_word' id='word_1_695' title='bbox 583 4765 765 4820; x_wconf 88' lang='lat' dir='ltr'>monis</span> <span class='ocrx_word' id='word_1_696' title='bbox 795 4771 850 4820; x_wconf 91' lang='lat' dir='ltr'>et</span> <span class='ocrx_word' id='word_1_697' title='bbox 879 4766 1102 4821; x_wconf 68' lang='lat' dir='ltr'>Satanae</span> <span class='ocrx_word' id='word_1_698' title='bbox 1136 4771 1368 4823; x_wconf 90' lang='lat' dir='ltr'>nomine</span> <span class='ocrx_word' id='word_1_699' title='bbox 1398 4770 1542 4824; x_wconf 89' lang='lat' dir='ltr'>diris</span> <span class='ocrx_word' id='word_1_700' title='bbox 1591 4769 1723 4824; x_wconf 91' lang='lat' dir='ltr'>illos</span> <span class='ocrx_word' id='word_1_701' title='bbox 1771 4770 2134 4835; x_wconf 86' lang='lat' dir='ltr'>devoverent,</span> <span class='ocrx_word' id='word_1_702' title='bbox 2166 4776 2222 4826; x_wconf 91' lang='lat' dir='ltr'>et</span> 
     </span>
    </p>
   </div>
   <div class='ocr_carea' id='block_1_98' title="bbox 581 4857 2218 4931">
    <p class='ocr_par' dir='ltr' id='par_1_98' title="bbox 581 4857 2218 4931">
     <span class='ocr_line' id='line_1_98' title="bbox 581 4857 2218 4931; baseline 0.005 -24"><span class='ocrx_word' id='word_1_703' title='bbox 581 4862 1042 4911; x_wconf 87' lang='lat' dir='ltr'>exsecrarentur.</span> <span class='ocrx_word' id='word_1_704' title='bbox 1080 4857 1138 4912; x_wconf 91' lang='lat' dir='ltr'>Si</span> <span class='ocrx_word' id='word_1_705' title='bbox 1172 4874 1302 4914; x_wconf 92' lang='lat' dir='ltr'>vero</span> <span class='ocrx_word' id='word_1_706' title='bbox 1335 4858 1515 4915; x_wconf 86' lang='lat' dir='ltr'>olium</span> <span class='ocrx_word' id='word_1_707' title='bbox 1550 4859 1726 4931; x_wconf 84' lang='lat' dir='ltr'>hujus</span> <span class='ocrx_word' id='word_1_708' title='bbox 1777 4859 1958 4914; x_wconf 89' lang='lat' dir='ltr'>moris</span> <span class='ocrx_word' id='word_1_709' title='bbox 2009 4863 2218 4915; x_wconf 89' lang='lat' dir='ltr'>testem</span> 
     </span>
    </p>
   </div>
   <div class='ocr_carea' id='block_1_99' title="bbox 579 4943 2222 5020">
    <p class='ocr_par' dir='ltr' id='par_1_99' title="bbox 579 4943 2222 5020">
     <span class='ocr_line' id='line_1_99' title="bbox 579 4943 2222 5020; baseline 0.004 -24"><span class='ocrx_word' id='word_1_710' title='bbox 579 4943 894 5014; x_wconf 88' lang='lat' dir='ltr'>desideres,</span> <span class='ocrx_word' id='word_1_711' title='bbox 927 4947 1318 5016; x_wconf 85' lang='lat' dir='ltr'>Augustinum</span> <span class='ocrx_word' id='word_1_712' title='bbox 1366 4948 1631 5012; x_wconf 89' lang='lat' dir='ltr'>habebis,</span> <span class='ocrx_word' id='word_1_713' title='bbox 1682 4949 1781 5018; x_wconf 90' lang='lat' dir='ltr'>qui</span> <span class='ocrx_word' id='word_1_714' title='bbox 1832 4966 1937 5005; x_wconf 88' lang='lat' dir='ltr'>nos</span> <span class='ocrx_word' id='word_1_715' title='bbox 1981 4949 2222 5020; x_wconf 90' lang='lat' dir='ltr'>insuper</span> 
     </span>
    </p>
   </div>
   <div class='ocr_carea' id='block_1_100' title="bbox 579 5031 2218 5108">
    <p class='ocr_par' dir='ltr' id='par_1_100' title="bbox 579 5031 2218 5108">
     <span class='ocr_line' id='line_1_100' title="bbox 579 5031 2218 5108; baseline 0.004 -21"><span class='ocrx_word' id='word_1_716' title='bbox 579 5031 855 5087; x_wconf 80' lang='lat' dir='ltr'>admonet</span> <span class='ocrx_word' id='word_1_717' title='bbox 905 5034 1261 5106; x_wconf 89' lang='lat' dir='ltr'>ubicumque</span> <span class='ocrx_word' id='word_1_718' title='bbox 1313 5037 1370 5089; x_wconf 92' lang='lat' dir='ltr'>in</span> <span class='ocrx_word' id='word_1_719' title='bbox 1429 5037 1610 5091; x_wconf 89' lang='lat' dir='ltr'>sacris</span> <span class='ocrx_word' id='word_1_720' title='bbox 1653 5037 1972 5108; x_wconf 89' lang='lat' dir='ltr'>Scripturis</span> <span class='ocrx_word' id='word_1_721' title='bbox 2006 5055 2218 5094; x_wconf 90' lang='lat' dir='ltr'>nomen</span> 
     </span>
    </p>
   </div>
   <div class='ocr_carea' id='block_1_101' title="bbox 577 5120 2214 5199">
    <p class='ocr_par' dir='ltr' id='par_1_101' title="bbox 577 5120 2214 5199">
     <span class='ocr_line' id='line_1_101' title="bbox 577 5120 2214 5199; baseline 0.004 -24"><span class='ocrx_word' id='word_1_722' title='bbox 577 5120 878 5184; x_wconf 76' lang='lat' dir='ltr'>daemonis.</span> <span class='ocrx_word' id='word_1_723' title='bbox 913 5129 1013 5178; x_wconf 89' lang='lat' dir='ltr'>aut</span> <span class='ocrx_word' id='word_1_724' title='bbox 1042 5123 1464 5178; x_wconf 82' lang='lat' dir='ltr'>daemoniorum</span> <span class='ocrx_word' id='word_1_725' title='bbox 1499 5125 1765 5192; x_wconf 89' lang='lat' dir='ltr'>occurrit,</span> <span class='ocrx_word' id='word_1_726' title='bbox 1801 5142 1867 5181; x_wconf 94' lang='lat' dir='ltr'>eo</span> <span class='ocrx_word' id='word_1_727' title='bbox 1926 5127 2214 5199; x_wconf 90' lang='lat' dir='ltr'>malignos</span> 
     </span>
    </p>
   </div>
   <div class='ocr_carea' id='block_1_102' title="bbox 577 5209 2217 5284">
    <p class='ocr_par' dir='ltr' id='par_1_102' title="bbox 577 5209 2217 5284">
     <span class='ocr_line' id='line_1_102' title="bbox 577 5209 2217 5284; baseline 0.007 -23"><span class='ocrx_word' id='word_1_728' title='bbox 577 5209 817 5280; x_wconf 85' lang='lat' dir='ltr'>spiritus</span> <span class='ocrx_word' id='word_1_729' title='bbox 851 5211 1184 5281; x_wconf 72' lang='lat' dir='ltr'>signiﬁcari.</span> <span class='ocrx_word' id='word_1_730' title='bbox 1219 5212 1361 5266; x_wconf 83' lang='lat' dir='ltr'>Ecce</span> <span class='ocrx_word' id='word_1_731' title='bbox 1395 5212 1644 5282; x_wconf 86' lang='lat' dir='ltr'>ipsamet</span> <span class='ocrx_word' id='word_1_732' title='bbox 1674 5215 1800 5284; x_wconf 82' lang='lat' dir='ltr'>ejus</span> <span class='ocrx_word' id='word_1_733' title='bbox 1821 5215 1994 5269; x_wconf 91' lang='lat' dir='ltr'>verba</span> <span class='ocrx_word' id='word_1_734' title='bbox 2021 5231 2078 5270; x_wconf 83' lang='lat'>:«</span> <span class='ocrx_word' id='word_1_735' title='bbox 2103 5221 2217 5272; x_wconf 89' lang='lat' dir='ltr'>Nos</span> 
     </span>
    </p>
   </div>
   <div class='ocr_carea' id='block_1_103' title="bbox 576 5299 2216 5376">
    <p class='ocr_par' dir='ltr' id='par_1_103' title="bbox 576 5299 2216 5376">
     <span class='ocr_line' id='line_1_103' title="bbox 576 5299 2216 5376; baseline 0.006 -25"><span class='ocrx_word' id='word_1_736' title='bbox 576 5303 792 5366; x_wconf 88' lang='lat' dir='ltr'>autem,</span> <span class='ocrx_word' id='word_1_737' title='bbox 825 5300 975 5354; x_wconf 90' lang='lat' dir='ltr'>sicut</span> <span class='ocrx_word' id='word_1_738' title='bbox 1005 5299 1304 5371; x_wconf 88' lang='lat' dir='ltr'>Scriptura</span> <span class='ocrx_word' id='word_1_739' title='bbox 1336 5299 1615 5370; x_wconf 82' lang='lat' dir='ltr'>loquitur,</span> <span class='ocrx_word' id='word_1_740' title='bbox 1665 5304 1988 5358; x_wconf 88' lang='lat' dir='ltr'>secundum</span> <span class='ocrx_word' id='word_1_741' title='bbox 2040 5323 2216 5376; x_wconf 91' lang='lat' dir='ltr'>quam</span> 
     </span>
    </p>
   </div>
   <div class='ocr_carea' id='block_1_104' title="bbox 573 5387 2216 5464">
    <p class='ocr_par' dir='ltr' id='par_1_104' title="bbox 573 5387 2216 5464">
     <span class='ocr_line' id='line_1_104' title="bbox 573 5387 2216 5464; baseline 0.005 -24"><span class='ocrx_word' id='word_1_742' title='bbox 573 5387 890 5440; x_wconf 86' lang='lat' dir='ltr'>Christiani</span> <span class='ocrx_word' id='word_1_743' title='bbox 925 5404 1157 5452; x_wconf 90' lang='lat' dir='ltr'>sumus,</span> <span class='ocrx_word' id='word_1_744' title='bbox 1191 5388 1425 5458; x_wconf 87' lang='lat' dir='ltr'>angelos</span> <span class='ocrx_word' id='word_1_745' title='bbox 1478 5391 1688 5459; x_wconf 89' lang='lat' dir='ltr'>partim</span> <span class='ocrx_word' id='word_1_746' title='bbox 1739 5391 1972 5460; x_wconf 89' lang='lat' dir='ltr'>quidem</span> <span class='ocrx_word' id='word_1_747' title='bbox 2010 5395 2216 5464; x_wconf 89' lang='lat' dir='ltr'>bonos,</span> 
     </span>
    </p>
   </div>
   <div class='ocr_carea' id='block_1_105' title="bbox 574 5473 2217 5555">
    <p class='ocr_par' dir='ltr' id='par_1_105' title="bbox 574 5473 2217 5555">
     <span class='ocr_line' id='line_1_105' title="bbox 574 5473 2217 5555; baseline 0.005 -27"><span class='ocrx_word' id='word_1_748' title='bbox 574 5475 788 5544; x_wconf 89' lang='lat' dir='ltr'>partim</span> <span class='ocrx_word' id='word_1_749' title='bbox 819 5473 1056 5543; x_wconf 88' lang='lat' dir='ltr'>malos,r</span> <span class='ocrx_word' id='word_1_750' title='bbox 1071 5492 1349 5547; x_wconf 89' lang='lat' dir='ltr'>umquam</span> <span class='ocrx_word' id='word_1_751' title='bbox 1381 5493 1513 5532; x_wconf 91' lang='lat' dir='ltr'>vero</span> <span class='ocrx_word' id='word_1_752' title='bbox 1544 5477 1730 5533; x_wconf 89' lang='lat' dir='ltr'>bonos</span> <span class='ocrx_word' id='word_1_753' title='bbox 1763 5479 2052 5537; x_wconf 65' lang='lat' dir='ltr'>daemones</span> <span class='ocrx_word' id='word_1_754' title='bbox 2075 5481 2217 5555; x_wconf 82' lang='lat' dir='ltr'>legi-</span> 
     </span>
    </p>
   </div>
   <div class='ocr_carea' id='block_1_106' title="bbox 574 5563 2215 5636">
    <p class='ocr_par' dir='ltr' id='par_1_106' title="bbox 574 5563 2215 5636">
     <span class='ocr_line' id='line_1_106' title="bbox 574 5563 2215 5636; baseline 0.009 -22"><span class='ocrx_word' id='word_1_755' title='bbox 574 5578 726 5615; x_wconf 92' lang='lat' dir='ltr'>mus.</span> <span class='ocrx_word' id='word_1_756' title='bbox 759 5563 866 5616; x_wconf 81' lang='lat' dir='ltr'>Sed</span> <span class='ocrx_word' id='word_1_757' title='bbox 898 5563 1253 5636; x_wconf 89' lang='lat' dir='ltr'>ubicumque</span> <span class='ocrx_word' id='word_1_758' title='bbox 1305 5565 1535 5620; x_wconf 84' lang='lat' dir='ltr'>illarum</span> <span class='ocrx_word' id='word_1_759' title='bbox 1584 5566 1909 5624; x_wconf 88' lang='lat' dir='ltr'>litterarum</span> <span class='ocrx_word' id='word_1_760' title='bbox 1962 5571 2072 5628; x_wconf 93' lang='lat' dir='ltr'>hoc</span> <span class='ocrx_word' id='word_1_761' title='bbox 2114 5589 2215 5628; x_wconf 89' lang='lat' dir='ltr'>no-</span> 
     </span>
    </p>
   </div>
   <div class='ocr_carea' id='block_1_107' title="bbox 575 5651 2217 5726">
    <p class='ocr_par' dir='ltr' id='par_1_107' title="bbox 575 5651 2217 5726">
     <span class='ocr_line' id='line_1_107' title="bbox 575 5651 2217 5726; baseline 0.01 -24"><span class='ocrx_word' id='word_1_762' title='bbox 575 5663 707 5703; x_wconf 88' lang='lat' dir='ltr'>men</span> <span class='ocrx_word' id='word_1_763' title='bbox 760 5651 1016 5721; x_wconf 85' lang='lat' dir='ltr'>pusitum</span> <span class='ocrx_word' id='word_1_764' title='bbox 1062 5653 1368 5726; x_wconf 89' lang='lat' dir='ltr'>reperitur,</span> <span class='ocrx_word' id='word_1_765' title='bbox 1436 5655 1555 5713; x_wconf 91' lang='lat' dir='ltr'>sive</span> <span class='ocrx_word' id='word_1_766' title='bbox 1601 5656 1895 5716; x_wconf 75' lang='lat' dir='ltr'>daemones</span> <span class='ocrx_word' id='word_1_767' title='bbox 1947 5660 2067 5718; x_wconf 91' lang='lat' dir='ltr'>sive</span> <span class='ocrx_word' id='word_1_768' title='bbox 2109 5663 2217 5718; x_wconf 75' lang='lat' dir='ltr'>dte-</span> 
     </span>
    </p>
   </div>
   <div class='ocr_carea' id='block_1_108' title="bbox 2332 4655 3921 4734">
    <p class='ocr_par' dir='ltr' id='par_1_108' title="bbox 2332 4655 3921 4734">
     <span class='ocr_line' id='line_1_108' title="bbox 2332 4655 3921 4734; baseline -0.006 -16"><span class='ocrx_word' id='word_1_769' title='bbox 2332 4680 2570 4720; x_wconf 90' lang='lat' dir='ltr'>monum</span> <span class='ocrx_word' id='word_1_770' title='bbox 2604 4668 2870 4734; x_wconf 88' lang='lat' dir='ltr'>evaserit,</span> <span class='ocrx_word' id='word_1_771' title='bbox 2905 4669 3184 4723; x_wconf 88' lang='lat' dir='ltr'>damnata</span> <span class='ocrx_word' id='word_1_772' title='bbox 3214 4684 3246 4722; x_wconf 90' lang='lat' dir='ltr'>a</span> <span class='ocrx_word' id='word_1_773' title='bbox 3271 4671 3386 4722; x_wconf 92' lang='lat' dir='ltr'>Deo</span> <span class='ocrx_word' id='word_1_774' title='bbox 3418 4682 3555 4720; x_wconf 92' lang='lat' dir='ltr'>cum</span> <span class='ocrx_word' id='word_1_775' title='bbox 3605 4655 3808 4732; x_wconf 87' lang='lat' dir='ltr'>generis</span> <span class='ocrx_word' id='word_1_776' title='bbox 3844 4663 3921 4734; x_wconf 49' lang='lat' dir='ltr'>all:</span> 
     </span>
    </p>
   </div>
   <div class='ocr_carea' id='block_1_109' title="bbox 2330 4731 3920 4826">
    <p class='ocr_par' dir='ltr' id='par_1_109' title="bbox 2330 4731 3920 4826">
     <span class='ocr_line' id='line_1_109' title="bbox 2330 4731 3920 4826; baseline -0.006 -17"><span class='ocrx_word' id='word_1_777' title='bbox 2330 4755 2612 4820; x_wconf 88' lang='lat' dir='ltr'>ctoribus,</span> <span class='ocrx_word' id='word_1_778' title='bbox 2645 4761 2700 4811; x_wconf 89' lang='lat' dir='ltr'>et</span> <span class='ocrx_word' id='word_1_779' title='bbox 2731 4773 2863 4811; x_wconf 92' lang='lat' dir='ltr'>cum</span> <span class='ocrx_word' id='word_1_780' title='bbox 2897 4774 2983 4821; x_wconf 93' lang='lat' dir='ltr'>eo,</span> <span class='ocrx_word' id='word_1_781' title='bbox 3018 4773 3189 4826; x_wconf 90' lang='lat' dir='ltr'>quem</span> <span class='ocrx_word' id='word_1_782' title='bbox 3223 4756 3504 4820; x_wconf 89' lang='lat' dir='ltr'>dicimus,</span> <span class='ocrx_word' id='word_1_783' title='bbox 3540 4731 3920 4826; x_wconf 50' lang='lat' dir='ltr'>principatu)!1d</span> 
     </span>
    </p>
   </div>
   <div class='ocr_carea' id='block_1_110' title="bbox 2331 4833 3920 4918">
    <p class='ocr_par' dir='ltr' id='par_1_110' title="bbox 2331 4833 3920 4918">
     <span class='ocr_line' id='line_1_110' title="bbox 2331 4833 3920 4918; baseline -0.003 -21"><span class='ocrx_word' id='word_1_784' title='bbox 2331 4842 2573 4898; x_wconf 88' lang='lat' dir='ltr'>Litteras</span> <span class='ocrx_word' id='word_1_785' title='bbox 2606 4850 2837 4899; x_wconf 87' lang='lat' dir='ltr'>sanctas</span> <span class='ocrx_word' id='word_1_786' title='bbox 2881 4845 3081 4900; x_wconf 84' lang='lat' dir='ltr'>ordine</span> <span class='ocrx_word' id='word_1_787' title='bbox 3113 4846 3497 4917; x_wconf 88' lang='lat' dir='ltr'>cognoscitur</span> <span class='ocrx_word' id='word_1_788' title='bbox 3531 4863 3556 4890; x_wconf 85' lang='grc'>››</span> <span class='ocrx_word' id='word_1_789' title='bbox 3606 4840 3795 4908; x_wconf 80' lang='lat' dir='ltr'>(Idem.</span> <span class='ocrx_word' id='word_1_790' title='bbox 3822 4833 3920 4918; x_wconf 47' lang='grc' dir='ltr'><em>ΑΨ</em></span> 
     </span>
    </p>
   </div>
   <div class='ocr_carea' id='block_1_111' title="bbox 2330 4914 3922 5008">
    <p class='ocr_par' dir='ltr' id='par_1_111' title="bbox 2330 4914 3922 5008">
     <span class='ocr_line' id='line_1_111' title="bbox 2330 4914 3922 5008; baseline -0.021 -5"><span class='ocrx_word' id='word_1_791' title='bbox 2330 4932 2488 5001; x_wconf 73' lang='grc' dir='ltr'>ίοθείι</span> <span class='ocrx_word' id='word_1_792' title='bbox 2523 4949 2649 5003; x_wconf 68' lang='grc'>(⁵³9·</span> <span class='ocrx_word' id='word_1_793' title='bbox 2682 4935 2770 5001; x_wconf 79' lang='grc'>22,</span> <span class='ocrx_word' id='word_1_794' title='bbox 2805 4951 2852 4988; x_wconf 76' lang='grc' dir='ltr'><strong>ο.</strong></span> <span class='ocrx_word' id='word_1_795' title='bbox 2888 4933 3034 5004; x_wconf 78' lang='grc'>405).</span> <span class='ocrx_word' id='word_1_796' title='bbox 3068 4934 3137 4987; x_wconf 91' lang='lat' dir='ltr'>At</span> <span class='ocrx_word' id='word_1_797' title='bbox 3186 4914 3358 5004; x_wconf 79' lang='lat' dir='ltr'>plura</span> <span class='ocrx_word' id='word_1_798' title='bbox 3390 4931 3511 4986; x_wconf 89' lang='lat' dir='ltr'>illis</span> <span class='ocrx_word' id='word_1_799' title='bbox 3560 4925 3748 5002; x_wconf 83' lang='lat' dir='ltr'>paucis</span> <span class='ocrx_word' id='word_1_800' title='bbox 3777 4914 3922 5008; x_wconf 56' lang='lat' dir='ltr'>verbis</span> 
     </span>
    </p>
   </div>
   <div class='ocr_carea' id='block_1_112' title="bbox 2329 5015 3923 5093">
    <p class='ocr_par' dir='ltr' id='par_1_112' title="bbox 2329 5015 3923 5093">
     <span class='ocr_line' id='line_1_112' title="bbox 2329 5015 3923 5093; baseline -0.006 -21"><span class='ocrx_word' id='word_1_801' title='bbox 2329 5019 2754 5091; x_wconf 87' lang='lat' dir='ltr'>complectitur,</span> <span class='ocrx_word' id='word_1_802' title='bbox 2789 5039 2915 5093; x_wconf 76' lang='lat' dir='ltr'>quae</span> <span class='ocrx_word' id='word_1_803' title='bbox 2948 5039 3059 5076; x_wconf 94' lang='lat' dir='ltr'>non</span> <span class='ocrx_word' id='word_1_804' title='bbox 3095 5020 3174 5074; x_wconf 92' lang='lat' dir='ltr'>ita</span> <span class='ocrx_word' id='word_1_805' title='bbox 3221 5021 3503 5085; x_wconf 84' lang='lat' dir='ltr'>breviter;</span> <span class='ocrx_word' id='word_1_806' title='bbox 3537 5033 3640 5072; x_wconf 94' lang='lat' dir='ltr'>nec</span> <span class='ocrx_word' id='word_1_807' title='bbox 3682 5015 3793 5068; x_wconf 90' lang='lat' dir='ltr'>sine</span> <span class='ocrx_word' id='word_1_808' title='bbox 3830 5017 3923 5073; x_wconf 66' lang='lat' dir='ltr'>qm-</span> 
     </span>
    </p>
   </div>
   <div class='ocr_carea' id='block_1_113' title="bbox 2328 5104 3775 5180">
    <p class='ocr_par' dir='ltr' id='par_1_113' title="bbox 2328 5104 3775 5180">
     <span class='ocr_line' id='line_1_113' title="bbox 2328 5104 3775 5180; baseline -0.008 -18"><span class='ocrx_word' id='word_1_809' title='bbox 2328 5108 2577 5163; x_wconf 90' lang='lat' dir='ltr'>busdam</span> <span class='ocrx_word' id='word_1_810' title='bbox 2611 5109 3113 5164; x_wconf 84' lang='lat' dir='ltr'>observationibus</span> <span class='ocrx_word' id='word_1_811' title='bbox 3144 5107 3601 5180; x_wconf 86' lang='lat' dir='ltr'>perstringenda</span> <span class='ocrx_word' id='word_1_812' title='bbox 3632 5104 3775 5157; x_wconf 90' lang='lat' dir='ltr'>sunt.</span> 
     </span>
    </p>
   </div>
   <div class='ocr_carea' id='block_1_114' title="bbox 2402 5197 3925 5288">
    <p class='ocr_par' dir='ltr' id='par_1_114' title="bbox 2402 5197 3925 5288">
     <span class='ocr_line' id='line_1_114' title="bbox 2402 5197 3925 5288; baseline -0.012 -21"><span class='ocrx_word' id='word_1_813' title='bbox 2402 5215 2592 5270; x_wconf 89' lang='lat' dir='ltr'>Primo</span> <span class='ocrx_word' id='word_1_814' title='bbox 2641 5220 2836 5270; x_wconf 87' lang='lat' dir='ltr'>autem</span> <span class='ocrx_word' id='word_1_815' title='bbox 2887 5213 3141 5270; x_wconf 89' lang='lat' dir='ltr'>declarat</span> <span class='ocrx_word' id='word_1_816' title='bbox 3191 5216 3485 5283; x_wconf 90' lang='lat' dir='ltr'>quosdam</span> <span class='ocrx_word' id='word_1_817' title='bbox 3521 5210 3749 5282; x_wconf 86' lang='lat' dir='ltr'>angelos</span> <span class='ocrx_word' id='word_1_818' title='bbox 3784 5197 3925 5288; x_wconf 62' lang='lat' dir='ltr'>fuisse</span> 
     </span>
    </p>
   </div>
   <div class='ocr_carea' id='block_1_115' title="bbox 2327 5296 3923 5376">
    <p class='ocr_par' dir='ltr' id='par_1_115' title="bbox 2327 5296 3923 5376">
     <span class='ocr_line' id='line_1_115' title="bbox 2327 5296 3923 5376; baseline -0.009 -15"><span class='ocrx_word' id='word_1_819' title='bbox 2327 5308 2654 5376; x_wconf 82' lang='lat' dir='ltr'>corruptos.</span> <span class='ocrx_word' id='word_1_820' title='bbox 2686 5303 2889 5359; x_wconf 89' lang='lat' dir='ltr'>Plures</span> <span class='ocrx_word' id='word_1_821' title='bbox 2921 5319 3060 5376; x_wconf 89' lang='lat' dir='ltr'>ergo</span> <span class='ocrx_word' id='word_1_822' title='bbox 3093 5302 3239 5359; x_wconf 89' lang='lat' dir='ltr'>alios</span> <span class='ocrx_word' id='word_1_823' title='bbox 3271 5301 3463 5356; x_wconf 80' lang='lat' dir='ltr'>fuisse</span> <span class='ocrx_word' id='word_1_824' title='bbox 3511 5296 3807 5371; x_wconf 73' lang='lat' dir='ltr'>significat,</span> <span class='ocrx_word' id='word_1_825' title='bbox 3849 5296 3923 5355; x_wconf 65' lang='lat' dir='ltr'>QUI</span> 
     </span>
    </p>
   </div>
   <div class='ocr_carea' id='block_1_116' title="bbox 2327 5384 3926 5474">
    <p class='ocr_par' dir='ltr' id='par_1_116' title="bbox 2327 5384 3926 5474">
     <span class='ocr_line' id='line_1_116' title="bbox 2327 5384 3926 5474; baseline -0.01 -25"><span class='ocrx_word' id='word_1_826' title='bbox 2327 5398 2580 5464; x_wconf 88' lang='lat' dir='ltr'>corrupti</span> <span class='ocrx_word' id='word_1_827' title='bbox 2615 5411 2730 5449; x_wconf 92' lang='lat' dir='ltr'>non</span> <span class='ocrx_word' id='word_1_828' title='bbox 2760 5393 3012 5459; x_wconf 88' lang='lat' dir='ltr'>fuerunt,</span> <span class='ocrx_word' id='word_1_829' title='bbox 3039 5407 3302 5464; x_wconf 88' lang='lat' dir='ltr'>quosque</span> <span class='ocrx_word' id='word_1_830' title='bbox 3339 5391 3562 5445; x_wconf 91' lang='lat' dir='ltr'>idcirco</span> <span class='ocrx_word' id='word_1_831' title='bbox 3604 5384 3926 5474; x_wconf 64' lang='lat' dir='ltr'>nominamus</span> 
     </span>
    </p>
   </div>
   <div class='ocr_carea' id='block_1_117' title="bbox 2327 5471 3922 5554">
    <p class='ocr_par' dir='ltr' id='par_1_117' title="bbox 2327 5471 3922 5554">
     <span class='ocr_line' id='line_1_117' title="bbox 2327 5471 3922 5554; baseline -0.011 -16"><span class='ocrx_word' id='word_1_832' title='bbox 2327 5484 2532 5549; x_wconf 87' lang='lat' dir='ltr'>bonos,</span> <span class='ocrx_word' id='word_1_833' title='bbox 2568 5487 2742 5554; x_wconf 90' lang='lat' dir='ltr'>atque</span> <span class='ocrx_word' id='word_1_834' title='bbox 2792 5483 2863 5538; x_wconf 90' lang='lat' dir='ltr'>ob</span> <span class='ocrx_word' id='word_1_835' title='bbox 2921 5498 3090 5537; x_wconf 89' lang='lat' dir='ltr'>suam</span> <span class='ocrx_word' id='word_1_836' title='bbox 3148 5480 3206 5535; x_wconf 93' lang='lat' dir='ltr'>in</span> <span class='ocrx_word' id='word_1_837' title='bbox 3265 5480 3424 5535; x_wconf 91' lang='lat' dir='ltr'>bono</span> <span class='ocrx_word' id='word_1_838' title='bbox 3485 5471 3922 5550; x_wconf 75' lang='lat' dir='ltr'>perseverantiam</span> 
     </span>
    </p>
   </div>
   <div class='ocr_carea' id='block_1_118' title="bbox 2327 5561 3924 5644">
    <p class='ocr_par' dir='ltr' id='par_1_118' title="bbox 2327 5561 3924 5644">
     <span class='ocr_line' id='line_1_118' title="bbox 2327 5561 3924 5644; baseline 0 -19"><span class='ocrx_word' id='word_1_839' title='bbox 2327 5572 2524 5626; x_wconf 88' lang='lat' dir='ltr'>beatos</span> <span class='ocrx_word' id='word_1_840' title='bbox 2557 5574 2842 5641; x_wconf 87' lang='lat' dir='ltr'>essejure</span> <span class='ocrx_word' id='word_1_841' title='bbox 2884 5571 3090 5627; x_wconf 89' lang='lat' dir='ltr'>merito</span> <span class='ocrx_word' id='word_1_842' title='bbox 3145 5568 3472 5625; x_wconf 87' lang='lat' dir='ltr'>credimus.</span> <span class='ocrx_word' id='word_1_843' title='bbox 3534 5561 3806 5623; x_wconf 79' lang='lat' dir='ltr'>Secundo.</span> <span class='ocrx_word' id='word_1_844' title='bbox 3833 5565 3924 5644; x_wconf 49' lang='lat'>9°?“</span> 
     </span>
    </p>
   </div>
   <div class='ocr_carea' id='block_1_119' title="bbox 2325 5640 3926 5733">
    <p class='ocr_par' dir='ltr' id='par_1_119' title="bbox 2325 5640 3926 5733">
     <span class='ocr_line' id='line_1_119' title="bbox 2325 5640 3926 5733; baseline -0.011 -15"><span class='ocrx_word' id='word_1_845' title='bbox 2325 5660 2457 5717; x_wconf 87' lang='lat' dir='ltr'>dem</span> <span class='ocrx_word' id='word_1_846' title='bbox 2491 5640 2733 5733; x_wconf 86' lang='lat' dir='ltr'>angelos</span> <span class='ocrx_word' id='word_1_847' title='bbox 2765 5660 2980 5721; x_wconf 84' lang='lat' dir='ltr'>donato</span> <span class='ocrx_word' id='word_1_848' title='bbox 3035 5659 3215 5719; x_wconf 84' lang='lat' dir='ltr'>fuisse</span> <span class='ocrx_word' id='word_1_849' title='bbox 3247 5657 3435 5715; x_wconf 86' lang='lat' dir='ltr'>libero</span> <span class='ocrx_word' id='word_1_850' title='bbox 3466 5651 3775 5715; x_wconf 83' lang='lat' dir='ltr'>voluntatis</span> <span class='ocrx_word' id='word_1_851' title='bbox 3801 5640 3926 5702; x_wconf 79' lang='lat' dir='ltr'>arbi-</span> 
     </span>
    </p>
   </div>
  </div>
