  <div class='ocr_page' id='page_1' title='image "/cluster/home/n/w/nwhite01/storage/ocr_20150623/1/hvd.32044096580337/486.png"; bbox 0 0 4118 6182; ppageno 0'>
   <div class='ocr_carea' id='block_1_1' title="bbox 265 416 385 474">
    <p class='ocr_par' dir='ltr' id='par_1_1' title="bbox 265 416 385 474">
     <span class='ocr_line' id='line_1_1' title="bbox 265 416 385 474; baseline -0.017 0"><span class='ocrx_word' id='word_1_1' title='bbox 265 416 385 474; x_wconf 83' lang='grc'><strong>95⁸7</strong></span> 
     </span>
    </p>
   </div>
   <div class='ocr_carea' id='block_1_2' title="bbox 1172 413 2761 479">
    <p class='ocr_par' dir='ltr' id='par_1_2' title="bbox 1172 413 2761 479">
     <span class='ocr_line' id='line_1_2' title="bbox 1172 413 2761 479; baseline 0.002 -7"><span class='ocrx_word' id='word_1_2' title='bbox 1172 414 1246 472; x_wconf 93' lang='lat' dir='ltr'><strong>D.</strong></span> <span class='ocrx_word' id='word_1_3' title='bbox 1295 413 1391 472; x_wconf 87' lang='lat' dir='ltr'><strong>LE</strong></span> <span class='ocrx_word' id='word_1_4' title='bbox 1436 414 1763 474; x_wconf 80' lang='lat' dir='ltr'><strong>NOURRY</strong></span> <span class='ocrx_word' id='word_1_5' title='bbox 1806 413 2459 478; x_wconf 81' lang='lat' dir='ltr'><strong>OBSERVATIONES</strong></span> <span class='ocrx_word' id='word_1_6' title='bbox 2503 419 2761 479; x_wconf 76' lang='lat' dir='ltr'><strong>NOV/E.</strong></span> 
     </span>
    </p>
   </div>
   <div class='ocr_carea' id='block_1_3' title="bbox 3562 416 3683 477">
    <p class='ocr_par' dir='ltr' id='par_1_3' title="bbox 3562 416 3683 477">
     <span class='ocr_line' id='line_1_3' title="bbox 3562 416 3683 477; baseline -0.008 0"><span class='ocrx_word' id='word_1_7' title='bbox 3562 416 3683 477; x_wconf 85' lang='lat'><strong>958</strong></span> 
     </span>
    </p>
   </div>
   <div class='ocr_carea' id='block_1_4' title="bbox 270 544 3677 621">
    <p class='ocr_par' dir='ltr' id='par_1_4' title="bbox 270 544 3677 621">
     <span class='ocr_line' id='line_1_4' title="bbox 270 544 3677 621; baseline 0.001 -20"><span class='ocrx_word' id='word_1_8' title='bbox 270 547 408 611; x_wconf 87' lang='lat' dir='ltr'><strong>trio,</strong></span> <span class='ocrx_word' id='word_1_9' title='bbox 440 562 556 617; x_wconf 91' lang='lat' dir='ltr'><strong>quo</strong></span> <span class='ocrx_word' id='word_1_10' title='bbox 600 545 744 599; x_wconf 87' lang='lat' dir='ltr'><strong>bene</strong></span> <span class='ocrx_word' id='word_1_11' title='bbox 804 549 906 599; x_wconf 90' lang='lat' dir='ltr'><strong>aut</strong></span> <span class='ocrx_word' id='word_1_12' title='bbox 968 544 1115 600; x_wconf 88' lang='lat' dir='ltr'><strong>male</strong></span> <span class='ocrx_word' id='word_1_13' title='bbox 1175 546 1419 616; x_wconf 80' lang='lat' dir='ltr'><strong>agenda,</strong></span> <span class='ocrx_word' id='word_1_14' title='bbox 1482 545 1788 616; x_wconf 70' lang='lat' dir='ltr'><strong>praemium</strong></span> <span class='ocrx_word' id='word_1_15' title='bbox 1838 544 1927 600; x_wconf 98' lang='lat' dir='ltr'><strong>vel</strong></span> <span class='ocrx_word' id='word_1_16' title='bbox 1956 547 2007 613; x_wconf 80' lang='grc' dir='ltr'>Α</span> <span class='ocrx_word' id='word_1_17' title='bbox 2042 551 2213 602; x_wconf 88' lang='lat' dir='ltr'><strong>munt</strong></span> <span class='ocrx_word' id='word_1_18' title='bbox 2243 547 2394 603; x_wconf 86' lang='lat' dir='ltr'><strong>ﬁlias</strong></span> <span class='ocrx_word' id='word_1_19' title='bbox 2416 549 2747 619; x_wconf 86' lang='lat' dir='ltr'><strong>hominum,</strong></span> <span class='ocrx_word' id='word_1_20' title='bbox 2773 567 2920 620; x_wconf 91' lang='lat' dir='ltr'><strong>quas</strong></span> <span class='ocrx_word' id='word_1_21' title='bbox 2955 553 3122 605; x_wconf 87' lang='lat' dir='ltr'><strong>natas</strong></span> <span class='ocrx_word' id='word_1_22' title='bbox 3155 567 3333 621; x_wconf 81' lang='lat' dir='ltr'><strong>supra</strong></span> <span class='ocrx_word' id='word_1_23' title='bbox 3376 550 3542 618; x_wconf 89' lang='lat' dir='ltr'><strong>dixit,</strong></span> <span class='ocrx_word' id='word_1_24' title='bbox 3593 551 3677 606; x_wconf 92' lang='lat' dir='ltr'><strong>sic</strong></span> 
     </span>
    </p>
   </div>
   <div class='ocr_carea' id='block_1_5' title="bbox 270 634 1922 708">
    <p class='ocr_par' dir='ltr' id='par_1_5' title="bbox 270 634 1922 708">
     <span class='ocr_line' id='line_1_5' title="bbox 270 634 1922 708; baseline 0 -17"><span class='ocrx_word' id='word_1_25' title='bbox 270 652 506 708; x_wconf 71' lang='lat' dir='ltr'><strong>poenam</strong></span> <span class='ocrx_word' id='word_1_26' title='bbox 543 634 750 689; x_wconf 82' lang='lat' dir='ltr'><strong>mereri</strong></span> <span class='ocrx_word' id='word_1_27' title='bbox 777 639 1067 706; x_wconf 82' lang='lat' dir='ltr'><strong>poterant.</strong></span> <span class='ocrx_word' id='word_1_28' title='bbox 1098 634 1309 705; x_wconf 91' lang='lat' dir='ltr'><strong>Tertio,</strong></span> <span class='ocrx_word' id='word_1_29' title='bbox 1346 636 1634 705; x_wconf 89' lang='lat' dir='ltr'><strong>quosdam</strong></span> <span class='ocrx_word' id='word_1_30' title='bbox 1682 652 1751 691; x_wconf 86' lang='lat' dir='ltr'><strong>ex</strong></span> <span class='ocrx_word' id='word_1_31' title='bbox 1803 635 1922 691; x_wconf 90' lang='lat' dir='ltr'><strong>iilis</strong></span> 
     </span>
    </p>
   </div>
   <div class='ocr_carea' id='block_1_6' title="bbox 265 721 1924 795">
    <p class='ocr_par' dir='ltr' id='par_1_6' title="bbox 265 721 1924 795">
     <span class='ocr_line' id='line_1_6' title="bbox 265 721 1924 795; baseline -0.001 -16"><span class='ocrx_word' id='word_1_32' title='bbox 265 729 576 795; x_wconf 86' lang='lat' dir='ltr'><strong>corruptos</strong></span> <span class='ocrx_word' id='word_1_33' title='bbox 607 740 673 778; x_wconf 87' lang='lat' dir='ltr'><strong>ac</strong></span> <span class='ocrx_word' id='word_1_34' title='bbox 701 721 893 778; x_wconf 69' lang='lat' dir='ltr'><strong>liberas</strong></span> <span class='ocrx_word' id='word_1_35' title='bbox 917 724 1222 794; x_wconf 80' lang='lat' dir='ltr'><strong>potestatis</strong></span> <span class='ocrx_word' id='word_1_36' title='bbox 1255 741 1372 778; x_wconf 65' lang='lat' dir='ltr'><strong>sua:</strong></span> <span class='ocrx_word' id='word_1_37' title='bbox 1404 724 1617 789; x_wconf 87' lang='lat' dir='ltr'><strong>abusu,</strong></span> <span class='ocrx_word' id='word_1_38' title='bbox 1641 724 1697 778; x_wconf 91' lang='lat' dir='ltr'><strong>in</strong></span> <span class='ocrx_word' id='word_1_39' title='bbox 1725 721 1924 795; x_wconf 90' lang='lat' dir='ltr'><strong>aliqua</strong></span> 
     </span>
    </p>
   </div>
   <div class='ocr_carea' id='block_1_7' title="bbox 261 811 1923 886">
    <p class='ocr_par' dir='ltr' id='par_1_7' title="bbox 261 811 1923 886">
     <span class='ocr_line' id='line_1_7' title="bbox 261 811 1923 886; baseline -0.002 -17"><span class='ocrx_word' id='word_1_40' title='bbox 261 814 570 886; x_wconf 88' lang='lat' dir='ltr'><strong>prolapsos</strong></span> <span class='ocrx_word' id='word_1_41' title='bbox 602 812 787 868; x_wconf 86' lang='lat' dir='ltr'><strong>fuisse</strong></span> <span class='ocrx_word' id='word_1_42' title='bbox 820 817 1077 884; x_wconf 89' lang='lat' dir='ltr'><strong>peccata,</strong></span> <span class='ocrx_word' id='word_1_43' title='bbox 1111 815 1182 867; x_wconf 91' lang='lat' dir='ltr'><strong>ob</strong></span> <span class='ocrx_word' id='word_1_44' title='bbox 1217 829 1346 882; x_wconf 65' lang='lat' dir='ltr'><strong>quae</strong></span> <span class='ocrx_word' id='word_1_45' title='bbox 1406 830 1438 867; x_wconf 89' lang='lat' dir='ltr'><strong>a</strong></span> <span class='ocrx_word' id='word_1_46' title='bbox 1487 812 1606 868; x_wconf 92' lang='lat' dir='ltr'><strong>Deo</strong></span> <span class='ocrx_word' id='word_1_47' title='bbox 1659 811 1923 867; x_wconf 80' lang='lat' dir='ltr'><strong>damnati</strong></span> 
     </span>
    </p>
   </div>
   <div class='ocr_carea' id='block_1_8' title="bbox 261 901 1925 975">
    <p class='ocr_par' dir='ltr' id='par_1_8' title="bbox 261 901 1925 975">
     <span class='ocr_line' id='line_1_8' title="bbox 261 901 1925 975; baseline -0.001 -16"><span class='ocrx_word' id='word_1_48' title='bbox 261 908 425 960; x_wconf 89' lang='lat' dir='ltr'><strong>sunt.</strong></span> <span class='ocrx_word' id='word_1_49' title='bbox 459 906 671 968; x_wconf 87' lang='lat' dir='ltr'><strong>Quarte</strong></span> <span class='ocrx_word' id='word_1_50' title='bbox 701 919 904 957; x_wconf 89' lang='lat' dir='ltr'><strong>eorum</strong></span> <span class='ocrx_word' id='word_1_51' title='bbox 940 902 1120 958; x_wconf 86' lang='lat' dir='ltr'><strong>fuisse</strong></span> <span class='ocrx_word' id='word_1_52' title='bbox 1154 902 1503 974; x_wconf 86' lang='lat' dir='ltr'><strong>principem,</strong></span> <span class='ocrx_word' id='word_1_53' title='bbox 1543 903 1613 958; x_wconf 92' lang='lat' dir='ltr'><strong>de</strong></span> <span class='ocrx_word' id='word_1_54' title='bbox 1667 919 1780 975; x_wconf 91' lang='lat' dir='ltr'><strong>quo</strong></span> <span class='ocrx_word' id='word_1_55' title='bbox 1826 901 1925 958; x_wconf 90' lang='lat' dir='ltr'><strong>ille</strong></span> 
     </span>
    </p>
   </div>
   <div class='ocr_carea' id='block_1_9' title="bbox 261 990 1924 1065">
    <p class='ocr_par' dir='ltr' id='par_1_9' title="bbox 261 990 1924 1065">
     <span class='ocr_line' id='line_1_9' title="bbox 261 990 1924 1065; baseline -0.001 -18"><span class='ocrx_word' id='word_1_56' title='bbox 261 992 441 1065; x_wconf 87' lang='lat' dir='ltr'><strong>paulo</strong></span> <span class='ocrx_word' id='word_1_57' title='bbox 468 997 601 1047; x_wconf 89' lang='lat' dir='ltr'><strong>ante</strong></span> <span class='ocrx_word' id='word_1_58' title='bbox 654 991 921 1045; x_wconf 78' lang='lat' dir='ltr'><strong>dixerat:</strong></span> <span class='ocrx_word' id='word_1_59' title='bbox 982 992 1316 1045; x_wconf 80' lang='lat' dir='ltr'><strong>«Satanam</strong></span> <span class='ocrx_word' id='word_1_60' title='bbox 1369 991 1691 1062; x_wconf 87' lang='lat' dir='ltr'><strong>principem</strong></span> <span class='ocrx_word' id='word_1_61' title='bbox 1742 990 1924 1061; x_wconf 81' lang='lat' dir='ltr'><strong>hujus</strong></span> 
     </span>
    </p>
   </div>
   <div class='ocr_carea' id='block_1_10' title="bbox 267 1079 1925 1153">
    <p class='ocr_par' dir='ltr' id='par_1_10' title="bbox 267 1079 1925 1153">
     <span class='ocr_line' id='line_1_10' title="bbox 267 1079 1925 1153; baseline -0.001 -17"><span class='ocrx_word' id='word_1_62' title='bbox 267 1081 408 1137; x_wconf 92' lang='lat' dir='ltr'><strong>mali</strong></span> <span class='ocrx_word' id='word_1_63' title='bbox 440 1079 672 1153; x_wconf 78' lang='lat' dir='ltr'><strong>generis</strong></span> <span class='ocrx_word' id='word_1_64' title='bbox 704 1099 729 1131; x_wconf 76' lang='grc' dir='ltr'><strong>ιο</strong></span> <span class='ocrx_word' id='word_1_65' title='bbox 759 1080 973 1151; x_wconf 66' lang='lat' dir='ltr'><strong>(Ibid).</strong></span> <span class='ocrx_word' id='word_1_66' title='bbox 1006 1079 1158 1135; x_wconf 88' lang='lat' dir='ltr'><strong>Alibi</strong></span> <span class='ocrx_word' id='word_1_67' title='bbox 1179 1096 1313 1135; x_wconf 88' lang='lat' dir='ltr'><strong>vero</strong></span> <span class='ocrx_word' id='word_1_68' title='bbox 1368 1080 1536 1135; x_wconf 91' lang='lat' dir='ltr'><strong>illum</strong></span> <span class='ocrx_word' id='word_1_69' title='bbox 1589 1084 1755 1135; x_wconf 91' lang='lat' dir='ltr'><strong>vocat</strong></span> <span class='ocrx_word' id='word_1_70' title='bbox 1814 1086 1925 1134; x_wconf 87' lang='lat' dir='ltr'><strong>An-</strong></span> 
     </span>
    </p>
   </div>
   <div class='ocr_carea' id='block_1_11' title="bbox 261 1169 1925 1243">
    <p class='ocr_par' dir='ltr' id='par_1_11' title="bbox 261 1169 1925 1243">
     <span class='ocr_line' id='line_1_11' title="bbox 261 1169 1925 1243; baseline -0.002 -17"><span class='ocrx_word' id='word_1_71' title='bbox 261 1170 486 1243; x_wconf 90' lang='lat' dir='ltr'><strong>gelum,</strong></span> <span class='ocrx_word' id='word_1_72' title='bbox 520 1186 693 1239; x_wconf 88' lang='lat' dir='ltr'><strong>quem</strong></span> <span class='ocrx_word' id='word_1_73' title='bbox 727 1169 881 1224; x_wconf 89' lang='lat' dir='ltr'><strong>Deus</strong></span> <span class='ocrx_word' id='word_1_74' title='bbox 916 1190 941 1218; x_wconf 80' lang='grc' dir='ltr'>α</span> <span class='ocrx_word' id='word_1_75' title='bbox 963 1185 1032 1223; x_wconf 84' lang='lat' dir='ltr'><strong>ex</strong></span> <span class='ocrx_word' id='word_1_76' title='bbox 1094 1169 1285 1223; x_wconf 86' lang='lat' dir='ltr'><strong>forma</strong></span> <span class='ocrx_word' id='word_1_77' title='bbox 1343 1185 1585 1239; x_wconf 91' lang='lat' dir='ltr'><strong>cperum</strong></span> <span class='ocrx_word' id='word_1_78' title='bbox 1638 1169 1925 1223; x_wconf 89' lang='lat' dir='ltr'><strong>bonorum</strong></span> 
     </span>
    </p>
   </div>
   <div class='ocr_carea' id='block_1_12' title="bbox 254 1256 1922 1329">
    <p class='ocr_par' dir='ltr' id='par_1_12' title="bbox 254 1256 1922 1329">
     <span class='ocr_line' id='line_1_12' title="bbox 254 1256 1922 1329; baseline -0.002 -14"><span class='ocrx_word' id='word_1_79' title='bbox 254 1259 820 1329; x_wconf 60' lang='lat' dir='ltr'><strong>instituitgbonum,</strong></span> <span class='ocrx_word' id='word_1_80' title='bbox 856 1280 882 1306; x_wconf 76' lang='grc' dir='ltr'><strong>›ο</strong></span> <span class='ocrx_word' id='word_1_81' title='bbox 933 1262 990 1313; x_wconf 93' lang='lat' dir='ltr'><strong>et</strong></span> <span class='ocrx_word' id='word_1_82' title='bbox 1048 1256 1311 1312; x_wconf 91' lang='lat' dir='ltr'><strong>omnium</strong></span> <span class='ocrx_word' id='word_1_83' title='bbox 1370 1258 1922 1328; x_wconf 83' lang='lat' dir='ltr'><strong>sapientissimum;</strong></span> 
     </span>
    </p>
   </div>
   <div class='ocr_carea' id='block_1_13' title="bbox 266 1345 1921 1417">
    <p class='ocr_par' dir='ltr' id='par_1_13' title="bbox 266 1345 1921 1417">
     <span class='ocr_line' id='line_1_13' title="bbox 266 1345 1921 1417; baseline 0.001 -18"><span class='ocrx_word' id='word_1_84' title='bbox 266 1354 446 1403; x_wconf 80' lang='lat' dir='ltr'><strong>«tam</strong></span> <span class='ocrx_word' id='word_1_85' title='bbox 494 1346 869 1403; x_wconf 89' lang='lat' dir='ltr'><strong>institutione</strong></span> <span class='ocrx_word' id='word_1_86' title='bbox 919 1346 1107 1417; x_wconf 81' lang='lat' dir='ltr'><strong>(juxta</strong></span> <span class='ocrx_word' id='word_1_87' title='bbox 1161 1345 1528 1416; x_wconf 82' lang='lat' dir='ltr'><strong>prophetiam</strong></span> <span class='ocrx_word' id='word_1_88' title='bbox 1589 1345 1921 1415; x_wconf 82' lang='lat' dir='ltr'><strong>Ezechielis)</strong></span> 
     </span>
    </p>
   </div>
   <div class='ocr_carea' id='block_1_14' title="bbox 262 1434 1919 1507">
    <p class='ocr_par' dir='ltr' id='par_1_14' title="bbox 262 1434 1919 1507">
     <span class='ocr_line' id='line_1_14' title="bbox 262 1434 1919 1507; baseline -0.001 -16"><span class='ocrx_word' id='word_1_89' title='bbox 262 1437 487 1492; x_wconf 90' lang='lat' dir='ltr'><strong>bonum</strong></span> <span class='ocrx_word' id='word_1_90' title='bbox 523 1434 822 1507; x_wconf 85' lang='lat' dir='ltr'><strong>angelum,</strong></span> <span class='ocrx_word' id='word_1_91' title='bbox 854 1450 1033 1505; x_wconf 90' lang='lat' dir='ltr'><strong>quam</strong></span> <span class='ocrx_word' id='word_1_92' title='bbox 1066 1437 1276 1505; x_wconf 88' lang='lat' dir='ltr'><strong>sponte</strong></span> <span class='ocrx_word' id='word_1_93' title='bbox 1325 1438 1722 1505; x_wconf 83' lang='lat' dir='ltr'><strong>corruptum»</strong></span> <span class='ocrx_word' id='word_1_94' title='bbox 1752 1434 1919 1505; x_wconf 85' lang='lat' dir='ltr'><strong>(Ter-</strong></span> 
     </span>
    </p>
   </div>
   <div class='ocr_carea' id='block_1_15' title="bbox 266 1524 1920 1596">
    <p class='ocr_par' dir='ltr' id='par_1_15' title="bbox 266 1524 1920 1596">
     <span class='ocr_line' id='line_1_15' title="bbox 266 1524 1920 1596; baseline -0.002 -13"><span class='ocrx_word' id='word_1_95' title='bbox 266 1528 402 1584; x_wconf 86' lang='lat' dir='ltr'><strong>tull.</strong></span> <span class='ocrx_word' id='word_1_96' title='bbox 436 1528 773 1583; x_wconf 86' lang='lat' dir='ltr'><strong>lib.advers.</strong></span> <span class='ocrx_word' id='word_1_97' title='bbox 822 1526 1088 1581; x_wconf 75' lang='lat' dir='ltr'><strong>Marcion.</strong></span> <span class='ocrx_word' id='word_1_98' title='bbox 1131 1542 1260 1596; x_wconf 85' lang='lat' dir='ltr'><strong>cap.</strong></span> <span class='ocrx_word' id='word_1_99' title='bbox 1311 1526 1418 1595; x_wconf 90' lang='grc'><strong>10).</strong></span> <span class='ocrx_word' id='word_1_100' title='bbox 1480 1526 1630 1580; x_wconf 88' lang='lat' dir='ltr'><strong>Tum</strong></span> <span class='ocrx_word' id='word_1_101' title='bbox 1688 1524 1920 1595; x_wconf 90' lang='lat' dir='ltr'><strong>deinde,</strong></span> 
     </span>
    </p>
   </div>
   <div class='ocr_carea' id='block_1_16' title="bbox 264 1613 1921 1688">
    <p class='ocr_par' dir='ltr' id='par_1_16' title="bbox 264 1613 1921 1688">
     <span class='ocr_line' id='line_1_16' title="bbox 264 1613 1921 1688; baseline 0.001 -21"><span class='ocrx_word' id='word_1_102' title='bbox 264 1640 294 1667; x_wconf 88' lang='grc'><strong>‹‹</strong></span> <span class='ocrx_word' id='word_1_103' title='bbox 316 1614 792 1688; x_wconf 86' lang='lat' dir='ltr'><strong>Invituperabilis</strong></span> <span class='ocrx_word' id='word_1_104' title='bbox 824 1614 934 1670; x_wconf 85' lang='lat' dir='ltr'><strong>fuit</strong></span> <span class='ocrx_word' id='word_1_105' title='bbox 964 1632 997 1670; x_wconf 90' lang='lat' dir='ltr'><strong>a</strong></span> <span class='ocrx_word' id='word_1_106' title='bbox 1027 1614 1121 1669; x_wconf 92' lang='lat' dir='ltr'><strong>die</strong></span> <span class='ocrx_word' id='word_1_107' title='bbox 1155 1613 1508 1668; x_wconf 86' lang='lat' dir='ltr'><strong>conditionis</strong></span> <span class='ocrx_word' id='word_1_108' title='bbox 1542 1629 1682 1683; x_wconf 62' lang='lat' dir='ltr'><strong>suis,</strong></span> <span class='ocrx_word' id='word_1_109' title='bbox 1717 1631 1749 1669; x_wconf 90' lang='lat' dir='ltr'><strong>a</strong></span> <span class='ocrx_word' id='word_1_110' title='bbox 1804 1614 1921 1669; x_wconf 90' lang='lat' dir='ltr'><strong>Deo</strong></span> 
     </span>
    </p>
   </div>
   <div class='ocr_carea' id='block_1_17' title="bbox 259 1701 1919 1774">
    <p class='ocr_par' dir='ltr' id='par_1_17' title="bbox 259 1701 1919 1774">
     <span class='ocr_line' id='line_1_17' title="bbox 259 1701 1919 1774; baseline -0.001 -14"><span class='ocrx_word' id='word_1_111' title='bbox 259 1705 322 1761; x_wconf 89' lang='lat' dir='ltr'><strong>in</strong></span> <span class='ocrx_word' id='word_1_112' title='bbox 349 1706 572 1762; x_wconf 90' lang='lat' dir='ltr'><strong>bonum</strong></span> <span class='ocrx_word' id='word_1_113' title='bbox 604 1704 897 1772; x_wconf 90' lang='lat' dir='ltr'><strong>conditus,</strong></span> <span class='ocrx_word' id='word_1_114' title='bbox 933 1707 998 1758; x_wconf 89' lang='lat' dir='ltr'><strong>ut</strong></span> <span class='ocrx_word' id='word_1_115' title='bbox 1028 1720 1062 1759; x_wconf 91' lang='lat' dir='ltr'><strong>a</strong></span> <span class='ocrx_word' id='word_1_116' title='bbox 1094 1702 1245 1757; x_wconf 90' lang='lat' dir='ltr'><strong>bono</strong></span> <span class='ocrx_word' id='word_1_117' title='bbox 1289 1701 1590 1757; x_wconf 87' lang='lat' dir='ltr'><strong>conditore</strong></span> <span class='ocrx_word' id='word_1_118' title='bbox 1632 1702 1919 1774; x_wconf 85' lang='lat' dir='ltr'><strong>invitupe-</strong></span> 
     </span>
    </p>
   </div>
   <div class='ocr_carea' id='block_1_18' title="bbox 256 1790 1923 1863">
    <p class='ocr_par' dir='ltr' id='par_1_18' title="bbox 256 1790 1923 1863">
     <span class='ocr_line' id='line_1_18' title="bbox 256 1790 1923 1863; baseline -0.002 -13"><span class='ocrx_word' id='word_1_119' title='bbox 256 1794 543 1852; x_wconf 82' lang='lat' dir='ltr'><strong>rabilium</strong></span> <span class='ocrx_word' id='word_1_120' title='bbox 590 1793 1020 1863; x_wconf 86' lang='lat' dir='ltr'><strong>conditionum,</strong></span> <span class='ocrx_word' id='word_1_121' title='bbox 1080 1796 1139 1846; x_wconf 90' lang='lat' dir='ltr'><strong>et</strong></span> <span class='ocrx_word' id='word_1_122' title='bbox 1194 1790 1461 1846; x_wconf 82' lang='lat' dir='ltr'><strong>excultus</strong></span> <span class='ocrx_word' id='word_1_123' title='bbox 1514 1791 1674 1846; x_wconf 92' lang='lat' dir='ltr'><strong>omni</strong></span> <span class='ocrx_word' id='word_1_124' title='bbox 1733 1791 1923 1863; x_wconf 87' lang='lat' dir='ltr'><strong>gloria</strong></span> 
     </span>
    </p>
   </div>
   <div class='ocr_carea' id='block_1_19' title="bbox 262 1878 1997 1977">
    <p class='ocr_par' dir='ltr' id='par_1_19' title="bbox 262 1878 1997 1977">
     <span class='ocr_line' id='line_1_19' title="bbox 262 1878 1997 1977; baseline -0.003 -38"><span class='ocrx_word' id='word_1_125' title='bbox 262 1881 547 1955; x_wconf 90' lang='lat' dir='ltr'><strong>angelica,</strong></span> <span class='ocrx_word' id='word_1_126' title='bbox 597 1884 653 1935; x_wconf 90' lang='lat' dir='ltr'><strong>et</strong></span> <span class='ocrx_word' id='word_1_127' title='bbox 700 1881 853 1951; x_wconf 90' lang='lat' dir='ltr'><strong>apud</strong></span> <span class='ocrx_word' id='word_1_128' title='bbox 904 1880 1087 1935; x_wconf 92' lang='lat' dir='ltr'><strong>Deum</strong></span> <span class='ocrx_word' id='word_1_129' title='bbox 1147 1878 1525 1948; x_wconf 89' lang='lat' dir='ltr'><strong>constitutus,</strong></span> <span class='ocrx_word' id='word_1_130' title='bbox 1568 1895 1679 1949; x_wconf 85' lang='lat' dir='ltr'><strong>qua</strong></span> <span class='ocrx_word' id='word_1_131' title='bbox 1728 1879 1920 1977; x_wconf 81' lang='lat' dir='ltr'><strong>bonus</strong></span> <span class='ocrx_word' id='word_1_132' title='bbox 1950 1914 1997 1977; x_wconf 80' lang='grc' dir='ltr'><strong>Β</strong></span> 
     </span>
    </p>
   </div>
   <div class='ocr_carea' id='block_1_20' title="bbox 266 1967 1920 2042">
    <p class='ocr_par' dir='ltr' id='par_1_20' title="bbox 266 1967 1920 2042">
     <span class='ocr_line' id='line_1_20' title="bbox 266 1967 1920 2042; baseline -0.002 -16"><span class='ocrx_word' id='word_1_133' title='bbox 266 1972 422 2042; x_wconf 87' lang='lat' dir='ltr'><strong>apud</strong></span> <span class='ocrx_word' id='word_1_134' title='bbox 453 1972 696 2040; x_wconf 91' lang='lat' dir='ltr'><strong>bonum,</strong></span> <span class='ocrx_word' id='word_1_135' title='bbox 740 1972 942 2041; x_wconf 89' lang='lat' dir='ltr'><strong>postea</strong></span> <span class='ocrx_word' id='word_1_136' title='bbox 974 1985 1109 2023; x_wconf 89' lang='lat' dir='ltr'><strong>vero</strong></span> <span class='ocrx_word' id='word_1_137' title='bbox 1162 1985 1194 2022; x_wconf 90' lang='lat' dir='ltr'><strong>a</strong></span> <span class='ocrx_word' id='word_1_138' title='bbox 1225 1968 1542 2039; x_wconf 89' lang='lat' dir='ltr'><strong>semetipso</strong></span> <span class='ocrx_word' id='word_1_139' title='bbox 1600 1967 1920 2023; x_wconf 85' lang='lat' dir='ltr'><strong>translatus</strong></span> 
     </span>
    </p>
   </div>
   <div class='ocr_carea' id='block_1_21' title="bbox 264 2055 1920 2127">
    <p class='ocr_par' dir='ltr' id='par_1_21' title="bbox 264 2055 1920 2127">
     <span class='ocr_line' id='line_1_21' title="bbox 264 2055 1920 2127; baseline -0.002 -13"><span class='ocrx_word' id='word_1_140' title='bbox 264 2060 328 2115; x_wconf 90' lang='lat' dir='ltr'><strong>in</strong></span> <span class='ocrx_word' id='word_1_141' title='bbox 366 2059 686 2114; x_wconf 76' lang='lat' dir='ltr'><strong>malum...</strong></span> <span class='ocrx_word' id='word_1_142' title='bbox 721 2074 836 2113; x_wconf 91' lang='lat' dir='ltr'><strong>non</strong></span> <span class='ocrx_word' id='word_1_143' title='bbox 864 2057 1083 2127; x_wconf 91' lang='lat' dir='ltr'><strong>minus,</strong></span> <span class='ocrx_word' id='word_1_144' title='bbox 1118 2056 1242 2126; x_wconf 87' lang='lat' dir='ltr'><strong>ipse</strong></span> <span class='ocrx_word' id='word_1_145' title='bbox 1270 2056 1439 2110; x_wconf 88' lang='lat' dir='ltr'><strong>liberi</strong></span> <span class='ocrx_word' id='word_1_146' title='bbox 1483 2055 1704 2110; x_wconf 86' lang='lat' dir='ltr'><strong>arbitrii</strong></span> <span class='ocrx_word' id='word_1_147' title='bbox 1753 2056 1920 2111; x_wconf 90' lang='lat' dir='ltr'><strong>insti-</strong></span> 
     </span>
    </p>
   </div>
   <div class='ocr_carea' id='block_1_22' title="bbox 263 2143 1923 2219">
    <p class='ocr_par' dir='ltr' id='par_1_22' title="bbox 263 2143 1923 2219">
     <span class='ocr_line' id='line_1_22' title="bbox 263 2143 1923 2219; baseline -0.004 -14"><span class='ocrx_word' id='word_1_148' title='bbox 263 2152 459 2214; x_wconf 80' lang='lat' dir='ltr'><strong>tutus,</strong></span> <span class='ocrx_word' id='word_1_149' title='bbox 490 2152 553 2202; x_wconf 88' lang='lat' dir='ltr'><strong>ut</strong></span> <span class='ocrx_word' id='word_1_150' title='bbox 576 2146 817 2219; x_wconf 85' lang='lat' dir='ltr'><strong>spiritus</strong></span> <span class='ocrx_word' id='word_1_151' title='bbox 844 2168 872 2195; x_wconf 83' lang='lat'>»</span> <span class='ocrx_word' id='word_1_152' title='bbox 895 2144 1054 2217; x_wconf 83' lang='lat' dir='ltr'><strong>(Ibid.</strong></span> <span class='ocrx_word' id='word_1_153' title='bbox 1107 2144 1214 2199; x_wconf 92' lang='lat' dir='ltr'><strong>col.</strong></span> <span class='ocrx_word' id='word_1_154' title='bbox 1276 2143 1419 2213; x_wconf 79' lang='grc'><strong>462).</strong></span> <span class='ocrx_word' id='word_1_155' title='bbox 1466 2144 1645 2198; x_wconf 88' lang='lat' dir='ltr'><strong>Addit</strong></span> <span class='ocrx_word' id='word_1_156' title='bbox 1675 2144 1923 2215; x_wconf 88' lang='lat' dir='ltr'><strong>denique</strong></span> 
     </span>
    </p>
   </div>
   <div class='ocr_carea' id='block_1_23' title="bbox 260 2233 1921 2292">
    <p class='ocr_par' dir='ltr' id='par_1_23' title="bbox 260 2233 1921 2292">
     <span class='ocr_line' id='line_1_23' title="bbox 260 2233 1921 2292; baseline -0.002 0"><span class='ocrx_word' id='word_1_157' title='bbox 260 2237 424 2292; x_wconf 89' lang='lat' dir='ltr'><strong>hunc</strong></span> <span class='ocrx_word' id='word_1_158' title='bbox 470 2236 734 2292; x_wconf 77' lang='lat' dir='ltr'><strong>Satanam</strong></span> <span class='ocrx_word' id='word_1_159' title='bbox 788 2236 859 2290; x_wconf 91' lang='lat' dir='ltr'><strong>de</strong></span> <span class='ocrx_word' id='word_1_160' title='bbox 929 2233 1293 2290; x_wconf 87' lang='lat' dir='ltr'><strong>sublimitate</strong></span> <span class='ocrx_word' id='word_1_161' title='bbox 1350 2233 1642 2288; x_wconf 88' lang='lat' dir='ltr'><strong>decidisse</strong></span> <span class='ocrx_word' id='word_1_162' title='bbox 1709 2233 1921 2288; x_wconf 87' lang='lat' dir='ltr'><strong>delicto</strong></span> 
     </span>
    </p>
   </div>
   <div class='ocr_carea' id='block_1_24' title="bbox 260 2320 1919 2395">
    <p class='ocr_par' dir='ltr' id='par_1_24' title="bbox 260 2320 1919 2395">
     <span class='ocr_line' id='line_1_24' title="bbox 260 2320 1919 2395; baseline -0.004 -13"><span class='ocrx_word' id='word_1_163' title='bbox 260 2343 394 2393; x_wconf 87' lang='lat' dir='ltr'><strong>suo,</strong></span> <span class='ocrx_word' id='word_1_164' title='bbox 426 2327 598 2395; x_wconf 86' lang='lat' dir='ltr'><strong>cujus</strong></span> <span class='ocrx_word' id='word_1_165' title='bbox 628 2327 834 2379; x_wconf 90' lang='lat' dir='ltr'><strong>auctor</strong></span> <span class='ocrx_word' id='word_1_166' title='bbox 857 2324 985 2395; x_wconf 90' lang='lat' dir='ltr'><strong>ipse</strong></span> <span class='ocrx_word' id='word_1_167' title='bbox 1018 2323 1148 2378; x_wconf 82' lang='lat' dir='ltr'><strong>fuit.</strong></span> <span class='ocrx_word' id='word_1_168' title='bbox 1178 2322 1260 2377; x_wconf 91' lang='lat' dir='ltr'><strong>De</strong></span> <span class='ocrx_word' id='word_1_169' title='bbox 1290 2322 1389 2375; x_wconf 91' lang='lat' dir='ltr'><strong>iilo</strong></span> <span class='ocrx_word' id='word_1_170' title='bbox 1450 2325 1645 2375; x_wconf 89' lang='lat' dir='ltr'><strong>autem</strong></span> <span class='ocrx_word' id='word_1_171' title='bbox 1708 2320 1767 2375; x_wconf 89' lang='lat' dir='ltr'><strong>in</strong></span> <span class='ocrx_word' id='word_1_172' title='bbox 1818 2339 1919 2376; x_wconf 87' lang='lat' dir='ltr'><strong>no-</strong></span> 
     </span>
    </p>
   </div>
   <div class='ocr_carea' id='block_1_25' title="bbox 262 2410 1922 2482">
    <p class='ocr_par' dir='ltr' id='par_1_25' title="bbox 262 2410 1922 2482">
     <span class='ocr_line' id='line_1_25' title="bbox 262 2410 1922 2482; baseline -0.002 -13"><span class='ocrx_word' id='word_1_173' title='bbox 262 2419 388 2470; x_wconf 89' lang='lat' dir='ltr'><strong>etra</strong></span> <span class='ocrx_word' id='word_1_174' title='bbox 409 2414 480 2469; x_wconf 90' lang='lat' dir='ltr'><strong>de</strong></span> <span class='ocrx_word' id='word_1_175' title='bbox 507 2412 792 2469; x_wconf 84' lang='lat' dir='ltr'><strong>Lactantli</strong></span> <span class='ocrx_word' id='word_1_176' title='bbox 827 2410 996 2467; x_wconf 90' lang='lat' dir='ltr'><strong>libris</strong></span> <span class='ocrx_word' id='word_1_177' title='bbox 1040 2410 1453 2467; x_wconf 88' lang='lat' dir='ltr'><strong>dissertatione</strong></span> <span class='ocrx_word' id='word_1_178' title='bbox 1495 2410 1723 2482; x_wconf 81' lang='lat' dir='ltr'><strong>egimus</strong></span> <span class='ocrx_word' id='word_1_179' title='bbox 1779 2412 1922 2481; x_wconf 83' lang='lat' dir='ltr'><strong>(Dis-</strong></span> 
     </span>
    </p>
   </div>
   <div class='ocr_carea' id='block_1_26' title="bbox 256 2500 1382 2571">
    <p class='ocr_par' dir='ltr' id='par_1_26' title="bbox 256 2500 1382 2571">
     <span class='ocr_line' id='line_1_26' title="bbox 256 2500 1382 2571; baseline -0.005 -12"><span class='ocrx_word' id='word_1_180' title='bbox 256 2511 452 2570; x_wconf 83' lang='lat' dir='ltr'><strong>sertat,</strong></span> <span class='ocrx_word' id='word_1_181' title='bbox 486 2504 540 2557; x_wconf 87' lang='lat' dir='ltr'><strong>in</strong></span> <span class='ocrx_word' id='word_1_182' title='bbox 572 2503 825 2557; x_wconf 82' lang='lat' dir='ltr'><strong>Lactant.</strong></span> <span class='ocrx_word' id='word_1_183' title='bbox 869 2516 998 2571; x_wconf 86' lang='lat' dir='ltr'><strong>cap.</strong></span> <span class='ocrx_word' id='word_1_184' title='bbox 1040 2501 1131 2566; x_wconf 81' lang='lat'><strong>20,</strong></span> <span class='ocrx_word' id='word_1_185' title='bbox 1167 2505 1272 2555; x_wconf 90' lang='lat' dir='ltr'><strong>art.</strong></span> <span class='ocrx_word' id='word_1_186' title='bbox 1307 2500 1382 2570; x_wconf 92' lang='lat'><strong>3).</strong></span> 
     </span>
    </p>
   </div>
   <div class='ocr_carea' id='block_1_27' title="bbox 335 2604 1918 2677">
    <p class='ocr_par' dir='ltr' id='par_1_27' title="bbox 335 2604 1918 2677">
     <span class='ocr_line' id='line_1_27' title="bbox 335 2604 1918 2677; baseline -0.002 -12"><span class='ocrx_word' id='word_1_187' title='bbox 335 2609 639 2675; x_wconf 79' lang='lat' dir='ltr'><strong>Quodnam</strong></span> <span class='ocrx_word' id='word_1_188' title='bbox 665 2611 858 2663; x_wconf 88' lang='lat' dir='ltr'><strong>autem</strong></span> <span class='ocrx_word' id='word_1_189' title='bbox 898 2606 1071 2662; x_wconf 84' lang='lat' dir='ltr'><strong>fuerit</strong></span> <span class='ocrx_word' id='word_1_190' title='bbox 1103 2606 1282 2675; x_wconf 90' lang='lat' dir='ltr'><strong>hujus</strong></span> <span class='ocrx_word' id='word_1_191' title='bbox 1332 2604 1725 2677; x_wconf 89' lang='lat' dir='ltr'><strong>aliorumque,</strong></span> <span class='ocrx_word' id='word_1_192' title='bbox 1771 2622 1918 2677; x_wconf 86' lang='lat' dir='ltr'><strong>quos</strong></span> 
     </span>
    </p>
   </div>
   <div class='ocr_carea' id='block_1_28' title="bbox 258 2694 1917 2769">
    <p class='ocr_par' dir='ltr' id='par_1_28' title="bbox 258 2694 1917 2769">
     <span class='ocr_line' id='line_1_28' title="bbox 258 2694 1917 2769; baseline -0.002 -15"><span class='ocrx_word' id='word_1_193' title='bbox 258 2699 324 2753; x_wconf 88' lang='lat' dir='ltr'><strong>in</strong></span> <span class='ocrx_word' id='word_1_194' title='bbox 347 2699 503 2754; x_wconf 73' lang='lat'><strong>870</strong></span> <span class='ocrx_word' id='word_1_195' title='bbox 536 2696 851 2769; x_wconf 87' lang='lat' dir='ltr'><strong>perniciem</strong></span> <span class='ocrx_word' id='word_1_196' title='bbox 886 2712 1056 2750; x_wconf 90' lang='lat' dir='ltr'><strong>suam</strong></span> <span class='ocrx_word' id='word_1_197' title='bbox 1111 2694 1309 2760; x_wconf 84' lang='lat' dir='ltr'><strong>traxit,</strong></span> <span class='ocrx_word' id='word_1_198' title='bbox 1372 2711 1681 2766; x_wconf 88' lang='lat' dir='ltr'><strong>pravorum</strong></span> <span class='ocrx_word' id='word_1_199' title='bbox 1742 2710 1917 2766; x_wconf 90' lang='lat' dir='ltr'><strong>ange-</strong></span> 
     </span>
    </p>
   </div>
   <div class='ocr_carea' id='block_1_29' title="bbox 258 2783 1921 2858">
    <p class='ocr_par' dir='ltr' id='par_1_29' title="bbox 258 2783 1921 2858">
     <span class='ocr_line' id='line_1_29' title="bbox 258 2783 1921 2858; baseline -0.002 -17"><span class='ocrx_word' id='word_1_200' title='bbox 258 2788 462 2843; x_wconf 83' lang='lat' dir='ltr'><strong>lorum</strong></span> <span class='ocrx_word' id='word_1_201' title='bbox 496 2790 951 2858; x_wconf 88' lang='lat' dir='ltr'><strong>peccatum,nec</strong></span> <span class='ocrx_word' id='word_1_202' title='bbox 983 2783 1089 2849; x_wconf 89' lang='lat' dir='ltr'><strong>ibi,</strong></span> <span class='ocrx_word' id='word_1_203' title='bbox 1150 2799 1254 2838; x_wconf 90' lang='lat' dir='ltr'><strong>nec</strong></span> <span class='ocrx_word' id='word_1_204' title='bbox 1298 2783 1355 2836; x_wconf 92' lang='lat' dir='ltr'><strong>in</strong></span> <span class='ocrx_word' id='word_1_205' title='bbox 1416 2783 1756 2853; x_wconf 76' lang='lat' dir='ltr'><strong>Apotogetico</strong></span> <span class='ocrx_word' id='word_1_206' title='bbox 1795 2800 1921 2855; x_wconf 85' lang='lat' dir='ltr'><strong>per-</strong></span> 
     </span>
    </p>
   </div>
   <div class='ocr_carea' id='block_1_30' title="bbox 264 2870 1917 2948">
    <p class='ocr_par' dir='ltr' id='par_1_30' title="bbox 264 2870 1917 2948">
     <span class='ocr_line' id='line_1_30' title="bbox 264 2870 1917 2948; baseline -0.003 -17"><span class='ocrx_word' id='word_1_207' title='bbox 264 2876 472 2948; x_wconf 84' lang='lat' dir='ltr'><strong>spicue</strong></span> <span class='ocrx_word' id='word_1_208' title='bbox 502 2874 742 2930; x_wconf 91' lang='lat' dir='ltr'><strong>omnino</strong></span> <span class='ocrx_word' id='word_1_209' title='bbox 772 2872 1117 2943; x_wconf 86' lang='lat' dir='ltr'><strong>explanavit.</strong></span> <span class='ocrx_word' id='word_1_210' title='bbox 1141 2872 1356 2926; x_wconf 86' lang='lat' dir='ltr'><strong>Verum</strong></span> <span class='ocrx_word' id='word_1_211' title='bbox 1389 2870 1501 2926; x_wconf 88' lang='lat' dir='ltr'><strong>alio</strong></span> <span class='ocrx_word' id='word_1_212' title='bbox 1533 2871 1590 2924; x_wconf 89' lang='lat' dir='ltr'><strong>in</strong></span> <span class='ocrx_word' id='word_1_213' title='bbox 1623 2871 1771 2925; x_wconf 89' lang='lat' dir='ltr'><strong>libro</strong></span> <span class='ocrx_word' id='word_1_214' title='bbox 1802 2872 1917 2926; x_wconf 91' lang='lat' dir='ltr'><strong>duo</strong></span> 
     </span>
    </p>
   </div>
   <div class='ocr_carea' id='block_1_31' title="bbox 262 2958 1917 3035">
    <p class='ocr_par' dir='ltr' id='par_1_31' title="bbox 262 2958 1917 3035">
     <span class='ocr_line' id='line_1_31' title="bbox 262 2958 1917 3035; baseline -0.004 -16"><span class='ocrx_word' id='word_1_215' title='bbox 262 2981 474 3020; x_wconf 88' lang='lat' dir='ltr'><strong>eorum</strong></span> <span class='ocrx_word' id='word_1_216' title='bbox 509 2968 745 3035; x_wconf 90' lang='lat' dir='ltr'><strong>peccata</strong></span> <span class='ocrx_word' id='word_1_217' title='bbox 776 2962 868 3017; x_wconf 93' lang='lat' dir='ltr'><strong>his</strong></span> <span class='ocrx_word' id='word_1_218' title='bbox 917 2961 1147 3016; x_wconf 89' lang='lat' dir='ltr'><strong>videtur</strong></span> <span class='ocrx_word' id='word_1_219' title='bbox 1194 2962 1470 3014; x_wconf 84' lang='lat' dir='ltr'><strong>denotare</strong></span> <span class='ocrx_word' id='word_1_220' title='bbox 1518 2958 1917 3014; x_wconf 88' lang='lat' dir='ltr'><strong>verbis:«Ni-</strong></span> 
     </span>
    </p>
   </div>
   <div class='ocr_carea' id='block_1_32' title="bbox 260 3047 1915 3123">
    <p class='ocr_par' dir='ltr' id='par_1_32' title="bbox 260 3047 1915 3123">
     <span class='ocr_line' id='line_1_32' title="bbox 260 3047 1915 3123; baseline -0.004 -16"><span class='ocrx_word' id='word_1_221' title='bbox 260 3052 348 3108; x_wconf 89' lang='lat' dir='ltr'><strong>hil</strong></span> <span class='ocrx_word' id='word_1_222' title='bbox 377 3051 602 3123; x_wconf 81' lang='lat' dir='ltr'><strong>angelis</strong></span> <span class='ocrx_word' id='word_1_223' title='bbox 632 3051 752 3106; x_wconf 89' lang='lat' dir='ltr'><strong>illis</strong></span> <span class='ocrx_word' id='word_1_224' title='bbox 785 3050 1109 3121; x_wconf 89' lang='lat' dir='ltr'><strong>imputetur</strong></span> <span class='ocrx_word' id='word_1_225' title='bbox 1141 3054 1377 3121; x_wconf 89' lang='lat' dir='ltr'><strong>propter</strong></span> <span class='ocrx_word' id='word_1_226' title='bbox 1403 3047 1521 3118; x_wconf 87' lang='lat' dir='ltr'><strong>(alii</strong></span> <span class='ocrx_word' id='word_1_227' title='bbox 1550 3048 1778 3119; x_wconf 64' lang='lat' dir='ltr'><strong>praeter)</strong></span> <span class='ocrx_word' id='word_1_228' title='bbox 1822 3064 1915 3102; x_wconf 88' lang='lat' dir='ltr'><strong>re-</strong></span> 
     </span>
    </p>
   </div>
   <div class='ocr_carea' id='block_1_33' title="bbox 263 3136 1915 3212">
    <p class='ocr_par' dir='ltr' id='par_1_33' title="bbox 263 3136 1915 3212">
     <span class='ocr_line' id='line_1_33' title="bbox 263 3136 1915 3212; baseline -0.003 -16"><span class='ocrx_word' id='word_1_229' title='bbox 263 3142 517 3212; x_wconf 90' lang='lat' dir='ltr'><strong>pudium</strong></span> <span class='ocrx_word' id='word_1_230' title='bbox 548 3140 699 3204; x_wconf 68' lang='lat' dir='ltr'><strong>caali,</strong></span> <span class='ocrx_word' id='word_1_231' title='bbox 731 3144 789 3194; x_wconf 91' lang='lat' dir='ltr'><strong>et</strong></span> <span class='ocrx_word' id='word_1_232' title='bbox 818 3137 1257 3193; x_wconf 84' lang='lat' dir='ltr'><strong>matrimonium</strong></span> <span class='ocrx_word' id='word_1_233' title='bbox 1291 3136 1483 3193; x_wconf 89' lang='lat' dir='ltr'><strong>carnis</strong></span> <span class='ocrx_word' id='word_1_234' title='bbox 1509 3158 1535 3185; x_wconf 86' lang='lat'>»</span> <span class='ocrx_word' id='word_1_235' title='bbox 1558 3136 1817 3208; x_wconf 89' lang='lat' dir='ltr'><strong>(Tertull.</strong></span> <span class='ocrx_word' id='word_1_236' title='bbox 1846 3137 1915 3191; x_wconf 88' lang='lat' dir='ltr'><strong>de</strong></span> 
     </span>
    </p>
   </div>
   <div class='ocr_carea' id='block_1_34' title="bbox 262 3224 1913 3299">
    <p class='ocr_par' dir='ltr' id='par_1_34' title="bbox 262 3224 1913 3299">
     <span class='ocr_line' id='line_1_34' title="bbox 262 3224 1913 3299; baseline -0.004 -13"><span class='ocrx_word' id='word_1_237' title='bbox 262 3229 419 3286; x_wconf 85' lang='lat' dir='ltr'><strong>Cult.</strong></span> <span class='ocrx_word' id='word_1_238' title='bbox 449 3229 642 3299; x_wconf 80' lang='lat' dir='ltr'><strong>femin.</strong></span> <span class='ocrx_word' id='word_1_239' title='bbox 678 3244 803 3299; x_wconf 91' lang='lat' dir='ltr'><strong>cap.</strong></span> <span class='ocrx_word' id='word_1_240' title='bbox 837 3228 911 3299; x_wconf 89' lang='grc'><strong>4).</strong></span> <span class='ocrx_word' id='word_1_241' title='bbox 945 3225 1229 3290; x_wconf 85' lang='lat' dir='ltr'><strong>Quocirca</strong></span> <span class='ocrx_word' id='word_1_242' title='bbox 1283 3225 1415 3280; x_wconf 87' lang='lat' dir='ltr'><strong>illos</strong></span> <span class='ocrx_word' id='word_1_243' title='bbox 1466 3224 1603 3279; x_wconf 90' lang='lat' dir='ltr'><strong>alibi</strong></span> <span class='ocrx_word' id='word_1_244' title='bbox 1660 3224 1913 3296; x_wconf 85' lang='lat' dir='ltr'><strong>appellat</strong></span> 
     </span>
    </p>
   </div>
   <div class='ocr_carea' id='block_1_35' title="bbox 266 3314 1913 3389">
    <p class='ocr_par' dir='ltr' id='par_1_35' title="bbox 266 3314 1913 3389">
     <span class='ocr_line' id='line_1_35' title="bbox 266 3314 1913 3389; baseline 0.001 -20"><span class='ocrx_word' id='word_1_245' title='bbox 266 3341 293 3369; x_wconf 83' lang='lat'><strong>«</strong></span> <span class='ocrx_word' id='word_1_246' title='bbox 316 3318 573 3389; x_wconf 86' lang='lat' dir='ltr'><strong>Angelos</strong></span> <span class='ocrx_word' id='word_1_247' title='bbox 601 3318 929 3373; x_wconf 89' lang='lat' dir='ltr'><strong>desertores</strong></span> <span class='ocrx_word' id='word_1_248' title='bbox 963 3316 1080 3382; x_wconf 76' lang='lat' dir='ltr'><strong>Ilei,</strong></span> <span class='ocrx_word' id='word_1_249' title='bbox 1114 3319 1405 3371; x_wconf 89' lang='lat' dir='ltr'><strong>amatores</strong></span> <span class='ocrx_word' id='word_1_250' title='bbox 1441 3314 1814 3378; x_wconf 80' lang='lat' dir='ltr'><strong>feminarum,</strong></span> <span class='ocrx_word' id='word_1_251' title='bbox 1848 3332 1913 3371; x_wconf 90' lang='lat' dir='ltr'><strong>ac</strong></span> 
     </span>
    </p>
   </div>
   <div class='ocr_carea' id='block_1_36' title="bbox 260 3402 1910 3481">
    <p class='ocr_par' dir='ltr' id='par_1_36' title="bbox 260 3402 1910 3481">
     <span class='ocr_line' id='line_1_36' title="bbox 260 3402 1910 3481; baseline -0.003 -19"><span class='ocrx_word' id='word_1_252' title='bbox 260 3411 575 3481; x_wconf 88' lang='lat' dir='ltr'><strong>propterea</strong></span> <span class='ocrx_word' id='word_1_253' title='bbox 633 3407 945 3461; x_wconf 89' lang='lat' dir='ltr'><strong>damnatos</strong></span> <span class='ocrx_word' id='word_1_254' title='bbox 995 3421 1028 3460; x_wconf 91' lang='lat' dir='ltr'><strong>a</strong></span> <span class='ocrx_word' id='word_1_255' title='bbox 1066 3404 1182 3459; x_wconf 89' lang='lat' dir='ltr'><strong>Dec</strong></span> <span class='ocrx_word' id='word_1_256' title='bbox 1216 3425 1239 3453; x_wconf 72' lang='grc' dir='ltr'><strong>ι</strong></span> <span class='ocrx_word' id='word_1_257' title='bbox 1287 3403 1487 3473; x_wconf 90' lang='lat' dir='ltr'><strong>(Idem,</strong></span> <span class='ocrx_word' id='word_1_258' title='bbox 1542 3404 1613 3458; x_wconf 85' lang='lat' dir='ltr'><strong>De</strong></span> <span class='ocrx_word' id='word_1_259' title='bbox 1658 3402 1910 3459; x_wconf 82' lang='lat' dir='ltr'><strong>Idololat.</strong></span> 
     </span>
    </p>
   </div>
   <div class='ocr_carea' id='block_1_37' title="bbox 258 3489 1911 3566">
    <p class='ocr_par' dir='ltr' id='par_1_37' title="bbox 258 3489 1911 3566">
     <span class='ocr_line' id='line_1_37' title="bbox 258 3489 1911 3566; baseline -0.002 -17"><span class='ocrx_word' id='word_1_260' title='bbox 258 3511 388 3566; x_wconf 89' lang='lat' dir='ltr'><strong>cap.</strong></span> <span class='ocrx_word' id='word_1_261' title='bbox 420 3494 497 3564; x_wconf 87' lang='lat'><strong>9).</strong></span> <span class='ocrx_word' id='word_1_262' title='bbox 531 3494 733 3549; x_wconf 89' lang='lat' dir='ltr'><strong>Nonne</strong></span> <span class='ocrx_word' id='word_1_263' title='bbox 768 3497 963 3548; x_wconf 82' lang='lat' dir='ltr'><strong>autem</strong></span> <span class='ocrx_word' id='word_1_264' title='bbox 988 3492 1204 3563; x_wconf 83' lang='lat' dir='ltr'><strong>duplex</strong></span> <span class='ocrx_word' id='word_1_265' title='bbox 1232 3490 1312 3545; x_wconf 91' lang='lat' dir='ltr'><strong>ibi</strong></span> <span class='ocrx_word' id='word_1_266' title='bbox 1372 3489 1684 3561; x_wconf 88' lang='lat' dir='ltr'><strong>distinguit</strong></span> <span class='ocrx_word' id='word_1_267' title='bbox 1736 3506 1911 3561; x_wconf 88' lang='lat' dir='ltr'><strong>ange-</strong></span> 
     </span>
    </p>
   </div>
   <div class='ocr_carea' id='block_1_38' title="bbox 256 3578 1911 3654">
    <p class='ocr_par' dir='ltr' id='par_1_38' title="bbox 256 3578 1911 3654">
     <span class='ocr_line' id='line_1_38' title="bbox 256 3578 1911 3654; baseline -0.002 -16"><span class='ocrx_word' id='word_1_268' title='bbox 256 3582 454 3639; x_wconf 89' lang='lat' dir='ltr'><strong>lorum</strong></span> <span class='ocrx_word' id='word_1_269' title='bbox 489 3586 786 3654; x_wconf 88' lang='lat' dir='ltr'><strong>peccatum</strong></span> <span class='ocrx_word' id='word_1_270' title='bbox 817 3606 831 3647; x_wconf 84' lang='lat'><strong>;</strong></span> <span class='ocrx_word' id='word_1_271' title='bbox 866 3581 1119 3652; x_wconf 91' lang='lat' dir='ltr'><strong>primum</strong></span> <span class='ocrx_word' id='word_1_272' title='bbox 1136 3579 1394 3651; x_wconf 90' lang='lat' dir='ltr'><strong>quidem,</strong></span> <span class='ocrx_word' id='word_1_273' title='bbox 1428 3596 1543 3649; x_wconf 93' lang='lat' dir='ltr'><strong>quo</strong></span> <span class='ocrx_word' id='word_1_274' title='bbox 1577 3578 1911 3650; x_wconf 85' lang='lat' dir='ltr'><strong>repudiave-</strong></span> 
     </span>
    </p>
   </div>
   <div class='ocr_carea' id='block_1_39' title="bbox 255 3668 1911 3736">
    <p class='ocr_par' dir='ltr' id='par_1_39' title="bbox 255 3668 1911 3736">
     <span class='ocr_line' id='line_1_39' title="bbox 255 3668 1911 3736; baseline -0.003 -9"><span class='ocrx_word' id='word_1_275' title='bbox 255 3676 394 3727; x_wconf 88' lang='lat' dir='ltr'><strong>rant</strong></span> <span class='ocrx_word' id='word_1_276' title='bbox 445 3671 671 3736; x_wconf 70' lang='lat' dir='ltr'><strong>malum,</strong></span> <span class='ocrx_word' id='word_1_277' title='bbox 733 3674 789 3726; x_wconf 89' lang='lat' dir='ltr'><strong>et</strong></span> <span class='ocrx_word' id='word_1_278' title='bbox 839 3670 1023 3725; x_wconf 90' lang='lat' dir='ltr'><strong>Deum</strong></span> <span class='ocrx_word' id='word_1_279' title='bbox 1104 3670 1529 3735; x_wconf 89' lang='lat' dir='ltr'><strong>deseruerunt;</strong></span> <span class='ocrx_word' id='word_1_280' title='bbox 1590 3668 1911 3722; x_wconf 90' lang='lat' dir='ltr'><strong>secundum</strong></span> 
     </span>
    </p>
   </div>
   <div class='ocr_carea' id='block_1_40' title="bbox 254 3756 1913 3832">
    <p class='ocr_par' dir='ltr' id='par_1_40' title="bbox 254 3756 1913 3832">
     <span class='ocr_line' id='line_1_40' title="bbox 254 3756 1913 3832; baseline -0.001 -19"><span class='ocrx_word' id='word_1_281' title='bbox 254 3776 416 3829; x_wconf 88' lang='lat' dir='ltr'><strong>vero,</strong></span> <span class='ocrx_word' id='word_1_282' title='bbox 458 3775 795 3832; x_wconf 89' lang='lat' dir='ltr'><strong>perversum</strong></span> <span class='ocrx_word' id='word_1_283' title='bbox 861 3758 1215 3814; x_wconf 83' lang='lat' dir='ltr'><strong>feminarum</strong></span> <span class='ocrx_word' id='word_1_284' title='bbox 1275 3772 1534 3811; x_wconf 92' lang='lat' dir='ltr'><strong>amorem</strong></span> <span class='ocrx_word' id='word_1_285' title='bbox 1607 3760 1665 3810; x_wconf 92' lang='lat' dir='ltr'><strong>et</strong></span> <span class='ocrx_word' id='word_1_286' title='bbox 1719 3756 1913 3811; x_wconf 89' lang='lat' dir='ltr'><strong>carnis</strong></span> 
     </span>
    </p>
   </div>
   <div class='ocr_carea' id='block_1_41' title="bbox 260 3846 765 3904">
    <p class='ocr_par' dir='ltr' id='par_1_41' title="bbox 260 3846 765 3904">
     <span class='ocr_line' id='line_1_41' title="bbox 260 3846 765 3904; baseline -0.006 -2"><span class='ocrx_word' id='word_1_287' title='bbox 260 3848 711 3904; x_wconf 88' lang='lat' dir='ltr'><strong>matrimonium</strong></span> <span class='ocrx_word' id='word_1_288' title='bbox 738 3846 765 3899; x_wconf 83' lang='lat'><strong>?</strong></span> 
     </span>
    </p>
   </div>
   <div class='ocr_carea' id='block_1_42' title="bbox 340 3950 1915 4025">
    <p class='ocr_par' dir='ltr' id='par_1_42' title="bbox 340 3950 1915 4025">
     <span class='ocr_line' id='line_1_42' title="bbox 340 3950 1915 4025; baseline -0.003 -16"><span class='ocrx_word' id='word_1_289' title='bbox 340 3959 419 4009; x_wconf 91' lang='lat' dir='ltr'><strong>De</strong></span> <span class='ocrx_word' id='word_1_290' title='bbox 450 3953 557 4009; x_wconf 91' lang='lat' dir='ltr'><strong>hoc</strong></span> <span class='ocrx_word' id='word_1_291' title='bbox 586 3969 763 4025; x_wconf 89' lang='lat' dir='ltr'><strong>porro</strong></span> <span class='ocrx_word' id='word_1_292' title='bbox 795 3954 1053 4008; x_wconf 86' lang='lat' dir='ltr'><strong>secundo</strong></span> <span class='ocrx_word' id='word_1_293' title='bbox 1097 3968 1299 4007; x_wconf 86' lang='lat' dir='ltr'><strong>eorum</strong></span> <span class='ocrx_word' id='word_1_294' title='bbox 1353 3951 1597 4006; x_wconf 91' lang='lat' dir='ltr'><strong>crimine</strong></span> <span class='ocrx_word' id='word_1_295' title='bbox 1654 3950 1735 4006; x_wconf 93' lang='lat' dir='ltr'><strong>ita</strong></span> <span class='ocrx_word' id='word_1_296' title='bbox 1784 3950 1915 4023; x_wconf 92' lang='lat' dir='ltr'><strong>qui-</strong></span> 
     </span>
    </p>
   </div>
   <div class='ocr_carea' id='block_1_43' title="bbox 254 4038 1913 4116">
    <p class='ocr_par' dir='ltr' id='par_1_43' title="bbox 254 4038 1913 4116">
     <span class='ocr_line' id='line_1_43' title="bbox 254 4038 1913 4116; baseline -0.002 -20"><span class='ocrx_word' id='word_1_297' title='bbox 254 4041 398 4096; x_wconf 87' lang='lat' dir='ltr'><strong>dem</strong></span> <span class='ocrx_word' id='word_1_298' title='bbox 457 4039 583 4095; x_wconf 88' lang='lat' dir='ltr'><strong>ille:</strong></span> <span class='ocrx_word' id='word_1_299' title='bbox 642 4062 663 4089; x_wconf 78' lang='grc' dir='ltr'>α</span> <span class='ocrx_word' id='word_1_300' title='bbox 706 4040 992 4110; x_wconf 89' lang='lat' dir='ltr'><strong>Damnati,</strong></span> <span class='ocrx_word' id='word_1_301' title='bbox 1051 4039 1265 4116; x_wconf 83' lang='lat' dir='ltr'><strong>inquit,</strong></span> <span class='ocrx_word' id='word_1_302' title='bbox 1312 4038 1370 4093; x_wconf 92' lang='lat' dir='ltr'><strong>in</strong></span> <span class='ocrx_word' id='word_1_303' title='bbox 1428 4056 1657 4109; x_wconf 80' lang='lat' dir='ltr'><strong>pcsnam</strong></span> <span class='ocrx_word' id='word_1_304' title='bbox 1707 4038 1913 4095; x_wconf 88' lang='lat' dir='ltr'><strong>mortis</strong></span> 
     </span>
    </p>
   </div>
   <div class='ocr_carea' id='block_1_44' title="bbox 255 4127 1913 4200">
    <p class='ocr_par' dir='ltr' id='par_1_44' title="bbox 255 4127 1913 4200">
     <span class='ocr_line' id='line_1_44' title="bbox 255 4127 1913 4200; baseline 0 -17"><span class='ocrx_word' id='word_1_305' title='bbox 255 4130 624 4200; x_wconf 86' lang='lat' dir='ltr'><strong>deputantur</strong></span> <span class='ocrx_word' id='word_1_306' title='bbox 648 4127 734 4182; x_wconf 90' lang='lat' dir='ltr'><strong>illi</strong></span> <span class='ocrx_word' id='word_1_307' title='bbox 768 4127 1222 4200; x_wconf 89' lang='lat' dir='ltr'><strong>scilicetangeli,</strong></span> <span class='ocrx_word' id='word_1_308' title='bbox 1255 4128 1355 4198; x_wconf 89' lang='lat' dir='ltr'><strong>qui</strong></span> <span class='ocrx_word' id='word_1_309' title='bbox 1402 4128 1473 4181; x_wconf 92' lang='lat' dir='ltr'><strong>ad</strong></span> <span class='ocrx_word' id='word_1_310' title='bbox 1537 4127 1686 4182; x_wconf 83' lang='lat' dir='ltr'><strong>ﬁlias</strong></span> <span class='ocrx_word' id='word_1_311' title='bbox 1728 4127 1913 4183; x_wconf 90' lang='lat' dir='ltr'><strong>homi-</strong></span> 
     </span>
    </p>
   </div>
   <div class='ocr_carea' id='block_1_45' title="bbox 252 4216 1912 4288">
    <p class='ocr_par' dir='ltr' id='par_1_45' title="bbox 252 4216 1912 4288">
     <span class='ocr_line' id='line_1_45' title="bbox 252 4216 1912 4288; baseline 0 -16"><span class='ocrx_word' id='word_1_312' title='bbox 252 4234 402 4272; x_wconf 86' lang='lat' dir='ltr'><strong>num</strong></span> <span class='ocrx_word' id='word_1_313' title='bbox 438 4218 508 4272; x_wconf 90' lang='lat' dir='ltr'><strong>de</strong></span> <span class='ocrx_word' id='word_1_314' title='bbox 538 4216 680 4272; x_wconf 78' lang='lat' dir='ltr'><strong>c0310</strong></span> <span class='ocrx_word' id='word_1_315' title='bbox 704 4221 970 4287; x_wconf 86' lang='lat' dir='ltr'><strong>ruerunt,</strong></span> <span class='ocrx_word' id='word_1_316' title='bbox 1029 4221 1093 4272; x_wconf 88' lang='lat' dir='ltr'><strong>ut</strong></span> <span class='ocrx_word' id='word_1_317' title='bbox 1122 4217 1245 4271; x_wconf 83' lang='lat' dir='ltr'><strong>haec</strong></span> <span class='ocrx_word' id='word_1_318' title='bbox 1295 4231 1528 4287; x_wconf 90' lang='lat' dir='ltr'><strong>quoque</strong></span> <span class='ocrx_word' id='word_1_319' title='bbox 1589 4216 1912 4288; x_wconf 88' lang='lat' dir='ltr'><strong>ignominia</strong></span> 
     </span>
    </p>
   </div>
   <div class='ocr_carea' id='block_1_46' title="bbox 251 4304 1907 4377">
    <p class='ocr_par' dir='ltr' id='par_1_46' title="bbox 251 4304 1907 4377">
     <span class='ocr_line' id='line_1_46' title="bbox 251 4304 1907 4377; baseline -0.001 -16"><span class='ocrx_word' id='word_1_320' title='bbox 251 4306 490 4362; x_wconf 66' lang='lat' dir='ltr'><strong>feminas</strong></span> <span class='ocrx_word' id='word_1_321' title='bbox 523 4306 784 4361; x_wconf 88' lang='lat' dir='ltr'><strong>accedat.</strong></span> <span class='ocrx_word' id='word_1_322' title='bbox 810 4328 837 4355; x_wconf 88' lang='lat'><strong>»</strong></span> <span class='ocrx_word' id='word_1_323' title='bbox 868 4306 1073 4377; x_wconf 88' lang='lat' dir='ltr'><strong>(Idem,</strong></span> <span class='ocrx_word' id='word_1_324' title='bbox 1106 4307 1183 4360; x_wconf 83' lang='lat' dir='ltr'><strong>De</strong></span> <span class='ocrx_word' id='word_1_325' title='bbox 1215 4304 1366 4360; x_wconf 79' lang='lat' dir='ltr'><strong>Cult.</strong></span> <span class='ocrx_word' id='word_1_326' title='bbox 1398 4306 1594 4375; x_wconf 79' lang='lat' dir='ltr'><strong>femin.</strong></span> <span class='ocrx_word' id='word_1_327' title='bbox 1647 4322 1774 4377; x_wconf 90' lang='lat' dir='ltr'><strong>cap.</strong></span> <span class='ocrx_word' id='word_1_328' title='bbox 1833 4308 1907 4372; x_wconf 88' lang='lat'><strong>2).</strong></span> 
     </span>
    </p>
   </div>
   <div class='ocr_carea' id='block_1_47' title="bbox 2033 638 3677 711">
    <p class='ocr_par' dir='ltr' id='par_1_47' title="bbox 2033 638 3677 711">
     <span class='ocr_line' id='line_1_47' title="bbox 2033 638 3677 711; baseline 0.003 -22"><span class='ocrx_word' id='word_1_329' title='bbox 2033 652 2265 707; x_wconf 91' lang='lat' dir='ltr'><strong>quoque</strong></span> <span class='ocrx_word' id='word_1_330' title='bbox 2293 638 2550 709; x_wconf 85' lang='lat' dir='ltr'><strong>virgines</strong></span> <span class='ocrx_word' id='word_1_331' title='bbox 2596 638 2958 711; x_wconf 81' lang='lat' dir='ltr'><strong>significans,</strong></span> <span class='ocrx_word' id='word_1_332' title='bbox 3019 656 3199 711; x_wconf 91' lang='lat' dir='ltr'><strong>supra</strong></span> <span class='ocrx_word' id='word_1_333' title='bbox 3233 644 3421 710; x_wconf 89' lang='lat' dir='ltr'><strong>natas,</strong></span> <span class='ocrx_word' id='word_1_334' title='bbox 3468 646 3527 695; x_wconf 88' lang='lat' dir='ltr'><strong>at</strong></span> <span class='ocrx_word' id='word_1_335' title='bbox 3582 640 3677 695; x_wconf 90' lang='lat' dir='ltr'><strong>hic</strong></span> 
     </span>
    </p>
   </div>
   <div class='ocr_carea' id='block_1_48' title="bbox 2034 724 3674 801">
    <p class='ocr_par' dir='ltr' id='par_1_48' title="bbox 2034 724 3674 801">
     <span class='ocr_line' id='line_1_48' title="bbox 2034 724 3674 801; baseline 0.002 -23"><span class='ocrx_word' id='word_1_336' title='bbox 2034 724 2256 796; x_wconf 85' lang='lat' dir='ltr'><strong>angelis</strong></span> <span class='ocrx_word' id='word_1_337' title='bbox 2289 732 2503 797; x_wconf 87' lang='lat' dir='ltr'><strong>nuptas</strong></span> <span class='ocrx_word' id='word_1_338' title='bbox 2537 750 2565 776; x_wconf 83' lang='lat'>»</span> <span class='ocrx_word' id='word_1_339' title='bbox 2589 729 2797 798; x_wconf 92' lang='lat' dir='ltr'><strong>(Idem,</strong></span> <span class='ocrx_word' id='word_1_340' title='bbox 2832 729 2902 783; x_wconf 88' lang='lat' dir='ltr'><strong>De</strong></span> <span class='ocrx_word' id='word_1_341' title='bbox 2940 728 3144 797; x_wconf 82' lang='lat' dir='ltr'><strong>Virgin.</strong></span> <span class='ocrx_word' id='word_1_342' title='bbox 3178 728 3393 783; x_wconf 85' lang='lat' dir='ltr'><strong>veland.</strong></span> <span class='ocrx_word' id='word_1_343' title='bbox 3440 746 3567 801; x_wconf 90' lang='lat' dir='ltr'><strong>cap.</strong></span> <span class='ocrx_word' id='word_1_344' title='bbox 3598 729 3674 801; x_wconf 90' lang='lat'><strong>7).</strong></span> 
     </span>
    </p>
   </div>
   <div class='ocr_carea' id='block_1_49' title="bbox 2034 813 3681 887">
    <p class='ocr_par' dir='ltr' id='par_1_49' title="bbox 2034 813 3681 887">
     <span class='ocr_line' id='line_1_49' title="bbox 2034 813 3681 887; baseline 0.004 -22"><span class='ocrx_word' id='word_1_345' title='bbox 2034 814 2167 868; x_wconf 91' lang='lat' dir='ltr'><strong>Ideo</strong></span> <span class='ocrx_word' id='word_1_346' title='bbox 2200 813 2379 885; x_wconf 89' lang='lat' dir='ltr'><strong>igitur</strong></span> <span class='ocrx_word' id='word_1_347' title='bbox 2423 814 2761 887; x_wconf 86' lang='lat' dir='ltr'><strong>angelorum</strong></span> <span class='ocrx_word' id='word_1_348' title='bbox 2815 817 3320 887; x_wconf 72' lang='lat' dir='ltr'><strong>praevaricatorum</strong></span> <span class='ocrx_word' id='word_1_349' title='bbox 3386 818 3681 873; x_wconf 88' lang='lat' dir='ltr'><strong>matrimo-</strong></span> 
     </span>
    </p>
   </div>
   <div class='ocr_carea' id='block_1_50' title="bbox 2035 902 3678 975">
    <p class='ocr_par' dir='ltr' id='par_1_50' title="bbox 2035 902 3678 975">
     <span class='ocr_line' id='line_1_50' title="bbox 2035 902 3678 975; baseline 0.004 -21"><span class='ocrx_word' id='word_1_350' title='bbox 2035 902 2199 957; x_wconf 91' lang='lat' dir='ltr'><strong>nium</strong></span> <span class='ocrx_word' id='word_1_351' title='bbox 2258 903 2546 975; x_wconf 73' lang='lat' dir='ltr'><strong>appellat:</strong></span> <span class='ocrx_word' id='word_1_352' title='bbox 2582 904 2719 975; x_wconf 86' lang='lat' dir='ltr'><strong>quia</strong></span> <span class='ocrx_word' id='word_1_353' title='bbox 2755 904 2835 959; x_wconf 85' lang='lat' dir='ltr'><strong>illi</strong></span> <span class='ocrx_word' id='word_1_354' title='bbox 2867 904 3013 959; x_wconf 71' lang='lat' dir='ltr'><strong>ﬁlias</strong></span> <span class='ocrx_word' id='word_1_355' title='bbox 3045 907 3352 960; x_wconf 91' lang='lat' dir='ltr'><strong>hominum</strong></span> <span class='ocrx_word' id='word_1_356' title='bbox 3412 922 3527 960; x_wconf 91' lang='lat' dir='ltr'><strong>non</strong></span> <span class='ocrx_word' id='word_1_357' title='bbox 3566 923 3678 961; x_wconf 91' lang='lat' dir='ltr'><strong>nu-</strong></span> 
     </span>
    </p>
   </div>
   <div class='ocr_carea' id='block_1_51' title="bbox 2034 992 3680 1068">
    <p class='ocr_par' dir='ltr' id='par_1_51' title="bbox 2034 992 3680 1068">
     <span class='ocr_line' id='line_1_51' title="bbox 2034 992 3680 1068; baseline 0.002 -24"><span class='ocrx_word' id='word_1_358' title='bbox 2034 994 2186 1061; x_wconf 88' lang='lat' dir='ltr'><strong>ptas,</strong></span> <span class='ocrx_word' id='word_1_359' title='bbox 2222 992 2321 1045; x_wconf 92' lang='lat' dir='ltr'><strong>sed</strong></span> <span class='ocrx_word' id='word_1_360' title='bbox 2357 992 2610 1063; x_wconf 87' lang='lat' dir='ltr'><strong>virgines</strong></span> <span class='ocrx_word' id='word_1_361' title='bbox 2643 998 3045 1064; x_wconf 88' lang='lat' dir='ltr'><strong>sumpserunt,</strong></span> <span class='ocrx_word' id='word_1_362' title='bbox 3078 999 3135 1049; x_wconf 87' lang='lat' dir='ltr'><strong>et</strong></span> <span class='ocrx_word' id='word_1_363' title='bbox 3166 994 3379 1050; x_wconf 91' lang='lat' dir='ltr'><strong>idcirco</strong></span> <span class='ocrx_word' id='word_1_364' title='bbox 3434 1011 3536 1049; x_wconf 90' lang='lat' dir='ltr'><strong>nec</strong></span> <span class='ocrx_word' id='word_1_365' title='bbox 3567 994 3680 1068; x_wconf 89' lang='lat' dir='ltr'><strong>ipsi</strong></span> 
     </span>
    </p>
   </div>
   <div class='ocr_carea' id='block_1_52' title="bbox 2035 1077 3089 1145">
    <p class='ocr_par' dir='ltr' id='par_1_52' title="bbox 2035 1077 3089 1145">
     <span class='ocr_line' id='line_1_52' title="bbox 2035 1077 3089 1145; baseline 0.004 -13"><span class='ocrx_word' id='word_1_366' title='bbox 2035 1077 2284 1133; x_wconf 88' lang='lat' dir='ltr'><strong>adulteri</strong></span> <span class='ocrx_word' id='word_1_367' title='bbox 2317 1087 2616 1135; x_wconf 87' lang='lat' dir='ltr'><strong>vocantur.</strong></span> <span class='ocrx_word' id='word_1_368' title='bbox 3080 1138 3089 1145; x_wconf 73' lang='grc'><em>,</em></span> 
     </span>
    </p>
   </div>
   <div class='ocr_carea' id='block_1_53' title="bbox 2103 1166 3680 1244">
    <p class='ocr_par' dir='ltr' id='par_1_53' title="bbox 2103 1166 3680 1244">
     <span class='ocr_line' id='line_1_53' title="bbox 2103 1166 3680 1244; baseline 0.004 -25"><span class='ocrx_word' id='word_1_369' title='bbox 2103 1166 2301 1237; x_wconf 88' lang='lat' dir='ltr'><strong>Neque</strong></span> <span class='ocrx_word' id='word_1_370' title='bbox 2320 1173 2517 1223; x_wconf 88' lang='lat' dir='ltr'><strong>tamen</strong></span> <span class='ocrx_word' id='word_1_371' title='bbox 2552 1169 2660 1224; x_wconf 92' lang='lat' dir='ltr'><strong>hoc</strong></span> <span class='ocrx_word' id='word_1_372' title='bbox 2694 1170 3139 1225; x_wconf 89' lang='lat' dir='ltr'><strong>matrimonium</strong></span> <span class='ocrx_word' id='word_1_373' title='bbox 3169 1170 3394 1227; x_wconf 91' lang='lat' dir='ltr'><strong>licitum</strong></span> <span class='ocrx_word' id='word_1_374' title='bbox 3428 1170 3680 1244; x_wconf 89' lang='lat' dir='ltr'><strong>putavit,</strong></span> 
     </span>
    </p>
   </div>
   <div class='ocr_carea' id='block_1_54' title="bbox 2033 1254 3678 1332">
    <p class='ocr_par' dir='ltr' id='par_1_54' title="bbox 2033 1254 3678 1332">
     <span class='ocr_line' id='line_1_54' title="bbox 2033 1254 3678 1332; baseline 0.005 -25"><span class='ocrx_word' id='word_1_375' title='bbox 2033 1256 2135 1308; x_wconf 90' lang='lat' dir='ltr'><strong>sed</strong></span> <span class='ocrx_word' id='word_1_376' title='bbox 2178 1254 2450 1311; x_wconf 90' lang='lat' dir='ltr'><strong>illicitum</strong></span> <span class='ocrx_word' id='word_1_377' title='bbox 2500 1256 2669 1328; x_wconf 87' lang='lat' dir='ltr'><strong>plane</strong></span> <span class='ocrx_word' id='word_1_378' title='bbox 2727 1275 2793 1312; x_wconf 88' lang='lat' dir='ltr'><strong>ac</strong></span> <span class='ocrx_word' id='word_1_379' title='bbox 2842 1259 3178 1325; x_wconf 89' lang='lat' dir='ltr'><strong>scelestum,</strong></span> <span class='ocrx_word' id='word_1_380' title='bbox 3242 1265 3475 1332; x_wconf 89' lang='lat' dir='ltr'><strong>propter</strong></span> <span class='ocrx_word' id='word_1_381' title='bbox 3523 1260 3678 1332; x_wconf 90' lang='lat' dir='ltr'><strong>quod</strong></span> 
     </span>
    </p>
   </div>
   <div class='ocr_carea' id='block_1_55' title="bbox 2032 1341 3674 1417">
    <p class='ocr_par' dir='ltr' id='par_1_55' title="bbox 2032 1341 3674 1417">
     <span class='ocr_line' id='line_1_55' title="bbox 2032 1341 3674 1417; baseline 0.004 -21"><span class='ocrx_word' id='word_1_382' title='bbox 2032 1341 2268 1399; x_wconf 86' lang='lat' dir='ltr'><strong>feminis</strong></span> <span class='ocrx_word' id='word_1_383' title='bbox 2308 1344 2627 1416; x_wconf 82' lang='lat' dir='ltr'><strong>ignominia</strong></span> <span class='ocrx_word' id='word_1_384' title='bbox 2672 1347 2938 1415; x_wconf 89' lang='lat' dir='ltr'><strong>accessit,</strong></span> <span class='ocrx_word' id='word_1_385' title='bbox 2996 1351 3053 1401; x_wconf 91' lang='lat' dir='ltr'><strong>et</strong></span> <span class='ocrx_word' id='word_1_386' title='bbox 3083 1347 3306 1417; x_wconf 88' lang='lat' dir='ltr'><strong>angelis</strong></span> <span class='ocrx_word' id='word_1_387' title='bbox 3357 1348 3674 1404; x_wconf 87' lang='lat' dir='ltr'><strong>damnatio.</strong></span> 
     </span>
    </p>
   </div>
   <div class='ocr_carea' id='block_1_56' title="bbox 2033 1432 3675 1507">
    <p class='ocr_par' dir='ltr' id='par_1_56' title="bbox 2033 1432 3675 1507">
     <span class='ocr_line' id='line_1_56' title="bbox 2033 1432 3675 1507; baseline 0.002 -22"><span class='ocrx_word' id='word_1_388' title='bbox 2033 1432 2421 1496; x_wconf 89' lang='lat' dir='ltr'><strong>Quamobrem</strong></span> <span class='ocrx_word' id='word_1_389' title='bbox 2474 1432 2709 1489; x_wconf 88' lang='lat' dir='ltr'><strong>alioille</strong></span> <span class='ocrx_word' id='word_1_390' title='bbox 2751 1434 2808 1488; x_wconf 91' lang='lat' dir='ltr'><strong>in</strong></span> <span class='ocrx_word' id='word_1_391' title='bbox 2868 1433 3051 1491; x_wconf 87' lang='lat' dir='ltr'><strong>libro:</strong></span> <span class='ocrx_word' id='word_1_392' title='bbox 3099 1436 3400 1505; x_wconf 84' lang='lat' dir='ltr'><strong>«Sciebat,</strong></span> <span class='ocrx_word' id='word_1_393' title='bbox 3461 1436 3675 1507; x_wconf 88' lang='lat' dir='ltr'><strong>inquit,</strong></span> 
     </span>
    </p>
   </div>
   <div class='ocr_carea' id='block_1_57' title="bbox 2032 1520 3679 1595">
    <p class='ocr_par' dir='ltr' id='par_1_57' title="bbox 2032 1520 3679 1595">
     <span class='ocr_line' id='line_1_57' title="bbox 2032 1520 3679 1595; baseline 0.001 -20"><span class='ocrx_word' id='word_1_394' title='bbox 2032 1526 2089 1575; x_wconf 84' lang='lat' dir='ltr'><strong>et</strong></span> <span class='ocrx_word' id='word_1_395' title='bbox 2126 1520 2443 1591; x_wconf 83' lang='lat' dir='ltr'><strong>Apostolus</strong></span> <span class='ocrx_word' id='word_1_396' title='bbox 2473 1522 2531 1575; x_wconf 93' lang='lat' dir='ltr'><strong>in</strong></span> <span class='ocrx_word' id='word_1_397' title='bbox 2565 1522 2724 1577; x_wconf 68' lang='lat' dir='ltr'><strong>caelis</strong></span> <span class='ocrx_word' id='word_1_398' title='bbox 2742 1528 2979 1594; x_wconf 88' lang='lat' dir='ltr'><strong>operata</strong></span> <span class='ocrx_word' id='word_1_399' title='bbox 3008 1540 3137 1579; x_wconf 87' lang='lat' dir='ltr'><strong>esse</strong></span> <span class='ocrx_word' id='word_1_400' title='bbox 3156 1522 3445 1595; x_wconf 81' lang='lat' dir='ltr'><strong>spiritalia</strong></span> <span class='ocrx_word' id='word_1_401' title='bbox 3471 1523 3679 1590; x_wconf 82' lang='lat' dir='ltr'><strong>nequi-</strong></span> 
     </span>
    </p>
   </div>
   <div class='ocr_carea' id='block_1_58' title="bbox 2032 1608 3670 1681">
    <p class='ocr_par' dir='ltr' id='par_1_58' title="bbox 2032 1608 3670 1681">
     <span class='ocr_line' id='line_1_58' title="bbox 2032 1608 3670 1681; baseline 0.001 -19"><span class='ocrx_word' id='word_1_402' title='bbox 2032 1608 2124 1663; x_wconf 67' lang='lat' dir='ltr'><strong>tiae</strong></span> <span class='ocrx_word' id='word_1_403' title='bbox 2152 1608 2493 1681; x_wconf 84' lang='lat' dir='ltr'><strong>angelorum</strong></span> <span class='ocrx_word' id='word_1_404' title='bbox 2513 1610 3044 1666; x_wconf 86' lang='lat' dir='ltr'><strong>scandalizatorum</strong></span> <span class='ocrx_word' id='word_1_405' title='bbox 3069 1612 3126 1666; x_wconf 91' lang='lat' dir='ltr'><strong>in</strong></span> <span class='ocrx_word' id='word_1_406' title='bbox 3144 1612 3295 1667; x_wconf 80' lang='lat' dir='ltr'><strong>filias</strong></span> <span class='ocrx_word' id='word_1_407' title='bbox 3317 1611 3626 1667; x_wconf 90' lang='lat' dir='ltr'><strong>hominum</strong></span> <span class='ocrx_word' id='word_1_408' title='bbox 3648 1632 3670 1663; x_wconf 75' lang='grc' dir='ltr'><strong><em>ι</em></strong></span> 
     </span>
    </p>
   </div>
   <div class='ocr_carea' id='block_1_59' title="bbox 2031 1698 3678 1771">
    <p class='ocr_par' dir='ltr' id='par_1_59' title="bbox 2031 1698 3678 1771">
     <span class='ocr_line' id='line_1_59' title="bbox 2031 1698 3678 1771; baseline 0.002 -19"><span class='ocrx_word' id='word_1_409' title='bbox 2031 1698 2233 1769; x_wconf 92' lang='lat' dir='ltr'><strong>(Idem,</strong></span> <span class='ocrx_word' id='word_1_410' title='bbox 2263 1698 2475 1753; x_wconf 79' lang='lat' dir='ltr'><strong>advers.</strong></span> <span class='ocrx_word' id='word_1_411' title='bbox 2505 1700 2774 1755; x_wconf 81' lang='lat' dir='ltr'><strong>Marcion.</strong></span> <span class='ocrx_word' id='word_1_412' title='bbox 2795 1699 2896 1754; x_wconf 91' lang='lat' dir='ltr'><strong>lib.</strong></span> <span class='ocrx_word' id='word_1_413' title='bbox 2925 1717 2979 1767; x_wconf 92' lang='lat' dir='ltr'><strong>v,</strong></span> <span class='ocrx_word' id='word_1_414' title='bbox 3003 1717 3130 1771; x_wconf 84' lang='lat' dir='ltr'><strong>cap.</strong></span> <span class='ocrx_word' id='word_1_415' title='bbox 3168 1702 3274 1771; x_wconf 90' lang='grc'><strong>18).</strong></span> <span class='ocrx_word' id='word_1_416' title='bbox 3315 1705 3391 1755; x_wconf 79' lang='lat' dir='ltr'><strong>At</strong></span> <span class='ocrx_word' id='word_1_417' title='bbox 3447 1702 3519 1755; x_wconf 93' lang='lat' dir='ltr'><strong>de</strong></span> <span class='ocrx_word' id='word_1_418' title='bbox 3568 1701 3678 1756; x_wconf 90' lang='lat' dir='ltr'><strong>hoc</strong></span> 
     </span>
    </p>
   </div>
   <div class='ocr_carea' id='block_1_60' title="bbox 2031 1786 3679 1861">
    <p class='ocr_par' dir='ltr' id='par_1_60' title="bbox 2031 1786 3679 1861">
     <span class='ocr_line' id='line_1_60' title="bbox 2031 1786 3679 1861; baseline 0.002 -20"><span class='ocrx_word' id='word_1_419' title='bbox 2031 1786 2356 1842; x_wconf 85' lang='lat' dir='ltr'><strong>facinorcsc</strong></span> <span class='ocrx_word' id='word_1_420' title='bbox 2392 1805 2704 1859; x_wconf 85' lang='lat' dir='ltr'><strong>pravorum</strong></span> <span class='ocrx_word' id='word_1_421' title='bbox 2729 1788 3071 1861; x_wconf 87' lang='lat' dir='ltr'><strong>angelorum</strong></span> <span class='ocrx_word' id='word_1_422' title='bbox 3095 1806 3228 1844; x_wconf 92' lang='lat' dir='ltr'><strong>cum</strong></span> <span class='ocrx_word' id='word_1_423' title='bbox 3288 1788 3520 1844; x_wconf 86' lang='lat' dir='ltr'><strong>ﬁliabus</strong></span> <span class='ocrx_word' id='word_1_424' title='bbox 3576 1790 3679 1844; x_wconf 82' lang='lat' dir='ltr'><strong>hc-</strong></span> 
     </span>
    </p>
   </div>
   <div class='ocr_carea' id='block_1_61' title="bbox 2031 1875 3674 1949">
    <p class='ocr_par' dir='ltr' id='par_1_61' title="bbox 2031 1875 3674 1949">
     <span class='ocr_line' id='line_1_61' title="bbox 2031 1875 3674 1949; baseline 0.002 -20"><span class='ocrx_word' id='word_1_425' title='bbox 2031 1875 2254 1930; x_wconf 91' lang='lat' dir='ltr'><strong>minum</strong></span> <span class='ocrx_word' id='word_1_426' title='bbox 2291 1876 2686 1943; x_wconf 92' lang='lat' dir='ltr'><strong>matrimonio,</strong></span> <span class='ocrx_word' id='word_1_427' title='bbox 2724 1894 2824 1931; x_wconf 88' lang='lat' dir='ltr'><strong>seu</strong></span> <span class='ocrx_word' id='word_1_428' title='bbox 2850 1878 3045 1949; x_wconf 90' lang='lat' dir='ltr'><strong>potius</strong></span> <span class='ocrx_word' id='word_1_429' title='bbox 3079 1894 3210 1933; x_wconf 90' lang='lat' dir='ltr'><strong>vero</strong></span> <span class='ocrx_word' id='word_1_430' title='bbox 3241 1882 3468 1949; x_wconf 85' lang='lat' dir='ltr'><strong>stupro,</strong></span> <span class='ocrx_word' id='word_1_431' title='bbox 3520 1878 3674 1933; x_wconf 87' lang='lat' dir='ltr'><strong>haud</strong></span> 
     </span>
    </p>
   </div>
   <div class='ocr_carea' id='block_1_62' title="bbox 2032 1959 3683 2035">
    <p class='ocr_par' dir='ltr' id='par_1_62' title="bbox 2032 1959 3683 2035">
     <span class='ocr_line' id='line_1_62' title="bbox 2032 1959 3683 2035; baseline 0.002 -17"><span class='ocrx_word' id='word_1_432' title='bbox 2032 1963 2213 2018; x_wconf 88' lang='lat' dir='ltr'><strong>semel</strong></span> <span class='ocrx_word' id='word_1_433' title='bbox 2261 1964 2695 2035; x_wconf 85' lang='lat' dir='ltr'><strong>disputavimus</strong></span> <span class='ocrx_word' id='word_1_434' title='bbox 2740 1982 2872 2021; x_wconf 82' lang='lat' dir='ltr'><strong>cum</strong></span> <span class='ocrx_word' id='word_1_435' title='bbox 2906 1967 2963 2021; x_wconf 93' lang='lat' dir='ltr'><strong>in</strong></span> <span class='ocrx_word' id='word_1_436' title='bbox 3024 1972 3225 2023; x_wconf 90' lang='lat' dir='ltr'><strong>nostra</strong></span> <span class='ocrx_word' id='word_1_437' title='bbox 3270 1968 3341 2023; x_wconf 90' lang='lat' dir='ltr'><strong>de</strong></span> <span class='ocrx_word' id='word_1_438' title='bbox 3397 1959 3683 2023; x_wconf 76' lang='lat' dir='ltr'><strong>Lactantii</strong></span> 
     </span>
    </p>
   </div>
   <div class='ocr_carea' id='block_1_63' title="bbox 2031 2053 3681 2125">
    <p class='ocr_par' dir='ltr' id='par_1_63' title="bbox 2031 2053 3681 2125">
     <span class='ocr_line' id='line_1_63' title="bbox 2031 2053 3681 2125; baseline 0.003 -19"><span class='ocrx_word' id='word_1_439' title='bbox 2031 2053 2314 2123; x_wconf 90' lang='lat' dir='ltr'><strong>Operibus</strong></span> <span class='ocrx_word' id='word_1_440' title='bbox 2344 2054 2778 2125; x_wconf 86' lang='lat' dir='ltr'><strong>dissertatione,</strong></span> <span class='ocrx_word' id='word_1_441' title='bbox 2821 2060 2946 2109; x_wconf 91' lang='lat' dir='ltr'><strong>tum</strong></span> <span class='ocrx_word' id='word_1_442' title='bbox 2981 2055 3113 2111; x_wconf 92' lang='lat' dir='ltr'><strong>aliis</strong></span> <span class='ocrx_word' id='word_1_443' title='bbox 3163 2056 3220 2111; x_wconf 93' lang='lat' dir='ltr'><strong>in</strong></span> <span class='ocrx_word' id='word_1_444' title='bbox 3270 2056 3412 2112; x_wconf 87' lang='lat' dir='ltr'><strong>locis</strong></span> <span class='ocrx_word' id='word_1_445' title='bbox 3447 2056 3526 2111; x_wconf 92' lang='lat' dir='ltr'><strong>ibi</strong></span> <span class='ocrx_word' id='word_1_446' title='bbox 3576 2056 3681 2111; x_wconf 89' lang='lat' dir='ltr'><strong>ad-</strong></span> 
     </span>
    </p>
   </div>
   <div class='ocr_carea' id='block_1_64' title="bbox 2033 2140 3681 2216">
    <p class='ocr_par' dir='ltr' id='par_1_64' title="bbox 2033 2140 3681 2216">
     <span class='ocr_line' id='line_1_64' title="bbox 2033 2140 3681 2216; baseline 0.004 -23"><span class='ocrx_word' id='word_1_447' title='bbox 2033 2140 2248 2195; x_wconf 88' lang='lat' dir='ltr'><strong>notatis</strong></span> <span class='ocrx_word' id='word_1_448' title='bbox 2306 2142 2608 2212; x_wconf 82' lang='lat' dir='ltr'><strong>(Dissertat.</strong></span> <span class='ocrx_word' id='word_1_449' title='bbox 2672 2144 2731 2198; x_wconf 87' lang='lat' dir='ltr'><strong>in</strong></span> <span class='ocrx_word' id='word_1_450' title='bbox 2784 2145 3037 2199; x_wconf 80' lang='lat' dir='ltr'><strong>Lactant.</strong></span> <span class='ocrx_word' id='word_1_451' title='bbox 3089 2162 3219 2216; x_wconf 88' lang='lat' dir='ltr'><strong>cap.</strong></span> <span class='ocrx_word' id='word_1_452' title='bbox 3301 2146 3392 2213; x_wconf 84' lang='lat'><strong>20,</strong></span> <span class='ocrx_word' id='word_1_453' title='bbox 3481 2149 3587 2200; x_wconf 89' lang='lat' dir='ltr'><strong>art.</strong></span> <span class='ocrx_word' id='word_1_454' title='bbox 3646 2146 3681 2199; x_wconf 90' lang='lat'>3</span> 
     </span>
    </p>
   </div>
   <div class='ocr_carea' id='block_1_65' title="bbox 2031 2230 2195 2300">
    <p class='ocr_par' dir='ltr' id='par_1_65' title="bbox 2031 2230 2195 2300">
     <span class='ocr_line' id='line_1_65' title="bbox 2031 2230 2195 2300; baseline 0.006 -17"><span class='ocrx_word' id='word_1_455' title='bbox 2031 2234 2089 2283; x_wconf 86' lang='lat' dir='ltr'><strong>et</strong></span> <span class='ocrx_word' id='word_1_456' title='bbox 2120 2230 2195 2300; x_wconf 81' lang='grc'><strong>4).</strong></span> 
     </span>
    </p>
   </div>
   <div class='ocr_carea' id='block_1_66' title="bbox 2104 2318 3679 2391">
    <p class='ocr_par' dir='ltr' id='par_1_66' title="bbox 2104 2318 3679 2391">
     <span class='ocr_line' id='line_1_66' title="bbox 2104 2318 3679 2391; baseline 0.001 -19"><span class='ocrx_word' id='word_1_457' title='bbox 2104 2318 2320 2383; x_wconf 79' lang='lat' dir='ltr'><strong>Quinto</strong></span> <span class='ocrx_word' id='word_1_458' title='bbox 2344 2320 2581 2373; x_wconf 86' lang='lat' dir='ltr'><strong>tandem</strong></span> <span class='ocrx_word' id='word_1_459' title='bbox 2634 2336 2698 2375; x_wconf 91' lang='lat' dir='ltr'><strong>ac</strong></span> <span class='ocrx_word' id='word_1_460' title='bbox 2732 2330 3025 2391; x_wconf 87' lang='lat' dir='ltr'><strong>postremo</strong></span> <span class='ocrx_word' id='word_1_461' title='bbox 3081 2321 3205 2376; x_wconf 92' lang='lat' dir='ltr'><strong>loco</strong></span> <span class='ocrx_word' id='word_1_462' title='bbox 3249 2322 3679 2376; x_wconf 90' lang='lat' dir='ltr'><strong>observandum</strong></span> 
     </span>
    </p>
   </div>
   <div class='ocr_carea' id='block_1_67' title="bbox 2032 2406 3682 2481">
    <p class='ocr_par' dir='ltr' id='par_1_67' title="bbox 2032 2406 3682 2481">
     <span class='ocr_line' id='line_1_67' title="bbox 2032 2406 3682 2481; baseline 0.002 -22"><span class='ocrx_word' id='word_1_463' title='bbox 2032 2411 2324 2477; x_wconf 85' lang='lat' dir='ltr'><strong>superest,</strong></span> <span class='ocrx_word' id='word_1_464' title='bbox 2354 2406 2782 2463; x_wconf 83' lang='lat' dir='ltr'><strong>Tertullianum</strong></span> <span class='ocrx_word' id='word_1_465' title='bbox 2818 2410 2873 2463; x_wconf 91' lang='lat' dir='ltr'><strong>in</strong></span> <span class='ocrx_word' id='word_1_466' title='bbox 2906 2410 3247 2481; x_wconf 84' lang='lat' dir='ltr'><strong>Apologetico</strong></span> <span class='ocrx_word' id='word_1_467' title='bbox 3292 2409 3411 2465; x_wconf 90' lang='lat' dir='ltr'><strong>ulla</strong></span> <span class='ocrx_word' id='word_1_468' title='bbox 3460 2410 3682 2480; x_wconf 81' lang='lat' dir='ltr'><strong>absque</strong></span> 
     </span>
    </p>
   </div>
   <div class='ocr_carea' id='block_1_68' title="bbox 2030 2493 3678 2569">
    <p class='ocr_par' dir='ltr' id='par_1_68' title="bbox 2030 2493 3678 2569">
     <span class='ocr_line' id='line_1_68' title="bbox 2030 2493 3678 2569; baseline 0.002 -21"><span class='ocrx_word' id='word_1_469' title='bbox 2030 2493 2394 2549; x_wconf 67' lang='lat' dir='ltr'><strong>haesitatione</strong></span> <span class='ocrx_word' id='word_1_470' title='bbox 2447 2512 2813 2551; x_wconf 87' lang='lat' dir='ltr'><strong>asseverasse</strong></span> <span class='ocrx_word' id='word_1_471' title='bbox 2869 2514 2937 2551; x_wconf 87' lang='lat' dir='ltr'><strong>ex</strong></span> <span class='ocrx_word' id='word_1_472' title='bbox 2995 2497 3228 2552; x_wconf 90' lang='lat' dir='ltr'><strong>illorum</strong></span> <span class='ocrx_word' id='word_1_473' title='bbox 3271 2503 3678 2569; x_wconf 88' lang='lat' dir='ltr'><strong>corruptorum</strong></span> 
     </span>
    </p>
   </div>
   <div class='ocr_carea' id='block_1_69' title="bbox 2030 2583 3677 2654">
    <p class='ocr_par' dir='ltr' id='par_1_69' title="bbox 2030 2583 3677 2654">
     <span class='ocr_line' id='line_1_69' title="bbox 2030 2583 3677 2654; baseline 0.002 -17"><span class='ocrx_word' id='word_1_474' title='bbox 2030 2583 2369 2654; x_wconf 89' lang='lat' dir='ltr'><strong>angelorum</strong></span> <span class='ocrx_word' id='word_1_475' title='bbox 2388 2601 2521 2639; x_wconf 87' lang='lat' dir='ltr'><strong>cum</strong></span> <span class='ocrx_word' id='word_1_476' title='bbox 2547 2584 2782 2641; x_wconf 83' lang='lat' dir='ltr'><strong>ﬁliabus</strong></span> <span class='ocrx_word' id='word_1_477' title='bbox 2812 2586 3119 2642; x_wconf 90' lang='lat' dir='ltr'><strong>hominum</strong></span> <span class='ocrx_word' id='word_1_478' title='bbox 3144 2586 3455 2642; x_wconf 88' lang='lat' dir='ltr'><strong>concubitu</strong></span> <span class='ocrx_word' id='word_1_479' title='bbox 3489 2590 3677 2641; x_wconf 85' lang='lat' dir='ltr'><strong>ortam</strong></span> 
     </span>
    </p>
   </div>
   <div class='ocr_carea' id='block_1_70' title="bbox 2032 2672 3676 2746">
    <p class='ocr_par' dir='ltr' id='par_1_70' title="bbox 2032 2672 3676 2746">
     <span class='ocr_line' id='line_1_70' title="bbox 2032 2672 3676 2746; baseline 0.001 -19"><span class='ocrx_word' id='word_1_480' title='bbox 2032 2672 2210 2728; x_wconf 87' lang='lat' dir='ltr'><strong>fuisse</strong></span> <span class='ocrx_word' id='word_1_481' title='bbox 2254 2673 2671 2743; x_wconf 84' lang='lat' dir='ltr'><strong>corruptiorem</strong></span> <span class='ocrx_word' id='word_1_482' title='bbox 2723 2681 2955 2746; x_wconf 90' lang='lat' dir='ltr'><strong>gentem</strong></span> <span class='ocrx_word' id='word_1_483' title='bbox 3016 2677 3370 2730; x_wconf 82' lang='lat' dir='ltr'><strong>daemonum.</strong></span> <span class='ocrx_word' id='word_1_484' title='bbox 3439 2677 3514 2730; x_wconf 81' lang='lat' dir='ltr'><strong>At</strong></span> <span class='ocrx_word' id='word_1_485' title='bbox 3561 2691 3676 2730; x_wconf 91' lang='lat' dir='ltr'><strong>non</strong></span> 
     </span>
    </p>
   </div>
   <div class='ocr_carea' id='block_1_71' title="bbox 2030 2764 3667 2839">
    <p class='ocr_par' dir='ltr' id='par_1_71' title="bbox 2030 2764 3667 2839">
     <span class='ocr_line' id='line_1_71' title="bbox 2030 2764 3667 2839; baseline 0.001 -21"><span class='ocrx_word' id='word_1_486' title='bbox 2030 2764 2285 2819; x_wconf 91' lang='lat' dir='ltr'><strong>minores</strong></span> <span class='ocrx_word' id='word_1_487' title='bbox 2319 2765 2552 2835; x_wconf 91' lang='lat' dir='ltr'><strong>quidem</strong></span> <span class='ocrx_word' id='word_1_488' title='bbox 2576 2765 2632 2819; x_wconf 92' lang='lat' dir='ltr'><strong>in</strong></span> <span class='ocrx_word' id='word_1_489' title='bbox 2658 2765 2788 2835; x_wconf 90' lang='lat' dir='ltr'><strong>hac,</strong></span> <span class='ocrx_word' id='word_1_490' title='bbox 2823 2783 2998 2837; x_wconf 90' lang='lat' dir='ltr'><strong>quam</strong></span> <span class='ocrx_word' id='word_1_491' title='bbox 3035 2766 3149 2822; x_wconf 89' lang='lat' dir='ltr'><strong>alia</strong></span> <span class='ocrx_word' id='word_1_492' title='bbox 3205 2768 3275 2822; x_wconf 93' lang='lat' dir='ltr'><strong>de</strong></span> <span class='ocrx_word' id='word_1_493' title='bbox 3324 2766 3667 2839; x_wconf 89' lang='lat' dir='ltr'><strong>angelorum</strong></span> 
     </span>
    </p>
   </div>
   <div class='ocr_carea' id='block_1_72' title="bbox 2029 2853 3670 2927">
    <p class='ocr_par' dir='ltr' id='par_1_72' title="bbox 2029 2853 3670 2927">
     <span class='ocr_line' id='line_1_72' title="bbox 2029 2853 3670 2927; baseline 0.003 -21"><span class='ocrx_word' id='word_1_494' title='bbox 2029 2869 2160 2907; x_wconf 91' lang='lat' dir='ltr'><strong>cum</strong></span> <span class='ocrx_word' id='word_1_495' title='bbox 2215 2853 2447 2908; x_wconf 83' lang='lat' dir='ltr'><strong>feminis</strong></span> <span class='ocrx_word' id='word_1_496' title='bbox 2533 2854 2903 2910; x_wconf 84' lang='lat' dir='ltr'><strong>matrimonio</strong></span> <span class='ocrx_word' id='word_1_497' title='bbox 2959 2856 3231 2927; x_wconf 89' lang='lat' dir='ltr'><strong>opinione</strong></span> <span class='ocrx_word' id='word_1_498' title='bbox 3296 2856 3670 2911; x_wconf 77' lang='lat' dir='ltr'><strong>difﬁcultates</strong></span> 
     </span>
    </p>
   </div>
   <div class='ocr_carea' id='block_1_73' title="bbox 2026 2942 3667 3014">
    <p class='ocr_par' dir='ltr' id='par_1_73' title="bbox 2026 2942 3667 3014">
     <span class='ocr_line' id='line_1_73' title="bbox 2026 2942 3667 3014; baseline 0.002 -19"><span class='ocrx_word' id='word_1_499' title='bbox 2026 2945 2358 2995; x_wconf 90' lang='lat' dir='ltr'><strong>occurrunt.</strong></span> <span class='ocrx_word' id='word_1_500' title='bbox 2397 2942 2504 2995; x_wconf 84' lang='lat' dir='ltr'><strong>Eas</strong></span> <span class='ocrx_word' id='word_1_501' title='bbox 2529 2946 2719 2998; x_wconf 89' lang='lat' dir='ltr'><strong>autem</strong></span> <span class='ocrx_word' id='word_1_502' title='bbox 2745 2948 2980 3013; x_wconf 85' lang='lat' dir='ltr'><strong>augent,</strong></span> <span class='ocrx_word' id='word_1_503' title='bbox 3008 2961 3130 3014; x_wconf 72' lang='lat' dir='ltr'><strong>quae</strong></span> <span class='ocrx_word' id='word_1_504' title='bbox 3170 2944 3266 2999; x_wconf 91' lang='lat' dir='ltr'><strong>ille</strong></span> <span class='ocrx_word' id='word_1_505' title='bbox 3323 2945 3392 2999; x_wconf 90' lang='lat' dir='ltr'><strong>de</strong></span> <span class='ocrx_word' id='word_1_506' title='bbox 3442 2960 3667 2999; x_wconf 90' lang='lat' dir='ltr'><strong>eorum-</strong></span> 
     </span>
    </p>
   </div>
   <div class='ocr_carea' id='block_1_74' title="bbox 2026 3029 3666 3104">
    <p class='ocr_par' dir='ltr' id='par_1_74' title="bbox 2026 3029 3666 3104">
     <span class='ocr_line' id='line_1_74' title="bbox 2026 3029 3666 3104; baseline 0.002 -21"><span class='ocrx_word' id='word_1_507' title='bbox 2026 3029 2158 3083; x_wconf 91' lang='lat' dir='ltr'><strong>dem</strong></span> <span class='ocrx_word' id='word_1_508' title='bbox 2196 3030 2751 3100; x_wconf 72' lang='lat' dir='ltr'><strong>daemonum,atqne</strong></span> <span class='ocrx_word' id='word_1_509' title='bbox 2781 3032 2927 3086; x_wconf 77' lang='grc'><strong>871</strong></span> <span class='ocrx_word' id='word_1_510' title='bbox 2994 3032 3332 3104; x_wconf 76' lang='lat' dir='ltr'><strong>angelorum</strong></span> <span class='ocrx_word' id='word_1_511' title='bbox 3389 3032 3506 3086; x_wconf 88' lang='lat' dir='ltr'><strong>sive</strong></span> <span class='ocrx_word' id='word_1_512' title='bbox 3564 3031 3666 3087; x_wconf 93' lang='lat' dir='ltr'><strong>bc-</strong></span> 
     </span>
    </p>
   </div>
   <div class='ocr_carea' id='block_1_75' title="bbox 2025 3117 3665 3192">
    <p class='ocr_par' dir='ltr' id='par_1_75' title="bbox 2025 3117 3665 3192">
     <span class='ocr_line' id='line_1_75' title="bbox 2025 3117 3665 3192; baseline 0.002 -21"><span class='ocrx_word' id='word_1_513' title='bbox 2025 3133 2258 3181; x_wconf 91' lang='lat' dir='ltr'><strong>norum,</strong></span> <span class='ocrx_word' id='word_1_514' title='bbox 2283 3118 2404 3172; x_wconf 88' lang='lat' dir='ltr'><strong>sive</strong></span> <span class='ocrx_word' id='word_1_515' title='bbox 2432 3117 2716 3172; x_wconf 87' lang='lat' dir='ltr'><strong>malorum</strong></span> <span class='ocrx_word' id='word_1_516' title='bbox 2734 3126 2945 3174; x_wconf 91' lang='lat' dir='ltr'><strong>natura</strong></span> <span class='ocrx_word' id='word_1_517' title='bbox 2967 3121 3238 3175; x_wconf 87' lang='lat' dir='ltr'><strong>decernit.</strong></span> <span class='ocrx_word' id='word_1_518' title='bbox 3271 3122 3403 3184; x_wconf 58' lang='lat' dir='ltr'><strong>Quae</strong></span> <span class='ocrx_word' id='word_1_519' title='bbox 3427 3121 3665 3192; x_wconf 90' lang='lat' dir='ltr'><strong>quidem</strong></span> 
     </span>
    </p>
   </div>
   <div class='ocr_carea' id='block_1_76' title="bbox 2026 3205 3659 3281">
    <p class='ocr_par' dir='ltr' id='par_1_76' title="bbox 2026 3205 3659 3281">
     <span class='ocr_line' id='line_1_76' title="bbox 2026 3205 3659 3281; baseline 0.002 -22"><span class='ocrx_word' id='word_1_520' title='bbox 2026 3205 2197 3261; x_wconf 89' lang='lat' dir='ltr'><strong>nobis</strong></span> <span class='ocrx_word' id='word_1_521' title='bbox 2227 3207 2507 3277; x_wconf 90' lang='lat' dir='ltr'><strong>primum,</strong></span> <span class='ocrx_word' id='word_1_522' title='bbox 2533 3211 2588 3261; x_wconf 90' lang='lat' dir='ltr'><strong>et</strong></span> <span class='ocrx_word' id='word_1_523' title='bbox 2616 3208 2731 3262; x_wconf 89' lang='lat' dir='ltr'><strong>alia</strong></span> <span class='ocrx_word' id='word_1_524' title='bbox 2786 3209 2996 3264; x_wconf 90' lang='lat' dir='ltr'><strong>deinde</strong></span> <span class='ocrx_word' id='word_1_525' title='bbox 3042 3210 3452 3281; x_wconf 88' lang='lat' dir='ltr'><strong>investiganda</strong></span> <span class='ocrx_word' id='word_1_526' title='bbox 3500 3212 3659 3264; x_wconf 83' lang='lat' dir='ltr'><strong>sunt.</strong></span> 
     </span>
    </p>
   </div>
   <div class='ocr_carea' id='block_1_77' title="bbox 2636 3365 3044 3405">
    <p class='ocr_par' dir='ltr' id='par_1_77' title="bbox 2636 3365 3044 3405">
     <span class='ocr_line' id='line_1_77' title="bbox 2636 3365 3044 3405; baseline 0.002 -3"><span class='ocrx_word' id='word_1_527' title='bbox 2636 3365 2944 3405; x_wconf 79' lang='lat' dir='ltr'><strong>ARTICULUS</strong></span> <span class='ocrx_word' id='word_1_528' title='bbox 2984 3368 3044 3404; x_wconf 88' lang='lat' dir='ltr'><strong>II.</strong></span> 
     </span>
    </p>
   </div>
   <div class='ocr_carea' id='block_1_78' title="bbox 2027 3454 3666 3525">
    <p class='ocr_par' dir='ltr' id='par_1_78' title="bbox 2027 3454 3666 3525">
     <span class='ocr_line' id='line_1_78' title="bbox 2027 3454 3666 3525; baseline -0.001 -15"><span class='ocrx_word' id='word_1_529' title='bbox 2027 3456 2217 3511; x_wconf 80' lang='lat' dir='ltr'><strong>Utrum</strong></span> <span class='ocrx_word' id='word_1_530' title='bbox 2250 3454 2619 3525; x_wconf 23' lang='lat' dir='ltr'><strong>Tertul‘tianus</strong></span> <span class='ocrx_word' id='word_1_531' title='bbox 2639 3454 2940 3510; x_wconf 82' lang='lat' dir='ltr'><strong>crediderit</strong></span> <span class='ocrx_word' id='word_1_532' title='bbox 2986 3455 3343 3525; x_wconf 82' lang='lat' dir='ltr'><strong>spiritualem</strong></span> <span class='ocrx_word' id='word_1_533' title='bbox 3393 3471 3505 3511; x_wconf 86' lang='lat' dir='ltr'><strong>esse</strong></span> <span class='ocrx_word' id='word_1_534' title='bbox 3555 3470 3666 3509; x_wconf 91' lang='lat' dir='ltr'><strong>om-</strong></span> 
     </span>
    </p>
   </div>
   <div class='ocr_carea' id='block_1_79' title="bbox 2094 3523 3665 3597">
    <p class='ocr_par' dir='ltr' id='par_1_79' title="bbox 2094 3523 3665 3597">
     <span class='ocr_line' id='line_1_79' title="bbox 2094 3523 3665 3597; baseline 0 -18"><span class='ocrx_word' id='word_1_535' title='bbox 2094 3528 2253 3597; x_wconf 83' lang='lat' dir='ltr'><strong>nium</strong></span> <span class='ocrx_word' id='word_1_536' title='bbox 2273 3523 2605 3593; x_wconf 77' lang='lat' dir='ltr'><strong>angelorum</strong></span> <span class='ocrx_word' id='word_1_537' title='bbox 2630 3530 2681 3579; x_wconf 89' lang='lat' dir='ltr'><strong>et</strong></span> <span class='ocrx_word' id='word_1_538' title='bbox 2736 3523 3051 3582; x_wconf 46' lang='lat' dir='ltr'><strong>daemonum</strong></span> <span class='ocrx_word' id='word_1_539' title='bbox 3106 3533 3363 3581; x_wconf 83' lang='lat' dir='ltr'><strong>naturam</strong></span> <span class='ocrx_word' id='word_1_540' title='bbox 3380 3545 3399 3581; x_wconf 87' lang='lat'><em>:</em></span> <span class='ocrx_word' id='word_1_541' title='bbox 3456 3530 3665 3597; x_wconf 85' lang='lat' dir='ltr'><strong>quanta</strong></span> 
     </span>
    </p>
   </div>
   <div class='ocr_carea' id='block_1_80' title="bbox 2092 3595 3665 3667">
    <p class='ocr_par' dir='ltr' id='par_1_80' title="bbox 2092 3595 3665 3667">
     <span class='ocr_line' id='line_1_80' title="bbox 2092 3595 3665 3667; baseline 0.001 -16"><span class='ocrx_word' id='word_1_542' title='bbox 2092 3612 2154 3651; x_wconf 83' lang='lat' dir='ltr'><strong>ea</strong></span> <span class='ocrx_word' id='word_1_543' title='bbox 2194 3595 2259 3649; x_wconf 85' lang='lat' dir='ltr'><strong>de</strong></span> <span class='ocrx_word' id='word_1_544' title='bbox 2314 3612 2371 3651; x_wconf 88' lang='lat' dir='ltr'><strong>re</strong></span> <span class='ocrx_word' id='word_1_545' title='bbox 2408 3606 2629 3667; x_wconf 82' lang='lat' dir='ltr'><strong>propter</strong></span> <span class='ocrx_word' id='word_1_546' title='bbox 2684 3598 2922 3652; x_wconf 82' lang='lat' dir='ltr'><strong>istorum</strong></span> <span class='ocrx_word' id='word_1_547' title='bbox 2967 3615 3039 3652; x_wconf 73' lang='lat' dir='ltr'><strong>ea:</strong></span> <span class='ocrx_word' id='word_1_548' title='bbox 3084 3601 3265 3665; x_wconf 79' lang='lat' dir='ltr'><strong>pravis</strong></span> <span class='ocrx_word' id='word_1_549' title='bbox 3318 3595 3558 3667; x_wconf 81' lang='lat' dir='ltr'><strong>angelis,</strong></span> <span class='ocrx_word' id='word_1_550' title='bbox 3615 3603 3665 3652; x_wconf 73' lang='lat' dir='ltr'><strong>et</strong></span> 
     </span>
    </p>
   </div>
   <div class='ocr_carea' id='block_1_81' title="bbox 2097 3666 3666 3739">
    <p class='ocr_par' dir='ltr' id='par_1_81' title="bbox 2097 3666 3666 3739">
     <span class='ocr_line' id='line_1_81' title="bbox 2097 3666 3666 3739; baseline 0.002 -19"><span class='ocrx_word' id='word_1_551' title='bbox 2097 3667 2384 3721; x_wconf 86' lang='lat' dir='ltr'><strong>hominum</strong></span> <span class='ocrx_word' id='word_1_552' title='bbox 2401 3666 2627 3736; x_wconf 75' lang='lat' dir='ltr'><strong>ﬁliabus</strong></span> <span class='ocrx_word' id='word_1_553' title='bbox 2656 3671 2932 3735; x_wconf 79' lang='lat' dir='ltr'><strong>originem</strong></span> <span class='ocrx_word' id='word_1_554' title='bbox 2963 3667 3268 3739; x_wconf 65' lang='lat' dir='ltr'><strong>difﬁcultas</strong></span> <span class='ocrx_word' id='word_1_555' title='bbox 3294 3686 3306 3723; x_wconf 91' lang='lat'>:</span> <span class='ocrx_word' id='word_1_556' title='bbox 3330 3666 3411 3723; x_wconf 18' lang='lat' dir='ltr'><strong>dei</strong></span> <span class='ocrx_word' id='word_1_557' title='bbox 3445 3686 3666 3725; x_wconf 84' lang='lat' dir='ltr'><strong>eorum-</strong></span> 
     </span>
    </p>
   </div>
   <div class='ocr_carea' id='block_1_82' title="bbox 2093 3738 3667 3811">
    <p class='ocr_par' dir='ltr' id='par_1_82' title="bbox 2093 3738 3667 3811">
     <span class='ocr_line' id='line_1_82' title="bbox 2093 3738 3667 3811; baseline 0.003 -20"><span class='ocrx_word' id='word_1_558' title='bbox 2093 3738 2553 3811; x_wconf 9' lang='lat' dir='ltr'><strong>dequa’monum</strong></span> <span class='ocrx_word' id='word_1_559' title='bbox 2588 3740 2831 3805; x_wconf 85' lang='lat' dir='ltr'><strong>invidia;</strong></span> <span class='ocrx_word' id='word_1_560' title='bbox 2866 3757 2972 3811; x_wconf 86' lang='lat' dir='ltr'><strong>qua</strong></span> <span class='ocrx_word' id='word_1_561' title='bbox 3002 3738 3056 3796; x_wconf 80' lang='lat' dir='ltr'><strong>in</strong></span> <span class='ocrx_word' id='word_1_562' title='bbox 3117 3741 3423 3805; x_wconf 84' lang='lat' dir='ltr'><strong>hominum,</strong></span> <span class='ocrx_word' id='word_1_563' title='bbox 3470 3742 3667 3811; x_wconf 81' lang='lat' dir='ltr'><strong>quibus</strong></span> 
     </span>
    </p>
   </div>
   <div class='ocr_carea' id='block_1_83' title="bbox 2094 3809 3149 3882">
    <p class='ocr_par' dir='ltr' id='par_1_83' title="bbox 2094 3809 3149 3882">
     <span class='ocr_line' id='line_1_83' title="bbox 2094 3809 3149 3882; baseline 0.003 -19"><span class='ocrx_word' id='word_1_564' title='bbox 2094 3809 2298 3864; x_wconf 81' lang='lat' dir='ltr'><strong>subditi</strong></span> <span class='ocrx_word' id='word_1_565' title='bbox 2318 3813 2463 3879; x_wconf 83' lang='lat' dir='ltr'><strong>sunt,</strong></span> <span class='ocrx_word' id='word_1_566' title='bbox 2492 3812 2796 3881; x_wconf 79' lang='lat' dir='ltr'><strong>perniciem</strong></span> <span class='ocrx_word' id='word_1_567' title='bbox 2815 3809 3149 3882; x_wconf 73' lang='lat' dir='ltr'><strong>conspirant.</strong></span> 
     </span>
    </p>
   </div>
   <div class='ocr_carea' id='block_1_84' title="bbox 2096 3950 3664 4023">
    <p class='ocr_par' dir='ltr' id='par_1_84' title="bbox 2096 3950 3664 4023">
     <span class='ocr_line' id='line_1_84' title="bbox 2096 3950 3664 4023; baseline 0.001 -17"><span class='ocrx_word' id='word_1_568' title='bbox 2096 3952 2275 4006; x_wconf 90' lang='lat' dir='ltr'><strong>Suam</strong></span> <span class='ocrx_word' id='word_1_569' title='bbox 2308 3952 2377 4004; x_wconf 82' lang='lat' dir='ltr'><strong>de</strong></span> <span class='ocrx_word' id='word_1_570' title='bbox 2408 3950 2633 4021; x_wconf 83' lang='lat' dir='ltr'><strong>angelis</strong></span> <span class='ocrx_word' id='word_1_571' title='bbox 2682 3958 2737 4006; x_wconf 91' lang='lat' dir='ltr'><strong>et</strong></span> <span class='ocrx_word' id='word_1_572' title='bbox 2792 3952 3158 4008; x_wconf 63' lang='lat' dir='ltr'><strong>daemonibus</strong></span> <span class='ocrx_word' id='word_1_573' title='bbox 3206 3953 3664 4023; x_wconf 89' lang='lat' dir='ltr'><strong>disputationem</strong></span> 
     </span>
    </p>
   </div>
   <div class='ocr_carea' id='block_1_85' title="bbox 2024 4038 3659 4110">
    <p class='ocr_par' dir='ltr' id='par_1_85' title="bbox 2024 4038 3659 4110">
     <span class='ocr_line' id='line_1_85' title="bbox 2024 4038 3659 4110; baseline 0.001 -17"><span class='ocrx_word' id='word_1_574' title='bbox 2024 4038 2115 4093; x_wconf 90' lang='lat' dir='ltr'><strong>his</strong></span> <span class='ocrx_word' id='word_1_575' title='bbox 2171 4038 2566 4093; x_wconf 87' lang='lat' dir='ltr'><strong>Tertullianus</strong></span> <span class='ocrx_word' id='word_1_576' title='bbox 2619 4039 2675 4093; x_wconf 91' lang='lat' dir='ltr'><strong>in</strong></span> <span class='ocrx_word' id='word_1_577' title='bbox 2732 4040 3069 4110; x_wconf 77' lang='lat' dir='ltr'><strong>Apologetico</strong></span> <span class='ocrx_word' id='word_1_578' title='bbox 3122 4042 3312 4095; x_wconf 89' lang='lat' dir='ltr'><strong>verbis</strong></span> <span class='ocrx_word' id='word_1_579' title='bbox 3379 4041 3659 4095; x_wconf 89' lang='lat' dir='ltr'><strong>inchoat:</strong></span> 
     </span>
    </p>
   </div>
   <div class='ocr_carea' id='block_1_86' title="bbox 2025 4127 3659 4202">
    <p class='ocr_par' dir='ltr' id='par_1_86' title="bbox 2025 4127 3659 4202">
     <span class='ocr_line' id='line_1_86' title="bbox 2025 4127 3659 4202; baseline -0.001 -21"><span class='ocrx_word' id='word_1_580' title='bbox 2025 4127 2336 4182; x_wconf 89' lang='lat' dir='ltr'><strong>«Dicimus</strong></span> <span class='ocrx_word' id='word_1_581' title='bbox 2364 4144 2492 4182; x_wconf 91' lang='lat' dir='ltr'><strong>esse</strong></span> <span class='ocrx_word' id='word_1_582' title='bbox 2549 4129 2915 4184; x_wconf 85' lang='lat' dir='ltr'><strong>substantias</strong></span> <span class='ocrx_word' id='word_1_583' title='bbox 2974 4130 3259 4202; x_wconf 89' lang='lat' dir='ltr'><strong>quasdam</strong></span> <span class='ocrx_word' id='word_1_584' title='bbox 3317 4128 3659 4200; x_wconf 80' lang='lat' dir='ltr'><strong>spiritales»</strong></span> 
     </span>
    </p>
   </div>
   <div class='ocr_carea' id='block_1_87' title="bbox 2024 4214 3659 4289">
    <p class='ocr_par' dir='ltr' id='par_1_87' title="bbox 2024 4214 3659 4289">
     <span class='ocr_line' id='line_1_87' title="bbox 2024 4214 3659 4289; baseline -0.001 -18"><span class='ocrx_word' id='word_1_585' title='bbox 2024 4214 2389 4287; x_wconf 88' lang='lat' dir='ltr'><strong>(&#39;l‘ertullian.</strong></span> <span class='ocrx_word' id='word_1_586' title='bbox 2423 4216 2843 4288; x_wconf 83' lang='lat' dir='ltr'><strong>Apologet.cap.</strong></span> <span class='ocrx_word' id='word_1_587' title='bbox 2874 4218 2963 4271; x_wconf 83' lang='lat'><strong>22.</strong></span> <span class='ocrx_word' id='word_1_588' title='bbox 2992 4235 3120 4289; x_wconf 87' lang='lat' dir='ltr'><strong>pag.</strong></span> <span class='ocrx_word' id='word_1_589' title='bbox 3147 4219 3290 4284; x_wconf 66' lang='grc'><strong>404).</strong></span> <span class='ocrx_word' id='word_1_590' title='bbox 3353 4218 3413 4273; x_wconf 90' lang='lat' dir='ltr'><strong>In</strong></span> <span class='ocrx_word' id='word_1_591' title='bbox 3482 4232 3659 4288; x_wconf 67' lang='lat' dir='ltr'><strong>supe«</strong></span> 
     </span>
    </p>
   </div>
   <div class='ocr_carea' id='block_1_88' title="bbox 2022 4304 3663 4361">
    <p class='ocr_par' dir='ltr' id='par_1_88' title="bbox 2022 4304 3663 4361">
     <span class='ocr_line' id='line_1_88' title="bbox 2022 4304 3663 4361; baseline 0 -2"><span class='ocrx_word' id='word_1_592' title='bbox 2022 4304 2156 4359; x_wconf 89' lang='lat' dir='ltr'><strong>riori</strong></span> <span class='ocrx_word' id='word_1_593' title='bbox 2191 4309 2385 4358; x_wconf 89' lang='lat' dir='ltr'><strong>autem</strong></span> <span class='ocrx_word' id='word_1_594' title='bbox 2446 4304 2691 4359; x_wconf 86' lang='lat' dir='ltr'><strong>articulo</strong></span> <span class='ocrx_word' id='word_1_595' title='bbox 2738 4305 2962 4360; x_wconf 88' lang='lat' dir='ltr'><strong>dictum</strong></span> <span class='ocrx_word' id='word_1_596' title='bbox 3019 4306 3271 4361; x_wconf 89' lang='lat' dir='ltr'><strong>vidimus</strong></span> <span class='ocrx_word' id='word_1_597' title='bbox 3331 4307 3399 4361; x_wconf 90' lang='lat' dir='ltr'><strong>de</strong></span> <span class='ocrx_word' id='word_1_598' title='bbox 3445 4307 3663 4361; x_wconf 86' lang='lat' dir='ltr'><strong>Satana</strong></span> 
     </span>
    </p>
   </div>
   <div class='ocr_carea' id='block_1_89' title="bbox 250 4393 3659 4465">
    <p class='ocr_par' dir='ltr' id='par_1_89' title="bbox 250 4393 3659 4465">
     <span class='ocr_line' id='line_1_89' title="bbox 250 4393 3659 4465; baseline -0.001 -15"><span class='ocrx_word' id='word_1_599' title='bbox 250 4398 329 4450; x_wconf 84' lang='lat' dir='ltr'><strong>At</strong></span> <span class='ocrx_word' id='word_1_600' title='bbox 361 4395 410 4449; x_wconf 89' lang='lat' dir='ltr'><strong>si</strong></span> <span class='ocrx_word' id='word_1_601' title='bbox 445 4411 513 4448; x_wconf 83' lang='lat' dir='ltr'><strong>ex</strong></span> <span class='ocrx_word' id='word_1_602' title='bbox 540 4394 648 4449; x_wconf 93' lang='lat' dir='ltr'><strong>hoc</strong></span> <span class='ocrx_word' id='word_1_603' title='bbox 681 4393 1022 4465; x_wconf 89' lang='lat' dir='ltr'><strong>angelorum</strong></span> <span class='ocrx_word' id='word_1_604' title='bbox 1056 4394 1273 4449; x_wconf 89' lang='lat' dir='ltr'><strong>scelere</strong></span> <span class='ocrx_word' id='word_1_605' title='bbox 1297 4393 1533 4448; x_wconf 87' lang='lat' dir='ltr'><strong>feminis</strong></span> <span class='ocrx_word' id='word_1_606' title='bbox 1588 4394 1913 4464; x_wconf 90' lang='lat' dir='ltr'><strong>ignominia</strong></span> <span class='ocrx_word' id='word_1_607' title='bbox 2020 4394 2475 4461; x_wconf 82' lang='lat' dir='ltr'><strong>eminentissimo,</strong></span> <span class='ocrx_word' id='word_1_608' title='bbox 2497 4397 2557 4447; x_wconf 91' lang='lat' dir='ltr'><strong>ut</strong></span> <span class='ocrx_word' id='word_1_609' title='bbox 2589 4393 2713 4462; x_wconf 90' lang='lat' dir='ltr'><strong>ipse</strong></span> <span class='ocrx_word' id='word_1_610' title='bbox 2762 4393 2863 4463; x_wconf 92' lang='lat' dir='ltr'><strong>ait,</strong></span> <span class='ocrx_word' id='word_1_611' title='bbox 2910 4396 3251 4464; x_wconf 86' lang='lat' dir='ltr'><strong>angelorum,</strong></span> <span class='ocrx_word' id='word_1_612' title='bbox 3311 4404 3361 4450; x_wconf 89' lang='lat' dir='ltr'><strong>et</strong></span> <span class='ocrx_word' id='word_1_613' title='bbox 3424 4394 3659 4449; x_wconf 85' lang='lat' dir='ltr'><strong>archan-</strong></span> 
     </span>
    </p>
   </div>
   <div class='ocr_carea' id='block_1_90' title="bbox 248 4482 3660 4554">
    <p class='ocr_par' dir='ltr' id='par_1_90' title="bbox 248 4482 3660 4554">
     <span class='ocr_line' id='line_1_90' title="bbox 248 4482 3660 4554; baseline -0.001 -15"><span class='ocrx_word' id='word_1_614' title='bbox 248 4483 525 4547; x_wconf 88' lang='lat' dir='ltr'><strong>accessit,</strong></span> <span class='ocrx_word' id='word_1_615' title='bbox 554 4482 602 4538; x_wconf 89' lang='lat' dir='ltr'><strong>si</strong></span> <span class='ocrx_word' id='word_1_616' title='bbox 634 4487 963 4554; x_wconf 90' lang='lat' dir='ltr'><strong>propterea,</strong></span> <span class='ocrx_word' id='word_1_617' title='bbox 994 4482 1080 4537; x_wconf 93' lang='lat' dir='ltr'><strong>uti</strong></span> <span class='ocrx_word' id='word_1_618' title='bbox 1133 4482 1355 4537; x_wconf 90' lang='lat' dir='ltr'><strong>dictum</strong></span> <span class='ocrx_word' id='word_1_619' title='bbox 1416 4482 1486 4537; x_wconf 89' lang='lat' dir='ltr'><strong>ab</strong></span> <span class='ocrx_word' id='word_1_620' title='bbox 1543 4483 1747 4537; x_wconf 90' lang='lat' dir='ltr'><strong>eodem</strong></span> <span class='ocrx_word' id='word_1_621' title='bbox 1796 4487 1910 4537; x_wconf 85' lang='lat' dir='ltr'><strong>Au-</strong></span> <span class='ocrx_word' id='word_1_622' title='bbox 2016 4483 2153 4551; x_wconf 82' lang='lat' dir='ltr'><strong>gelo,</strong></span> <span class='ocrx_word' id='word_1_623' title='bbox 2180 4482 2331 4552; x_wconf 93' lang='lat' dir='ltr'><strong>quod</strong></span> <span class='ocrx_word' id='word_1_624' title='bbox 2366 4498 2397 4535; x_wconf 90' lang='lat' dir='ltr'><strong>a</strong></span> <span class='ocrx_word' id='word_1_625' title='bbox 2430 4487 2539 4536; x_wconf 82' lang='lat' dir='ltr'><strong>Deo</strong></span> <span class='ocrx_word' id='word_1_626' title='bbox 2594 4482 2758 4536; x_wconf 78' lang='lat' dir='ltr'><strong>liberi</strong></span> <span class='ocrx_word' id='word_1_627' title='bbox 2814 4482 3048 4538; x_wconf 81' lang='lat' dir='ltr'><strong>arbitrii</strong></span> <span class='ocrx_word' id='word_1_628' title='bbox 3100 4486 3423 4539; x_wconf 71' lang='lat' dir='ltr'><strong>constitutus</strong></span> <span class='ocrx_word' id='word_1_629' title='bbox 3456 4485 3548 4547; x_wconf 92' lang='lat' dir='ltr'><strong>sit,</strong></span> <span class='ocrx_word' id='word_1_630' title='bbox 3602 4484 3660 4537; x_wconf 84' lang='lat' dir='ltr'><strong>ut</strong></span> 
     </span>
    </p>
   </div>
   <div class='ocr_carea' id='block_1_91' title="bbox 248 4569 3657 4642">
    <p class='ocr_par' dir='ltr' id='par_1_91' title="bbox 248 4569 3657 4642">
     <span class='ocr_line' id='line_1_91' title="bbox 248 4569 3657 4642; baseline -0.001 -14"><span class='ocrx_word' id='word_1_631' title='bbox 248 4578 415 4628; x_wconf 89' lang='lat' dir='ltr'><strong>ctore</strong></span> <span class='ocrx_word' id='word_1_632' title='bbox 448 4575 645 4626; x_wconf 87' lang='lat' dir='ltr'><strong>nostro</strong></span> <span class='ocrx_word' id='word_1_633' title='bbox 688 4587 823 4627; x_wconf 83' lang='lat' dir='ltr'><strong>mox</strong></span> <span class='ocrx_word' id='word_1_634' title='bbox 880 4571 1156 4638; x_wconf 89' lang='lat' dir='ltr'><strong>vidimus,</strong></span> <span class='ocrx_word' id='word_1_635' title='bbox 1210 4571 1401 4642; x_wconf 89' lang='lat' dir='ltr'><strong>angeli</strong></span> <span class='ocrx_word' id='word_1_636' title='bbox 1450 4570 1715 4626; x_wconf 90' lang='lat' dir='ltr'><strong>damnati</strong></span> <span class='ocrx_word' id='word_1_637' title='bbox 1748 4576 1906 4639; x_wconf 89' lang='lat' dir='ltr'><strong>sunt,</strong></span> <span class='ocrx_word' id='word_1_638' title='bbox 2017 4572 2249 4639; x_wconf 83' lang='lat' dir='ltr'><strong>spiritus</strong></span> <span class='ocrx_word' id='word_1_639' title='bbox 2294 4570 2501 4641; x_wconf 90' lang='lat' dir='ltr'><strong>(Idem,</strong></span> <span class='ocrx_word' id='word_1_640' title='bbox 2552 4569 2652 4625; x_wconf 91' lang='lat' dir='ltr'><strong>lib.</strong></span> <span class='ocrx_word' id='word_1_641' title='bbox 2707 4587 2743 4624; x_wconf 89' lang='lat' dir='ltr'><strong>ll</strong></span> <span class='ocrx_word' id='word_1_642' title='bbox 2808 4571 3022 4629; x_wconf 79' lang='lat' dir='ltr'><strong>advers.</strong></span> <span class='ocrx_word' id='word_1_643' title='bbox 3066 4574 3338 4628; x_wconf 85' lang='lat' dir='ltr'><strong>Marcion.</strong></span> <span class='ocrx_word' id='word_1_644' title='bbox 3397 4590 3522 4642; x_wconf 91' lang='lat' dir='ltr'><strong>cap.</strong></span> <span class='ocrx_word' id='word_1_645' title='bbox 3580 4573 3657 4642; x_wconf 88' lang='lat'><strong>7).</strong></span> 
     </span>
    </p>
   </div>
   <div class='ocr_carea' id='block_1_92' title="bbox 244 4643 3656 4732">
    <p class='ocr_par' dir='ltr' id='par_1_92' title="bbox 244 4643 3656 4732">
     <span class='ocr_line' id='line_1_92' title="bbox 244 4643 3656 4732; baseline -0.001 -16"><span class='ocrx_word' id='word_1_646' title='bbox 244 4678 359 4716; x_wconf 88' lang='lat' dir='ltr'><strong>cur</strong></span> <span class='ocrx_word' id='word_1_647' title='bbox 380 4676 542 4732; x_wconf 90' lang='lat' dir='ltr'><strong>ergo,</strong></span> <span class='ocrx_word' id='word_1_648' title='bbox 575 4659 805 4731; x_wconf 90' lang='lat' dir='ltr'><strong>inquiet</strong></span> <span class='ocrx_word' id='word_1_649' title='bbox 834 4660 1070 4731; x_wconf 89' lang='lat' dir='ltr'><strong>aliquis,</strong></span> <span class='ocrx_word' id='word_1_650' title='bbox 1104 4659 1249 4715; x_wconf 92' lang='lat' dir='ltr'><strong>illud</strong></span> <span class='ocrx_word' id='word_1_651' title='bbox 1300 4658 1649 4731; x_wconf 89' lang='lat' dir='ltr'><strong>simpliciter</strong></span> <span class='ocrx_word' id='word_1_652' title='bbox 1702 4663 1907 4716; x_wconf 82' lang='lat' dir='ltr'><strong>matri-</strong></span> <span class='ocrx_word' id='word_1_653' title='bbox 1940 4643 1985 4707; x_wconf 83' lang='lat' dir='ltr'><strong>D</strong></span> <span class='ocrx_word' id='word_1_654' title='bbox 2017 4658 2233 4714; x_wconf 89' lang='lat' dir='ltr'><strong>Omnes</strong></span> <span class='ocrx_word' id='word_1_655' title='bbox 2266 4675 2395 4713; x_wconf 82' lang='lat' dir='ltr'><strong>vero</strong></span> <span class='ocrx_word' id='word_1_656' title='bbox 2418 4658 2679 4729; x_wconf 88' lang='lat' dir='ltr'><strong>angelos,</strong></span> <span class='ocrx_word' id='word_1_657' title='bbox 2713 4659 2864 4713; x_wconf 87' lang='lat' dir='ltr'><strong>sicut</strong></span> <span class='ocrx_word' id='word_1_658' title='bbox 2886 4658 2983 4714; x_wconf 89' lang='lat' dir='ltr'><strong>ille</strong></span> <span class='ocrx_word' id='word_1_659' title='bbox 3013 4660 3203 4714; x_wconf 88' lang='lat' dir='ltr'><strong>adhuc</strong></span> <span class='ocrx_word' id='word_1_660' title='bbox 3242 4660 3445 4714; x_wconf 88' lang='lat' dir='ltr'><strong>scribit</strong></span> <span class='ocrx_word' id='word_1_661' title='bbox 3487 4659 3656 4730; x_wconf 89' lang='lat' dir='ltr'><strong>(Ibid.</strong></span> 
     </span>
    </p>
   </div>
   <div class='ocr_carea' id='block_1_93' title="bbox 250 4746 3661 4820">
    <p class='ocr_par' dir='ltr' id='par_1_93' title="bbox 250 4746 3661 4820">
     <span class='ocr_line' id='line_1_93' title="bbox 250 4746 3661 4820; baseline -0.001 -14"><span class='ocrx_word' id='word_1_662' title='bbox 250 4753 510 4806; x_wconf 82' lang='lat' dir='ltr'><strong>monium</strong></span> <span class='ocrx_word' id='word_1_663' title='bbox 537 4749 740 4817; x_wconf 79' lang='lat' dir='ltr'><strong>carnis,</strong></span> <span class='ocrx_word' id='word_1_664' title='bbox 776 4766 889 4805; x_wconf 90' lang='lat' dir='ltr'><strong>non</strong></span> <span class='ocrx_word' id='word_1_665' title='bbox 915 4753 1110 4804; x_wconf 83' lang='lat' dir='ltr'><strong>autem</strong></span> <span class='ocrx_word' id='word_1_666' title='bbox 1159 4748 1447 4805; x_wconf 86' lang='lat' dir='ltr'><strong>nefarium</strong></span> <span class='ocrx_word' id='word_1_667' title='bbox 1510 4752 1782 4820; x_wconf 90' lang='lat' dir='ltr'><strong>stuprum</strong></span> <span class='ocrx_word' id='word_1_668' title='bbox 1836 4750 1909 4804; x_wconf 91' lang='lat' dir='ltr'><strong>ab</strong></span> <span class='ocrx_word' id='word_1_669' title='bbox 2018 4746 2222 4817; x_wconf 84' lang='lat' dir='ltr'><strong>libm,</strong></span> <span class='ocrx_word' id='word_1_670' title='bbox 2259 4764 2383 4818; x_wconf 88' lang='lat' dir='ltr'><strong>cap.</strong></span> <span class='ocrx_word' id='word_1_671' title='bbox 2444 4746 2590 4815; x_wconf 88' lang='lat'><strong>9):«</strong></span> <span class='ocrx_word' id='word_1_672' title='bbox 2636 4748 2761 4801; x_wconf 87' lang='lat' dir='ltr'><strong>Tam</strong></span> <span class='ocrx_word' id='word_1_673' title='bbox 2800 4764 2923 4803; x_wconf 83' lang='lat' dir='ltr'><strong>vere</strong></span> <span class='ocrx_word' id='word_1_674' title='bbox 2962 4758 3175 4804; x_wconf 83' lang='lat' dir='ltr'><strong>creator</strong></span> <span class='ocrx_word' id='word_1_675' title='bbox 3229 4750 3455 4820; x_wconf 80' lang='lat' dir='ltr'><strong>spiritus</strong></span> <span class='ocrx_word' id='word_1_676' title='bbox 3511 4750 3661 4819; x_wconf 80' lang='lat' dir='ltr'><strong>fecit,</strong></span> 
     </span>
    </p>
   </div>
   <div class='ocr_carea' id='block_1_94' title="bbox 248 4836 1907 4909">
    <p class='ocr_par' dir='ltr' id='par_1_94' title="bbox 248 4836 1907 4909">
     <span class='ocr_line' id='line_1_94' title="bbox 248 4836 1907 4909; baseline 0 -17"><span class='ocrx_word' id='word_1_677' title='bbox 248 4838 355 4893; x_wconf 92' lang='lat' dir='ltr'><strong>illo</strong></span> <span class='ocrx_word' id='word_1_678' title='bbox 383 4837 673 4892; x_wconf 83' lang='lat' dir='ltr'><strong>vocatur?</strong></span> <span class='ocrx_word' id='word_1_679' title='bbox 700 4836 893 4893; x_wconf 91' lang='lat' dir='ltr'><strong>Cuivis</strong></span> <span class='ocrx_word' id='word_1_680' title='bbox 924 4838 1141 4909; x_wconf 88' lang='lat' dir='ltr'><strong>itaque,</strong></span> <span class='ocrx_word' id='word_1_681' title='bbox 1174 4838 1231 4891; x_wconf 91' lang='lat' dir='ltr'><strong>id</strong></span> <span class='ocrx_word' id='word_1_682' title='bbox 1273 4855 1307 4892; x_wconf 89' lang='lat' dir='ltr'><strong>a</strong></span> <span class='ocrx_word' id='word_1_683' title='bbox 1337 4837 1504 4892; x_wconf 91' lang='lat' dir='ltr'><strong>nobis</strong></span> <span class='ocrx_word' id='word_1_684' title='bbox 1564 4836 1907 4907; x_wconf 88' lang='lat' dir='ltr'><strong>postulanti,</strong></span> 
     </span>
    </p>
   </div>
   <div class='ocr_carea' id='block_1_95' title="bbox 247 4924 1908 4997">
    <p class='ocr_par' dir='ltr' id='par_1_95' title="bbox 247 4924 1908 4997">
     <span class='ocr_line' id='line_1_95' title="bbox 247 4924 1908 4997; baseline -0.001 -16"><span class='ocrx_word' id='word_1_685' title='bbox 247 4926 344 4982; x_wconf 89' lang='lat' dir='ltr'><strong>bis</strong></span> <span class='ocrx_word' id='word_1_686' title='bbox 377 4925 872 4997; x_wconf 86' lang='lat' dir='ltr'><strong>respondebimus</strong></span> <span class='ocrx_word' id='word_1_687' title='bbox 907 4926 1267 4997; x_wconf 87' lang='lat' dir='ltr'><strong>totidemque</strong></span> <span class='ocrx_word' id='word_1_688' title='bbox 1317 4925 1628 4997; x_wconf 89' lang='lat' dir='ltr'><strong>ipsiusmet</strong></span> <span class='ocrx_word' id='word_1_689' title='bbox 1675 4924 1908 4979; x_wconf 90' lang='lat' dir='ltr'><strong>Tertul-</strong></span> 
     </span>
    </p>
   </div>
   <div class='ocr_carea' id='block_1_96' title="bbox 246 5012 1905 5084">
    <p class='ocr_par' dir='ltr' id='par_1_96' title="bbox 246 5012 1905 5084">
     <span class='ocr_line' id='line_1_96' title="bbox 246 5012 1905 5084; baseline -0.001 -16"><span class='ocrx_word' id='word_1_690' title='bbox 246 5014 393 5069; x_wconf 83' lang='lat' dir='ltr'><strong>liani</strong></span> <span class='ocrx_word' id='word_1_691' title='bbox 424 5014 620 5069; x_wconf 89' lang='lat' dir='ltr'><strong>verbis</strong></span> <span class='ocrx_word' id='word_1_692' title='bbox 650 5030 663 5068; x_wconf 84' lang='lat'><strong>:</strong></span> <span class='ocrx_word' id='word_1_693' title='bbox 690 5036 718 5063; x_wconf 93' lang='grc'><strong>‹‹</strong></span> <span class='ocrx_word' id='word_1_694' title='bbox 746 5014 1078 5084; x_wconf 83' lang='lat' dir='ltr'><strong>Conspicati</strong></span> <span class='ocrx_word' id='word_1_695' title='bbox 1111 5014 1213 5069; x_wconf 78' lang='lat' dir='ltr'><strong>filii</strong></span> <span class='ocrx_word' id='word_1_696' title='bbox 1250 5015 1346 5069; x_wconf 91' lang='lat' dir='ltr'><strong>Dei</strong></span> <span class='ocrx_word' id='word_1_697' title='bbox 1403 5013 1556 5068; x_wconf 79' lang='lat' dir='ltr'><strong>filias</strong></span> <span class='ocrx_word' id='word_1_698' title='bbox 1597 5012 1905 5068; x_wconf 90' lang='lat' dir='ltr'><strong>hominum</strong></span> 
     </span>
    </p>
   </div>
   <div class='ocr_carea' id='block_1_97' title="bbox 250 5101 1907 5174">
    <p class='ocr_par' dir='ltr' id='par_1_97' title="bbox 250 5101 1907 5174">
     <span class='ocr_line' id='line_1_97' title="bbox 250 5101 1907 5174; baseline 0.001 -17"><span class='ocrx_word' id='word_1_699' title='bbox 250 5104 410 5173; x_wconf 91' lang='lat' dir='ltr'><strong>quod</strong></span> <span class='ocrx_word' id='word_1_700' title='bbox 445 5102 703 5172; x_wconf 66' lang='lat' dir='ltr'><strong>pulchras</strong></span> <span class='ocrx_word' id='word_1_701' title='bbox 746 5107 973 5168; x_wconf 85' lang='lat' dir='ltr'><strong>essent,</strong></span> <span class='ocrx_word' id='word_1_702' title='bbox 1016 5106 1365 5174; x_wconf 91' lang='lat' dir='ltr'><strong>acceperunt</strong></span> <span class='ocrx_word' id='word_1_703' title='bbox 1419 5101 1530 5157; x_wconf 91' lang='lat' dir='ltr'><strong>sibi</strong></span> <span class='ocrx_word' id='word_1_704' title='bbox 1584 5118 1789 5157; x_wconf 86' lang='lat' dir='ltr'><strong>uxores</strong></span> <span class='ocrx_word' id='word_1_705' title='bbox 1837 5119 1907 5158; x_wconf 87' lang='lat' dir='ltr'><strong>ex</strong></span> 
     </span>
    </p>
   </div>
   <div class='ocr_carea' id='block_1_98' title="bbox 247 5190 1903 5263">
    <p class='ocr_par' dir='ltr' id='par_1_98' title="bbox 247 5190 1903 5263">
     <span class='ocr_line' id='line_1_98' title="bbox 247 5190 1903 5263; baseline -0.001 -17"><span class='ocrx_word' id='word_1_706' title='bbox 247 5191 531 5246; x_wconf 91' lang='lat' dir='ltr'><strong>omnibus</strong></span> <span class='ocrx_word' id='word_1_707' title='bbox 563 5208 711 5263; x_wconf 87' lang='lat' dir='ltr'><strong>quas</strong></span> <span class='ocrx_word' id='word_1_708' title='bbox 744 5191 1143 5262; x_wconf 87' lang='lat' dir='ltr'><strong>legerunt.Hic</strong></span> <span class='ocrx_word' id='word_1_709' title='bbox 1165 5192 1319 5246; x_wconf 85' lang='lat' dir='ltr'><strong>enim</strong></span> <span class='ocrx_word' id='word_1_710' title='bbox 1345 5207 1556 5246; x_wconf 91' lang='lat' dir='ltr'><strong>nomen</strong></span> <span class='ocrx_word' id='word_1_711' title='bbox 1590 5190 1903 5245; x_wconf 90' lang='lat' dir='ltr'><strong>mulierum</strong></span> 
     </span>
    </p>
   </div>
   <div class='ocr_carea' id='block_1_99' title="bbox 252 5278 1901 5351">
    <p class='ocr_par' dir='ltr' id='par_1_99' title="bbox 252 5278 1901 5351">
     <span class='ocr_line' id='line_1_99' title="bbox 252 5278 1901 5351; baseline -0.001 -16"><span class='ocrx_word' id='word_1_712' title='bbox 252 5280 524 5335; x_wconf 75' lang='lat' dir='ltr'><strong>Graecum</strong></span> <span class='ocrx_word' id='word_1_713' title='bbox 560 5295 770 5335; x_wconf 86' lang='lat' dir='ltr'><strong>uxores</strong></span> <span class='ocrx_word' id='word_1_714' title='bbox 801 5280 990 5350; x_wconf 85' lang='lat' dir='ltr'><strong>sapit;</strong></span> <span class='ocrx_word' id='word_1_715' title='bbox 1015 5279 1153 5351; x_wconf 90' lang='lat' dir='ltr'><strong>quia</strong></span> <span class='ocrx_word' id='word_1_716' title='bbox 1184 5281 1253 5334; x_wconf 92' lang='lat' dir='ltr'><strong>de</strong></span> <span class='ocrx_word' id='word_1_717' title='bbox 1283 5279 1507 5351; x_wconf 84' lang='lat' dir='ltr'><strong>nuptiis</strong></span> <span class='ocrx_word' id='word_1_718' title='bbox 1541 5278 1760 5334; x_wconf 92' lang='lat' dir='ltr'><strong>mentio</strong></span> <span class='ocrx_word' id='word_1_719' title='bbox 1791 5282 1901 5333; x_wconf 89' lang='lat' dir='ltr'><strong>est.</strong></span> 
     </span>
    </p>
   </div>
   <div class='ocr_carea' id='block_1_100' title="bbox 248 5365 1902 5439">
    <p class='ocr_par' dir='ltr' id='par_1_100' title="bbox 248 5365 1902 5439">
     <span class='ocr_line' id='line_1_100' title="bbox 248 5365 1902 5439; baseline -0.001 -15"><span class='ocrx_word' id='word_1_720' title='bbox 248 5369 394 5424; x_wconf 89' lang='lat' dir='ltr'><strong>Cum</strong></span> <span class='ocrx_word' id='word_1_721' title='bbox 428 5366 737 5439; x_wconf 86' lang='lat' dir='ltr'><strong>ergofilias</strong></span> <span class='ocrx_word' id='word_1_722' title='bbox 770 5366 1075 5422; x_wconf 91' lang='lat' dir='ltr'><strong>hominum</strong></span> <span class='ocrx_word' id='word_1_723' title='bbox 1118 5367 1277 5435; x_wconf 90' lang='lat' dir='ltr'><strong>dicit,</strong></span> <span class='ocrx_word' id='word_1_724' title='bbox 1311 5367 1618 5422; x_wconf 87' lang='lat' dir='ltr'><strong>manifeste</strong></span> <span class='ocrx_word' id='word_1_725' title='bbox 1648 5365 1902 5438; x_wconf 87' lang='lat' dir='ltr'><strong>virgines</strong></span> 
     </span>
    </p>
   </div>
   <div class='ocr_carea' id='block_1_101' title="bbox 249 5454 1904 5528">
    <p class='ocr_par' dir='ltr' id='par_1_101' title="bbox 249 5454 1904 5528">
     <span class='ocr_line' id='line_1_101' title="bbox 249 5454 1904 5528; baseline 0 -16"><span class='ocrx_word' id='word_1_726' title='bbox 249 5456 569 5528; x_wconf 89' lang='lat' dir='ltr'><strong>portendit,</strong></span> <span class='ocrx_word' id='word_1_727' title='bbox 603 5472 728 5527; x_wconf 64' lang='lat' dir='ltr'><strong>qua:</strong></span> <span class='ocrx_word' id='word_1_728' title='bbox 752 5454 943 5509; x_wconf 90' lang='lat' dir='ltr'><strong>adhuc</strong></span> <span class='ocrx_word' id='word_1_729' title='bbox 968 5457 1121 5526; x_wconf 90' lang='lat' dir='ltr'><strong>apud</strong></span> <span class='ocrx_word' id='word_1_730' title='bbox 1164 5462 1435 5528; x_wconf 87' lang='lat' dir='ltr'><strong>parentes</strong></span> <span class='ocrx_word' id='word_1_731' title='bbox 1480 5457 1904 5528; x_wconf 87' lang='lat' dir='ltr'><strong>deputarentur</strong></span> 
     </span>
    </p>
   </div>
   <div class='ocr_carea' id='block_1_102' title="bbox 250 5543 1900 5616">
    <p class='ocr_par' dir='ltr' id='par_1_102' title="bbox 250 5543 1900 5616">
     <span class='ocr_line' id='line_1_102' title="bbox 250 5543 1900 5616; baseline 0.001 -17"><span class='ocrx_word' id='word_1_732' title='bbox 250 5546 404 5616; x_wconf 85' lang='lat' dir='ltr'><strong>(nam</strong></span> <span class='ocrx_word' id='word_1_733' title='bbox 442 5544 664 5615; x_wconf 76' lang='lat' dir='ltr'><strong>nuptiaa</strong></span> <span class='ocrx_word' id='word_1_734' title='bbox 696 5543 1040 5599; x_wconf 88' lang='lat' dir='ltr'><strong>maritorum</strong></span> <span class='ocrx_word' id='word_1_735' title='bbox 1075 5545 1510 5616; x_wconf 89' lang='lat' dir='ltr'><strong>nuncupantur)</strong></span> <span class='ocrx_word' id='word_1_736' title='bbox 1533 5561 1667 5600; x_wconf 92' lang='lat' dir='ltr'><strong>cum</strong></span> <span class='ocrx_word' id='word_1_737' title='bbox 1697 5549 1900 5616; x_wconf 87' lang='lat' dir='ltr'><strong>potue-</strong></span> 
     </span>
    </p>
   </div>
   <div class='ocr_carea' id='block_1_103' title="bbox 2017 4837 3655 4908">
    <p class='ocr_par' dir='ltr' id='par_1_103' title="bbox 2017 4837 3655 4908">
     <span class='ocr_line' id='line_1_103' title="bbox 2017 4837 3655 4908; baseline 0.001 -18"><span class='ocrx_word' id='word_1_738' title='bbox 2017 4852 2181 4906; x_wconf 86' lang='lat' dir='ltr'><strong>quam</strong></span> <span class='ocrx_word' id='word_1_739' title='bbox 2235 4837 2578 4906; x_wconf 83' lang='lat' dir='ltr'><strong>apparitores</strong></span> <span class='ocrx_word' id='word_1_740' title='bbox 2631 4852 2754 4890; x_wconf 87' lang='lat' dir='ltr'><strong>suos</strong></span> <span class='ocrx_word' id='word_1_741' title='bbox 2814 4838 2996 4907; x_wconf 81' lang='lat' dir='ltr'><strong>ignem</strong></span> <span class='ocrx_word' id='word_1_742' title='bbox 3049 4840 3433 4908; x_wconf 76' lang='lat' dir='ltr'><strong>ﬂagrantem»</strong></span> <span class='ocrx_word' id='word_1_743' title='bbox 3483 4837 3655 4906; x_wconf 85' lang='lat' dir='ltr'><strong>(Psal.</strong></span> 
     </span>
    </p>
   </div>
   <div class='ocr_carea' id='block_1_104' title="bbox 2016 4923 3658 4996">
    <p class='ocr_par' dir='ltr' id='par_1_104' title="bbox 2016 4923 3658 4996">
     <span class='ocr_line' id='line_1_104' title="bbox 2016 4923 3658 4996; baseline 0.001 -16"><span class='ocrx_word' id='word_1_744' title='bbox 2016 4941 2114 4980; x_wconf 83' lang='lat' dir='ltr'><strong>cm</strong></span> <span class='ocrx_word' id='word_1_745' title='bbox 2154 4942 2167 4991; x_wconf 90' lang='lat'><strong>;</strong></span> <span class='ocrx_word' id='word_1_746' title='bbox 2228 4924 2389 4978; x_wconf 85' lang='lat' dir='ltr'><strong>Ilebr.</strong></span> <span class='ocrx_word' id='word_1_747' title='bbox 2424 4942 2462 4989; x_wconf 87' lang='lat' dir='ltr'><strong>I,</strong></span> <span class='ocrx_word' id='word_1_748' title='bbox 2502 4923 2575 4994; x_wconf 90' lang='lat'><strong>7).</strong></span> <span class='ocrx_word' id='word_1_749' title='bbox 2612 4923 2926 4996; x_wconf 88' lang='lat' dir='ltr'><strong>Nunquam</strong></span> <span class='ocrx_word' id='word_1_750' title='bbox 2980 4925 3158 4995; x_wconf 85' lang='lat' dir='ltr'><strong>igitur</strong></span> <span class='ocrx_word' id='word_1_751' title='bbox 3205 4927 3492 4981; x_wconf 90' lang='lat' dir='ltr'><strong>dubitavit</strong></span> <span class='ocrx_word' id='word_1_752' title='bbox 3539 4929 3658 4981; x_wconf 88' lang='lat' dir='ltr'><strong>An-</strong></span> 
     </span>
    </p>
   </div>
   <div class='ocr_carea' id='block_1_105' title="bbox 2015 5012 3661 5086">
    <p class='ocr_par' dir='ltr' id='par_1_105' title="bbox 2015 5012 3661 5086">
     <span class='ocr_line' id='line_1_105' title="bbox 2015 5012 3661 5086; baseline 0.001 -18"><span class='ocrx_word' id='word_1_753' title='bbox 2015 5012 2174 5085; x_wconf 87' lang='lat' dir='ltr'><strong>gelos</strong></span> <span class='ocrx_word' id='word_1_754' title='bbox 2222 5029 2424 5068; x_wconf 90' lang='lat' dir='ltr'><strong>omnes</strong></span> <span class='ocrx_word' id='word_1_755' title='bbox 2491 5029 2619 5067; x_wconf 89' lang='lat' dir='ltr'><strong>esse</strong></span> <span class='ocrx_word' id='word_1_756' title='bbox 2686 5012 2950 5084; x_wconf 89' lang='lat' dir='ltr'><strong>spiritus,</strong></span> <span class='ocrx_word' id='word_1_757' title='bbox 3011 5032 3078 5069; x_wconf 89' lang='lat' dir='ltr'><strong>ac</strong></span> <span class='ocrx_word' id='word_1_758' title='bbox 3132 5014 3456 5086; x_wconf 88' lang='lat' dir='ltr'><strong>spiritalem</strong></span> <span class='ocrx_word' id='word_1_759' title='bbox 3531 5031 3661 5071; x_wconf 88' lang='lat' dir='ltr'><strong>esse</strong></span> 
     </span>
    </p>
   </div>
   <div class='ocr_carea' id='block_1_106' title="bbox 2014 5101 2688 5156">
    <p class='ocr_par' dir='ltr' id='par_1_106' title="bbox 2014 5101 2688 5156">
     <span class='ocr_line' id='line_1_106' title="bbox 2014 5101 2688 5156; baseline 0.001 -1"><span class='ocrx_word' id='word_1_760' title='bbox 2014 5101 2246 5156; x_wconf 89' lang='lat' dir='ltr'><strong>illorum</strong></span> <span class='ocrx_word' id='word_1_761' title='bbox 2272 5101 2688 5156; x_wconf 83' lang='lat' dir='ltr'><strong>substantiam.</strong></span> 
     </span>
    </p>
   </div>
   <div class='ocr_carea' id='block_1_107' title="bbox 2083 5188 3663 5263">
    <p class='ocr_par' dir='ltr' id='par_1_107' title="bbox 2083 5188 3663 5263">
     <span class='ocr_line' id='line_1_107' title="bbox 2083 5188 3663 5263; baseline 0.003 -20"><span class='ocrx_word' id='word_1_762' title='bbox 2083 5191 2189 5245; x_wconf 91' lang='lat' dir='ltr'><strong>Sed</strong></span> <span class='ocrx_word' id='word_1_763' title='bbox 2221 5189 2278 5243; x_wconf 91' lang='lat' dir='ltr'><strong>in</strong></span> <span class='ocrx_word' id='word_1_764' title='bbox 2311 5188 2763 5245; x_wconf 88' lang='lat' dir='ltr'><strong>controversiam</strong></span> <span class='ocrx_word' id='word_1_765' title='bbox 2822 5195 3063 5245; x_wconf 91' lang='lat' dir='ltr'><strong>vocatur</strong></span> <span class='ocrx_word' id='word_1_766' title='bbox 3100 5191 3239 5263; x_wconf 93' lang='lat' dir='ltr'><strong>quid</strong></span> <span class='ocrx_word' id='word_1_767' title='bbox 3283 5191 3381 5247; x_wconf 90' lang='lat' dir='ltr'><strong>illo</strong></span> <span class='ocrx_word' id='word_1_768' title='bbox 3429 5192 3663 5263; x_wconf 76' lang='lat' dir='ltr'><strong>spiritus</strong></span> 
     </span>
    </p>
   </div>
   <div class='ocr_carea' id='block_1_108' title="bbox 2015 5278 3660 5350">
    <p class='ocr_par' dir='ltr' id='par_1_108' title="bbox 2015 5278 3660 5350">
     <span class='ocr_line' id='line_1_108' title="bbox 2015 5278 3660 5350; baseline 0.002 -17"><span class='ocrx_word' id='word_1_769' title='bbox 2015 5279 2250 5335; x_wconf 90' lang='lat' dir='ltr'><strong>nomine</strong></span> <span class='ocrx_word' id='word_1_770' title='bbox 2317 5278 2627 5350; x_wconf 88' lang='lat' dir='ltr'><strong>intelligat,</strong></span> <span class='ocrx_word' id='word_1_771' title='bbox 2689 5296 2758 5333; x_wconf 92' lang='lat' dir='ltr'><strong>an</strong></span> <span class='ocrx_word' id='word_1_772' title='bbox 2828 5280 3222 5336; x_wconf 85' lang='lat' dir='ltr'><strong>substantiam</strong></span> <span class='ocrx_word' id='word_1_773' title='bbox 3260 5282 3332 5336; x_wconf 91' lang='lat' dir='ltr'><strong>ab</strong></span> <span class='ocrx_word' id='word_1_774' title='bbox 3390 5282 3551 5336; x_wconf 90' lang='lat' dir='ltr'><strong>omni</strong></span> <span class='ocrx_word' id='word_1_775' title='bbox 3598 5299 3660 5337; x_wconf 88' lang='lat' dir='ltr'><strong>re</strong></span> 
     </span>
    </p>
   </div>
   <div class='ocr_carea' id='block_1_109' title="bbox 2012 5366 3655 5440">
    <p class='ocr_par' dir='ltr' id='par_1_109' title="bbox 2012 5366 3655 5440">
     <span class='ocr_line' id='line_1_109' title="bbox 2012 5366 3655 5440; baseline 0 -17"><span class='ocrx_word' id='word_1_776' title='bbox 2012 5383 2285 5439; x_wconf 86' lang='lat' dir='ltr'><strong>corporea</strong></span> <span class='ocrx_word' id='word_1_777' title='bbox 2313 5384 2553 5438; x_wconf 85' lang='lat' dir='ltr'><strong>prorsus</strong></span> <span class='ocrx_word' id='word_1_778' title='bbox 2587 5366 3039 5433; x_wconf 90' lang='lat' dir='ltr'><strong>distinctam,vel</strong></span> <span class='ocrx_word' id='word_1_779' title='bbox 3066 5386 3277 5440; x_wconf 86' lang='lat' dir='ltr'><strong>corpus</strong></span> <span class='ocrx_word' id='word_1_780' title='bbox 3309 5368 3544 5440; x_wconf 89' lang='lat' dir='ltr'><strong>aliquod</strong></span> <span class='ocrx_word' id='word_1_781' title='bbox 3573 5373 3655 5423; x_wconf 89' lang='lat' dir='ltr'><strong>te-</strong></span> 
     </span>
    </p>
   </div>
   <div class='ocr_carea' id='block_1_110' title="bbox 2012 5455 3657 5527">
    <p class='ocr_par' dir='ltr' id='par_1_110' title="bbox 2012 5455 3657 5527">
     <span class='ocr_line' id='line_1_110' title="bbox 2012 5455 3657 5527; baseline -0.001 -15"><span class='ocrx_word' id='word_1_782' title='bbox 2012 5455 2365 5512; x_wconf 89' lang='lat' dir='ltr'><strong>nuissimum</strong></span> <span class='ocrx_word' id='word_1_783' title='bbox 2386 5471 2451 5510; x_wconf 89' lang='lat' dir='ltr'><strong>ac</strong></span> <span class='ocrx_word' id='word_1_784' title='bbox 2475 5455 2956 5525; x_wconf 88' lang='lat' dir='ltr'><strong>subtilissimum,</strong></span> <span class='ocrx_word' id='word_1_785' title='bbox 2976 5458 3129 5527; x_wconf 91' lang='lat' dir='ltr'><strong>quod</strong></span> <span class='ocrx_word' id='word_1_786' title='bbox 3151 5474 3381 5513; x_wconf 88' lang='lat' dir='ltr'><strong>omnem</strong></span> <span class='ocrx_word' id='word_1_787' title='bbox 3402 5457 3657 5513; x_wconf 88' lang='lat' dir='ltr'><strong>hominis</strong></span> 
     </span>
    </p>
   </div>
   <div class='ocr_carea' id='block_1_111' title="bbox 2012 5544 3655 5617">
    <p class='ocr_par' dir='ltr' id='par_1_111' title="bbox 2012 5544 3655 5617">
     <span class='ocr_line' id='line_1_111' title="bbox 2012 5544 3655 5617; baseline -0.001 -17"><span class='ocrx_word' id='word_1_788' title='bbox 2012 5552 2309 5616; x_wconf 88' lang='lat' dir='ltr'><strong>aspectum</strong></span> <span class='ocrx_word' id='word_1_789' title='bbox 2345 5544 2548 5616; x_wconf 83' lang='lat' dir='ltr'><strong>fugiat.</strong></span> <span class='ocrx_word' id='word_1_790' title='bbox 2585 5549 2695 5599; x_wconf 89' lang='lat' dir='ltr'><strong>Nec</strong></span> <span class='ocrx_word' id='word_1_791' title='bbox 2744 5545 2981 5599; x_wconf 82' lang='lat' dir='ltr'><strong>difﬁteri</strong></span> <span class='ocrx_word' id='word_1_792' title='bbox 3041 5547 3277 5617; x_wconf 90' lang='lat' dir='ltr'><strong>quidem</strong></span> <span class='ocrx_word' id='word_1_793' title='bbox 3338 5560 3655 5617; x_wconf 90' lang='lat' dir='ltr'><strong>possumus</strong></span> 
     </span>
    </p>
   </div>
   <div class='ocr_carea' id='block_1_112' title="bbox 252 5633 3653 5706">
    <p class='ocr_par' dir='ltr' id='par_1_112' title="bbox 252 5633 3653 5706">
     <span class='ocr_line' id='line_1_112' title="bbox 252 5633 3653 5706; baseline -0.001 -16"><span class='ocrx_word' id='word_1_794' title='bbox 252 5636 326 5690; x_wconf 88' lang='lat' dir='ltr'><strong>rit</strong></span> <span class='ocrx_word' id='word_1_795' title='bbox 356 5634 581 5690; x_wconf 82' lang='lat' dir='ltr'><strong>dixisse</strong></span> <span class='ocrx_word' id='word_1_796' title='bbox 613 5649 819 5690; x_wconf 83' lang='lat' dir='ltr'><strong>uxores</strong></span> <span class='ocrx_word' id='word_1_797' title='bbox 849 5633 1155 5689; x_wconf 91' lang='lat' dir='ltr'><strong>hominum</strong></span> <span class='ocrx_word' id='word_1_798' title='bbox 1191 5653 1203 5690; x_wconf 90' lang='lat'>:</span> <span class='ocrx_word' id='word_1_799' title='bbox 1239 5651 1401 5706; x_wconf 65' lang='lat' dir='ltr'><strong>isque</strong></span> <span class='ocrx_word' id='word_1_800' title='bbox 1434 5651 1547 5689; x_wconf 90' lang='lat' dir='ltr'><strong>non</strong></span> <span class='ocrx_word' id='word_1_801' title='bbox 1605 5634 1899 5691; x_wconf 87' lang='lat' dir='ltr'><strong>adulteros</strong></span> <span class='ocrx_word' id='word_1_802' title='bbox 2009 5634 2160 5688; x_wconf 89' lang='lat' dir='ltr'><strong>hanc</strong></span> <span class='ocrx_word' id='word_1_803' title='bbox 2181 5633 2661 5704; x_wconf 87' lang='lat' dir='ltr'><strong>disceptationem</strong></span> <span class='ocrx_word' id='word_1_804' title='bbox 2696 5650 2806 5689; x_wconf 92' lang='lat' dir='ltr'><strong>non</strong></span> <span class='ocrx_word' id='word_1_805' title='bbox 2842 5650 3011 5704; x_wconf 87' lang='lat' dir='ltr'><strong>posse</strong></span> <span class='ocrx_word' id='word_1_806' title='bbox 3051 5634 3215 5688; x_wconf 88' lang='lat' dir='ltr'><strong>facile</strong></span> <span class='ocrx_word' id='word_1_807' title='bbox 3268 5651 3302 5688; x_wconf 89' lang='lat' dir='ltr'><strong>a</strong></span> <span class='ocrx_word' id='word_1_808' title='bbox 3356 5648 3653 5704; x_wconf 84' lang='lat' dir='ltr'><strong>quoquam</strong></span> 
     </span>
    </p>
   </div>
   <div class='ocr_carea' id='block_1_113' title="bbox 250 5720 1897 5796">
    <p class='ocr_par' dir='ltr' id='par_1_113' title="bbox 250 5720 1897 5796">
     <span class='ocr_line' id='line_1_113' title="bbox 250 5720 1897 5796; baseline 0.001 -17"><span class='ocrx_word' id='word_1_809' title='bbox 250 5723 568 5781; x_wconf 84' lang='lat' dir='ltr'><strong>nominans</strong></span> <span class='ocrx_word' id='word_1_810' title='bbox 600 5720 983 5795; x_wconf 85' lang='lat' dir='ltr'><strong>angelos,sed</strong></span> <span class='ocrx_word' id='word_1_811' title='bbox 1016 5720 1281 5796; x_wconf 87' lang='lat' dir='ltr'><strong>maritos,</strong></span> <span class='ocrx_word' id='word_1_812' title='bbox 1315 5722 1457 5781; x_wconf 89' lang='lat' dir='ltr'><strong>dum</strong></span> <span class='ocrx_word' id='word_1_813' title='bbox 1490 5721 1771 5795; x_wconf 84' lang='lat' dir='ltr'><strong>innuptas</strong></span> <span class='ocrx_word' id='word_1_814' title='bbox 1794 5740 1897 5782; x_wconf 91' lang='lat' dir='ltr'><strong>su-</strong></span> 
     </span>
    </p>
   </div>
   <div class='ocr_carea' id='block_1_114' title="bbox 2009 5719 3656 5796">
    <p class='ocr_par' dir='ltr' id='par_1_114' title="bbox 2009 5719 3656 5796">
     <span class='ocr_line' id='line_1_114' title="bbox 2009 5719 3656 5796; baseline -0.001 -15"><span class='ocrx_word' id='word_1_815' title='bbox 2009 5721 2224 5781; x_wconf 87' lang='lat' dir='ltr'><strong>dirimi.</strong></span> <span class='ocrx_word' id='word_1_816' title='bbox 2259 5722 2407 5791; x_wconf 92' lang='lat' dir='ltr'><strong>Quid</strong></span> <span class='ocrx_word' id='word_1_817' title='bbox 2441 5727 2635 5780; x_wconf 88' lang='lat' dir='ltr'><strong>tamen</strong></span> <span class='ocrx_word' id='word_1_818' title='bbox 2666 5724 2736 5779; x_wconf 93' lang='lat' dir='ltr'><strong>de</strong></span> <span class='ocrx_word' id='word_1_819' title='bbox 2762 5722 2869 5779; x_wconf 89' lang='lat' dir='ltr'><strong>hac</strong></span> <span class='ocrx_word' id='word_1_820' title='bbox 2926 5723 3261 5780; x_wconf 86' lang='lat' dir='ltr'><strong>Tertulliani</strong></span> <span class='ocrx_word' id='word_1_821' title='bbox 3303 5721 3485 5781; x_wconf 87' lang='lat' dir='ltr'><strong>nostri</strong></span> <span class='ocrx_word' id='word_1_822' title='bbox 3536 5719 3656 5796; x_wconf 87' lang='lat' dir='ltr'><strong>cpi-</strong></span> 
     </span>
    </p>
   </div>
  </div>
