4118 6182
569 328 688 390 959

1115 324 1641 386 TERTULLIANI
1685 322 2007 386 OPERUM
2052 323 2254 386 PARS
2296 325 2741 387 I.—SEBIES
2788 328 2836 399 I,
2880 320 3434 386 APOLOGETICA.

3778 324 3875 385 960

570 460 741 515 nione
790 458 1009 514 certius
1071 456 1314 529 proferri
1355 455 1557 526 possit,
1615 454 1914 527 explorare
1970 456 2216 511 tentabi-
2245 459 2299 526 Α
2331 460 2564 512 tuerant
2593 458 2837 521 edendo,
2872 460 2930 512 et
2980 454 3259 520 bibendo,
3289 458 3346 508 et
3374 451 3749 524 pedeslavacrc
3776 469 3881 524 por-

568 565 722 604 IDUS.

640 636 901 691 Primum
935 635 1135 705 itaque
1181 634 1598 687 advertendum
1659 638 1747 687 est
1783 634 2074 703 quomodo
2120 633 2217 689 ille

570 728 853 783 adversus
885 723 1208 788 haereticos,
1230 723 1325 793 qui
1359 727 1727 793 assumptum
1758 741 1790 776 a
1834 723 2062 779 Christo
2115 740 2214 779 ve-

571 831 702 869 rum
736 830 949 884 corpus
986 811 1298 881 negabant,
1333 811 1588 881 disputet
1617 828 1936 882 eorumque
1994 812 2216 868 refellat

570 918 850 958 errorem.
883 899 1145 955 Hazretici
1171 904 1364 954 autem
1389 898 1470 952 illi
1517 898 1778 971 exemplo
1831 900 2209 971 Angelorum,

571 992 668 1062 qui
698 989 862 1057 olim,
896 1005 1069 1043 carne
1109 987 1369 1042 humana
1393 988 1610 1055 vestiti,
1656 988 2003 1058 patriarchis
2033 1006 2209 1060 appa-

568 1078 758 1133 ruisse
781 1075 1172 1147 perhibentur,
1205 1075 1532 1130 inferebant
1556 1092 1656 1129 nec
1688 1092 1903 1144 veram,
1946 1094 2049 1131 nec
2108 1095 2207 1133 na-

567 1171 688 1221 tam
724 1165 908 1220 fuisse
933 1164 1146 1219 Christi
1168 1181 1421 1219 carnem.
1456 1164 1943 1219 AtTertullianue
1973 1167 2206 1237 angelo-

571 1272 723 1324 rum,
760 1271 872 1308 non
907 1271 1040 1309 vero
1072 1253 1286 1307 Christi
1316 1269 1548 1308 earnem
1592 1259 1786 1309 natam
1811 1270 1940 1309 esse
1970 1258 2207 1309 conten-

573 1345 692 1411 dit;
727 1342 863 1414 quia
889 1359 1004 1397 non
1030 1342 1110 1407 bi,
1142 1343 1241 1397 sed
1276 1341 1541 1396 Christus
1578 1347 1752 1397 natus
1809 1348 1918 1411 est,
1962 1347 2027 1397 ut
2077 1361 2208 1398 cru-

573 1432 924 1504 eitigeretur,
951 1449 1011 1485 ac
1054 1435 1405 1486 moreretur:
1445 1451 1465 1477 ι
1517 1430 1655 1486 Nam
1713 1437 1962 1497 constat,
2014 1432 2209 1503 inquit

571 1521 808 1593 angelos
862 1536 1093 1575 carnem
1151 1536 1264 1574 non
1325 1520 1617 1590 prepriam
1676 1525 1954 1592 gestasse,
2008 1525 2209 1593 utpote

572 1617 816 1667 naturas
846 1608 938 1679 (al.
972 1614 1206 1677 naturis)
1229 1609 1567 1663 substantiae
1601 1610 1883 1681 spiritalis
1926 1610 2033 1665 etsi
2083 1627 2206 1665 cor-

568 1699 726 1772 poris
750 1698 1021 1769 alicujus,
1055 1698 1145 1752 sui
1177 1702 1369 1752 tamen
1404 1698 1672 1769 generis:
1708 1700 1762 1752 in
1811 1715 2040 1753 carnem
2102 1716 2208 1754 au-

565 1792 683 1845 tem
718 1785 1225 1857 transfigurabiles
1255 1787 1325 1840 ad
1356 1790 1609 1857 tempus,
1630 1792 1695 1842 ut
1724 1788 1903 1842 videri
1959 1792 2017 1843 et
2071 1804 2207 1843 con-

566 1876 731 1948 gredi
753 1892 883 1930 cum
916 1875 1256 1929 hominibus
1288 1880 1544 1945 possent.
1574 1897 1601 1925 ››
1629 1875 1892 1945 (Tertull.
1916 1876 1990 1931 de
2042 1878 2204 1932 (Iam.

570 1965 766 2020 Christ.
796 1981 922 2035 cap.
954 1964 1286 2035 6).Fatetur
1341 1979 1475 2033 ergo
1534 1964 1643 2018 hos
1683 1964 1918 2036 angelos
1967 1982 2203 2021 assum-

567 2053 757 2126 psisse
777 2053 847 2107 ad
878 2056 1108 2123 tempus
1136 2052 1455 2107 humanam
1489 2068 1744 2120 carnem,
1778 2070 1903 2123 qua:
1966 2054 2203 2125 quidem

566 2141 851 2212 ctsivera,
884 2158 998 2196 non
1059 2140 1291 2213 propria
1347 2146 1542 2196 tamen
1583 2146 1707 2197 erat
1756 2141 1988 2198 illorum
2047 2160 2203 2215 caro,

567 2240 705 2311 quia
735 2239 960 2311 utiipse
990 2238 1144 2293 baud
1180 2238 1516 2295 dubitanter
1567 2240 1839 2305 afﬁrmat,
1918 2241 2202 2313 spiritalis

567 2333 659 2385 est
682 2344 882 2384 eorum
917 2327 1265 2385 substantia.
1299 2328 1514 2383 Verum
1547 2328 1824 2401 quoniam
1845 2329 1930 2385 vel
1962 2330 2086 2401 ipse
2116 2331 2204 2387 vel

570 2418 666 2474 alii
726 2418 981 2473 dubitari
1042 2434 1212 2489 posse
1263 2417 1655 2488 opinabantur
1706 2424 1905 2473 utrum
1958 2419 2203 2490 aliquid,

568 2511 634 2562 ut
664 2507 934 2578 superius
958 2506 1364 2562 adnotavimus
1423 2507 1625 2579 (supra
1679 2524 1803 2578 cap.
1862 2509 1917 2574 7,
1975 2513 2081 2563 art.
2127 2510 2203 2580 3),

566 2600 724 2661 esset
754 2596 1008 2651 medium
1041 2597 1191 2651 inter
1221 2612 1432 2666 corpus
1462 2600 1515 2649 et
1572 2595 1737 2661 nihil,
1798 2596 1934 2651 hinc
1980 2596 2077 2651 ille
2134 2612 2207 2652 ne

568 2685 753 2739 ullum
788 2684 1096 2739 cavillandi
1129 2684 1322 2739 locum
1358 2685 1655 2755 praeberet,
1688 2684 1767 2739 ibi
1816 2686 2048 2757 adjecit,
2104 2688 2209 2741 etsi

567 2774 817 2843 corporis
845 2773 1217 2842 alicujus,sui
1247 2779 1427 2828 tamen
1449 2775 1687 2844 generis,
1734 2774 1974 2844 perinde
2033 2792 2098 2829 ac
2156 2776 2206 2830 si

567 2861 844 2917 dixisset:
903 2862 956 2916 Si
1018 2862 1150 2933 quis
1208 2861 1563 2933 pertinacius
1617 2864 1927 2918 contendat
1972 2880 2205 2919 omnem

565 2952 803 3006 omnino
834 2950 1225 3006 substantiam
1279 2951 1432 3007 872
1494 2968 1621 3007 esse
1678 2968 1887 3023 corpus
1945 2952 2204 3025 aliquod,

565 3058 722 3096 nunc
762 3058 876 3097 non
907 3040 1169 3114 litigabo,
1224 3042 1396 3096 modo
1456 3041 1597 3096 mihi
1656 3043 2008 3099 concedatur
2064 3043 2203 3098 sub-

567 3129 847 3187 stantiam
877 3130 1224 3203 angelicam,
1258 3129 1307 3186 si
1342 3132 1485 3186 forte
1516 3131 1593 3186 sit
1624 3148 1854 3203 corpus,
1893 3148 2016 3188 eam
2076 3149 2205 3189 esse

2326 546 2603 618 rigendo:
2648 548 2968 601 humanam
3010 545 3164 600 enim
3204 544 3505 599 induerant
3556 542 3881 612 superﬁciem,

2326 635 2660 691 salvaintus
2690 634 3039 703 'substantia
3069 655 3096 683 »
3146 633 3350 703 (Idem,
3406 633 3470 686 de
3518 633 3713 686 Resurr.
3762 646 3883 685 cam.

2324 743 2451 798 cap.
2484 728 2596 798 62).
2631 728 2903 790 Quisnam
2928 736 3118 780 autem
3149 724 3321 779 fuerit
3352 721 3446 777 illa
3500 720 3706 791 propria
3746 737 3884 793 ange-

2322 817 2513 872 lorum
2548 816 2883 872 substantia
2912 820 2967 870 et
3020 819 3249 881 natura,
3308 812 3416 867 sub
3454 810 3688 864 humana
3736 809 3887 880 efﬁgie

2323 906 2692 972 delitescens,
2725 907 2971 977 ipsemet
2999 905 3212 959 ibidem
3237 902 3321 957 sic
3369 899 3627 971 explicat:
3682 898 3883 969 «Angeli

2323 996 2477 1064 facti,
2511 1001 2791 1067 tanquam
2816 995 3104 1062 homines,
3134 994 3191 1047 in
3225 992 3424 1047 eadem
3458 987 3755 1043 substantia
3794 987 3887 1056 spi-

2321 1087 2469 1141 ritus
2488 1084 2783 1141 carnalem
2810 1085 3213 1139 tractationem
3245 1079 3636 1149 susceperunt,
3670 1098 3686 1123 ι
3742 1074 3886 1143 (Ibid)

2318 1175 2388 1227 At
2420 1174 2633 1245 quibus
2696 1173 2904 1228 amabo
2952 1178 3029 1242 te,
3063 1168 3408 1226 clarioribus
3461 1164 3640 1219 verbis
3692 1162 3887 1231 exprimi

2319 1268 2547 1335 poterat
2576 1262 2816 1334 angelos
2853 1278 2984 1317 vere
3026 1275 3155 1315 esse
3202 1256 3465 1329 spiritus,
3521 1256 3573 1307 et
3624 1249 3887 1322 spiritalem

2318 1368 2521 1406 eorum
2585 1356 2854 1407 naturam
2914 1348 3061 1404 nihil
3124 1361 3361 1418 prorsus
3418 1341 3700 1397 admittere
3750 1336 3890 1391 ullius

2319 1443 2595 1509 materias,
2629 1445 2685 1495 et
2720 1439 2977 1511 corporis
3001 1441 3029 1491 ?

2388 1531 2521 1592 Quae
2555 1546 2723 1600 porro
2774 1529 3057 1583 hactenus
3117 1522 3447 1583 retulimus.
3503 1517 3617 1571 haec
3654 1514 3713 1569 ad
3776 1527 3891 1575 eam,

2318 1636 2433 1691 qua
2463 1636 2666 1674 omnes
2690 1618 2881 1690 angeli
2913 1617 3089 1672 creati
3139 1618 3296 1677 sunt,
3358 1613 3616 1696 naturam
3644 1605 3890 1696 _spectaat,

2318 1688 2493 1778 quam
2522 1707 2618 1761 ille
2650 1688 2796 1761 satis
2825 1709 3021 1777 aperte
3052 1701 3263 1759 asserit
3292 1714 3421 1754 esse
3450 1691 3764 1767 spiritalem,
3804 1688 3889 1778 nisi

2316 1776 2467 1851 hanc
2497 1796 2846 1851 sententiam
2868 1776 2952 1849 iis
2984 1809 3113 1864 quas
3143 1792 3214 1845 de
3236 1788 3429 1860 pravis
3467 1780 3676 1874 angelis
3803 1776 3889 1874 tle-

2316 1885 2591 1941 monibus
2622 1884 2899 1957 prodidit,
2932 1888 3214 1953 tanquam
3247 1884 3377 1933 atra
3407 1872 3651 1947 quadam
3672 1866 3889 1957 caligine.

2318 1980 2371 2027 et
2402 1973 2599 2027 densis
2623 1956 2878 2029 tenebris
2907 1972 3096 2027 offusa
3150 1964 3597 2024 obscuravisset.
3651 1956 3891 2051 Narnheos

2314 2078 2517 2117 omnes
2548 2079 2663 2117 non
2684 2078 2853 2118 secus
2884 2076 2951 2117 ac
2980 2061 3165 2115 bonos
3196 2054 3436 2129 angelos
3464 2055 3619 2107 vocat
3672 2043 3883 2116 spirit“!-

2312 2150 2509 2220 Neque
2536 2149 2592 2205 id
2624 2151 2868 2221 probatu
2891 2147 3147 2204 difficile.
3197 2145 3325 2201 Jam
3366 2140 3522 2197 enim
3577 2131 3889 2191 observatum

2315 2246 2403 2294 est
2430 2238 2499 2293 de
2521 2238 2793 2293 omnibus
2818 2236 3137 2309 generatim
3180 2236 3299 2287 tam
3352 2227 3542 2291 bonis,
3599 2234 3756 2292 quam
3803 2228 3891 2309 ms-

2315 2327 2386 2383 lis
2416 2326 2640 2399 angelis
2671 2328 2742 2383 ab
2768 2301 2866 2382 illo
2894 2325 3176 2394 scriptum
3204 2338 3215 2376 :
3273 2317 3579 2373 «Dicimus
3633 2324 3748 2366 esse
3790 2301 3891 2399 sub

2316 2393 2562 2471 stantias
2594 2416 2880 2485 quasdam
2914 2393 3227 2485 spiritales.
3254 2430 3281 2457 ››
3302 2411 3512 2462 Postea
3537 2416 3660 2456 vero
3682 2402 3731 2453 et
3749 2393 3895 2487 adhue

2315 2477 2649 2578 expressius
2681 2523 2693 2561 :
2724 2529 2743 2555 α
2771 2477 2973 2560 Omnis
3008 2501 3250 2574 spiritus
3299 2497 3444 2565 ales,
3502 2493 3607 2547 hoc
3660 2493 3712 2543 et
3750 2477 3895 2578 angeli

2316 2602 2372 2650 et
2388 2570 2693 2650 .daamones
2719 2618 2739 2643 ι
2768 2594 2975 2663 (Idem,
2997 2570 3281 2662 Apologet.
3332 2602 3460 2657 cap.
3492 2584 3580 2648 22,
3620 2593 3739 2668 pag.
3785 2570 3897 2668 mil

2316 2692 2542 2743 Rursus
2575 2692 2764 2742 autem
2796 2702 2808 2739 :
2836 2708 2861 2735 ι(
2922 2681 3124 2755 Angeli
3174 2686 3231 2736 et
3273 2679 3570 2733 demones
3624 2665 3899 2724 substantia

2317 2777 2559 2847 pessimi
2587 2774 2883 2846 spiritus»
2913 2772 3079 2843 (Ibid.
3106 2785 3231 2838 cap.
3291 2766 3387 2820 39.
3440 2779 3489 2818 c.
3548 2758 3690 2847 408).
3734 2757 3897 2806 Pravo-

2316 2845 2447 2921 rum
2481 2845 2715 2937 quoque
2745 2862 3083 2935 angelorum
3118 2858 3414 2930 princeps,
3449 2852 3518 2907 de
3541 2864 3648 2920 quo
3680 2845 3732 2899 in
3762 2852 3898 2942 stt-pe-

2316 2955 2452 3011 riori
2497 2933 2742 3011 articulo
2780 2933 3056 3016 diximus,
3114 2949 3187 3003 ab
3239 2962 3305 3001 eo
3357 2944 3613 3001 vocatur,
3664 2933 3901 3016 «spiritus

2316 3045 2683 3100 daemoniacaa
2717 3048 2774 3099 et
2803 3039 3076 3114 angelica:
3108 3038 3400 3109 paraturis
3433 3053 3461 3083 υ
3484 3026 3646 3099 (Ibid.
3677 3036 3786 3091 cap.
3832 3015 3900 3114 2‘7.

2316 3151 2363 3190 ο.
2398 3136 2544 3205 433),
2576 3135 2635 3189 id
2666 3138 2775 3197 est,
2810 3103 3075 3204 spiritus,
3108 3103 3208 3198 qui
3225 3126 3565 3179 daemonum
3593 3118 3671 3205 “et
3721 3103 3903 3205 angelo:

562 3236 774 3289 corpus
805 3219 896 3275 sui
928 3189 1180 3292 gsneris.
1209 3189 1283 3274 λι
1307 3220 1567 3289 corporis
1598 3189 1977 3276 nom‘ine'non
2023 3220 2205 3292 aliud,
2238 3222 2281 3289 C
2320 3189 2449 3277 rum
2482 3189 2661 3277 habet
2908 3189 3327 3289 dispositiones
3370 3215 3429 3266 et
3474 3203 3783 3292 qualitates.
3821 3189 3902 3246 Sed

564 3311 629 3362 ut
678 3307 814 3362 alibi
858 3308 1111 3364 vidimus
1160 3310 1282 3379 (loc.
1333 3309 1472 3380 cit.),
1524 3310 1837 3380 significat,
1907 3309 2019 3364 nisi
2085 3327 2206 3365 rem

565 3397 889 3468 quamlibet
919 3399 1291 3453 exsistentem
1323 3402 1380 3453 et
1412 3415 1538 3468 quas
1596 3399 1678 3453 rei
1710 3414 1825 3453 non
1884 3398 2204 3469 exsistenti,

566 3491 622 3541 et
652 3485 835 3540 nihilo
858 3487 1188 3558 opponitur.
1223 3485 1424 3540 Nonne
1455 3502 1591 3557 ergo
1637 3486 1829 3556 colligi
1883 3486 2036 3541 haud
2108 3488 2206 3542 ab-

569 3571 745 3625 surde
776 3572 911 3626 hinc
940 3579 1129 3644 potest
1158 3573 1327 3629 illum
1386 3574 1811 3630 existimavisse
1865 3574 2206 3647 angelorum

571 3665 840 3714 naturam
864 3678 992 3717 esse
1042 3679 1197 3717 mere
1254 3664 1603 3735 spiritalem,
1644 3681 1767 3735 qua:
1827 3670 2023 3721 tamen
2080 3665 2207 3720 ideo

569 3764 783 3819 corpus
808 3750 899 3805 sui
930 3752 1162 3822 generis
1194 3753 1384 3809 vocari
1416 3758 1626 3825 potest,
1661 3754 1798 3824 quia
1838 3772 1953 3810 non
2003 3758 2091 3811 est
2122 3753 2207 3809 ni-

569 3836 672 3907 hil,
705 3854 770 3893 ac
802 3856 996 3895 revera
1026 3841 1297 3897 exsistit?

639 3944 855 3999 Eodem
886 3946 1057 4017 plane
1089 3953 1430 4018 argumento
1453 3950 1723 4005 eumdem
1756 3950 2067 4006 Marcionis
2124 3966 2207 4005 er-

569 4049 759 4087 rorem
793 4034 1102 4107 impugnat
1134 4053 1147 4091 :
1176 4059 1202 4087 «
1233 4038 1353 4102 Quo
1385 4037 1593 4109 magis,
1626 4038 1836 4110 inquit,
1870 4040 2053 4108 angeli
2115 4056 2208 4094 ne-

570 4137 681 4192 que
715 4123 785 4178 ad
822 4124 1192 4180 moriendum
1258 4144 1360 4198 pro
1414 4127 1583 4182 nobis
1630 4128 1919 4198 dispositi,
1978 4128 2207 4182 brevem

570 4213 763 4266 carnis
796 4219 1187 4269 commeatum
1221 4233 1334 4269 11011
1358 4216 1685 4271 debuerunt
1715 4217 2007 4272 nascendo
2054 4232 2210 4272 sum-

571 4298 782 4371 psisse,
839 4303 980 4372 quia
1030 4320 1134 4359 nec
1184 4305 1483 4361 moriendo
1539 4306 1859 4377 deposituri
1902 4322 2029 4361 eam
2088 4306 2208 4361 fue-

571 4392 795 4443 rant....
822 4391 880 4445 Si
909 4394 1141 4447 Creator
1168 4393 1560 4465 facitangelos
1608 4394 1872 4464 spiritus,
1926 4399 1983 4449 et
2032 4412 2210 4467 appa-

572 4477 780 4532 ritores
808 4495 947 4534 suos
978 4481 1172 4552 ignem
1208 4482 1716 4553 ﬂagrantem,tam
1757 4499 1885 4538 vere
1943 4485 2208 4555 spiritus,

2317 3313 2387 3368 de
2418 3313 2528 3368 hoc
2560 3312 2797 3367 nomine
2813 3309 3005 3366 adhuc
3029 3306 3179 3363 infra
3210 3300 3464 3360 articulo
3495 3289 3766 3367 sequenti.

2390 3420 2537 3483 Quid
2570 3436 2722 3484 vero,
2758 3418 2912 3489 quod
2946 3430 3124 3486 supra
3154 3410 3414 3466 vidimus
3444 3408 3586 3476 (Art.
3629 3392 3823 3489 super.)
3854 3387 3905 3443 Ib

2316 3482 2518 3564 eodem
2550 3508 2677 3579 ipso
2705 3482 3061 3563 Tertullianb
3093 3501 3309 3556 diserte
3340 3488 3700 3569 pronuntiari
3721 3488 3770 3541 et
3790 3482 3909 3579 hanc

2318 3600 2616 3667 Satanam,
2640 3602 2697 3652 et
2721 3600 2958 3651 caeteros
2990 3606 3192 3648 omnes
3223 3588 3470 3657 angelos
3501 3594 3699 3667 pravos
3749 3570 3904 3667 eodem

2319 3690 2513 3754 modo,
2556 3663 2671 3758 quo
2725 3690 2782 3741 et
2835 3685 3020 3739 bonos
3076 3682 3299 3735 creatos
3343 3675 3553 3732 fuisse.
3600 3665 3735 3734 QIIin
3770 3663 3906 3757 etiam

2316 3778 2609 3845 daemones,
2638 3774 2831 3845 inquit
2884 3772 3000 3837 ille,
3052 3784 3265 3839 negare
3315 3782 3436 3821 non
3476 3759 3717 3834 possunt
3746 3760 3906 3845 set-1:-

2570 3830 2799 3935 spiriius
2827 3877 2938 3917 esse
2966 3830 3229 3929 (Tertull.
3256 3854 3399 3910 ibid.
3437 3830 3564 3922 cap.

2321 3929 2928 4026 Denique-maximam
2952 3948 3092 4003 dicit
3122 3960 3250 4002 esse
3280 3943 3524 3999 illorum
3556 3929 3907 4029 subtilitatem.

2320 4062 2385 4099 ac
2404 4044 2769 4112 tenuitatem,
2804 4041 2900 4113 qui
2927 4056 3034 4095 sua
3079 4035 3383 4092 alacritate
3435 4036 3738 4097 utramque
3774 4027 3908 4113 lll'ia'

2319 4135 2467 4189 dunt
2496 4108 3201 4191 hominis-substantiam,
3236 4140 3355 4179 uno
3407 4120 3696 4178 momento
3740 4108 3912 4173 ubique

2320 4227 2475 4289 sunt,
2502 4227 2554 4277 et
2597 4226 2754 4277 totus
2772 4225 3090 4289 “terrarum
3123 4213 3281 4270 orbis
3322 4227 3485 4267 unus
3536 4208 3620 4264 eis
3650 4196 3911 4289 esttam-8-

2320 4288 2601 4367 Ppmterea
2636 4333 2656 4359 ι
2702 4288 3043 4373 invisibiles,
3086 4302 3299 4375 inquit,
3365 4306 3426 4357 et
3483 4288 3913 4379 inBODSibiléfl.lP

2320 4364 2971 4470 vpotius,quam
3003 4364 3061 4449 in
3094 4364 3221 4447 actu
3256 4364 3367 4445 suo
3424 4385 3703 4461 apparent
3725 4401 3765 4470 »Α
3791 4364 3914 4441 (Ibid.

2322 4509 2447 4563 ϐαρ.
2481 4467 2578 4557 22,
2599 4489 2807 4561 ρ.406).
2834 4487 3036 4542 Nonne
3067 4488 3258 4540 autem
3293 4481 3419 4536 haec
3449 4476 3648 4534 omnia
3672 4467 3797 4563 satis
3822 4476 3915 4563 una:

572 4583 743 4635 quam
778 4573 834 4624 et
866 4550 1059 4641 ignem
1092 4571 1223 4628 illos
1258 4550 1387 4629 vere
1447 4550 1631 4630 facit.»
1678 4575 1937 4647 (Tertull.
1975 4550 2100 4631 vlib.
2152 4550 2213 4631 ui
2243 4586 2289 4650 Ι)
2322 4550 2528 4635 nii‘este
2560 4550 2967 4635 demonstrant
2993 4572 3356 4630 Tertulliano
3391 4576 3731 4642 persuasum
3776 4550 3916 4650 ξυίδδθ

570 4654 786 4710 advers.
834 4658 1093 4714 Marcion.
1156 4679 1281 4733 cap.
1326 4664 1402 4735 9).
1451 4664 1711 4720 Audisne
1753 4682 1926 4735 quam
2014 4668 2212 4737 aperte

570 4743 819 4800 declaret
852 4747 1223 4820 angelos,qui
1255 4750 1514 4807 humana
1546 4754 1729 4809 forma
1761 4754 1832 4808 ab
1866 4751 2211 4825 patriarchis

566 4831 674 4886 visi
707 4838 865 4900 sunt,
889 4839 1006 4890 tam
1031 4853 1160 4893 vere
1220 4840 1463 4911 spiritus
1513 4841 1714 4908 fuisse,
1784 4858 1959 4913 quam
2016 4856 2211 4897 veram

570 4918 683 4992 ipsi
711 4921 1016 4983 hominum
1086 4946 1319 4985 carnem
1376 4931 1866 5002 assumpserant?
1912 4931 2034 4986 Non
2074 4948 2211 5002 pro-

575 5010 703 5080 pria
733 5018 930 5068 autem
964 5033 1164 5073 eorum
1211 5024 1334 5074 erat
1390 5037 1543 5086 caro,
1605 5021 1703 5074 sed
1746 5020 1890 5090 ipsis
1938 5021 2005 5075 ad
2041 5021 2212 5075 breve

567 5105 862 5173 tempusa
913 5108 1026 5161 Deo
1073 5108 1225 5179 data,
1284 5114 1347 5164 ut
1401 5126 1531 5163 cum
1578 5108 1915 5164 hominibus
1983 5125 2213 5164 conver-

569 5190 686 5244 sari
720 5199 963 5261 possent
988 5199 1045 5250 et
1076 5196 1347 5267 colloqui.
1373 5196 1499 5250 Alia
1521 5197 1717 5267 itaque
1748 5197 2000 5263 illorum,
2034 5215 2210 5269 quam

570 5277 878 5336 hominum
910 5288 999 5337 est
1024 5284 1377 5354 substantia,
1408 5284 1675 5340 videlicet
1732 5286 2075 5358 spiritualis,
2096 5304 2212 5359 qua

568 5368 906 5438 superiores
935 5370 1278 5428 hominibus
1308 5390 1438 5428 vere
1468 5378 1607 5429 sunt
1629 5375 1889 5445 spiritus.

641 5475 815 5531 Plura
841 5477 1047 5549 siquis
1088 5480 1396 5548 desideret,
1456 5481 1616 5537 illius
1672 5482 1735 5539 de
1802 5484 2215 5540 Resurrectione

567 5565 753 5618 carnis
785 5563 1003 5622 librum
1044 5569 1232 5636 adeat,
1263 5575 1319 5625 et
1350 5570 1425 5625 ibi
1462 5570 1701 5626 totidem
1758 5571 1947 5643 legere
2005 5574 2215 5644 poterit

571 5653 927 5723 ejusverba:
964 5659 1215 5732 «Angeli
1256 5660 1570 5734 aliquando
1614 5666 1894 5734 tanquam
1948 5664 2215 5722 homines

2324 4670 2561 4743 angelos
2594 4668 2779 4723 malos
2811 4668 3169 4723 etdremcnes
3202 4678 3315 4716 non
3352 4660 3558 4714 minus
3590 4666 3753 4726 quam
3776 4646 3917 4699 bonos

2322 4759 2581 4832 angelos,
2606 4758 2787 4812 fuisse
2812 4755 3059 4827 spiritus
3078 4754 3106 4809 ?

2390 4865 2608 4920 Verum
2634 4862 2770 4918 huic
2790 4861 3088 4918 sententiae
3148 4858 3291 4914 illud
3349 4864 3680 4927 repugnare
3716 4841 3917 4897 videtur.

2323 4955 2477 5027 quod
2497 4948 2676 5023 supra
2693 4952 2763 5008 ab
2785 4952 2911 5023 ipso
2934 4950 3215 5005 traditum
3257 4938 3796 5001 animadvertimus,
3825 4936 3919 5027 pr?

2323 5025 2422 5101 vos
2442 5043 2678 5117 angelos
2700 5057 2827 5097 sese
2848 5038 3069 5095 nefario
3082 5035 3362 5109 polluisse
3384 5033 3734 5117 feminarum}
3756 5025 3923 5117 οοηθξξ

2325 5111 2596 5203 bitu,quo
2628 5133 2918 5186 daemones
2949 5129 3296 5200 genuerunt.
3330 5123 3446 5177 Sed
3485 5111 3925 5203 respondereqttts

2324 5192 2523 5295 posset
2543 5221 2613 5276 ab
2628 5192 3239 5291 illisfpravisjquemad
3252 5214 3496 5269 modum
3518 5230 3553 5267 a
3574 5192 3925 5296 bonisaugt’ltti

2323 5292 2713 5380 assumptum,
2746 5306 2900 5363 sicut
2930 5304 3102 5377 paulo
3134 5307 3268 5359 ante
3289 5292 3924 5386 dicebamus,bomitﬂ1m

2323 5415 2579 5468 carnem,
2602 5414 2718 5469 qua
2750 5398 3063 5467 potuerunt
3084 5411 3215 5449 cum
3250 5390 3607 5447 mulieribus
3637 5385 3925 5469 commisce-

2324 5488 2391 5541 ri.
2416 5465 2637 5542 Verum
2662 5465 2862 5541 contra
2899 5482 3051 5540 alius
3083 5482 3279 5539 statim
3326 5481 3541 5549 arguet
3604 5465 3925 5547 probandtml

2322 5592 2451 5629 esse
2482 5576 2636 5630 unde
2670 5572 3047 5646 pravigsngeli
3085 5569 3679 5640 humanacharnem
3719 5557 3783 5617 ad

2324 5679 2433 5737 pus
2465 5638 2699 5736 aliquod
2732 5638 3111 5735 sumpserint.
3146 5638 3435 5726 Quamvis.
3456 5654 3615 5715 enim
3672 5638 3929 5707 Tertullia-
