4118 6182
258 360 367 421 961

1194 362 1265 423 D.
1313 364 1409 423 LE
1454 364 1778 425 NOUltltY
1824 366 2477 433 OBSERVA'I‘IONES
2523 375 2780 438 ΝονᾹς.

3544 388 3660 449 962

254 510 371 587 nus
401 509 530 587 eam
562 491 732 550 bonis
762 492 985 567 angelis
1017 512 1051 550 a
1080 494 1194 549 Deo
1226 494 1424 550 datam
1447 511 1563 550 non
1596 494 1799 567 semel,
1834 500 1899 552 ut
1925 508 1978 574 Α
2011 498 2247 568 invidus,
2311 519 2545 575 semper
2597 511 2839 563 conatus
2895 514 2982 565 est
3034 514 3241 567 occulta
3298 517 3663 587 inspiratione

254 582 689 651 adnotavimus,
724 586 921 656 aperte
950 582 1321 655 pronuntiet;
1358 600 1527 638 nemo
1551 588 1745 639 tamen
1769 602 1898 657 pro-

250 672 391 728 bare
422 674 612 743 potest
640 671 799 726 illam
863 672 1134 727 similiter
1198 672 1269 726 ab
1324 670 1421 726 illo
1474 672 1653 727 tribui
1702 673 1895 743 pravis

249 763 501 835 angelis,
537 767 600 818 ut
630 762 906 819 mulieres
938 768 1409 834 constuprarent.

319 871 432 926 Fac
464 876 658 925 tamen
691 870 823 925 illos
854 886 1087 941 quoquo
1146 870 1381 924 tandem
1416 871 1587 924 modo
1620 870 1738 924 sive
1770 869 1895 925 suis

244 960 580 1032 praestigiis,
612 960 731 1014 sive
758 958 889 1014 aliis
911 958 1177 1013 nefandis
1201 958 1425 1013 artibus
1455 974 1581 1011 eam
1606 956 1891 1028 induisse,

242 1052 437 1120 major
492 1065 631 1104 sane
688 1045 957 1119 superest
1011 1048 1081 1102 de
1139 1047 1502 1101 daemonibus
1548 1046 1889 1102 difﬁcultas.

239 1138 428 1210 Cujus
459 1138 617 1193 enim
649 1138 879 1208 generis
909 1136 1154 1208 spiritus
1184 1136 1241 1189 hi
1274 1136 1566 1189 daemones
1594 1151 1724 1190 esse
1754 1152 1888 1206 pos-

238 1233 405 1295 sunt,
441 1243 588 1299 quos
610 1224 1003 1282 Tertullianus
1044 1226 1270 1305 nefasto
1302 1223 1683 1294 innuptarum
1711 1223 1890 1294 virgi-

237 1332 385 1371 num
446 1315 718 1386 conjugio
767 1320 925 1370 ortos
983 1313 1348 1367 arbitratur?
1390 1312 1686 1375 Quomodo
1719 1328 1786 1366 ex
1816 1313 1888 1367 iis

235 1406 533 1477 procreari
566 1408 880 1476 potuerunt
910 1402 1252 1459 substantize
1280 1401 1661 1469 tenuissimas,
1696 1401 1885 1456 subti-

234 1494 501 1563 lissimaa,
535 1493 881 1558 invisibiles,
921 1490 1222 1547 volucrum
1256 1495 1608 1561 superantes
1643 1490 1889 1561 pernici-

233 1589 444 1652 tatem,
467 1600 593 1654 quas
616 1582 939 1655 pervadunt
959 1598 1170 1651 corpus
1192 1585 1249 1635 et
1272 1580 1529 1635 animam
1554 1579 1883 1643 hominum,

236 1689 475 1745 unoque
506 1678 802 1726 momento
836 1670 1047 1740 ubique
1107 1669 1292 1723 sunt?
1342 1668 1547 1737 Negari
1584 1672 1735 1721 certe
1768 1685 1880 1721 non

235 1767 434 1834 potest
493 1762 613 1816 hinc
671 1759 928 1815 maxima
985 1759 1338 1814 obscuritate
1388 1756 1619 1811 involvi.
1653 1757 1708 1809 Si
1742 1756 1879 1827 quid

232 1851 394 1907 enim
430 1849 827 1905 Tertullianus
873 1850 1207 1903 daemonum
1258 1864 1470 1917 corpus
1520 1862 1647 1901 esse
1678 1845 1881 1901 existi-
1917 1881 1963 1945 B

234 1940 442 2007 mavit,
473 1938 617 1994 illud
654 1938 855 2011 procul
888 1937 1066 1993 dubio
1100 1952 1204 1992 nec
1237 1936 1588 2001 humanum,
1624 1951 1727 1989 nec
1779 1935 1887 1988 hu—

232 2045 416 2084 mana
476 2029 663 2100 ﬁgura
717 2029 978 2083 efﬁctam
1034 2043 1162 2081 esse
1219 2025 1466 2080 censuit.
1529 2024 1676 2091 Quid
1709 2023 1889 2094 ergo?

232 2117 537 2190 Numquid
573 2117 818 2190 putabat
846 2116 1111 2187 quaedam
1145 2131 1273 2170 esse
1308 2117 1590 2181 monstra,
1621 2129 1752 2183 quas
1783 2128 1886 2166 nec

233 2206 430 2278 angeli
463 2210 601 2262 sunt
649 2222 753 2261 nec
810 2204 1128 2261 homines?
1184 2207 1257 2257 At
1314 2218 1507 2257 nonne
1547 2201 1657 2256 hoc
1690 2201 1884 2271 ipsum

233 2296 508 2351 absurdae
540 2294 832 2367 opinionis
890 2298 1220 2349 monstrum
1281 2291 1415 2346 est?
1472 2290 1885 2345 Verumtamen

231 2384 377 2439 inde
410 2384 765 2450 Lactantius,
797 2388 857 2437 ut
888 2399 993 2437 suo
1026 2383 1149 2437 loco
1182 2379 1706 2435 animadvertimus
1739 2378 1883 2449 (Dis-

230 2480 376 2528 sert.
410 2475 471 2527 in
501 2475 747 2528 Lactant.
809 2488 935 2542 cap.
994 2472 1085 2537 20,
1148 2475 1259 2525 art.
1313 2470 1385 2536 4).
1448 2469 1677 2522 videtur
1716 2484 1883 2521 suam

234 2563 533 2617 delibasse
565 2562 922 2634 opinionem,
946 2577 1057 2631 qua
1078 2560 1247 2614 docet
1276 2558 1533 2613 mediam
1566 2556 1882 2628 quamdam

235 2668 373 2708 esse
404 2653 736 2707 daemonum
763 2652 914 2705 inter
935 2649 1171 2719 angelos
1201 2654 1258 2703 et
1287 2646 1554 2702 homines
1589 2649 1881 2699 naturam.

234 2741 457 2797 Verum
490 2740 891 2795 Tertullianus
923 2740 981 2792 in
1005 2755 1110 2793 suo
1133 2736 1339 2791 saltem
1372 2736 1709 2806 Apotogetico
1738 2732 1882 2786 illud

236 2846 348 2886 nec
382 2835 577 2902 aperte
598 2830 859 2892 omnino,
894 2844 997 2883 nec
1030 2825 1296 2882 absolute
1323 2823 1602 2890 definivit,
1632 2823 1733 2877 sed
1755 2838 1883 2876 eam

238 2936 375 2976 esse
406 2936 523 2991 quae
553 2919 698 2991 apud
753 2925 979 2973 sancta:
1033 2919 1262 2972 Litteras
1312 2913 1505 2969 ordine
1540 2912 1887 2984 cognoscitur

238 3007 510 3080 (Tertull.
554 3009 836 3081 Apologet.
889 3024 1015 3078 cap.
1064 3006 1155 3075 2‘3,
1201 3021 1250 3059 ο.
1301 3002 1445 3074 403).
1491 3000 1721 3072 Optimo
1752 3000 1885 3071 qui-

238 3098 403 3166 dem,
433 3097 484 3152 si
526 3098 584 3152 in
635 3096 765 3153 aliis
818 3096 982 3151 libris
1031 3096 1185 3149 intra
1232 3094 1404 3148 hosce
1434 3107 1579 3147 veras
1609 3089 1883 3145 doctrinae

238 3187 462 3242 limites
494 3203 619 3241 sese
651 3185 1056 3242 continuisset.

306 3294 617 3360 Caeterum,
650 3293 760 3347 etsi
798 3291 1073 3363 opinatus
1120 3289 1197 3343 sit
1245 3293 1515 3342 naturam
1547 3286 1879 3340 daemonum

228 3400 340 3439 nec
371 3383 528 3438 874
557 3382 831 3463 angelicae
890 3397 994 3435 nec
1047 3379 1316 3434 humanae
1366 3392 1494 3431 esse
1525 3391 1744 3446 parem,
1777 3374 1877 3429 sed

227 3471 459 3542 aliquid
494 3472 643 3525 inter
666 3475 975 3539 utramque
1000 3467 1258 3521 medium
1287 3482 1301 3533 ;
1352 3481 1469 3519 non
1517 3463 1652 3517 inde
1685 3469 1877 3517 tamen

225 3561 512 3616 continuo
536 3559 735 3613 inferri
764 3558 937 3613 debet
986 3555 1149 3611 illum
1205 3571 1447 3626 negasse
1478 3552 1718 3622 angelos
1749 3567 1879 3605 esse

224 3649 500 3720 spiritus.
533 3646 591 3701 Si
622 3647 775 3717 quod
808 3646 1104 3701 enimvero
1153 3642 1517 3697 daemonibus
1549 3657 1760 3711 corpus
1790 3644 1875 3694 at-

227 3737 463 3801 tribuit,
523 3736 667 3790 illud
722 3739 916 3801 tantas,
969 3733 1122 3788 sicut
1174 3731 1451 3798 vidimus,
1485 3728 1789 3783 tenuitatis
1820 3732 1877 3782 et

225 3824 579 3881 subtilitatis
610 3839 739 3878 esse
768 3822 1118 3894 opinabatur
1164 3836 1278 3889 qua
1322 3818 1509 3887 major
1558 3815 1717 3871 nulla
1748 3831 1875 3870 esse

228 3918 445 3985 potest.
496 3913 848 3968 Persuasum
894 3915 1088 3965 autem
1134 3907 1412 3963 habuisse
1458 3905 1687 3960 videtur
1732 3922 1873 3975 prae-

226 4002 582 4059 stantiorem
609 4017 735 4057 esse
766 4003 1052 4055 bonorum
1076 3998 1437 4068 angelorum,
1462 4010 1636 4066 quam
1667 3994 1873 4048 deamo-

226 4108 376 4146 num
410 4095 704 4146 naturam.
736 4090 807 4144 At
838 4106 976 4161 quo,
1004 4087 1243 4143 obsecro
1276 4090 1352 4154 te,
1386 4084 1558 4137 modo
1590 4086 1872 4154 praestan-

224 4181 343 4235 tior
399 4196 529 4234 esse
584 4183 795 4251 potest,
855 4177 965 4231 nisi
1026 4175 1147 4231 haac
1206 4174 1282 4228 sit
1351 4188 1509 4228 mere
1566 4169 1871 4243 spiritalis,

223 4267 501 4339 nihilque
530 4284 772 4339 prorsus
802 4265 1061 4338 corporei
1104 4262 1361 4319 habeat?
1391 4260 1601 4325 Quanti
1632 4276 1765 4315 vero
1798 4260 1869 4313 ad

220 4358 282 4413 id
342 4357 709 4428 probandum
770 4353 1044 4426 ponderis
1100 4352 1221 4406 sint
1279 4368 1366 4417 ea,
1428 4367 1553 4420 qua
1585 4348 1869 4403 hactenus

221 4445 557 4512 retulimus,
590 4448 961 4515 argumenta,
997 4440 1125 4496 aliis
1158 4439 1550 4510 judicandum
1584 4435 1864 4506 relinqui-

219 4552 387 4590 mus.
429 4539 606 4589 Nemo
660 4538 874 4602 autem,
937 4530 1046 4585 nisi
1109 4529 1277 4600 plane
1323 4525 1603 4591 fallimur,
1640 4524 1866 4579 inﬁcias

2007 588 2327 658 gentilibus
2380 594 2721 649 subornatis
2789 600 3164 668 persuadere,
3212 607 3275 656 ut
3319 602 3454 659 illos
3500 607 3658 662 omni

2005 676 2376 733 cruciatuum
2407 696 2617 752 genere
2660 689 2926 739 avertant
2957 703 2990 741 a
3018 689 3133 743 veri
3164 689 3264 745 Dei
3288 690 3470 761 cultu,
3503 698 3558 750 et
3587 695 3659 751 ad

2005 764 2183 821 falsos
2215 768 2355 824 deos
2409 771 2685 826 colendos
2742 775 3095 845 compellant
3126 779 3489 848 (Tertullian.
3524 783 3658 839 ibid.

2004 869 2130 925 cap.
2174 857 2267 923 27,
2301 874 2355 927 p.
2424 859 2570 927 432).
2606 860 2749 915 Nam
2809 860 2941 917 licet
2970 886 2997 913 ‹‹
3033 866 3299 936 subjecta
3356 868 3432 924 sit
3487 872 3656 928 nobis

2002 946 2125 997 tota
2159 944 2242 998 vis
2273 945 2638 1015 daemonum,
2699 956 2755 1004 et
2814 952 3104 1020 ejusmodi
3156 956 3398 1025 spiritus
3433 980 3461 1008 »
3494 960 3653 1029 (Ibid.

2003 1048 2050 1086 c.
2085 1034 2233 1104 433),
2267 1034 2323 1089 id
2375 1040 2486 1104 est,
2530 1038 2828 1095 Satanas...
2891 1041 3313 1100 Verumtamen
3353 1068 3373 1096 ε
3408 1049 3533 1103 vice
3563 1065 3654 1104 re-

2000 1120 2346 1177 bellantium
2407 1126 2868 1196 ergastulorum,
2952 1132 3039 1186 vcl
3116 1133 3507 1205 metallorum,
3566 1136 3655 1192 vel

1999 1210 2109 1266 hoc
2137 1228 2323 1283 genus
2356 1216 2609 1285 poenalis
2643 1218 2945 1273 servitutis
2986 1230 3305 1294 erumpunt
3342 1227 3653 1283 adversum

2000 1315 2163 1355 nos»
2198 1301 2577 1375 Christianos,
2640 1305 2747 1361 hoc
2806 1313 2912 1378 est,
2972 1318 3287 1382 erumpunt
3343 1314 3403 1369 in
3455 1331 3654 1372 eorum

1998 1387 2467 1460 similitudinem,
2493 1394 2588 1462 qui
2615 1396 2931 1465 ergastulis
2966 1414 3032 1451 ac
3063 1401 3395 1457 carceribus
3418 1403 3649 1471 inclusi,

1997 1482 2099 1531 aut
2130 1477 2473 1536 clTodicndis
2510 1482 2783 1550 metallis,
2843 1490 2941 1539 aut
2992 1485 3111 1541 alio
3163 1487 3358 1560 aliquo
3408 1492 3651 1561 pmnalis

1995 1567 2298 1621 servitutis
2330 1587 2536 1638 genere
2589 1572 2875 1639 damnati,
2933 1576 3201 1630 dominis
3258 1578 3555 1635 obsistunt
3584 1598 3650 1635 ac

1995 1662 2341 1725 repugnant.
2399 1660 2551 1724 Quos
2611 1664 2805 1715 autem
2872 1661 3029 1733 pravi
3079 1665 3162 1717 illi
3220 1667 3511 1723 clazmones
3572 1671 3642 1724 ad

1992 1760 2167 1799 suum
2226 1745 2624 1820 falsorumque
2682 1750 2923 1804 deorum
2986 1753 3210 1806 cultum
3273 1754 3549 1812 violentia
3593 1763 3648 1813 et

1992 1837 2216 1887 armata
2246 1851 2424 1890 manu
2457 1837 2745 1893 adducere
2798 1840 3138 1910 nequibant,
3187 1842 3314 1897 illos
3348 1845 3647 1915 quibusli-

1997 1920 2094 1975 bet
2124 1921 2256 1976 aliis
2282 1923 2587 1992 machinis,
2612 1924 2880 1995 fallaciis,
2906 1927 3078 1992 dolis,
3107 1930 3392 2002 malisque
3415 1934 3642 1992 artibus

2000 2009 2322 2063 subornare
2381 2012 2796 2067 moliebantur.
2854 2016 2961 2069 Sed
3014 2033 3139 2086 quas
3181 2019 3251 2072 de
3286 2018 3403 2073 illis
3436 2023 3645 2077 Auctor

1999 2101 2196 2152 noster
2225 2098 2483 2167 tradidit,
2519 2102 2691 2173 paulo
2726 2103 2915 2160 fusius
2948 2104 3309 2162 enucleanda
3338 2113 3497 2165 sunt.

2598 2252 2913 2293 ARTICULUS
2945 2256 3032 2296 Ill.

1998 2337 2677 2421 Quomodq'i‘ertutlianus
2722 2344 2966 2398 ostendat
3014 2348 3306 2421 nonnulla,
3354 2364 3476 2418 qua:
3522 2351 3639 2405 eth-

2064 2411 2177 2463 nici
2231 2411 2339 2464 diis
2392 2413 2505 2465 suis
2557 2421 2815 2476 tanquam
2870 2432 2994 2470 vera
3049 2411 3319 2473 miracula
3362 2411 3636 2476 adscribe-

2067 2480 2216 2562 bunt,
2247 2485 2393 2553 facta
2420 2486 2593 2553 fuisse
2647 2480 2961 2541 daemonum
3016 2490 3236 2545 artibus
3287 2507 3349 2544 ac
3402 2495 3633 2562 praesti-

2064 2569 2191 2620 gzzs.

2068 2666 2310 2722 Multam
2370 2686 2531 2741 sane,
2593 2687 2693 2725 nec
2741 2671 3033 2728 immerito
3065 2674 3300 2745 quidem
3327 2678 3461 2747 jure
3493 2680 3632 2735 Ter-

1995 2754 2278 2811 tullianus
2309 2774 2544 2829 operam
2576 2761 2871 2816 consumit
2902 2761 2957 2815 in
2996 2763 3343 2834 explicanda
3372 2784 3437 2822 ac
3471 2774 3632 2840 pate-

1992 2843 2256 2899 facienda
2285 2846 2639 2913 daamonum,
2664 2853 2728 2903 ut
2756 2850 2879 2919 ipse
2909 2850 3012 2917 ait,
3041 2855 3357 2922 operatione
3384 2856 3633 2926 (Tertul-

1993 2933 2433 3005 lian.Apoloyet.
2486 2952 2609 3006 cap.
2669 2938 2759 3003 22,
2823 2955 2875 3008 p.
2932 2939 3079 3008 405),
3139 2940 3257 2995 sive
3316 2944 3629 3013 machinis,

1994 3020 2322 3092 praestigiis,
2356 3022 2527 3090 dolis,
2588 3023 2854 3093 fallaciis,
2914 3030 2971 3081 et
3018 3026 3147 3082 aliis
3180 3029 3351 3085 malis
3381 3033 3629 3104 artibus,

1992 3108 2209 3179 quibus
2242 3110 2387 3165 falsa
2410 3112 2709 3179 miracula,
2735 3113 2992 3177 oracula,
3018 3114 3248 3187 aliaque
3274 3117 3441 3190 plura
3468 3126 3629 3180 extra

1992 3196 2230 3253 solitum
2262 3204 2486 3255 naturae
2506 3201 2771 3256 ordinem
2794 3203 2963 3258 edere
2994 3204 3360 3261 videbantur.
3398 3208 3627 3268 Ethnici

1990 3286 2281 3358 siquidem
2311 3306 2377 3343 ea
2406 3289 2623 3357 omnia,
2658 3307 2784 3361 quae
2840 3308 2973 3347 vera
3028 3310 3156 3349 esse
3212 3296 3627 3371 epinabantur,

1989 3375 2228 3430 deorum
2263 3394 2504 3432 suorum
2537 3379 2951 3435 adscribebant
2977 3383 3264 3453 potentia,
3289 3390 3463 3455 atque
3494 3386 3632 3443 inde

1988 3464 2413 3520 concludebant
2431 3482 2597 3522 veros
2619 3485 2747 3523 esse
2771 3469 2913 3524 deos
2936 3486 3097 3539 suos,
3126 3488 3439 3545 veramque
3460 3492 3631 3532 suam

1987 3551 2347 3624 religionem.
2383 3555 2780 3612 Tertullianus
2822 3558 3017 3629 itaque
3065 3558 3175 3614 hoc
3225 3561 3500 3618 ultimum
3534 3581 3629 3620 eo-

1987 3658 2115 3696 rum
2148 3644 2652 3714 propugnaculum
2687 3646 2904 3717 duplici
2939 3654 3283 3719 argumento
3316 3652 3465 3709 875
3499 3658 3629 3708 tan-

1986 3746 2160 3799 quam
2194 3730 2411 3801 duplici
2457 3732 2634 3787 ariete
2683 3735 2944 3788 concutit
2992 3736 3373 3809 funditusque
3404 3742 3625 3797 evertit.

1985 3816 2243 3872 Primum
2277 3818 2430 3873 enim
2455 3822 2711 3875 ostendit
2732 3823 3189 3878 extraordinaria
3212 3826 3311 3881 illa
3342 3828 3488 3882 facta
3510 3847 3623 3884 non

1983 3907 2055 3960 ab
2088 3906 2321 3961 illorum
2355 3908 2489 3971 diis,
2524 3909 2607 3963 uti
2639 3911 2944 3980 putabant,
2970 3913 3069 3966 sed
3096 3916 3383 3983 perversis
3411 3918 3626 3973 daemo-

1985 4011 2123 4048 num
2168 3995 2391 4049 artibus
2450 3996 2607 4051 edita
2663 3998 2864 4053 fuisse.
2933 4000 3147 4055 Deinde
3199 4018 3332 4057 vero
3390 4007 3624 4059 eosdem

1983 4084 2276 4138 daemones
2308 4101 2340 4137 a
2369 4083 2717 4139 Christianis
2771 4087 3094 4156 adjuratos,
3143 4087 3333 4160 palam
3363 4091 3627 4146 conﬁteri

1981 4170 2101 4225 haec
2134 4187 2246 4225 non
2280 4175 2351 4226 ab
2385 4172 2515 4226 aliis
2547 4180 2675 4227 acta
2724 4190 2871 4243 esse,
2923 4192 3097 4246 quam
3132 4178 3489 4250 semetipsis,
3523 4180 3624 4252 qui

1980 4276 2094 4315 non
2128 4260 2229 4326 dii,
2264 4260 2364 4315 sed
2398 4261 2690 4316 damones
2726 4267 2954 4317 tantum
2988 4269 3175 4319 erant.

2047 4348 2132 4401 Ad
2164 4348 2413 4420 primam
2446 4366 2577 4404 vero
2610 4350 3063 4421 propositionem
3114 4352 3330 4408 clarius
3380 4356 3622 4413 demon-

1975 4437 2277 4491 strandam
2308 4436 2406 4492 ille
2436 4454 2539 4509 pro
2572 4444 2728 4493 certo
2760 4441 2957 4510 posuit
2987 4439 3174 4513 (Ibid)
3218 4444 3375 4512 quod
3409 4460 3621 4516 negare

1977 4541 2145 4580 nemo
2178 4532 2394 4596 potest,
2427 4526 2755 4581 daemonum
2788 4528 3205 4597 substantiam,
3240 4531 3395 4587 sicut
3422 4532 3481 4587 in
3514 4550 3620 4589 su-

214 4624 331 4679 ibit
378 4623 428 4677 si
470 4624 603 4694 quis
650 4623 710 4676 in
755 4621 845 4675 his
890 4619 1165 4674 omnibus
1196 4632 1357 4670 error
1394 4616 1471 4669 sit
1499 4612 1863 4681 Tertulliani,
1896 4607 1942 4670 D
1975 4614 2182 4684 periori
2218 4613 2464 4668 articulo
2494 4615 2772 4682 vidimus,
2807 4633 2921 4670 non
2972 4615 3164 4672 solum
3197 4635 3325 4674 esse
3353 4620 3620 4676 subtilis-

214 4712 453 4768 nullum
486 4728 551 4767 eo
573 4728 701 4766 esse
734 4711 1014 4780 pejorem,
1039 4723 1155 4778 quo
1178 4719 1485 4776 pravorum
1520 4701 1861 4773 angelorum

216 4820 353 4858 cum
391 4803 622 4857 ﬁliabus
654 4802 960 4857 hominum
1018 4798 1421 4863 concubitum,
1463 4799 1635 4864 atque
1665 4809 1732 4846 ex
1764 4791 1863 4845 illo

214 4892 682 4964 procreationem
743 4890 1072 4944 daemonum
1123 4885 1409 4956 explicare
1468 4882 1691 4937 nititur.
1751 4882 1859 4935 Sed

210 4981 366 5043 vide,
401 4996 621 5051 quasso,
652 4996 780 5049 quis
814 4979 883 5033 de
910 4977 1004 5031 his
1032 4976 1092 5029 in
1123 4973 1423 5044 superiore
1454 4971 1861 5027 dissertatione

210 5070 518 5141 disputata
546 5074 687 5123 sunt
715 5069 1021 5136 (Dissertat.
1056 5066 1112 5118 in
1172 5064 1421 5117 Lactant.
1466 5076 1591 5131 cap.
1624 5060 1714 5125 20,
1749 5063 1855 5113 art.

207 5158 289 5229 5.)
316 5164 375 5213 et
408 5162 606 5211 utrum
640 5156 772 5209 inde
811 5156 937 5225 ejus
970 5151 1164 5224 opinio
1214 5151 1283 5205 ad
1336 5148 1596 5204 veritatis
1626 5146 1857 5218 regulas

206 5247 399 5318 possit
427 5245 647 5301 reduci.

271 5335 459 5391 Nemo
491 5340 685 5389 autem
722 5330 1016 5387 dubitabit
1072 5329 1179 5385 hoc
1236 5344 1440 5384 verum
1499 5342 1648 5395 esse,
1700 5326 1852 5397 quod

194 5431 405 5497 postea
437 5424 509 5479 de
539 5428 756 5478 Satana
786 5427 846 5477 et
894 5420 1260 5476 daemonibus
1305 5422 1553 5473 enarrat.
1603 5416 1852 5472 Satanas

190 5524 401 5579 noster,
436 5513 650 5585 inquit,
702 5514 765 5568 ob
822 5512 1149 5577 divortium,
1209 5526 1242 5564 a
1296 5509 1414 5564 Deo
1471 5506 1760 5574 videlicet,
1794 5510 1851 5561 et

192 5621 373 5662 suum
428 5604 501 5659 ob
548 5607 853 5675 peccatum
897 5601 1149 5669 minutus,
1196 5598 1316 5655 sive
1344 5596 1532 5653 hostis
1567 5600 1625 5651 et
1654 5595 1849 5651 inimi-

192 5709 323 5763 cus,
384 5693 437 5748 et
491 5692 554 5747 ob
624 5692 721 5747 Dei
775 5692 1019 5762 gratiam
1086 5686 1439 5745 Christianis
1508 5701 1847 5742 concessam

1974 4704 2184 4757 simam
2243 4720 2309 4757 ac
2368 4703 2797 4771 tenuissimam,
2857 4706 2955 4759 sed
3017 4706 3168 4762 vires
3210 4708 3383 4762 etiam
3416 4726 3618 4766 eorum

1974 4791 2287 4863 spiritales,
2323 4809 2733 4864 summamque
2766 4792 3151 4866 alacritatem,
3186 4814 3301 4868 qua
3341 4815 3457 4855 uno
3491 4817 3616 4856 mo-

1974 4885 2168 4934 mento
2205 4882 2419 4951 ubique
2452 4898 2601 4950 esse,
2652 4898 2717 4935 ac
2775 4882 3005 4953 singula
3040 4902 3303 4956 qumque,
3338 4896 3390 4943 et
3425 4889 3614 4960 ipsam

1972 4968 2227 5023 hominis
2288 4970 2681 5023 substantiam
2744 4972 3057 5040 pervadere
3109 4980 3376 5045 possunt.
3415 4979 3614 5050 Itaque

1970 5074 2101 5112 cum
2156 5058 2238 5111 ita
2298 5057 2533 5112 formati
2586 5058 2724 5123 sint,
2785 5075 3011 5126 eorum,
3068 5062 3147 5115 ait
3191 5063 3616 5135 Tertullianus,

1972 5168 1999 5197 «
2034 5145 2254 5200 Malitia
2309 5144 2590 5215 spiritalis
2619 5163 2651 5201 a
2686 5148 3004 5218 primordio
3046 5151 3253 5205 mundi
3287 5156 3617 5225 auspicata,

1967 5233 2139 5290 estin
2175 5233 2432 5288 hominis
2462 5234 2695 5289 exitium
2730 5256 2756 5285 ι»
2817 5237 2997 5308 (Ibid)
3026 5256 3038 5305 ;
3102 5241 3337 5308 quando
3386 5243 3615 5298 scilicet

1966 5326 2139 5378 Evam
2174 5327 2230 5377 et
2257 5323 2569 5391 Adamum,
2608 5323 2835 5379 felicem
2896 5326 2951 5379 in
3013 5330 3272 5383 terrestri
3334 5331 3610 5387 Paradiso

1962 5413 2140 5468 vitam
2176 5415 2412 5483 agentes
2443 5412 2689 5479 decepit.
2728 5414 2940 5468 Eadem
2978 5431 3213 5486 quoque
3245 5418 3472 5474 malitia
3502 5436 3609 5475 caa-

1961 5508 2117 5558 teros
2149 5499 2418 5555 homines
2450 5499 2507 5553 in
2541 5516 2821 5569 errorem,
2864 5510 2919 5557 et
2965 5505 3239 5575 quaelibet
3268 5508 3508 5578 scelera,
3542 5523 3609 5563 ac

1961 5588 2335 5663 potissimum
2366 5588 2426 5643 in
2455 5588 2871 5662 idololatriam,
2923 5592 3323 5665 falsorumque
3361 5596 3603 5650 deorum

1960 5678 2219 5744 nomine,
2250 5676 2306 5731 in
2338 5677 2431 5733 sui
2462 5676 2688 5735 cultum
2719 5677 2994 5736 inducere
3026 5682 3425 5738 connituntur.
