4118 6182
505 290 623 354 963
1023 281 1547 346 TERTULLIANI
1594 278 1919 341 OPERUM
1964 275 2166 337 PARS
2208 272 2256 336 1.
2292 309 2367 320 —
2398 274 2671 336 scmus
2714 276 2763 347 ι,
2812 230 3374 338 ΑΡΟΒΟΕΕἮΟΑ.
3728 280 3826 342 964

579 425 665 480 Ab
697 422 770 477 iis
803 425 1019 487 autem,
1055 436 1179 491 quea
1223 417 1333 472 diis
1393 415 1516 472 suis
1561 413 1777 470 ethnici
1812 411 2150 466 tribuebant
2180 432 2235 499 Α
2264 409 2522 499 quidem,
2556 410 2709 464 sicut
2768 409 2851 464 illi
2908 411 3313 481 autumabant,
3356 410 3614 466 miraculo
3640 410 3834 469 illatum

515 510 817 580 miracula,
849 515 912 565 ut
944 509 1264 570 ordiamur,
1323 504 1445 559 haec
1500 521 1533 558 a
1590 500 1953 557 daemonibus
1999 499 2153 554 facta

512 603 693 658 fuisse
723 603 939 654 Auctor
961 602 1157 652 noster
1177 596 1259 649 sic
1282 595 1665 649 demonstrat.
1689 589 1911 651 Tantis,
1938 589 2150 659 inquit,

512 690 734 747 viribus
765 692 823 741 et
851 684 1259 757 spiritualibus
1315 688 1371 737 et
1426 679 1816 735 invisibilihus
1858 677 2150 744 instructi,

512 780 780 834 incautos
829 775 1095 830 homines
1147 772 1503 844 quibusdam
1550 773 1827 840 premunt
1855 762 2150 837 aegritudi-

513 868 711 934 nibus,
743 881 958 936 easque
988 860 1290 934 depellunt
1320 858 1616 923 remediis,
1648 856 1737 912 vel
1784 856 1855 910 ad
1896 853 2153 908 miracu-

513 958 636 1013 lum
671 955 856 1017 novis,
886 953 973 1007 vel
1006 954 1180 1006 etiam
1235 950 1577 1014 contrariis;
1640 951 1703 1000 ut
1752 943 1882 999 illos
1914 958 2155 997 sanasse

514 1046 849 1109 credantur,
880 1058 1026 1113 quos
1051 1038 1292 1095 remotis
1322 1042 1548 1092 tantum
1582 1033 1902 1103 maleﬁciis,
1948 1031 2155 1086 laedere

515 1133 812 1190 desinunt.
848 1130 1238 1195 Quamobrem
1270 1126 1423 1194 illos,
1466 1130 1523 1180 et
1574 1124 1704 1179 ﬁcta
1740 1138 1943 1178 eorum
1979 1120 2154 1175 mira-

514 1222 646 1278 cula
678 1221 763 1276 sic
793 1218 1031 1274 irridet:
1083 1240 1110 1266 «
1148 1215 1396 1270 Beneﬁci
1451 1213 1622 1285 plane
1668 1218 1725 1267 et
1774 1212 1927 1266 circa
1982 1226 2156 1265 curas

513 1310 952 1375 valetudinum;
985 1306 1204 1361 laedunt
1232 1304 1389 1359 enim
1423 1304 1629 1373 primo,
1658 1300 1867 1356 dehinc
1899 1298 2158 1354 remedia

516 1399 879 1472 praecipiunt,
915 1397 984 1451 ad
1027 1393 1375 1450 miraculum
1436 1408 1605 1457 nova,
1665 1391 1784 1444 sive
1843 1387 2155 1456 contraria,

514 1493 650 1560 post
680 1504 807 1559 quae
836 1485 1117 1540 desinunt
1147 1482 1375 1548 laedere,
1409 1486 1465 1535 et
1498 1494 1734 1534 curasse
1774 1477 2096 1532 creduntur
2130 1496 2150 1523 υ

514 1576 673 1649 (Ibid.
709 1592 759 1630 c.
794 1574 939 1642 400).
999 1572 1196 1643 Neque
1249 1570 1339 1624 his
1396 1574 1625 1624 tantum
1685 1565 1895 1639 plagis,
1932 1561 2155 1635 corpori

516 1665 776 1720 humane
800 1658 1393 1727 inﬁictis,etsanatis,
1419 1659 1475 1712 in
1500 1657 1798 1712 hominum
1819 1654 2159 1724 conspirant

515 1752 836 1825 perui:ien,
869 1750 969 1805 sed
1003 1767 1109 1805 sua
1139 1749 1313 1803 etiam
1346 1745 1672 1801 subtilitate
1714 1744 1903 1815 ipsam
1956 1758 2158 1813 perva-

514 1804 663 1898 crlunt
708 1804 943 1896 illorum
995 1804 1275 1899 animam,
1339 1841 1510 1905 atque
1568 1804 1754 1889 saevis.
1790 1804 2156 1899 libidinibus,
2193 1804 2235 1867 Β

516 1929 813 1993 amentiis,
870 1945 936 1982 ac
1018 1926 1315 1980 furoribus
1397 1924 1682 1988 excitatis,
1737 1922 1794 1976 in
1855 1918 2158 1991 quodlibet

518 2018 711 2074 scelus
740 2017 876 2072 illos
935 2016 1223 2069 inducunt
1277 2012 1485 2084 (Ibid).
1546 2012 1662 2066 Nos
1710 2016 1903 2065 autem
1937 2009 2007 2063 de
2065 2006 2157 2062 his

520 2106 790 2163 nefandis
868 2105 1199 2159 damonum
1269 2102 1492 2157 artibus
1567 2099 1704 2155 alibi
1768 2097 2160 2154 disseruimus

522 2197 767 2267 (Diuert.
801 2196 857 2250 in
892 2195 1095 2251 Minui.
1130 2208 1255 2263 cap.
1292 2192 1377 2259 18,
1411 2195 1519 2245 art.
1550 2190 1626 2261 2).

588 2302 805 2357 Eadem
837 2298 1159 2355 subtilitate
1191 2298 1483 2351 daemones
1534 2295 1855 2350 induebant
1894 2293 2158 2364 phantas-

518 2400 691 2454 mata,
725 2390 844 2445 sive
875 2387 1128 2458 efﬁgiem
1180 2389 1468 2442 Castorum
1508 2382 1851 2454 (Tertullian
1884 2381 2066 2449 ibid.),
2101 2380 2157 2433 id

521 2485 627 2545 est,
657 2478 914 2534 Castoris
948 2482 1003 2530 et
1037 2474 1303 2539 Pollucis,
1346 2490 1410 2528 ac
1468 2490 1577 2526 sua
1628 2472 1828 2525 innata
1857 2468 2160 2523 velocitate

522 2568 806 2623 celebrem
863 2567 1254 2620 Romanorum
1313 2566 1383 2617 de
1440 2563 1609 2616 Perse
1666 2561 1812 2631 Rege
1860 2559 2158 2612 victoriam

524 2661 715 2711 Roma:
746 2655 945 2709 eodem
980 2653 1073 2706 die
1130 2651 1643 2715 annuntiaverunt,
1703 2665 1817 2719 quo
1873 2650 2164 2717 reportata

525 2744 737 2800 fuerat.
770 2743 930 2809 Quod
965 2741 1198 2812 quidem
1257 2739 1392 2795 alibi
1428 2757 1459 2793 a
1490 2738 1659 2792 nobis
1706 2742 2041 2791 enarratum
2076 2738 2165 2790 est

528 2835 775 2908 (Disseri.
810 2834 867 2886 in
909 2833 1111 2887 Minui.
1145 2847 1271 2900 cap.
1309 2828 1394 2893 18,
1430 2831 1539 2882 art.
1573 2826 1650 2897 2).

598 2943 721 2997 Huc
753 2954 984 3012 quoque
1034 2941 1300 3008 spectant
1355 2952 1540 3007 pauca
1595 2934 1854 3005 quidem,
1900 2935 2000 2988 sed
2036 2949 2162 3004 quas

525 3018 794 3104 pluribus
824 3029 1073 3083 obscura
1119 3026 1473 3081 videbuntur
1516 3024 1633 3078 haec
1682 3022 1949 3077 Auctoris
1982 3021 2164 3076 nostri

522 3122 736 3176 verba:
772 3142 799 3169 ‹‹
834 3119 897 3173 Et
949 3117 1186 3171 barbam
1242 3119 1401 3169 tactu
1465 3114 1778 3168 inrufatam
1814 3134 1840 3161 »
1896 3109 2161 3183 (Tertull.

526 3208 709 3279 ibid.).
764 3212 834 3261 At
885 3222 952 3259 ea
1009 3203 1223 3258 clarius
1281 3201 1528 3273 explicat
1585 3202 1919 3268 Suetonius,
1966 3200 2063 3253 ubi
2095 3199 2166 3253 de

525 3295 748 3366 origine
769 3294 958 3366 gentis
979 3292 1451 3348 OEnobarherum
1473 3290 1735 3345 disserit:
1761 3312 1787 3339 α
1814 3286 2160 3350 OEnobarbi,

525 3385 736 3455 inquit,
767 3387 1062 3437 auctorem
1093 3378 1332 3450 originis
1362 3379 1621 3448 itemque
1661 3376 2025 3449 cognominis
2056 3375 2163 3429 ha-

527 3473 667 3527 bent
698 3471 943 3526 Lucium
982 3466 1315 3535 Uomitium,
1351 3465 1443 3519 cui
1466 3482 1597 3519 rure
1647 3464 1955 3519 revertenti
1992 3464 2162 3534 juve-

528 3577 631 3615 nes
662 3558 879 3630 gemini
912 3561 1111 3611 Castor
1157 3562 1212 3610 et
1255 3554 1460 3608 Pollux
1513 3554 1849 3624 augustiore
1881 3554 2065 3608 forma
2096 3570 2164 3607 ex

527 3664 774 3703 occursu
833 3646 1154 3716 imperasse
1204 3644 1521 3697 traduntur
1579 3644 1876 3697 nuntiaret
1934 3642 2161 3696 senatui

527 3753 593 3791 ac
623 3733 835 3807 populo
866 3733 1192 3799 victoriam,
1228 3732 1298 3786 de
1329 3747 1446 3801 qua
1474 3729 1763 3785 incertum
1797 3730 1988 3784 adhuc
2018 3737 2161 3795 erat,

528 3830 701 3895 atque
732 3824 787 3877 in
824 3824 995 3876 ﬁdem
1049 3820 1369 3889 majestatis
1421 3818 1653 3888 (divinae
1702 3817 1988 3889 videlicet)
2023 3821 2163 3873 adeo

528 3913 680 3969 876
713 3910 1093 3985 permulsisse
1138 3909 1335 3975 malas,
1385 3914 1448 3962 ut
1489 3925 1518 3963 e
1567 3909 1729 3976 nigro
1762 3908 2003 3962 rutilum
2038 3909 2164 3961 aeri-

527 4020 640 4074 que
670 3999 992 4058 assimilem
1042 3998 1320 4070 capillum
1372 3997 1694 4051 redderent.
1744 3997 1904 4060 Quod
1938 3997 2167 4069 insigne

528 4090 764 4159 mansit,
797 4096 854 4144 et
885 4088 941 4142 in
974 4088 1221 4159 posteris
1253 4087 1402 4157 ejus,
1459 4102 1523 4139 ac
1582 4102 1793 4157 magna
1825 4103 1958 4156 pars
1991 4085 2167 4141 rutila

528 4180 708 4234 barba
740 4180 975 4233 fuerunt
1006 4198 1034 4224 ››
1092 4176 1352 4243 (Sueten.
1406 4174 1464 4228 in
1532 4175 1631 4230 Vit.
1684 4174 1879 4229 Neron.
1920 4176 1947 4241 §
1995 4175 2065 4245 1).
2100 4175 2167 4229 Et

526 4268 583 4322 id
644 4267 879 4339 quidem
942 4281 975 4319 a
1030 4264 1342 4318 Plutarcho
1402 4263 1783 4317 conﬁrmatur
1838 4264 1965 4333 (Vit.
2024 4265 2167 4318 Paul

527 4358 715 4411 Afmil.
750 4361 890 4410 tom.
955 4358 994 4417 1,
1046 4370 1103 4422 ρ.
1160 4352 1309 4422 268).
1372 4353 1680 4421 Iura/"aiam
1714 4351 1893 4423 igitur
1926 4353 2166 4407 barbam

530 4444 674 4498 dixit
704 4441 1117 4506 Tertullianus,
1154 4442 1293 4512 quia
1322 4456 1388 4494 ex
1420 4442 1582 4508 nigro
1616 4439 1805 4495 colere
1829 4440 1885 4493 in
1922 4442 2165 4496 rubrum

2264 497 2373 553 sibi
2404 497 2625 553 violatae
2658 500 2967 570 castitatis,
2998 506 3100 555 aut
3130 498 3288 555 sicut
3316 498 3391 555 ait
3415 500 3688 571 Dionysius
3709 503 3835 557 Hali-

2262 604 2613 643 carnasseus
2645 588 2768 659 (lib.
2796 605 2835 642 η
2866 590 3145 660 .lntiquit.
3172 590 3394 644 Roman.
3416 606 3469 661 p.
3492 590 3585 645 128
3608 594 3658 644 et
3683 593 3840 663 seqq.)

2263 679 2528 734 exstincti
2581 680 2728 734 sacri
2775 680 2930 752 ignis
2986 680 3203 734 crimen
3260 679 3481 750 penitus
3535 680 3708 735 diluit.
3750 683 3838 736 Sed

2264 768 2334 821 de
2364 767 2491 834 hac,
2525 783 2905 839 quascumque
2960 769 3055 837 sit,
3116 769 3359 824 historia
3414 767 3571 840 plura
3612 769 3843 826 Valerius

2262 858 2572 923 Maximus,
2605 874 2778 928 quem
2811 857 3113 913 consulere
3152 858 3385 929 poteris,
3416 858 3576 913 sicuti
3605 858 3841 929 Plinium,

2262 945 2681 1017 Augustinum,
2731 953 2787 1001 et
2843 947 2989 1002 alios
3045 946 3193 1018 (Val.
3259 947 3404 1002 Max.
3455 946 3841 1015 lih.vm,c.1;

2266 1033 2413 1089 Plin.
2446 1033 2548 1089 lib.
2610 1052 2787 1091 xxvm
2829 1036 3025 1090 Natur.
3085 1036 3212 1092 hist.
3274 1053 3398 1108 cap.
3427 1037 3479 1106 2,
3512 1054 3561 1106 p.
3607 1036 3728 1102 157;
3756 1038 3843 1090 Au-

2265 1126 2417 1192 gust.
2453 1122 2555 1178 lib.
2588 1142 2643 1191 x,
2677 1125 2741 1180 de
2770 1126 2931 1181 Civit.
2967 1141 3093 1196 cap.
3129 1126 3213 1192 16,
3246 1141 3302 1196 p.
3334 1126 3479 1194 252).

2337 1212 2734 1269 Tertullianus
2764 1214 2956 1283 itaque
3013 1213 3134 1269 hzec
3191 1218 3248 1269 et
3276 1213 3388 1270 alia
3434 1213 3847 1284 hujusmodiex-

2264 1301 2652 1357 traordinaria
2710 1303 2879 1371 facta,
2912 1320 3041 1375 quae
3090 1302 3305 1358 ethnici
3357 1303 3719 1371 mirabantur,
3747 1302 3849 1357 ideo

2267 1389 2596 1445 daemonum
2630 1395 2751 1446 arte
2783 1397 2839 1447 et
2869 1391 3179 1464 praestigiis
3211 1391 3367 1447 edita
3413 1408 3539 1447 esse
3568 1391 3772 1455 asserit,
3799 1393 3850 1444 ut

2266 1481 2504 1533 numina
2534 1480 2758 1551 lapides,
2792 1481 2848 1535 id
2877 1484 2985 1548 est,
3014 1481 3255 1536 deorum
3280 1479 3589 1536 simulacra
3609 1478 3853 1550 lapidibus

2266 1568 2477 1635 efﬁcta,
2512 1585 2625 1623 non
2660 1569 2787 1625 falsi
2823 1570 2901 1624 dii
2933 1571 3308 1640 crederentur,
3342 1573 3393 1624 et
3432 1586 3584 1624 verus
3615 1573 3741 1625 Deus
3768 1583 3851 1622 non

2266 1667 2600 1727 quaereretur
2628 1658 2898 1729 (Tertull.
2932 1659 3115 1729 ibid).
3153 1659 3215 1714 In
3275 1658 3665 1730 superioribus
3693 1660 3851 1712 autem

2267 1746 2485 1800 nostris
2503 1746 3018 1802 dissertationibus
3036 1748 3107 1803 de
3129 1747 3221 1802 his
3245 1747 3476 1802 abunde
3494 1746 3853 1809 disseruimus,

2269 1834 2761 1905 manifestumque
2792 1836 2870 1890 ibi
2904 1836 3149 1891 fecimus
3200 1853 3316 1907 qua
3366 1836 3581 1891 ratione
3609 1834 3853 1889 Arnobius

2267 1940 2467 1978 eorum
2505 1924 2817 1980 falsitatem
2848 1926 3251 1981 demonstrare
3300 1929 3539 1981 conetur
3586 1926 3853 1992 (Dissertai.

2268 2012 2325 2065 in
2354 2011 2551 2066 Arnob.
2587 2029 2636 2066 c.
2700 2014 2785 2082 18,
2835 2018 2941 2067 art.
3006 2015 3031 2067 1
3093 2018 3151 2068 et
3199 2015 3275 2083 2).
3330 2016 3404 2069 At
3441 2010 3705 2068 Minutius
3734 2008 3856 2066 Felix

2267 2104 2441 2171 atque
2472 2099 2831 2171 Lactantius,
2863 2102 3286 2157 Tertullianum
3322 2102 3523 2169 secuti,
3546 2101 3661 2156 haec
3684 2100 3856 2155 damo-

2268 2206 2433 2257 num,
2467 2190 2550 2244 uti
2585 2189 2861 2257 diximus,
2926 2191 3075 2247 dolis
3125 2209 3191 2246 ac
3238 2191 3548 2247 fraudibus
3604 2190 3738 2245 facta
3758 2202 3857 2242 esse

2268 2278 2588 2332 ostendunt
2626 2279 2929 2350 (Dzssertat.
2976 2280 3035 2333 in
3086 2280 3275 2334 Minui.
3310 2297 3361 2336 c.
3395 2280 3485 2347 29,
3518 2296 3568 2335 a.
3598 2279 3661 2345 2;
3690 2279 3858 2333 Disser-

2268 2370 2364 2420 tat.
2399 2367 2455 2420 in
2490 2368 2738 2433 Lactant.
2772 2384 2898 2438 cap.
2932 2369 3021 2437 20,
3055 2374 3164 2423 art.
3225 2372 3259 2422 7
3309 2373 3369 2423 et
3421 2386 3544 2439 cap.
3574 2368 3774 2431 32,art.
3799 2364 3857 2432 4).

2270 2458 2403 2521 Quae
2435 2472 2566 2510 vero
2595 2455 2720 2527 ipse
2776 2456 3172 2511 Tertullianus
3232 2457 3347 2512 sibi
3408 2456 3675 2529 peculiria
3701 2453 3857 2516 habet,

2269 2547 2326 2597 et
2357 2544 2657 2613 speciatim
2690 2544 2908 2612 retulit,
2944 2545 3002 2599 in
3036 2546 3423 2615 sequentibus
3455 2543 3705 2601 articulis
3732 2557 3859 2596 com-

2271 2630 2509 2702 planare
2535 2633 2914 2688 tentabimus.

2872 2792 3191 2831 ARTICULUS
3229 2792 3307 2831 ιν.

2268 2863 2547 2933 Quomodo
2573 2863 2844 2919 daemones
2870 2866 3187 2934 futurarum
3235 2883 3431 2920 rerum
3474 2865 3741 2920 scientiam
3763 2860 3861 2916 sub-

2344 2937 2544 3005 ripere,
2604 2940 2957 3003 teniaverini,
3001 2953 3067 2991 ac
3118 2938 3396 3005 falsorum
3444 2938 3660 2992 deorum
3686 2936 3865 3005 nomine

2342 3004 2601 3075 ambigua
2626 3008 2969 3077 quibusdam,
3002 3023 3066 3062 ac
3090 3004 3411 3079 prasertim
3442 3009 3644 3079 Pyrrho
3665 3011 3713 3060 et
3746 3004 3863 3057 Cre-

2343 3094 2421 3147 so,
2454 3080 2685 3133 oracula
2713 3080 2981 3134 dederint.

2352 3202 2668 3257 Praesensio
2701 3207 2757 3257 et
2788 3203 3031 3258 scientia
3082 3218 3276 3257 rerum
3334 3204 3595 3257 futurum
3634 3220 3654 3247 ι
3684 3195 3867 3268 magni-

2276 3290 2404 3358 ﬁca,
2440 3292 2519 3345 ait
2547 3290 2767 3355 Cicero,
2801 3291 3067 3361 quiedam
3101 3308 3191 3346 res
3222 3295 3279 3346 et
3332 3290 3626 3356 salutaris,
3658 3288 3701 3344 si
3732 3284 3867 3340 modo

2273 3384 2363 3433 est
2393 3379 2530 3444 ulla,
2564 3395 2810 3450 quaeque
2843 3379 3105 3449 proxima
3136 3380 3206 3434 ad
3266 3380 3523 3447 deorum
3548 3379 3657 3433 vim
3686 3380 3866 3430 natura:

2275 3467 2507 3522 mortali
2538 3468 2724 3538 possit
2755 3468 3033 3522 accidere.
3071 3489 3098 3517 ››
3152 3468 3354 3527 iCicer.
3390 3468 3494 3523 lib.
3525 3468 3548 3523 1
3576 3467 3635 3521 de
3667 3462 3865 3520 Divinat.

2274 3557 2509 3625 p.254).
2561 3556 2758 3627 Neque
2819 3556 2871 3609 id
2932 3556 3299 3611 daemonibus
3354 3563 3482 3612 erat
3530 3552 3863 3625 incognitum.

2272 3645 2659 3709 Quamobrem
2693 3644 2842 3699 hanc
2886 3645 3192 3699 scientiam
3246 3645 3361 3699 sibi
3420 3660 3645 3716 quoque
3672 3637 3865 3696 tandem

2276 3736 2443 3789 modo
2470 3735 2763 3789 vindicare
2812 3735 3139 3790 voluerunt.
3175 3735 3321 3790 Nam
3376 3741 3443 3790 ut
3490 3732 3737 3806 apposite
3772 3742 3867 3782 om-

2274 3824 2411 3877 nino
2472 3822 2863 3877 Tertullianus
2924 3829 3138 3885 noster,
3201 3846 3228 3872 «
3282 3814 3870 3888 Emulanturﬁnqult.

2275 3911 2658 3975 divinitatem,
2688 3912 2825 3965 dum
2855 3914 3124 3966 furantur
3146 3912 3590 3967 divinationem.
3625 3932 3651 3959 ››
3681 3903 3872 3979 (Tertul-

2275 3998 2415 4054 lian.
2446 4001 2715 4070 Apologet.
2776 4016 2824 4053 c.
2886 4002 2976 4066 22,
3041 4017 3095 4070 p.
3161 4000 3313 4067 408).
3360 4002 3512 4066 Quin
3545 4000 3655 4054 imo
3684 3997 3725 4051 si
3754 3989 3868 4048 8"

2277 4089 2446 4143 ﬁdem
2476 4088 2528 4142 ei
2560 4088 2799 4154 habeas,
2836 4089 2982 4143 nihil
3012 4088 3126 4143 illis
3152 4090 3261 4143 hac
3283 4089 3658 4144 aemulatione
3687 4083 3876 4140 charius

2276 4177 2693 4248 antiquiusque
2726 4178 2867 4232 fuit:
2902 4200 2929 4227 «
2965 4182 3031 4231 Et
3063 4194 3191 4248 quae
3244 4177 3384 4249 illis,
3449 4178 3549 4247 ait,
3600 4166 3875 4231 accuratior

2276 4282 2494 4337 pascua
2522 4271 2631 4331 est,
2665 4283 2842 4336 quam
2906 4272 2968 4321 ut
3024 4266 3321 4321 hominem
3360 4284 3396 4321 a
3429 4265 3735 4337 recogitata
3765 4270 3878 4312 vera!

2275 4353 2600 4408 divinitatis
2630 4359 2892 4409 avertant
2924 4354 3235 4426 praestigiis
3290 4355 3454 4411 falsa:
3496 4346 3835 4409 divinationis
3855 4362 3874 4390 η

2278 4442 2429 4512 (Ibid.
2464 4459 2519 4513 p.
2560 4442 2703 4510 407).
2738 4447 2930 4513 Atque
2986 4443 3068 4498 ita
3123 4443 3363 4515 quidem
3425 4444 3487 4498 in
3537 4440 3770 4499 editione
3804 4432 3879 4488 lti-

529 4547 809 4587 conversa
841 4530 966 4584 fuit.
1019 4532 1090 4584 At
1149 4528 1449 4584 brevitatis
1509 4545 1685 4583 causa
1740 4528 1889 4583 hanc
1918 4529 2014 4585 ille
2037 4535 2169 4585 tan-
2201 4519 2247 4583 D
2279 4530 2465 4603 galtii,
2499 4531 2598 4601 qui
2631 4531 2753 4586 haec
2796 4532 2992 4599 verba,
3046 4533 3141 4587 illi
3187 4538 3243 4587 et
3280 4541 3558 4598 avertunt,
3590 4531 3657 4585 ad
3705 4526 3878 4580 deamo-

530 4618 833 4674 tummodo
860 4617 1115 4673 subitam
1143 4618 1469 4688 miramque
1508 4617 1699 4672 barbis
1731 4618 2166 4673 conversionem

533 4711 840 4771 memorat,
876 4723 993 4777 qua
1040 4705 1276 4776 quidem
1338 4705 1452 4760 alia
1510 4723 1762 4778 quoque,
1797 4723 1926 4777 quae
1956 4707 2172 4762 ethnici

532 4794 931 4863 venditabant,
986 4793 1268 4850 miracula
1325 4796 1471 4850 satis
1530 4800 1724 4866 aperte
1781 4796 2173 4868 designaban-

532 4890 631 4940 tur

604 4970 1021 5043 Spiritualibus
1053 4978 1245 5028 autem
1272 4973 1602 5027 daamenum
1634 4973 1904 5043 ingeniis,
1930 4973 2173 5042 viribus,

535 5065 590 5117 et
622 5061 867 5116 fallaciis
928 5062 1047 5116 hinc
1093 5062 1241 5116 facta
1290 5077 1416 5114 esse
1475 5066 1769 5116 asseverat
1808 5061 2173 5131 (Tertullian.

532 5150 644 5206 loc.
677 5150 821 5221 cit.),
853 5148 1346 5221 quemadmodum
1392 5154 1448 5203 et
1492 5165 1706 5215 navem,
1742 5150 1822 5203 uti
1856 5149 2045 5204 adhuc
2075 5150 2174 5219 ait,

534 5237 754 5304 cingulo
785 5246 1101 5299 promoiam,
1138 5251 1169 5287 a
1200 5232 1439 5288 Claudia
1486 5236 1762 5290 nimirum
1818 5236 2031 5291 Vestali
2062 5238 2177 5292 vir-

533 5324 689 5397 gine,
724 5331 787 5378 ut
818 5324 952 5379 alibi
978 5324 1104 5394 jam
1137 5323 1662 5378 animadvertimus
1692 5326 1936 5394 (Dissert.
1972 5327 2027 5379 in
2062 5328 2174 5381 Mi-

533 5419 658 5472 παι.
693 5430 820 5485 cap.
860 5413 942 5479 t7,
976 5416 1083 5467 art.
1120 5410 1193 5479 1).
1228 5410 1617 5465 Venditabant
1647 5411 1889 5484 insuper
1938 5414 2175 5481 ethnici,

536 5520 762 5577 aquam,
819 5501 903 5555 uti
965 5498 1153 5571 pergit
1209 5498 1306 5552 ille
1359 5498 1564 5570 (Ibid),
1617 5500 1796 5557 cribro
1851 5506 2180 5572 gestatama

536 5590 751 5651 Tuscia
780 5588 1062 5645 nimirum
1103 5586 1217 5644 alia
1269 5586 1475 5645 vestali
1531 5587 1732 5645 itidem
1764 5591 2024 5664 virgine:
2057 5609 2172 5666 quo

2287 4636 2389 4675 nes
2422 4620 2725 4675 referenda
2755 4637 2884 4676 esse
2916 4622 3186 4693 opinatus
3218 4628 3327 4677 est.
3362 4625 3440 4677 At
3469 4622 3529 4677 in
3562 4617 3761 4676 nostris
3784 4627 3884 4667 ma.

2286 4708 2602 4778 nuscriptis
2633 4709 2955 4777 codicibus,
2987 4727 3051 4765 ac
3075 4710 3283 4781 priscis
3305 4703 3884 4775 editionibuslegimus

2286 4798 2376 4852 illi
2396 4803 2451 4852 et
2470 4801 2716 4866 avertat;
2747 4815 2876 4869 quae
2896 4799 2966 4854 ad
2992 4804 3248 4855 notatam
3270 4800 3497 4855 ibidem
3526 4815 3558 4854 a
3578 4790 3885 4852 Tertulliano

2287 4888 2683 4957 aspirationem
2740 4888 3072 4943 daemonum
3128 4888 3327 4942 referri
3402 4888 3605 4958 utique
3662 4878 3883 4954 possunt

2285 4975 2505 5031 Nomen
2533 4992 2667 5031 vero
2696 4992 2901 5048 pascua
2931 4977 3001 5031 ab
3034 4994 3121 5047 co,
3172 4976 3347 5033 sicuti
3386 4993 3420 5031 a
3452 4975 3632 5031 sacris
3678 4967 3885 5038 Scripto-

2287 5064 2452 5119 ribus
2484 5067 2700 5120 nostris
2751 5066 3034 5137 accipitur
3086 5083 3187 5138 pro
3247 5065 3518 5138 pastione
3548 5069 3605 5118 et
3632 5058 3883 5116 alimento.

2287 5150 2431 5206 Nam
2465 5157 2525 5207 ut
2558 5153 2725 5224 plura
2772 5170 2973 5209 eorum
3024 5153 3151 5209 loca
3198 5154 3570 5219 omittamus,
3594 5150 3655 5205 in
3701 5142 3885 5218 psalmo

2287 5240 2563 5296 vicesimo
2614 5243 2873 5298 secundo
2926 5242 3208 5314 scriptum
3243 5247 3368 5297 est:
3410 5242 3521 5295 «In
3554 5240 3674 5294 loco
3703 5242 3887 5307 pascuae

2288 5328 2367 5383 ibi
2396 5344 2487 5384 me
2521 5329 2825 5386 collocavit
2852 5350 2878 5381 υ
2904 5330 3082 5403 (Psal.
3116 5348 3253 5399 nam,
3286 5330 3399 5400 20).

2358 5418 2659 5481 Quomodo
2693 5423 2887 5474 autem
2920 5421 3216 5475 daemones
3250 5418 3440 5474 moliti
3474 5419 3594 5473 sint
3622 5404 3881 5470 divinatio-

2291 5523 2418 5561 nem
2453 5508 2777 5578 subripere,
2830 5509 2987 5565 hunc
3045 5516 3259 5566 Auctor
3314 5513 3517 5563 noster
3562 5498 3811 5575 exposuit
3845 5491 3886 5544 in

2287 5596 2445 5653 hunc
2469 5599 2709 5656 modum
2731 5616 2745 5656 :
2767 5600 2989 5675 Ingenii
3012 5600 3105 5659 sui
3126 5600 3453 5659 subtilitate
3467 5622 3495 5649 «
3516 5589 3890 5670 dispositiones
