4118 6182
254 336 369 401 965

1162 346 1234 406 D.
1280 344 1377 407 LE
1423 345 1750 411 NOURRY
1795 346 2442 415 OBSERVATIONES
2490 352 2754 418 ΝονιΕ.

3542 363 3660 427 966

249 473 423 529 etlam
456 468 576 545 Dei,
604 474 661 529 et
691 475 831 568 tunc
856 475 1158 568 prophetis
1198 480 1685 538 concionantibus
1731 499 1900 539 exce-
1928 488 1986 553 Α
2017 485 2429 543 dissertatione
2450 491 2770 557 (Dissertat.
2805 494 2864 547 in
2894 493 3091 548 Minut.
3135 510 3257 565 cap.
3322 496 3408 567 17,
3439 505 3547 552 art.
3581 499 3660 568 3).

248 567 482 634 perunt,
512 567 569 618 et
601 580 755 618 nunc
779 564 1131 621 lectionibus
1156 584 1339 624 sacrae
1369 570 1682 642 Scriptum
1741 590 1896 629 reso-

247 650 529 706 nantibus
559 656 808 723 carpunt
839 675 867 703 »
900 654 1160 723 (Tertull.
1192 655 1330 711 Ibid.
1367 673 1424 728 p.
1483 659 1629 731 408).
1684 660 1897 717 Preste-

245 755 344 795 rea
368 745 618 803 sumunt,
650 742 704 796 id
738 747 847 813 est,
897 755 1224 815 agnoscunt
1271 746 1540 816 quasdam
1596 756 1898 821 temporum

244 832 432 893 sortes,
466 830 585 886 sive
618 831 844 887 futuros
872 836 1203 904 temporum
1233 838 1422 890 status
1449 840 1506 891 et
1533 842 1796 894 eventus.
1835 838 1896 893 In

247 924 450 974 nostra
504 925 699 974 autem
771 922 841 975 de
918 923 1201 977 Lactantii
1260 923 1426 978 libris
1486 926 1899 983 dissertatione

245 1008 367 1064 haec
426 1007 866 1065 enucleavimus
922 1011 1143 1066 Dissert.
1204 1014 1262 1067 in
1318 1018 1568 1071 Lactant.
1619 1033 1748 1089 cap.
1805 1018 1895 1083 20,

248 1103 335 1152 art
354 1099 438 1167 7).

314 1187 443 1241 Alio
475 1186 666 1241 adhuc
699 1187 870 1242 modo
926 1188 1153 1258 pluvias
1187 1189 1353 1245 facile
1412 1191 1754 1263 praedicunt.
1804 1197 1899 1249 Et-

245 1275 427 1332 enim.
460 1297 489 1325 «
522 1275 769 1344 Habent,
804 1277 885 1331 ait
907 1276 1100 1333 adhuc
1133 1277 1536 1335 Tertullianus
1578 1281 1783 1351 (lbid.),
1829 1283 1899 1337 de

245 1363 503 1418 incolatu
561 1364 733 1431 aeris,
787 1365 857 1420 de
896 1365 1112 1421 vicinia
1167 1367 1451 1438 siderum,
1511 1372 1568 1423 et
1615 1371 1686 1425 de
1736 1388 1898 1427 com-

245 1450 464 1507 mercio
500 1452 745 1508 nubium
777 1452 1041 1509 caelestes
1070 1471 1297 1527 sapere,
1329 1456 1435 1513 hoc
1453 1462 1561 1527 est,
1582 1475 1899 1531 agnoscere

244 1547 577 1613 paraturas,
611 1547 674 1597 ut
703 1545 760 1596 et
782 1541 1029 1613 pluvias,
1063 1560 1209 1614 quas
1234 1545 1357 1615 jam
1392 1547 1676 1615 sentiunt,
1708 1564 1900 1619 repro-

245 1629 503 1685 mittant.
535 1652 565 1678 »
597 1630 893 1685 Pamelius
958 1648 1093 1687 vero
1145 1648 1252 1688 nos
1311 1633 1405 1688 hic
1458 1635 1713 1691 monitos
1770 1651 1899 1691 esse

242 1720 427 1775 voluit
459 1736 521 1775 se
555 1737 664 1776 non
701 1721 1041 1777 meminisse
1084 1727 1281 1778 utrum
1346 1741 1555 1780 nomen
1613 1735 1899 1795 paratum

242 1810 397 1881 apud
431 1808 578 1864 alios
608 1810 1135 1880 auctoreslegalur.
1171 1811 1280 1866 Sed
1313 1818 1414 1867 aut
1444 1814 1568 1885 ipse
1592 1831 1705 1870 non
1739 1814 1893 1886 lege-

242 1902 354 1963 rat,
387 1903 491 1952 aut
520 1914 635 1952 non
667 1899 1090 1953 recordabatur
1121 1916 1183 1954 se
1212 1900 1425 1972 legisse
1455 1902 1512 1955 in
1546 1903 1677 1957 Vita
1710 1904 1897 1958 sancti

244 1984 517 2055 Cypriani
572 1986 692 2040 haec
748 1987 936 2041 Pontii
996 1989 1207 2043 verba:
1250 2009 1277 2040 ιι
1324 1989 1593 2045 Nondum
1641 1992 1901 2046 secunda

245 2074 524 2129 nativitas
552 2091 767 2130 novum
803 2075 1101 2131 hominem
1138 2076 1450 2147 splendore
1510 2083 1631 2134 toto
1689 2080 1897 2134 divinae

244 2162 393 2218 lucis
414 2162 800 2231 occulaverat,
836 2169 892 2219 et
915 2165 1038 2234 jam
1072 2170 1293 2221 veteres
1318 2183 1384 2220 ac
1417 2167 1699 2237 pristinas
1746 2172 1900 2225 tene-

251 2251 389 2306 bras
419 2251 547 2307 sola
575 2250 724 2308 lucis
757 2258 1032 2324 paratura
1059 2253 1325 2309 vincebat
1350 2274 1377 2305 ι
1439 2255 1624 2325 (Pont.
1659 2257 1719 2311 in
1783 2258 1901 2312 Vita

253 2339 307 2395 S.
344 2340 513 2412 Cypr.
549 2357 598 2395 c.
646 2342 724 2413 2).
783 2346 1076 2397 Paratum
1133 2348 1325 2398 autem
1379 2360 1592 2398 nomen
1650 2344 1731 2399 ibi
1771 2344 1899 2416 ipso

250 2428 600 2484 Tertulliani
630 2445 807 2485 sensu
840 2430 1154 2485 adhibetur
1201 2448 1305 2502 pro
1345 2432 1754 2504 dispositione,
1798 2450 1901 2505 ap-

250 2521 484 2589 paratu,
518 2522 576 2572 et
604 2519 1046 2590 praeparatione,
1081 2521 1165 2575 uti
1202 2520 1329 2590 jam
1389 2522 1764 2577 observatum
1815 2526 1903 2578 est

250 2607 405 2678 (Art.
440 2608 665 2679 super.)

317 2705 475 2760 Dicit
501 2705 699 2775 itaque
717 2706 931 2761 Auctor
964 2710 1166 2762 noster
1187 2722 1274 2773 ea,
1310 2724 1437 2778 quae
1469 2708 1527 2762 in
1560 2707 1749 2764 altiori
1774 2707 1899 2764 coeli

248 2792 488 2864 regione
537 2792 1034 2865 praeparabantur,
1096 2795 1343 2850 nubium
1395 2797 1743 2852 commercio
1806 2813 1902 2852 cc-

247 2882 453 2952 gnosci
487 2898 521 2936 a
542 2882 908 2937 daemonibus
936 2882 1001 2937 de
1034 2884 1278 2938 incolatu
1305 2885 1472 2938 aeris.
1510 2885 1766 2940 Noverat
1817 2885 1902 2940 si-

248 2972 491 3041 quidem
518 2975 790 3025 Satanam
823 2972 893 3025 ab
925 2971 1188 3042 apostolo
1246 2974 1466 3043 vocari,
1499 2996 1526 3023 ‹‹
1576 2973 1901 3046 Principem

249 3060 564 3130 potestatis
588 3059 740 3115 aeris
763 3059 976 3131 hujus;
1010 3062 1305 3117 dmmones
1352 3078 1507 3129 vero,
1573 3063 1904 3134 spiritualia

247 3148 591 3220 aequitatis:
618 3149 673 3202 in
726 3148 1062 3205 cmlestibus
1094 3172 1121 3200 »
1159 3153 1362 3222 (Epist.
1398 3150 1467 3205 ad
1496 3151 1690 3219 Ephcs.
1742 3168 1803 3217 ιι,
1834 3155 1902 3217 2;

2008 574 2280 645 Ejusdem
2316 578 2570 649 profecto
2604 580 2834 650 generis
2866 588 2956 637 est
3014 582 3170 638 aliud
3232 589 3423 641 Crceso
3467 587 3660 641 reddi-

2006 666 2156 719 tum.
2183 669 2389 721 Narrat
2420 667 2575 723 enim
2612 670 2900 726 Eusebius
2930 672 3164 742 (Euseb.
3224 673 3327 729 lib.
3391 692 3443 746 v,
3509 678 3663 731 Pras-

2004 770 2129 825 par.
2184 758 2382 827 Evang.
2444 775 2570 829 cap.
2603 760 2665 816 21
2704 766 2761 815 et
2783 762 2875 830 22,
2918 780 2973 833 p.
3022 764 3122 817 211
3185 768 3241 819 et
3296 766 3446 836 seq.)
3503 766 3662 822 hunc

2008 842 2196 915 Lydiae
2230 862 2418 916 regem
2447 863 2580 903 cum
2608 849 2825 904 bellum
2861 850 3050 907 Persis
3096 853 3307 908 inferre
3356 854 3657 924 cogitaret,

2005 932 2350 1003 Appclinem
2412 935 2780 1007 Delphicum,
2842 940 3010 1008 cujus
3067 942 3346 1011 templum
3418 942 3662 998 infinitis

2008 1021 2217 1092 opibus
2259 1028 2315 1078 et
2354 1025 2612 1081 donariis
2664 1037 3063 1095 excrnaveral,
3096 1030 3163 1084 de
3226 1032 3422 1087 futuro
3481 1032 3661 1103 hujus

2007 1110 2147 1166 belli
2177 1118 2387 1169 eventu
2439 1116 2830 1188 consuluisse,
2870 1124 2926 1173 et
2980 1120 3083 1173 hoc
3115 1121 3285 1191 plane
3317 1121 3658 1194 ambiguum

2008 1201 2305 1271 accepisse
2336 1220 2684 1276 responsum
2710 1224 2721 1261 :

2008 1320 2238 1389 Κροῖσος
2293 1318 2449 1375 ’Άλιν
2529 1316 2747 1389 διαϐὰς,
2806 1322 3049 1399 μεγάλην
3108 1324 3287 1399 ἀρχὴν
3344 1323 3658 1383 καταλύσει.

2039 1436 2248 1485 Crassus
2278 1436 2447 1499 Halyn
2466 1451 2737 1505 superans
2767 1453 3013 1505 magnam
3031 1445 3301 1501 pervertet
3319 1455 3481 1505 opum
3497 1442 3623 1490 vim.

2460 1500 2738 1559 (Herodot.,
2770 1500 2877 1551 lib:
2915 1538 2933 1562 ,
2965 1500 3080 1565 cap.
3114 1507 3209 1559 65).

2007 1634 2168 1700 Quod
2194 1633 2289 1688 ille
2340 1637 2543 1705 postea
2601 1634 2906 1690 conﬁrmat
2957 1635 3235 1691 OEncmai
3297 1640 3657 1700 testimonio.

2006 1725 2077 1778 At
2106 1722 2160 1776 id
2195 1722 2299 1776 tibi
2333 1723 2382 1776 si
2406 1739 2519 1777 non
2539 1722 2815 1788 sufﬁciat,
2840 1724 2999 1778 adire
3024 1727 3240 1795 poteris
3274 1725 3655 1800 Herodotum,

2006 1816 2063 1867 et
2093 1813 2191 1883 qui
2226 1811 2295 1865 de
2327 1814 2575 1882 utroque
2607 1811 2822 1883 Pyrrho
2870 1820 2926 1867 et
2964 1817 3150 1868 Crasso
3178 1820 3378 1885 agunt,
3430 1818 3656 1875 Cicero.

2009 1917 2165 1969 nem,
2200 1899 2590 1971 Bulengerum
2633 1904 2689 1954 et
2719 1899 2865 1956 alios
2924 1901 3126 1972 (Cicer.
3183 1902 3285 1957 lib.
3330 1922 3391 1971 ιι,
3427 1910 3511 1961 De
3573 1908 3662 1964 di-

2006 1991 2121 2045 vin.
2156 2007 2211 2060 p.
2241 1989 2383 2055 296;
2412 1987 2716 2060 Bulenger.
2744 1991 2815 2043 Dc
2837 2004 2964 2045 orna
3009 1995 3060 2044 ct
3090 1995 3198 2045 vat.
3235 2008 3361 2064 cap.
3393 1994 3473 2065 6).

2076 2079 2157 2131 Ad
2182 2078 2451 2132 eumdem
2489 2094 2658 2148 porro
2690 2078 2948 2133 Croesum
2983 2079 3227 2133 attinent
3277 2080 3394 2136 haec
3451 2085 3662 2141 subse-

2008 2165 2249 2237 quentia
2279 2166 2627 2221 Tertulliani
2659 2167 2868 2222 verba:
2906 2187 2932 2219 α
2954 2167 3238 2223 Caeterum
3301 2172 3659 2231 testudinem

2010 2254 2303 2325 concoqui
2359 2271 2491 2309 cum
2526 2255 2800 2309 carnibus
2834 2256 3073 2327 pecudis
3103 2258 3348 2328 Pythius
3380 2276 3445 2314 eo
3491 2264 3661 2317 modo

2010 2343 2322 2405 nuntiavit,
2355 2359 2471 2414 quo
2504 2360 2685 2415 supra
2715 2343 3007 2399 diximus:
3037 2352 3332 2401 momento
3364 2350 3518 2418 apud
3554 2349 3662 2421 Ly-

2010 2434 2166 2488 diam
2204 2434 2437 2487 fueratn
2500 2433 2756 2504 (Tertull.
2810 2434 3088 2505 Apologet.
3148 2451 3199 2490 c.
3252 2436 3343 2502 22,
3405 2455 3461 2508 ρ.
3512 2440 3659 2511 409).

2011 2522 2297 2577 Memoriae
2329 2522 2622 2593 siquidem
2646 2523 2770 2593 jam
2804 2522 3016 2578 citatus
3050 2541 3083 2578 a
3112 2524 3283 2579 nobis
3337 2526 3660 2583 Herodotus

2010 2611 2268 2682 prodidit
2299 2609 2512 2667 missos
2551 2613 2787 2667 aCraso
2846 2611 3104 2678 nuntios,
3158 2612 3257 2683 qui
3308 2614 3468 2669 varia
3523 2616 3659 2672 deo-

2011 2716 2141 2755 rum
2175 2699 2412 2755 oracula
2439 2701 2831 2765 consulerent,
2880 2705 2937 2755 et
2980 2701 3115 2771 quid
3170 2700 3295 2772 ipse
3354 2702 3412 2757 in
3482 2704 3663 2776 Lydia

2012 2794 2224 2860 ageret,
2262 2788 2716 2844 sciscitarentur.
2752 2789 3129 2861 Singulorum
3151 2794 3346 2844 autem
3378 2807 3662 2864 responsa

2012 2895 2147 2932 cum
2197 2878 2535 2948 accepisset,
2594 2876 2826 2932 nullum
2886 2879 3169 2949 probavit,
3231 2877 3341 2932 nisi
3396 2879 3661 2953 Delphici

2011 2965 2316 3037 Apollinis,
2349 2966 2448 3036 qui
2482 2982 2568 3031 ea,
2605 2983 2731 3037 qua:
2789 2967 2860 3021 ab
2894 2966 2993 3020 illo
3025 2984 3083 3022 re
3132 2983 3264 3022 vera
3318 2970 3663 3039 agebantur,

2013 3056 2122 3110 hoc
2152 3071 2436 3125 responso
2458 3054 2664 3113 edixit;
2712 3050 2969 3123 Χελώνην
2998 3055 3087 3109 καὶ
3122 3053 3257 3129 ἄρνα
3304 3056 3611 3129 κατακόψας
3644 3083 3660 3127 ς

2015 3144 2154 3213 ὁμοῦ
2185 3140 2305 3214 ἕψεε
2335 3140 2493 3204 αὐτὸς
2522 3140 2574 3195 ἐν
2608 3136 2801 3211 λέϐητι
2824 3141 3069 3216 χαλκίῳ,
3118 3143 3359 3220 χάλκεον
3417 3144 3661 3217 ἐπίθημα

248 3252 322 3306 v1,
388 3238 501 3307 12).
554 3237 819 3308 Denique
886 3238 956 3292 de
1014 3238 1212 3309 pluvia
1265 3239 1336 3293 ab
1387 3239 1461 3295 iis
1513 3222 1976 3311 praanuntiataC
2016 3229 2255 3293 ἐπιθείςε
2340 3231 2683 3287 Testudinem
2765 3235 2979 3303 pariter
3038 3243 3088 3289 at
3162 3253 3369 3307 agnum
3408 3238 3661 3291 concisus

246 3323 473 3397 aliquid
500 3326 654 3379 infra
686 3325 1025 3380 dicendum.

314 3442 542 3497 Eodem
591 3457 823 3513 quoque
896 3441 1067 3496 modo
1117 3440 1215 3495 ille
1275 3442 1465 3498 adhuc
1517 3443 1774 3498 ostendit
1830 3444 1902 3499 ab

244 3531 462 3587 iisdem
488 3531 852 3585 daemonibus
878 3531 1135 3601 profecta
1157 3548 1306 3601 esse,
1341 3549 1467 3602 quas
1494 3532 1712 3588 ethnici
1768 3537 1901 3588 tan-

245 3626 453 3693 topere
478 3618 874 3686 venditabant,
909 3619 1149 3675 deorum
1200 3637 1443 3675 suorum
1474 3621 1726 3677 oracula.
1762 3622 1902 3689 Quis

244 3716 447 3768 autem
482 3712 626 3765 adeo
652 3726 837 3765 caecus
868 3715 979 3778 est,
1014 3715 1079 3765 ut
1108 3711 1167 3765 in
1198 3714 1282 3766 eis
1315 3711 1518 3767 solitas
1567 3712 1901 3768 daemonum

243 3804 512 3869 fraudes,
547 3801 981 3875 malignamque
1014 3801 1405 3857 subtilitatem
1437 3818 1503 3857 eo
1536 3801 1765 3858 facilius
1787 3820 1901 3858 non

242 3891 669 3965 deprehendat,
703 3906 817 3962 quo
849 3890 1038 3962 magis
1078 3890 1354 3962 ambigua
1385 3890 1646 3948 fuerunt.
1687 3891 1746 3947 Si
1768 3891 1902 3964 quis

242 3986 448 4037 tamen
480 3978 841 4035 Tertulliano
873 3980 1105 4034 credere
1164 3979 1327 4044 nolit,
1363 3979 1412 4034 is
1465 3984 1619 4035 certe
1676 3979 1898 4047 audiat,

244 4069 661 4142 expendatque
695 4085 873 4139 quam
908 4068 1219 4123 manifeste
1247 4067 1392 4123 illud
1452 4068 1526 4123 ab
1583 4084 1648 4124 eo
1703 4069 1905 4139 probe-

242 4163 370 4214 tur:
410 4182 442 4209 ‹‹
478 4158 540 4213 In
574 4157 849 4223 oraculis,
882 4157 1097 4228 inquit,
1155 4173 1269 4227 quo
1321 4156 1549 4227 ingenio
1608 4157 1900 4229 ambigui-

244 4253 396 4304 tates
463 4264 602 4303 suas
643 4251 971 4316 temperent
1012 4246 1069 4300 in
1132 4250 1396 4315 eventus,
1454 4246 1651 4301 sciunt
1696 4246 1899 4312 Croesi,

239 4336 450 4391 sciunt
506 4334 707 4407 Pyrrhi
748 4358 767 4383 ι
804 4333 1076 4405 (Tertull.
1115 4335 1394 4405 Apologet.
1428 4350 1475 4389 c.
1510 4338 1601 4402 22,
1632 4351 1688 4406 p.
1750 4335 1896 4407 408).

239 4426 367 4481 Duo
402 4427 608 4496 itaque
639 4423 856 4495 profert
886 4423 1261 4478 celeberrima
1301 4422 1669 4479 oraculorum
1703 4439 1898 4478 exem-

238 4517 358 4587 pla,
384 4530 648 4587 quorum
680 4529 865 4567 unum
901 4511 1141 4584 Pyrrho.
1174 4512 1421 4567 alterum
1449 4517 1638 4567 Crceso
1695 4513 1897 4567 datum

238 4610 348 4661 est.
386 4604 579 4668 Quam
613 4603 956 4673 ambiguum
991 4606 1185 4656 autem
1202 4606 1257 4656 et
1276 4601 1450 4656 fallax
1476 4601 1730 4673 primum
1747 4601 1899 4657 878
1932 4588 1977 4652 Ι)

236 4695 425 4752 fuerit
460 4694 553 4749 his
588 4692 949 4764 Augustinus
978 4693 1251 4764 patefacit
1279 4692 1505 4747 verbis:
1537 4713 1558 4739 α
1621 4691 1713 4745 Ait
1745 4692 1901 4746 enim

236 4784 549 4849 fatidicus,
582 4783 719 4837 Dico
746 4785 821 4851 te,
857 4781 1089 4852 Pyrrhe,
1123 4782 1539 4852 vincereposse
1572 4783 1901 4836 Romanos:

237 4879 423 4946 atque
457 4873 541 4926 ita
570 4871 690 4926 sive
723 4869 977 4942 Pyrrhus
1009 4887 1041 4924 a
1071 4870 1373 4936 Romanis,
1408 4869 1528 4925 sive
1571 4869 1819 4924 Romani
1871 4887 1904 4924 a

237 4963 477 5034 Pyrrho
503 4960 896 5021 vincerentur,
928 4974 1171 5013 securus
1223 4957 1497 5012 fatidicus
1557 4955 1905 5012 utrumlibet

238 5053 613 5122 exspectaret
670 5051 939 5102 eventum
975 5066 1000 5097 ι
1057 5046 1331 5117 (August.
1360 5046 1463 5100 lib.
1500 5063 1584 5113 ιιι,
1642 5045 1708 5101 de
1739 5045 1899 5100 Civit.

236 5156 286 5195 c.
320 5142 417 5205 l7,
456 5154 511 5207 p.
543 5137 656 5208 75).
690 5139 760 5189 At
805 5134 1147 5203 hujusmodi
1183 5133 1421 5189 fallaciae
1486 5132 1901 5189 fraudulentas-

237 5244 355 5299 que
382 5226 694 5297 captiones
724 5241 757 5278 a
804 5238 937 5277 vero
969 5222 1083 5277 Dec
1143 5222 1434 5293 proﬁcisci
1483 5238 1598 5277 non
1632 5225 1900 5293 possunt,

237 5318 339 5372 sed
379 5333 414 5370 a
449 5313 729 5384 malignis
752 5310 1141 5375 daemonibus,
1165 5310 1265 5381 qui
1296 5315 1647 5365 naturmsuea
1671 5309 1901 5365 subtili—

234 5410 359 5460 tate
421 5404 536 5459 sub
596 5400 876 5457 falsorum
927 5400 1171 5455 deorum
1229 5399 1588 5470 imaginibus
1634 5397 1898 5467 latentes,

233 5494 331 5548 bis
356 5489 668 5563 responsis
696 5488 965 5543 homines
998 5487 1391 5559 decipiebant.
1425 5487 1505 5542 De
1534 5486 1643 5541 hac
1702 5492 1897 5541 autem

235 5582 443 5637 fallaci
485 5577 780 5652 Apollinis
810 5576 1003 5649 Pythii
1060 5576 1131 5631 ad
1200 5576 1487 5648 Pyrrhum
1538 5592 1733 5648 regem
1776 5593 1898 5633 res-

236 5684 437 5749 ponso
471 5665 905 5741 disputavimus
935 5665 994 5721 in
1026 5669 1227 5722 nostra
1256 5666 1328 5721 de
1381 5664 1626 5721 Minucii
1668 5666 1897 5723 Octavio

2014 3322 2074 3375 in
2129 3321 2292 3376 libata
2365 3320 2575 3375 ahenea
2620 3322 2771 3375 coxit
2827 3322 3080 3391 operculo
3137 3324 3346 3379 ahenea
3403 3326 3663 3395 imposito

2012 3409 2260 3480 (Herod.
2292 3409 2394 3464 lib.
2430 3426 2470 3476 1,
2500 3409 2530 3480 §
2562 3410 2650 3477 48)
2679 3411 2750 3463 At
2780 3426 2893 3464 non
2921 3410 3117 3466 divino
3161 3414 3403 3481 quidem
3459 3410 3663 3467 afﬂatu

2012 3497 2358 3553 demonille
2390 3497 2659 3567 cognovit
2713 3497 2853 3568 quid
2906 3498 3131 3554 Craasus
3179 3505 3395 3571 ageret,
3456 3502 3557 3555 sed
3605 3501 3663 3554 in

2012 3592 2148 3641 nata
2176 3585 2308 3653 sibi,
2342 3586 2423 3639 ait
2451 3585 2873 3655 Tertullianus,
2909 3587 3169 3659 agilitate
3195 3588 3252 3643 in
3280 3588 3518 3661 Lydiam
3546 3605 3662 3644 uno

2012 3679 2307 3730 momento
2329 3673 2674 3743 convolavit,
2698 3679 2753 3730 et
2782 3676 2985 3730 eadem
3023 3676 3318 3733 celeritate
3375 3694 3664 3745 reversus,

2010 3762 2184 3818 Crzesi
2214 3762 2438 3818 nuntiis
2471 3768 2855 3817 memoratum
2906 3764 3193 3835 Apollinis
3252 3768 3488 3821 nomine
3540 3752 3666 3822 res-

2012 3870 2262 3924 ponsum
2296 3854 2574 3908 reddidit.

2082 3942 2161 3996 De
2190 3941 2283 3995 his
2317 3958 2486 4012 porro
2518 3957 2583 3995 ac
2622 3940 2917 3996 similibus
2949 3941 3223 4009 oraculis,
3256 3942 3669 4013 ambiguisque

2011 4046 2077 4085 ac
2108 4029 2416 4085 fallacibus
2437 4029 2770 4084 daemonum
2806 4029 3125 4100 responsis,
3162 4034 3219 4083 et
3281 4029 3514 4084 illorum
3572 4032 3672 4085 de-

2011 4119 2185 4185 fectu,
2223 4135 2335 4173 non
2369 4117 2560 4173 solum
2594 4120 2652 4173 in
2687 4117 2870 4172 citata
2901 4118 2971 4171 de
3001 4118 3238 4171 Minucii
3270 4117 3528 4186 Octavio,
3563 4119 3666 4174 sed

2011 4207 2141 4262 aliis
2182 4223 2416 4279 quoque
2449 4205 2668 4260 nostris
2719 4206 3247 4261 dissertationibus
3273 4210 3467 4261 actum
3508 4223 3542 4260 a
3572 4223 3671 4262 no.

2010 4296 2121 4351 bus
2157 4296 2266 4350 fuit
2296 4296 2609 4367 (Dissertat.
2646 4296 2704 4349 in
2740 4296 2951 4350 Minut.
2991 4310 3121 4365 cap.
3144 4295 3231 4362 33,
3266 4299 3374 4349 art.
3407 4294 3479 4362 3;
3510 4302 3564 4349 et
3612 4295 3673 4348 in

2009 4386 2257 4440 Lactant.
2317 4401 2442 4456 cap.
2492 4385 2582 4449 20,
2616 4390 2721 4438 art.
2771 4386 2802 4435 7
2835 4388 2892 4437 et
2934 4384 3014 4449 8;
3076 4386 3132 4437 et
3160 4399 3286 4453 cap.
3337 4382 3428 4451 32,
3456 4387 3565 4437 art.
3592 4383 3665 4453 1).

2008 4476 2081 4528 At
2110 4474 2403 4529 neminem
2437 4490 2563 4527 esse
2594 4478 2894 4543 putamus,
2928 4470 3027 4543 qui
3069 4487 3137 4525 ex
3166 4470 3343 4525 dictis
3406 4487 3519 4525 non
3578 4470 3668 4526 in-

2008 4560 2232 4633 telligat
2252 4569 2535 4632 quantum
2562 4579 2594 4615 a
2620 4559 2960 4615 Tertulliani
2986 4558 3355 4629 aliorumque
3376 4559 3666 4631 antiquis-

2013 4650 2295 4705 simorum
2319 4648 2586 4704 Ecclesia)
2609 4648 2841 4703 Patrum
2877 4646 3167 4702 sententia
3206 4648 3497 4703 recentior
3537 4648 3665 4719 qui-

2012 4739 2183 4804 dam;
2227 4742 2290 4792 ut
2319 4737 2458 4793 alibi
2491 4736 2917 4800 adnotavimus,
2952 4736 3254 4805 dissideat,
3302 4736 3403 4806 qui
3454 4741 3664 4791 vetera

2011 4827 2319 4898 gentilium
2350 4825 2580 4881 oracula
2628 4842 2739 4880 non
2776 4825 2866 4879 his
2898 4826 3230 4879 daemonum
3292 4825 3446 4880 dolis
3478 4824 3663 4896 pessi-

2014 4915 2239 4985 misque
2272 4915 2517 4981 artibus,
2579 4914 2678 4969 sed
2721 4913 3115 4978 sacerdotum,
3181 4912 3350 4967 idolis
3408 4913 3664 4968 servien-

2010 5005 2181 5071 tium,
2217 5002 2463 5058 fallaciis
2512 5018 2577 5055 ac
2627 5001 2933 5072 praestigiis
2992 5002 3219 5056 reddita
3274 5000 3456 5057 fuisse
3509 5001 3663 5056 878

2013 5108 2313 5163 perperam
2346 5091 2623 5145 venditat.
2657 5089 2931 5153 Quamvis
2962 5090 3117 5144 enim
3155 5089 3437 5144 nonnulla
3471 5091 3542 5144 ab
3569 5089 3663 5146 his

2011 5180 2413 5236 sacerdotibus
2459 5181 2713 5249 profecta
2763 5178 2944 5233 fuisse
3007 5182 3323 5245 constaret,
3386 5177 3662 5250 pleraque

2010 5275 2207 5325 tamen
2238 5270 2435 5325 omnia
2464 5268 2635 5323 edere
2666 5284 2779 5321 non
2812 5273 3152 5338 potuerunt,
3186 5266 3360 5322 sicuti
3393 5283 3499 5322 nec
3528 5280 3664 5323 vera

2012 5358 2317 5424 miracula,
2350 5358 2420 5412 de
2453 5355 2668 5428 quibus
2700 5372 2854 5409 nunc
2886 5357 3175 5426 agendum
3207 5361 3315 5410 est.

2628 5494 2944 5535 ARTICULUS
2974 5496 3027 5533 V.

2009 5588 2278 5660 Quomodo
2319 5586 2698 5664 Tertulliani»
2735 5586 2985 5664 ostendat
3030 5583 3346 5664 daemonum
3394 5584 3664 5664 potestate

2077 5678 2141 5718 ac
2165 5659 2456 5733 fraudibus
2483 5674 2547 5714 ια
2575 5674 2692 5715 ωδε
2718 5659 2887 5728 facta,
2918 5672 3036 5728 quae
3062 5658 3214 5728 magi
3265 5653 3657 5713 circulatoriis
