  <div class='ocr_page' id='page_1' title='image "/cluster/home/n/w/nwhite01/storage/ocr_20150623/1/hvd.32044096580337/491.png"; bbox 0 0 4118 6182; ppageno 0'>
   <div class='ocr_carea' id='block_1_1' title="bbox 544 328 3838 405">
    <p class='ocr_par' dir='ltr' id='par_1_1' title="bbox 544 328 3838 405">
     <span class='ocr_line' id='line_1_1' title="bbox 544 328 3838 405; baseline -0.002 -7"><span class='ocrx_word' id='word_1_1' title='bbox 544 337 662 398; x_wconf 86' lang='lat'><strong>967</strong></span> <span class='ocrx_word' id='word_1_2' title='bbox 1058 328 1588 394; x_wconf 79' lang='lat' dir='ltr'>TEHTULLIANI</span> <span class='ocrx_word' id='word_1_3' title='bbox 1631 330 1957 393; x_wconf 80' lang='lat' dir='ltr'>UPERUM</span> <span class='ocrx_word' id='word_1_4' title='bbox 1998 328 2199 391; x_wconf 80' lang='lat' dir='ltr'>PARS</span> <span class='ocrx_word' id='word_1_5' title='bbox 2246 334 2293 392; x_wconf 88' lang='lat'>1.</span> <span class='ocrx_word' id='word_1_6' title='bbox 2332 364 2403 374; x_wconf 96' lang='lat'><em>—</em></span> <span class='ocrx_word' id='word_1_7' title='bbox 2440 330 2715 394; x_wconf 81' lang='lat' dir='ltr'>SERIES</span> <span class='ocrx_word' id='word_1_8' title='bbox 2760 333 2806 405; x_wconf 92' lang='grc' dir='ltr'>Ι,</span> <span class='ocrx_word' id='word_1_9' title='bbox 2859 329 3417 393; x_wconf 82' lang='lat' dir='ltr'>APOLOGETIGA.</span> <span class='ocrx_word' id='word_1_10' title='bbox 3744 332 3838 393; x_wconf 83' lang='lat'>968</span> 
     </span>
    </p>
   </div>
   <div class='ocr_carea' id='block_1_2' title="bbox 609 461 3843 545">
    <p class='ocr_par' dir='ltr' id='par_1_2' title="bbox 609 461 3843 545">
     <span class='ocr_line' id='line_1_2' title="bbox 609 461 3843 545; baseline -0.002 -22"><span class='ocrx_word' id='word_1_11' title='bbox 609 467 912 545; x_wconf 43' lang='lat' dir='ltr'>praestigiis</span> <span class='ocrx_word' id='word_1_12' title='bbox 943 465 1156 545; x_wconf 69' lang='lat' dir='ltr'>ludunt,</span> <span class='ocrx_word' id='word_1_13' title='bbox 1178 465 1379 545; x_wconf 79' lang='lat' dir='ltr'>quibus</span> <span class='ocrx_word' id='word_1_14' title='bbox 1406 465 1784 545; x_wconf 36' lang='lat' dir='ltr'>infamantur.</span> <span class='ocrx_word' id='word_1_15' title='bbox 1807 464 2187 545; x_wconf 62' lang='lat' dir='ltr'>tie/aridorum</span> <span class='ocrx_word' id='word_1_16' title='bbox 2216 480 2270 545; x_wconf 75' lang='grc' dir='ltr'>Α</span> <span class='ocrx_word' id='word_1_17' title='bbox 2303 480 2432 519; x_wconf 90' lang='lat' dir='ltr'>rum</span> <span class='ocrx_word' id='word_1_18' title='bbox 2466 464 2880 520; x_wconf 81' lang='lat' dir='ltr'>defunctorum</span> <span class='ocrx_word' id='word_1_19' title='bbox 2908 465 3338 536; x_wconf 80' lang='lat' dir='ltr'>phantasmata,</span> <span class='ocrx_word' id='word_1_20' title='bbox 3359 461 3466 518; x_wconf 83' lang='lat' dir='ltr'>sive</span> <span class='ocrx_word' id='word_1_21' title='bbox 3487 462 3627 518; x_wconf 83' lang='lat' dir='ltr'>ﬁctas</span> <span class='ocrx_word' id='word_1_22' title='bbox 3644 462 3843 534; x_wconf 76' lang='lat' dir='ltr'>efﬁgies,</span> 
     </span>
    </p>
   </div>
   <div class='ocr_carea' id='block_1_3' title="bbox 615 536 2164 623">
    <p class='ocr_par' dir='ltr' id='par_1_3' title="bbox 615 536 2164 623">
     <span class='ocr_line' id='line_1_3' title="bbox 615 536 2164 623; baseline -0.004 -28"><span class='ocrx_word' id='word_1_23' title='bbox 615 536 841 603; x_wconf 65' lang='lat' dir='ltr'>animae,</span> <span class='ocrx_word' id='word_1_24' title='bbox 895 540 1062 609; x_wconf 83' lang='lat' dir='ltr'>pueri</span> <span class='ocrx_word' id='word_1_25' title='bbox 1117 536 1197 623; x_wconf 22' lang='lat' dir='ltr'>in;</span> <span class='ocrx_word' id='word_1_26' title='bbox 1233 537 1516 606; x_wconf 73' lang='lat' dir='ltr'>eloquium</span> <span class='ocrx_word' id='word_1_27' title='bbox 1572 536 1784 591; x_wconf 80' lang='lat' dir='ltr'>oraculi</span> <span class='ocrx_word' id='word_1_28' title='bbox 1860 536 2164 623; x_wconf 67' lang='lat' dir='ltr'>etictuntztr,</span> 
     </span>
    </p>
   </div>
   <div class='ocr_carea' id='block_1_4' title="bbox 2270 536 3845 623">
    <p class='ocr_par' dir='ltr' id='par_1_4' title="bbox 2284 550 3845 623">
     <span class='ocr_line' id='line_1_4' title="bbox 2284 550 3845 623; baseline -0.002 -16"><span class='ocrx_word' id='word_1_29' title='bbox 2284 569 2318 607; x_wconf 80' lang='grc' dir='ltr'>θ.</span> <span class='ocrx_word' id='word_1_30' title='bbox 2348 552 2539 623; x_wconf 88' lang='lat' dir='ltr'>magis</span> <span class='ocrx_word' id='word_1_31' title='bbox 2569 555 2902 608; x_wconf 74' lang='lat' dir='ltr'>daemonum</span> <span class='ocrx_word' id='word_1_32' title='bbox 2931 554 3177 609; x_wconf 84' lang='lat' dir='ltr'>artiﬁcio</span> <span class='ocrx_word' id='word_1_33' title='bbox 3211 551 3600 623; x_wconf 65' lang='lat' dir='ltr'>repraesentari.</span> <span class='ocrx_word' id='word_1_34' title='bbox 3631 551 3724 605; x_wconf 87' lang='lat' dir='ltr'>Sed</span> <span class='ocrx_word' id='word_1_35' title='bbox 3750 550 3845 605; x_wconf 71' lang='lat' dir='ltr'>haec</span> 
     </span>
    </p>
   </div>
   <div class='ocr_carea' id='block_1_5' title="bbox 604 605 3822 711">
    <p class='ocr_par' dir='ltr' id='par_1_5' title="bbox 604 605 3822 711">
     <span class='ocr_line' id='line_1_5' title="bbox 604 605 3822 711; baseline -0.002 -15"><span class='ocrx_word' id='word_1_36' title='bbox 604 615 1455 711; x_wconf 41' lang='grc' dir='ltr'>ξηξφξίίξξξᾜξηξξ’ἶῖηᾟξηίξξξξζνξ</span> <span class='ocrx_word' id='word_1_37' title='bbox 1499 614 1803 711; x_wconf 47' lang='grc' dir='ltr'>ῗιξρίξθξῇδδ</span> <span class='ocrx_word' id='word_1_38' title='bbox 2284 633 2385 696; x_wconf 76' lang='lat' dir='ltr'>ille</span> <span class='ocrx_word' id='word_1_39' title='bbox 2416 642 2475 696; x_wconf 89' lang='lat' dir='ltr'>in</span> <span class='ocrx_word' id='word_1_40' title='bbox 2506 640 2656 697; x_wconf 91' lang='lat' dir='ltr'>libro</span> <span class='ocrx_word' id='word_1_41' title='bbox 2688 643 2761 697; x_wconf 84' lang='lat' dir='ltr'>de</span> <span class='ocrx_word' id='word_1_42' title='bbox 2788 644 2996 698; x_wconf 79' lang='lat' dir='ltr'>Anima</span> <span class='ocrx_word' id='word_1_43' title='bbox 3028 641 3236 711; x_wconf 81' lang='lat' dir='ltr'>fusius,</span> <span class='ocrx_word' id='word_1_44' title='bbox 3269 640 3466 711; x_wconf 78' lang='lat' dir='ltr'>hisque</span> <span class='ocrx_word' id='word_1_45' title='bbox 3493 639 3659 695; x_wconf 81' lang='lat' dir='ltr'>verbis</span> <span class='ocrx_word' id='word_1_46' title='bbox 3702 638 3822 710; x_wconf 85' lang='lat' dir='ltr'>expli</span> 
     </span>
    </p>
   </div>
   <div class='ocr_carea' id='block_1_6' title="bbox 609 678 2177 752">
    <p class='ocr_par' dir='ltr' id='par_1_6' title="bbox 609 678 2177 752">
     <span class='ocr_line' id='line_1_6' title="bbox 609 678 2177 752; baseline -0.003 -15"><span class='ocrx_word' id='word_1_47' title='bbox 609 699 708 738; x_wconf 85' lang='lat' dir='ltr'>nec</span> <span class='ocrx_word' id='word_1_48' title='bbox 737 681 1063 752; x_wconf 72' lang='lat' dir='ltr'>responderi</span> <span class='ocrx_word' id='word_1_49' title='bbox 1091 699 1123 734; x_wconf 80' lang='grc' dir='ltr'>ιι</span> <span class='ocrx_word' id='word_1_50' title='bbox 1176 696 1443 752; x_wconf 74' lang='lat' dir='ltr'>quoquam</span> <span class='ocrx_word' id='word_1_51' title='bbox 1502 695 1651 748; x_wconf 80' lang='lat' dir='ltr'>posse</span> <span class='ocrx_word' id='word_1_52' title='bbox 1700 695 1769 734; x_wconf 84' lang='lat' dir='ltr'>ea</span> <span class='ocrx_word' id='word_1_53' title='bbox 1818 680 2011 752; x_wconf 80' lang='lat' dir='ltr'>saltem</span> <span class='ocrx_word' id='word_1_54' title='bbox 2068 678 2177 733; x_wconf 77' lang='lat' dir='ltr'>diis</span> 
     </span>
    </p>
   </div>
   <div class='ocr_carea' id='block_1_7' title="bbox 608 729 2164 826">
    <p class='ocr_par' dir='ltr' id='par_1_7' title="bbox 608 729 2164 823">
     <span class='ocr_line' id='line_1_7' title="bbox 608 729 2164 823; baseline -0.004 -14"><span class='ocrx_word' id='word_1_55' title='bbox 608 729 971 819; x_wconf 50' lang='lat' dir='ltr'>estigiis;</span> <span class='ocrx_word' id='word_1_56' title='bbox 980 729 1120 823; x_wconf 46' lang='lat' dir='ltr'>sua</span> <span class='ocrx_word' id='word_1_57' title='bbox 1139 729 1303 806; x_wconf 62' lang='grc' dir='ltr'><em>ίνῖιῖεὶῗ</em></span> <span class='ocrx_word' id='word_1_58' title='bbox 1321 729 2164 821; x_wconf 45' lang='lat' dir='ltr'>iocationemagitante:</span> 
     </span>
    </p>
   </div>
   <div class='ocr_carea' id='block_1_8' title="bbox 2270 729 3847 826">
    <p class='ocr_par' dir='ltr' id='par_1_8' title="bbox 2285 729 3847 802">
     <span class='ocr_line' id='line_1_8' title="bbox 2285 729 3847 802; baseline -0.002 -18"><span class='ocrx_word' id='word_1_59' title='bbox 2285 733 2413 785; x_wconf 89' lang='lat' dir='ltr'>cat:</span> <span class='ocrx_word' id='word_1_60' title='bbox 2445 754 2471 779; x_wconf 86' lang='lat'><strong>«</strong></span> <span class='ocrx_word' id='word_1_61' title='bbox 2508 732 2567 784; x_wconf 89' lang='lat' dir='ltr'>In</span> <span class='ocrx_word' id='word_1_62' title='bbox 2601 729 2702 785; x_wconf 82' lang='lat' dir='ltr'>illa</span> <span class='ocrx_word' id='word_1_63' title='bbox 2731 730 2922 802; x_wconf 87' lang='lat' dir='ltr'>specie</span> <span class='ocrx_word' id='word_1_64' title='bbox 2955 730 3181 801; x_wconf 68' lang='lat' dir='ltr'>magiae.</span> <span class='ocrx_word' id='word_1_65' title='bbox 3216 746 3336 801; x_wconf 83' lang='lat' dir='ltr'>quae</span> <span class='ocrx_word' id='word_1_66' title='bbox 3377 730 3490 798; x_wconf 87' lang='lat' dir='ltr'>jam</span> <span class='ocrx_word' id='word_1_67' title='bbox 3544 731 3847 799; x_wconf 77' lang='lat' dir='ltr'>quiescentes</span> 
     </span>
    </p>
   </div>
   <div class='ocr_carea' id='block_1_9' title="bbox 2286 818 3849 889">
    <p class='ocr_par' dir='ltr' id='par_1_9' title="bbox 2286 818 3849 889">
     <span class='ocr_line' id='line_1_9' title="bbox 2286 818 3849 889; baseline -0.002 -16"><span class='ocrx_word' id='word_1_68' title='bbox 2286 818 2515 875; x_wconf 87' lang='lat' dir='ltr'>animas</span> <span class='ocrx_word' id='word_1_69' title='bbox 2544 818 2785 875; x_wconf 85' lang='lat' dir='ltr'>evellere</span> <span class='ocrx_word' id='word_1_70' title='bbox 2815 821 2887 875; x_wconf 86' lang='lat' dir='ltr'>ab</span> <span class='ocrx_word' id='word_1_71' title='bbox 2921 820 3123 874; x_wconf 79' lang='lat' dir='ltr'>inferis</span> <span class='ocrx_word' id='word_1_72' title='bbox 3155 820 3423 886; x_wconf 82' lang='lat' dir='ltr'>creditur,</span> <span class='ocrx_word' id='word_1_73' title='bbox 3469 822 3519 873; x_wconf 89' lang='lat' dir='ltr'>et</span> <span class='ocrx_word' id='word_1_74' title='bbox 3569 818 3849 889; x_wconf 83' lang='lat' dir='ltr'>conspectui</span> 
     </span>
    </p>
   </div>
   <div class='ocr_carea' id='block_1_10' title="bbox 609 890 2164 977">
    <p class='ocr_par' dir='ltr' id='par_1_10' title="bbox 609 890 2164 965">
     <span class='ocr_line' id='line_1_10' title="bbox 609 890 2164 965; baseline -0.003 -14"><span class='ocrx_word' id='word_1_75' title='bbox 609 895 882 951; x_wconf 86' lang='lat' dir='ltr'>Ethnicos</span> <span class='ocrx_word' id='word_1_76' title='bbox 914 895 1105 951; x_wconf 89' lang='lat' dir='ltr'>acrius</span> <span class='ocrx_word' id='word_1_77' title='bbox 1138 893 1329 949; x_wconf 90' lang='lat' dir='ltr'>adhuc</span> <span class='ocrx_word' id='word_1_78' title='bbox 1363 896 1528 965; x_wconf 86' lang='lat' dir='ltr'>urget</span> <span class='ocrx_word' id='word_1_79' title='bbox 1583 892 2003 956; x_wconf 88' lang='lat' dir='ltr'>Tertullianus,</span> <span class='ocrx_word' id='word_1_80' title='bbox 2058 890 2164 963; x_wconf 87' lang='lat' dir='ltr'>pla-</span> 
     </span>
    </p>
   </div>
   <div class='ocr_carea' id='block_1_11' title="bbox 2270 890 3851 977">
    <p class='ocr_par' dir='ltr' id='par_1_11' title="bbox 2287 904 3851 977">
     <span class='ocr_line' id='line_1_11' title="bbox 2287 904 3851 977; baseline -0.001 -16"><span class='ocrx_word' id='word_1_81' title='bbox 2287 906 2579 973; x_wconf 85' lang='lat' dir='ltr'>exhibere,</span> <span class='ocrx_word' id='word_1_82' title='bbox 2633 925 2747 963; x_wconf 89' lang='lat' dir='ltr'>non</span> <span class='ocrx_word' id='word_1_83' title='bbox 2802 907 2917 963; x_wconf 86' lang='lat' dir='ltr'>alia</span> <span class='ocrx_word' id='word_1_84' title='bbox 2966 908 3205 962; x_wconf 66' lang='lat' dir='ltr'>fallacias</span> <span class='ocrx_word' id='word_1_85' title='bbox 3253 909 3337 963; x_wconf 89' lang='lat' dir='ltr'>vis</span> <span class='ocrx_word' id='word_1_86' title='bbox 3382 907 3668 977; x_wconf 80' lang='lat' dir='ltr'>operatior;</span> <span class='ocrx_word' id='word_1_87' title='bbox 3718 904 3851 977; x_wconf 86' lang='lat' dir='ltr'>plane</span> 
     </span>
    </p>
   </div>
   <div class='ocr_carea' id='block_1_12' title="bbox 536 981 2164 1069">
    <p class='ocr_par' dir='ltr' id='par_1_12' title="bbox 536 981 2164 1056">
     <span class='ocr_line' id='line_1_12' title="bbox 536 981 2164 1056; baseline -0.004 -15"><span class='ocrx_word' id='word_1_88' title='bbox 536 1002 797 1056; x_wconf 89' lang='lat' dir='ltr'>numque</span> <span class='ocrx_word' id='word_1_89' title='bbox 829 984 962 1039; x_wconf 89' lang='lat' dir='ltr'>facit</span> <span class='ocrx_word' id='word_1_90' title='bbox 992 1001 1078 1051; x_wconf 87' lang='lat' dir='ltr'>ea,</span> <span class='ocrx_word' id='word_1_91' title='bbox 1115 1002 1239 1053; x_wconf 73' lang='lat' dir='ltr'>qua:</span> <span class='ocrx_word' id='word_1_92' title='bbox 1279 1000 1312 1037; x_wconf 91' lang='lat' dir='ltr'>a</span> <span class='ocrx_word' id='word_1_93' title='bbox 1343 981 1733 1037; x_wconf 79' lang='lat' dir='ltr'>circulatoriis</span> <span class='ocrx_word' id='word_1_94' title='bbox 1764 981 1953 1052; x_wconf 88' lang='lat' dir='ltr'>magis</span> <span class='ocrx_word' id='word_1_95' title='bbox 2000 997 2164 1051; x_wconf 81' lang='lat' dir='ltr'>supra</span> 
     </span>
    </p>
   </div>
   <div class='ocr_carea' id='block_1_13' title="bbox 2270 981 3855 1069">
    <p class='ocr_par' dir='ltr' id='par_1_13' title="bbox 2288 995 3855 1069">
     <span class='ocr_line' id='line_1_13' title="bbox 2288 995 3855 1069; baseline -0.001 -19"><span class='ocrx_word' id='word_1_96' title='bbox 2288 997 2425 1067; x_wconf 83' lang='lat' dir='ltr'>quia</span> <span class='ocrx_word' id='word_1_97' title='bbox 2455 1002 2510 1052; x_wconf 84' lang='lat' dir='ltr'>et</span> <span class='ocrx_word' id='word_1_98' title='bbox 2541 997 2893 1069; x_wconf 82' lang='lat' dir='ltr'>phantasma</span> <span class='ocrx_word' id='word_1_99' title='bbox 2926 1002 3253 1069; x_wconf 66' lang='lat' dir='ltr'>praestatur,</span> <span class='ocrx_word' id='word_1_100' title='bbox 3286 997 3418 1067; x_wconf 88' lang='lat' dir='ltr'>quia</span> <span class='ocrx_word' id='word_1_101' title='bbox 3446 1001 3497 1051; x_wconf 91' lang='lat' dir='ltr'>et</span> <span class='ocrx_word' id='word_1_102' title='bbox 3525 1011 3710 1065; x_wconf 89' lang='lat' dir='ltr'>corpus</span> <span class='ocrx_word' id='word_1_103' title='bbox 3728 995 3855 1049; x_wconf 83' lang='lat' dir='ltr'>aiﬁu.</span> 
     </span>
    </p>
   </div>
   <div class='ocr_carea' id='block_1_14' title="bbox 535 1069 3855 1157">
    <p class='ocr_par' dir='ltr' id='par_1_14' title="bbox 535 1069 3855 1157">
     <span class='ocr_line' id='line_1_14' title="bbox 535 1069 3855 1157; baseline -0.002 -15"><span class='ocrx_word' id='word_1_104' title='bbox 535 1079 760 1130; x_wconf 53' lang='lat' dir='ltr'>natura</span> <span class='ocrx_word' id='word_1_105' title='bbox 816 1073 1079 1128; x_wconf 59' lang='lat' dir='ltr'>Ordinem</span> <span class='ocrx_word' id='word_1_106' title='bbox 1139 1071 1294 1126; x_wconf 64' lang='lat' dir='ltr'>edita</span> <span class='ocrx_word' id='word_1_107' title='bbox 1370 1070 1782 1142; x_wconf 60' lang='lat' dir='ltr'>opinabantur,</span> <span class='ocrx_word' id='word_1_108' title='bbox 1853 1069 1973 1124; x_wconf 48' lang='lat' dir='ltr'>hwc</span> <span class='ocrx_word' id='word_1_109' title='bbox 2030 1070 2178 1123; x_wconf 62' lang='lat' dir='ltr'>faeta</span> <span class='ocrx_word' id='word_1_110' title='bbox 2286 1088 2442 1155; x_wconf 85' lang='lat' dir='ltr'>gitur</span> <span class='ocrx_word' id='word_1_111' title='bbox 2473 1103 2575 1141; x_wconf 90' lang='lat' dir='ltr'>nec</span> <span class='ocrx_word' id='word_1_112' title='bbox 2610 1102 2890 1157; x_wconf 86' lang='lat' dir='ltr'>magnum</span> <span class='ocrx_word' id='word_1_113' title='bbox 2926 1086 3009 1140; x_wconf 86' lang='lat' dir='ltr'>illi</span> <span class='ocrx_word' id='word_1_114' title='bbox 3073 1086 3381 1141; x_wconf 84' lang='lat' dir='ltr'>exteriores</span> <span class='ocrx_word' id='word_1_115' title='bbox 3432 1083 3613 1139; x_wconf 90' lang='lat' dir='ltr'>oculos</span> <span class='ocrx_word' id='word_1_116' title='bbox 3650 1084 3855 1137; x_wconf 86' lang='lat' dir='ltr'>circum-</span> 
     </span>
    </p>
   </div>
   <div class='ocr_carea' id='block_1_15' title="bbox 531 1158 2164 1241">
    <p class='ocr_par' dir='ltr' id='par_1_15' title="bbox 531 1158 2164 1231">
     <span class='ocr_line' id='line_1_15' title="bbox 531 1158 2164 1231; baseline -0.004 -13"><span class='ocrx_word' id='word_1_117' title='bbox 531 1163 716 1218; x_wconf 88' lang='lat' dir='ltr'>fuisse</span> <span class='ocrx_word' id='word_1_118' title='bbox 750 1160 1103 1217; x_wconf 63' lang='lat' dir='ltr'>daemonium</span> <span class='ocrx_word' id='word_1_119' title='bbox 1138 1160 1444 1215; x_wconf 88' lang='lat' dir='ltr'>fraudibus</span> <span class='ocrx_word' id='word_1_120' title='bbox 1474 1176 1538 1213; x_wconf 89' lang='lat' dir='ltr'>ae</span> <span class='ocrx_word' id='word_1_121' title='bbox 1563 1158 1898 1231; x_wconf 67' lang='lat' dir='ltr'>praestigiis.</span> <span class='ocrx_word' id='word_1_122' title='bbox 1925 1159 1993 1212; x_wconf 89' lang='lat' dir='ltr'>Et</span> <span class='ocrx_word' id='word_1_123' title='bbox 2022 1160 2164 1213; x_wconf 67' lang='lat' dir='ltr'>certe</span> 
     </span>
    </p>
   </div>
   <div class='ocr_carea' id='block_1_16' title="bbox 2270 1158 3861 1241">
    <p class='ocr_par' dir='ltr' id='par_1_16' title="bbox 2288 1174 3861 1241">
     <span class='ocr_line' id='line_1_16' title="bbox 2288 1174 3861 1241; baseline -0.003 -12"><span class='ocrx_word' id='word_1_124' title='bbox 2288 1176 2563 1241; x_wconf 88' lang='lat' dir='ltr'>scribere,</span> <span class='ocrx_word' id='word_1_125' title='bbox 2620 1176 2713 1230; x_wconf 90' lang='lat' dir='ltr'>cui</span> <span class='ocrx_word' id='word_1_126' title='bbox 2766 1176 3098 1231; x_wconf 89' lang='lat' dir='ltr'>interiorem</span> <span class='ocrx_word' id='word_1_127' title='bbox 3151 1175 3362 1230; x_wconf 88' lang='lat' dir='ltr'>mentis</span> <span class='ocrx_word' id='word_1_128' title='bbox 3418 1174 3587 1228; x_wconf 88' lang='lat' dir='ltr'>aciem</span> <span class='ocrx_word' id='word_1_129' title='bbox 3629 1188 3861 1226; x_wconf 69' lang='lat' dir='ltr'>excaecare</span> 
     </span>
    </p>
   </div>
   <div class='ocr_carea' id='block_1_17' title="bbox 533 1247 3861 1336">
    <p class='ocr_par' dir='ltr' id='par_1_17' title="bbox 533 1247 3861 1336">
     <span class='ocr_line' id='line_1_17' title="bbox 533 1247 3861 1336; baseline -0.002 -30"><span class='ocrx_word' id='word_1_130' title='bbox 533 1252 831 1323; x_wconf 85' lang='lat' dir='ltr'>quomodo</span> <span class='ocrx_word' id='word_1_131' title='bbox 859 1251 1013 1321; x_wconf 88' lang='lat' dir='ltr'>magi</span> <span class='ocrx_word' id='word_1_132' title='bbox 1040 1248 1122 1303; x_wconf 90' lang='lat' dir='ltr'>illi</span> <span class='ocrx_word' id='word_1_133' title='bbox 1155 1248 1527 1303; x_wconf 86' lang='lat' dir='ltr'>exsecrandis</span> <span class='ocrx_word' id='word_1_134' title='bbox 1558 1248 1683 1302; x_wconf 90' lang='lat' dir='ltr'>suis</span> <span class='ocrx_word' id='word_1_135' title='bbox 1732 1247 1957 1302; x_wconf 87' lang='lat' dir='ltr'>artibus</span> <span class='ocrx_word' id='word_1_136' title='bbox 1991 1247 2177 1301; x_wconf 87' lang='lat' dir='ltr'>facere</span> <span class='ocrx_word' id='word_1_137' title='bbox 2287 1263 2560 1335; x_wconf 59' lang='lat' dir='ltr'>perfacile</span> <span class='ocrx_word' id='word_1_138' title='bbox 2617 1270 2724 1320; x_wconf 48' lang='lat' dir='ltr'>est.</span> <span class='ocrx_word' id='word_1_139' title='bbox 2788 1268 3041 1336; x_wconf 63' lang='lat' dir='ltr'>corpora</span> <span class='ocrx_word' id='word_1_140' title='bbox 3086 1264 3336 1335; x_wconf 67' lang='lat' dir='ltr'>denique</span> <span class='ocrx_word' id='word_1_141' title='bbox 3384 1262 3704 1317; x_wconf 61' lang='lat' dir='ltr'>videbantur</span> <span class='ocrx_word' id='word_1_142' title='bbox 3747 1259 3861 1313; x_wconf 68' lang='lat' dir='ltr'>pha.</span> 
     </span>
    </p>
   </div>
   <div class='ocr_carea' id='block_1_18' title="bbox 530 1337 3863 1426">
    <p class='ocr_par' dir='ltr' id='par_1_18' title="bbox 530 1337 3863 1426">
     <span class='ocr_line' id='line_1_18' title="bbox 530 1337 3863 1426; baseline -0.003 -30"><span class='ocrx_word' id='word_1_143' title='bbox 530 1339 752 1411; x_wconf 86' lang='lat' dir='ltr'>aliquid</span> <span class='ocrx_word' id='word_1_144' title='bbox 789 1343 1048 1411; x_wconf 89' lang='lat' dir='ltr'>possent,</span> <span class='ocrx_word' id='word_1_145' title='bbox 1095 1337 1208 1392; x_wconf 91' lang='lat' dir='ltr'>nisi</span> <span class='ocrx_word' id='word_1_146' title='bbox 1259 1337 1542 1426; x_wconf 89' lang='lat' dir='ltr'>haberent</span> <span class='ocrx_word' id='word_1_147' title='bbox 1589 1338 1757 1426; x_wconf 76' lang='lat' dir='ltr'>semet</span> <span class='ocrx_word' id='word_1_148' title='bbox 1806 1338 2176 1426; x_wconf 61' lang='lat' dir='ltr'>imitatorum</span> <span class='ocrx_word' id='word_1_149' title='bbox 2286 1354 2474 1419; x_wconf 58' lang='lat' dir='ltr'>moui,</span> <span class='ocrx_word' id='word_1_150' title='bbox 2506 1360 2561 1408; x_wconf 65' lang='lat' dir='ltr'>et</span> <span class='ocrx_word' id='word_1_151' title='bbox 2596 1354 2875 1426; x_wconf 60' lang='lat' dir='ltr'>Egyptiis</span> <span class='ocrx_word' id='word_1_152' title='bbox 2909 1354 3270 1425; x_wconf 54' lang='lat' dir='ltr'>magicam“)</span> <span class='ocrx_word' id='word_1_153' title='bbox 3296 1353 3574 1423; x_wconf 61' lang='lat' dir='ltr'>virgarum</span> <span class='ocrx_word' id='word_1_154' title='bbox 3603 1351 3863 1426; x_wconf 51' lang='lat' dir='ltr'>dracones;</span> 
     </span>
    </p>
   </div>
   <div class='ocr_carea' id='block_1_19' title="bbox 531 1424 3864 1513">
    <p class='ocr_par' dir='ltr' id='par_1_19' title="bbox 531 1424 3864 1513">
     <span class='ocr_line' id='line_1_19' title="bbox 531 1424 3864 1513; baseline -0.002 -29"><span class='ocrx_word' id='word_1_155' title='bbox 531 1428 612 1484; x_wconf 88' lang='lat' dir='ltr'>ait</span> <span class='ocrx_word' id='word_1_156' title='bbox 646 1426 1068 1495; x_wconf 86' lang='lat' dir='ltr'>Tertuillanus,</span> <span class='ocrx_word' id='word_1_157' title='bbox 1126 1426 1468 1495; x_wconf 84' lang='lat' dir='ltr'>angelorum,</span> <span class='ocrx_word' id='word_1_158' title='bbox 1491 1424 1761 1479; x_wconf 87' lang='lat' dir='ltr'>videlicet</span> <span class='ocrx_word' id='word_1_159' title='bbox 1784 1424 2096 1484; x_wconf 86' lang='lat' dir='ltr'>malorum.</span> <span class='ocrx_word' id='word_1_160' title='bbox 2127 1428 2178 1479; x_wconf 83' lang='lat' dir='ltr'>et</span> <span class='ocrx_word' id='word_1_161' title='bbox 2287 1442 2385 1496; x_wconf 68' lang='lat' dir='ltr'>sed</span> <span class='ocrx_word' id='word_1_162' title='bbox 2417 1443 2627 1513; x_wconf 61' lang='lat' dir='ltr'>Moysi,</span> <span class='ocrx_word' id='word_1_163' title='bbox 2666 1424 2893 1498; x_wconf 25' lang='lat' dir='ltr'>*v’e’ritas</span> <span class='ocrx_word' id='word_1_164' title='bbox 2952 1424 3324 1497; x_wconf 40' lang='lat' dir='ltr'>mandacium</span> <span class='ocrx_word' id='word_1_165' title='bbox 3372 1438 3649 1496; x_wconf 64' lang='lat' dir='ltr'>devovavit</span> <span class='ocrx_word' id='word_1_166' title='bbox 3678 1459 3699 1485; x_wconf 82' lang='grc'>»</span> <span class='ocrx_word' id='word_1_167' title='bbox 3737 1424 3864 1506; x_wconf 65' lang='lat' dir='ltr'>(Ter.</span> 
     </span>
    </p>
   </div>
   <div class='ocr_carea' id='block_1_20' title="bbox 529 1513 3863 1602">
    <p class='ocr_par' dir='ltr' id='par_1_20' title="bbox 529 1513 3863 1602">
     <span class='ocr_line' id='line_1_20' title="bbox 529 1513 3863 1602; baseline -0.001 -32"><span class='ocrx_word' id='word_1_168' title='bbox 529 1517 842 1573; x_wconf 72' lang='lat' dir='ltr'>daemonum</span> <span class='ocrx_word' id='word_1_169' title='bbox 900 1516 1249 1570; x_wconf 78' lang='lat' dir='ltr'>adsistentem</span> <span class='ocrx_word' id='word_1_170' title='bbox 1289 1520 1610 1584; x_wconf 80' lang='lat' dir='ltr'>potestatem</span> <span class='ocrx_word' id='word_1_171' title='bbox 1648 1513 2014 1585; x_wconf 88' lang='lat' dir='ltr'>(Tertullian.</span> <span class='ocrx_word' id='word_1_172' title='bbox 2048 1513 2181 1584; x_wconf 85' lang='lat' dir='ltr'>Apo-</span> <span class='ocrx_word' id='word_1_173' title='bbox 2286 1530 2609 1587; x_wconf 46' lang='lat' dir='ltr'>tamam,“</span> <span class='ocrx_word' id='word_1_174' title='bbox 2659 1532 2839 1586; x_wconf 46' lang='grc' dir='ltr'>Αηίγη,</span> <span class='ocrx_word' id='word_1_175' title='bbox 2890 1548 2941 1586; x_wconf 53' lang='grc' dir='ltr'>ο,</span> <span class='ocrx_word' id='word_1_176' title='bbox 3000 1532 3090 1597; x_wconf 57' lang='grc'>57,</span> <span class='ocrx_word' id='word_1_177' title='bbox 3147 1548 3204 1602; x_wconf 44' lang='grc' dir='ltr'>ρο</span> <span class='ocrx_word' id='word_1_178' title='bbox 3264 1532 3407 1597; x_wconf 47' lang='grc'>355),</span> <span class='ocrx_word' id='word_1_179' title='bbox 3458 1530 3519 1583; x_wconf 70' lang='grc' dir='ltr'>ιο</span> <span class='ocrx_word' id='word_1_180' title='bbox 3575 1527 3657 1582; x_wconf 68' lang='lat' dir='ltr'>bis</span> <span class='ocrx_word' id='word_1_181' title='bbox 3708 1527 3863 1595; x_wconf 56' lang='lat' dir='ltr'>itaque</span> 
     </span>
    </p>
   </div>
   <div class='ocr_carea' id='block_1_21' title="bbox 537 1602 2164 1689">
    <p class='ocr_par' dir='ltr' id='par_1_21' title="bbox 537 1602 2164 1676">
     <span class='ocr_line' id='line_1_21' title="bbox 537 1602 2164 1676; baseline -0.002 -16"><span class='ocrx_word' id='word_1_182' title='bbox 537 1606 701 1676; x_wconf 83' lang='lat' dir='ltr'>teget.</span> <span class='ocrx_word' id='word_1_183' title='bbox 742 1622 792 1660; x_wconf 83' lang='grc' dir='ltr'>ο.</span> <span class='ocrx_word' id='word_1_184' title='bbox 824 1606 913 1671; x_wconf 85' lang='lat'>23,</span> <span class='ocrx_word' id='word_1_185' title='bbox 942 1622 994 1675; x_wconf 92' lang='lat' dir='ltr'>p.</span> <span class='ocrx_word' id='word_1_186' title='bbox 1019 1605 1167 1673; x_wconf 85' lang='grc'>410).</span> <span class='ocrx_word' id='word_1_187' title='bbox 1200 1609 1320 1657; x_wconf 88' lang='lat' dir='ltr'>Non</span> <span class='ocrx_word' id='word_1_188' title='bbox 1344 1603 1498 1658; x_wconf 91' lang='lat' dir='ltr'>enim</span> <span class='ocrx_word' id='word_1_189' title='bbox 1521 1620 1647 1659; x_wconf 84' lang='lat' dir='ltr'>eam</span> <span class='ocrx_word' id='word_1_190' title='bbox 1682 1602 2027 1673; x_wconf 82' lang='lat' dir='ltr'>potentiam,</span> <span class='ocrx_word' id='word_1_191' title='bbox 2052 1619 2164 1672; x_wconf 75' lang='lat' dir='ltr'>qua</span> 
     </span>
    </p>
   </div>
   <div class='ocr_carea' id='block_1_22' title="bbox 2270 1602 3863 1689">
    <p class='ocr_par' dir='ltr' id='par_1_22' title="bbox 2288 1613 3863 1689">
     <span class='ocr_line' id='line_1_22' title="bbox 2288 1613 3863 1689; baseline -0.006 -14"><span class='ocrx_word' id='word_1_192' title='bbox 2288 1620 2529 1689; x_wconf 82' lang='lat' dir='ltr'>magicis</span> <span class='ocrx_word' id='word_1_193' title='bbox 2549 1620 2986 1675; x_wconf 85' lang='lat' dir='ltr'>evocationibus</span> <span class='ocrx_word' id='word_1_194' title='bbox 3018 1619 3163 1674; x_wconf 89' lang='lat' dir='ltr'>nihil</span> <span class='ocrx_word' id='word_1_195' title='bbox 3221 1619 3377 1675; x_wconf 89' lang='lat' dir='ltr'>aliud</span> <span class='ocrx_word' id='word_1_196' title='bbox 3428 1634 3547 1673; x_wconf 89' lang='lat' dir='ltr'>esse</span> <span class='ocrx_word' id='word_1_197' title='bbox 3601 1613 3863 1677; x_wconf 85' lang='lat' dir='ltr'>contendit,</span> 
     </span>
    </p>
   </div>
   <div class='ocr_carea' id='block_1_23' title="bbox 531 1691 3865 1775">
    <p class='ocr_par' dir='ltr' id='par_1_23' title="bbox 531 1691 3865 1775">
     <span class='ocr_line' id='line_1_23' title="bbox 531 1691 3865 1775; baseline -0.003 -13"><span class='ocrx_word' id='word_1_198' title='bbox 531 1694 736 1750; x_wconf 64' lang='grc' dir='ltr'>εοΙῖιθε</span> <span class='ocrx_word' id='word_1_199' title='bbox 767 1692 1024 1747; x_wconf 65' lang='lat' dir='ltr'>hominis</span> <span class='ocrx_word' id='word_1_200' title='bbox 1056 1693 1206 1747; x_wconf 66' lang='grc' dir='ltr'>νίτθε</span> <span class='ocrx_word' id='word_1_201' title='bbox 1256 1697 1564 1762; x_wconf 61' lang='lat' dir='ltr'>Superat,“</span> <span class='ocrx_word' id='word_1_202' title='bbox 1622 1708 1684 1745; x_wconf 72' lang='lat'>36</span> <span class='ocrx_word' id='word_1_203' title='bbox 1732 1692 1879 1762; x_wconf 69' lang='grc' dir='ltr'>ίΡδίε</span> <span class='ocrx_word' id='word_1_204' title='bbox 1938 1691 2176 1757; x_wconf 55' lang='lat' dir='ltr'>habent,</span> <span class='ocrx_word' id='word_1_205' title='bbox 2289 1709 2400 1762; x_wconf 88' lang='lat' dir='ltr'>nisi</span> <span class='ocrx_word' id='word_1_206' title='bbox 2435 1709 2763 1764; x_wconf 81' lang='lat' dir='ltr'>daemonum</span> <span class='ocrx_word' id='word_1_207' title='bbox 2829 1709 3086 1775; x_wconf 81' lang='lat' dir='ltr'>fraudes,</span> <span class='ocrx_word' id='word_1_208' title='bbox 3144 1707 3427 1774; x_wconf 82' lang='lat' dir='ltr'>fallacias,</span> <span class='ocrx_word' id='word_1_209' title='bbox 3482 1707 3683 1769; x_wconf 84' lang='lat' dir='ltr'>fucum,</span> <span class='ocrx_word' id='word_1_210' title='bbox 3728 1706 3865 1771; x_wconf 87' lang='lat' dir='ltr'>atque</span> 
     </span>
    </p>
   </div>
   <div class='ocr_carea' id='block_1_24' title="bbox 530 1779 2164 1870">
    <p class='ocr_par' dir='ltr' id='par_1_24' title="bbox 530 1779 2164 1855">
     <span class='ocr_line' id='line_1_24' title="bbox 530 1779 2164 1855; baseline -0.003 -17"><span class='ocrx_word' id='word_1_211' title='bbox 530 1800 719 1855; x_wconf 84' lang='lat' dir='ltr'>neque</span> <span class='ocrx_word' id='word_1_212' title='bbox 744 1782 922 1837; x_wconf 87' lang='lat' dir='ltr'>etiam</span> <span class='ocrx_word' id='word_1_213' title='bbox 955 1798 988 1836; x_wconf 76' lang='grc' dir='ltr'>α</span> <span class='ocrx_word' id='word_1_214' title='bbox 1031 1782 1146 1837; x_wconf 91' lang='lat' dir='ltr'>Deo</span> <span class='ocrx_word' id='word_1_215' title='bbox 1203 1781 1446 1852; x_wconf 89' lang='lat' dir='ltr'>optimo,</span> <span class='ocrx_word' id='word_1_216' title='bbox 1480 1779 1575 1849; x_wconf 91' lang='lat' dir='ltr'>qui</span> <span class='ocrx_word' id='word_1_217' title='bbox 1610 1779 2023 1835; x_wconf 86' lang='lat' dir='ltr'>maleﬁciorum</span> <span class='ocrx_word' id='word_1_218' title='bbox 2081 1796 2164 1834; x_wconf 35' lang='lat' dir='ltr'>aui</span> 
     </span>
    </p>
   </div>
   <div class='ocr_carea' id='block_1_25' title="bbox 2270 1779 3864 1870">
    <p class='ocr_par' dir='ltr' id='par_1_25' title="bbox 2291 1792 3864 1870">
     <span class='ocr_line' id='line_1_25' title="bbox 2291 1792 3864 1870; baseline -0.007 -18"><span class='ocrx_word' id='word_1_219' title='bbox 2291 1798 2686 1854; x_wconf 84' lang='lat' dir='ltr'>mendacium.</span> <span class='ocrx_word' id='word_1_220' title='bbox 2714 1799 2876 1862; x_wconf 90' lang='lat' dir='ltr'>Quod</span> <span class='ocrx_word' id='word_1_221' title='bbox 2934 1798 3171 1870; x_wconf 90' lang='lat' dir='ltr'>quidem</span> <span class='ocrx_word' id='word_1_222' title='bbox 3225 1797 3323 1852; x_wconf 89' lang='lat' dir='ltr'>ille</span> <span class='ocrx_word' id='word_1_223' title='bbox 3380 1796 3585 1851; x_wconf 88' lang='lat' dir='ltr'>ibidem</span> <span class='ocrx_word' id='word_1_224' title='bbox 3632 1792 3728 1846; x_wconf 85' lang='lat' dir='ltr'>hac</span> <span class='ocrx_word' id='word_1_225' title='bbox 3772 1796 3864 1842; x_wconf 85' lang='lat' dir='ltr'>tam</span> 
     </span>
    </p>
   </div>
   <div class='ocr_carea' id='block_1_26' title="bbox 529 1848 2164 1958">
    <p class='ocr_par' dir='ltr' id='par_1_26' title="bbox 529 1848 2164 1942">
     <span class='ocr_line' id='line_1_26' title="bbox 529 1848 2164 1942; baseline -0.003 -14"><span class='ocrx_word' id='word_1_226' title='bbox 529 1848 655 1928; x_wconf 71' lang='lat' dir='ltr'>utor</span> <span class='ocrx_word' id='word_1_227' title='bbox 692 1887 821 1927; x_wconf 90' lang='lat' dir='ltr'>esse</span> <span class='ocrx_word' id='word_1_228' title='bbox 881 1888 995 1926; x_wconf 91' lang='lat' dir='ltr'>non</span> <span class='ocrx_word' id='word_1_229' title='bbox 1056 1848 1265 1942; x_wconf 69' lang='lat' dir='ltr'>potest.</span> <span class='ocrx_word' id='word_1_230' title='bbox 1328 1870 1473 1940; x_wconf 86' lang='lat' dir='ltr'>Ergo</span> <span class='ocrx_word' id='word_1_231' title='bbox 1500 1848 1677 1925; x_wconf 83' lang='lat' dir='ltr'>illam</span> <span class='ocrx_word' id='word_1_232' title='bbox 1737 1872 2086 1940; x_wconf 89' lang='lat' dir='ltr'>acceperunt</span> <span class='ocrx_word' id='word_1_233' title='bbox 2145 1885 2164 1923; x_wconf 77' lang='grc' dir='ltr'><strong>ε</strong></span> 
     </span>
    </p>
   </div>
   <div class='ocr_carea' id='block_1_27' title="bbox 2270 1848 3865 1958">
    <p class='ocr_par' dir='ltr' id='par_1_27' title="bbox 2286 1848 3865 1958">
     <span class='ocr_line' id='line_1_27' title="bbox 2292 1848 3495 1870; baseline -0.002 -18"><span class='ocrx_word' id='word_1_234' title='bbox 2292 1848 2876 1862; x_wconf 45' lang='lat' dir='ltr'>_-__________V-_</span> <span class='ocrx_word' id='word_1_235' title='bbox 2939 1848 3171 1870; x_wconf 45' lang='lat' dir='ltr'>1wnm</span> <span class='ocrx_word' id='word_1_236' title='bbox 3385 1848 3495 1851; x_wconf 13' lang='lat' dir='ltr'>at,</span> 
     </span>
     <span class='ocr_line' id='line_1_28' title="bbox 2286 1878 3865 1958; baseline -0.008 -16"><span class='ocrx_word' id='word_1_237' title='bbox 2286 1891 2461 1953; x_wconf 89' lang='lat' dir='ltr'>certa,</span> <span class='ocrx_word' id='word_1_238' title='bbox 2513 1904 2691 1958; x_wconf 86' lang='lat' dir='ltr'>quam</span> <span class='ocrx_word' id='word_1_239' title='bbox 2752 1887 3006 1943; x_wconf 89' lang='lat' dir='ltr'>evidenti</span> <span class='ocrx_word' id='word_1_240' title='bbox 3064 1887 3290 1943; x_wconf 87' lang='lat' dir='ltr'>ratione</span> <span class='ocrx_word' id='word_1_241' title='bbox 3339 1883 3692 1956; x_wconf 87' lang='lat' dir='ltr'>comprobat:</span> <span class='ocrx_word' id='word_1_242' title='bbox 3744 1878 3865 1933; x_wconf 88' lang='lat' dir='ltr'>Hanc</span> 
     </span>
    </p>
   </div>
   <div class='ocr_carea' id='block_1_28' title="bbox 527 1956 2164 2047">
    <p class='ocr_par' dir='ltr' id='par_1_28' title="bbox 527 1956 2164 2031">
     <span class='ocr_line' id='line_1_29' title="bbox 527 1956 2164 2031; baseline -0.002 -16"><span class='ocrx_word' id='word_1_243' title='bbox 527 1961 915 2026; x_wconf 72' lang='lat' dir='ltr'>daemonibus,</span> <span class='ocrx_word' id='word_1_244' title='bbox 940 1958 1041 2031; x_wconf 88' lang='lat' dir='ltr'>qui</span> <span class='ocrx_word' id='word_1_245' title='bbox 1068 1976 1193 2027; x_wconf 89' lang='lat' dir='ltr'>sua,</span> <span class='ocrx_word' id='word_1_246' title='bbox 1228 1958 1313 2013; x_wconf 86' lang='lat' dir='ltr'>uti</span> <span class='ocrx_word' id='word_1_247' title='bbox 1342 1958 1599 2013; x_wconf 83' lang='lat' dir='ltr'>diximus</span> <span class='ocrx_word' id='word_1_248' title='bbox 1640 1956 2004 2030; x_wconf 82' lang='lat' dir='ltr'>malignitate</span> <span class='ocrx_word' id='word_1_249' title='bbox 2061 1957 2164 2012; x_wconf 90' lang='lat' dir='ltr'>ho-</span> 
     </span>
    </p>
   </div>
   <div class='ocr_carea' id='block_1_29' title="bbox 2270 1956 3866 2047">
    <p class='ocr_par' dir='ltr' id='par_1_29' title="bbox 2280 1956 3866 2047">
     <span class='ocr_line' id='line_1_30' title="bbox 2280 1956 3866 2047; baseline -0.007 -17"><span class='ocrx_word' id='word_1_250' title='bbox 2280 1956 2571 2031; x_wconf 79' lang='lat' dir='ltr'>fallaciam</span> <span class='ocrx_word' id='word_1_251' title='bbox 2608 1977 2856 2047; x_wconf 87' lang='lat' dir='ltr'>spiritus</span> <span class='ocrx_word' id='word_1_252' title='bbox 2909 1993 3187 2047; x_wconf 88' lang='lat' dir='ltr'>nequam,</span> <span class='ocrx_word' id='word_1_253' title='bbox 3240 1977 3352 2030; x_wconf 89' lang='lat' dir='ltr'>sub</span> <span class='ocrx_word' id='word_1_254' title='bbox 3401 1970 3651 2044; x_wconf 89' lang='lat' dir='ltr'>personis</span> <span class='ocrx_word' id='word_1_255' title='bbox 3702 1966 3866 2023; x_wconf 86' lang='lat' dir='ltr'>defun-</span> 
     </span>
    </p>
   </div>
   <div class='ocr_carea' id='block_1_30' title="bbox 528 2046 3865 2132">
    <p class='ocr_par' dir='ltr' id='par_1_30' title="bbox 528 2046 3865 2132">
     <span class='ocr_line' id='line_1_31' title="bbox 528 2046 3865 2132; baseline 0.001 -29"><span class='ocrx_word' id='word_1_256' title='bbox 528 2048 718 2104; x_wconf 90' lang='lat' dir='ltr'>mines</span> <span class='ocrx_word' id='word_1_257' title='bbox 750 2048 809 2103; x_wconf 91' lang='lat' dir='ltr'>in</span> <span class='ocrx_word' id='word_1_258' title='bbox 836 2047 1112 2118; x_wconf 64' lang='lat' dir='ltr'>quislibet</span> <span class='ocrx_word' id='word_1_259' title='bbox 1142 2046 1359 2102; x_wconf 89' lang='lat' dir='ltr'>scelera</span> <span class='ocrx_word' id='word_1_260' title='bbox 1387 2047 1660 2102; x_wconf 84' lang='lat' dir='ltr'>inducere</span> <span class='ocrx_word' id='word_1_261' title='bbox 1692 2047 2033 2102; x_wconf 88' lang='lat' dir='ltr'>moliuntur.</span> <span class='ocrx_word' id='word_1_262' title='bbox 2058 2047 2170 2102; x_wconf 92' lang='lat' dir='ltr'>Sed</span> <span class='ocrx_word' id='word_1_263' title='bbox 2282 2069 2506 2119; x_wconf 67' lang='lat' dir='ltr'>ctomm</span> <span class='ocrx_word' id='word_1_264' title='bbox 2576 2046 3015 2131; x_wconf 30' lang='grc' dir='ltr'>(ιθίιίιθεοθοιίεί</span> <span class='ocrx_word' id='word_1_265' title='bbox 3084 2064 3197 2119; x_wconf 70' lang='lat' dir='ltr'>nisi</span> <span class='ocrx_word' id='word_1_266' title='bbox 3282 2062 3471 2132; x_wconf 59' lang='lat' dir='ltr'>fallor,</span> <span class='ocrx_word' id='word_1_267' title='bbox 3520 2060 3679 2115; x_wconf 68' lang='lat' dir='ltr'>etiam</span> <span class='ocrx_word' id='word_1_268' title='bbox 3728 2055 3865 2110; x_wconf 78' lang='lat' dir='ltr'>rebus</span> 
     </span>
    </p>
   </div>
   <div class='ocr_carea' id='block_1_31' title="bbox 525 2134 3857 2226">
    <p class='ocr_par' dir='ltr' id='par_1_31' title="bbox 525 2134 3857 2226">
     <span class='ocr_line' id='line_1_32' title="bbox 525 2134 3857 2226; baseline -0.001 -33"><span class='ocrx_word' id='word_1_269' title='bbox 525 2136 647 2193; x_wconf 68' lang='lat' dir='ltr'>hac</span> <span class='ocrx_word' id='word_1_270' title='bbox 673 2137 768 2191; x_wconf 91' lang='lat' dir='ltr'>ille</span> <span class='ocrx_word' id='word_1_271' title='bbox 791 2136 904 2191; x_wconf 88' lang='lat' dir='ltr'>alio</span> <span class='ocrx_word' id='word_1_272' title='bbox 954 2136 1011 2190; x_wconf 91' lang='lat' dir='ltr'>in</span> <span class='ocrx_word' id='word_1_273' title='bbox 1052 2136 1200 2190; x_wconf 76' lang='lat' dir='ltr'>libro</span> <span class='ocrx_word' id='word_1_274' title='bbox 1232 2134 1454 2191; x_wconf 89' lang='lat' dir='ltr'>clarius</span> <span class='ocrx_word' id='word_1_275' title='bbox 1504 2136 1863 2207; x_wconf 87' lang='lat' dir='ltr'>uberiusque</span> <span class='ocrx_word' id='word_1_276' title='bbox 1923 2138 2166 2191; x_wconf 87' lang='lat' dir='ltr'>demon-</span> <span class='ocrx_word' id='word_1_277' title='bbox 2280 2154 2600 2226; x_wconf 63' lang='lat' dir='ltr'>probamus</span> <span class='ocrx_word' id='word_1_278' title='bbox 2628 2170 2762 2209; x_wconf 72' lang='lat' dir='ltr'>cum</span> <span class='ocrx_word' id='word_1_279' title='bbox 2792 2154 2851 2208; x_wconf 71' lang='lat' dir='ltr'>in</span> <span class='ocrx_word' id='word_1_280' title='bbox 2885 2153 3227 2209; x_wconf 66' lang='grc' dir='ltr'>ρχοτοίεωίε</span> <span class='ocrx_word' id='word_1_281' title='bbox 3258 2152 3552 2208; x_wconf 65' lang='lat' dir='ltr'>interdum</span> <span class='ocrx_word' id='word_1_282' title='bbox 3570 2147 3788 2218; x_wconf 62' lang='lat' dir='ltr'>aliquem</span> <span class='ocrx_word' id='word_1_283' title='bbox 3813 2156 3857 2198; x_wconf 72' lang='lat' dir='ltr'>se</span> 
     </span>
    </p>
   </div>
   <div class='ocr_carea' id='block_1_32' title="bbox 525 2224 2164 2312">
    <p class='ocr_par' dir='ltr' id='par_1_32' title="bbox 525 2224 1541 2297">
     <span class='ocr_line' id='line_1_33' title="bbox 525 2224 1541 2297; baseline -0.005 -15"><span class='ocrx_word' id='word_1_284' title='bbox 525 2230 675 2283; x_wconf 85' lang='lat' dir='ltr'>strat</span> <span class='ocrx_word' id='word_1_285' title='bbox 704 2226 908 2297; x_wconf 87' lang='lat' dir='ltr'>(Idem,</span> <span class='ocrx_word' id='word_1_286' title='bbox 940 2225 1010 2280; x_wconf 82' lang='lat' dir='ltr'>de</span> <span class='ocrx_word' id='word_1_287' title='bbox 1047 2226 1232 2280; x_wconf 83' lang='lat' dir='ltr'>Anim.</span> <span class='ocrx_word' id='word_1_288' title='bbox 1269 2240 1393 2295; x_wconf 88' lang='lat' dir='ltr'>cap.</span> <span class='ocrx_word' id='word_1_289' title='bbox 1428 2224 1541 2295; x_wconf 86' lang='lat'>57).</span> 
     </span>
    </p>
   </div>
   <div class='ocr_carea' id='block_1_33' title="bbox 2270 2224 3865 2312">
    <p class='ocr_par' dir='ltr' id='par_1_33' title="bbox 2280 2224 3865 2312">
     <span class='ocr_line' id='line_1_34' title="bbox 2280 2224 3865 2312; baseline -0.008 -15"><span class='ocrx_word' id='word_1_290' title='bbox 2280 2224 2348 2297; x_wconf 79' lang='lat' dir='ltr'>ex</span> <span class='ocrx_word' id='word_1_291' title='bbox 2377 2243 2717 2312; x_wconf 87' lang='lat' dir='ltr'>parentibus</span> <span class='ocrx_word' id='word_1_292' title='bbox 2768 2242 3068 2297; x_wconf 88' lang='lat' dir='ltr'>hominem</span> <span class='ocrx_word' id='word_1_293' title='bbox 3127 2243 3258 2297; x_wconf 87' lang='lat' dir='ltr'>suis</span> <span class='ocrx_word' id='word_1_294' title='bbox 3320 2241 3589 2304; x_wconf 89' lang='lat' dir='ltr'>afﬁrmat,</span> <span class='ocrx_word' id='word_1_295' title='bbox 3628 2232 3865 2290; x_wconf 84' lang='lat' dir='ltr'>interdum</span> 
     </span>
    </p>
   </div>
   <div class='ocr_carea' id='block_1_34' title="bbox 2280 2324 3865 2404">
    <p class='ocr_par' dir='ltr' id='par_1_34' title="bbox 2280 2324 3865 2404">
     <span class='ocr_line' id='line_1_35' title="bbox 2280 2324 3865 2404; baseline -0.008 -18"><span class='ocrx_word' id='word_1_296' title='bbox 2280 2331 2688 2404; x_wconf 86' lang='lat' dir='ltr'>gladiatorem,</span> <span class='ocrx_word' id='word_1_297' title='bbox 2721 2332 2807 2386; x_wconf 87' lang='lat' dir='ltr'>vel</span> <span class='ocrx_word' id='word_1_298' title='bbox 2841 2332 3212 2399; x_wconf 89' lang='lat' dir='ltr'>bestiarium,</span> <span class='ocrx_word' id='word_1_299' title='bbox 3246 2331 3403 2387; x_wconf 90' lang='lat' dir='ltr'>sicut</span> <span class='ocrx_word' id='word_1_300' title='bbox 3431 2334 3485 2385; x_wconf 91' lang='lat' dir='ltr'>et</span> <span class='ocrx_word' id='word_1_301' title='bbox 3541 2325 3667 2383; x_wconf 88' lang='lat' dir='ltr'>alibi</span> <span class='ocrx_word' id='word_1_302' title='bbox 3712 2324 3865 2385; x_wconf 88' lang='lat' dir='ltr'>deum,</span> 
     </span>
    </p>
   </div>
   <div class='ocr_carea' id='block_1_35' title="bbox 2280 2413 3863 2492">
    <p class='ocr_par' dir='ltr' id='par_1_35' title="bbox 2280 2413 3863 2492">
     <span class='ocr_line' id='line_1_36' title="bbox 2280 2413 3863 2492; baseline -0.008 -17"><span class='ocrx_word' id='word_1_303' title='bbox 2280 2420 2427 2475; x_wconf 88' lang='lat' dir='ltr'>nihil</span> <span class='ocrx_word' id='word_1_304' title='bbox 2461 2420 2642 2491; x_wconf 83' lang='lat' dir='ltr'>magis</span> <span class='ocrx_word' id='word_1_305' title='bbox 2701 2438 2935 2491; x_wconf 88' lang='lat' dir='ltr'>curans,</span> <span class='ocrx_word' id='word_1_306' title='bbox 2997 2438 3173 2492; x_wconf 88' lang='lat' dir='ltr'>quam</span> <span class='ocrx_word' id='word_1_307' title='bbox 3208 2421 3319 2475; x_wconf 88' lang='lat' dir='ltr'>hoc</span> <span class='ocrx_word' id='word_1_308' title='bbox 3367 2420 3555 2490; x_wconf 83' lang='lat' dir='ltr'>ipsum</span> <span class='ocrx_word' id='word_1_309' title='bbox 3602 2413 3863 2473; x_wconf 84' lang='lat' dir='ltr'>excludere,</span> 
     </span>
    </p>
   </div>
   <div class='ocr_carea' id='block_1_36' title="bbox 2279 2496 3866 2581">
    <p class='ocr_par' dir='ltr' id='par_1_36' title="bbox 2279 2496 3866 2581">
     <span class='ocr_line' id='line_1_37' title="bbox 2279 2496 3866 2581; baseline -0.009 -17"><span class='ocrx_word' id='word_1_310' title='bbox 2279 2511 2433 2580; x_wconf 87' lang='lat' dir='ltr'>quod</span> <span class='ocrx_word' id='word_1_311' title='bbox 2461 2510 2870 2581; x_wconf 62' lang='lat' dir='ltr'>praedicamus,</span> <span class='ocrx_word' id='word_1_312' title='bbox 2906 2527 2977 2564; x_wconf 88' lang='lat' dir='ltr'>ne</span> <span class='ocrx_word' id='word_1_313' title='bbox 3011 2510 3178 2565; x_wconf 89' lang='lat' dir='ltr'>facile</span> <span class='ocrx_word' id='word_1_314' title='bbox 3210 2510 3516 2565; x_wconf 90' lang='lat' dir='ltr'>credamus</span> <span class='ocrx_word' id='word_1_315' title='bbox 3546 2505 3746 2559; x_wconf 87' lang='lat' dir='ltr'>animas</span> <span class='ocrx_word' id='word_1_316' title='bbox 3771 2496 3866 2553; x_wconf 88' lang='lat' dir='ltr'>uni-</span> 
     </span>
    </p>
   </div>
   <div class='ocr_carea' id='block_1_37' title="bbox 2275 2588 3867 2670">
    <p class='ocr_par' dir='ltr' id='par_1_37' title="bbox 2275 2588 3867 2670">
     <span class='ocr_line' id='line_1_38' title="bbox 2275 2588 3867 2670; baseline -0.006 -18"><span class='ocrx_word' id='word_1_317' title='bbox 2275 2614 2477 2652; x_wconf 88' lang='lat' dir='ltr'>versas</span> <span class='ocrx_word' id='word_1_318' title='bbox 2508 2599 2576 2652; x_wconf 88' lang='lat' dir='ltr'>ad</span> <span class='ocrx_word' id='word_1_319' title='bbox 2606 2598 2821 2654; x_wconf 86' lang='lat' dir='ltr'>inferos</span> <span class='ocrx_word' id='word_1_320' title='bbox 2851 2598 3055 2669; x_wconf 87' lang='lat' dir='ltr'>redigi,</span> <span class='ocrx_word' id='word_1_321' title='bbox 3077 2604 3139 2653; x_wconf 90' lang='lat' dir='ltr'>ut</span> <span class='ocrx_word' id='word_1_322' title='bbox 3168 2604 3219 2654; x_wconf 87' lang='lat' dir='ltr'>et</span> <span class='ocrx_word' id='word_1_323' title='bbox 3244 2598 3457 2670; x_wconf 89' lang='lat' dir='ltr'>judicii</span> <span class='ocrx_word' id='word_1_324' title='bbox 3481 2601 3536 2652; x_wconf 91' lang='lat' dir='ltr'>et</span> <span class='ocrx_word' id='word_1_325' title='bbox 3556 2588 3867 2659; x_wconf 84' lang='lat' dir='ltr'>resurrectio-</span> 
     </span>
    </p>
   </div>
   <div class='ocr_carea' id='block_1_38' title="bbox 2278 2685 3109 2758">
    <p class='ocr_par' dir='ltr' id='par_1_38' title="bbox 2278 2685 3109 2758">
     <span class='ocr_line' id='line_1_39' title="bbox 2278 2685 3109 2758; baseline 0.004 -19"><span class='ocrx_word' id='word_1_326' title='bbox 2278 2685 2368 2740; x_wconf 91' lang='lat' dir='ltr'>nis</span> <span class='ocrx_word' id='word_1_327' title='bbox 2403 2687 2576 2740; x_wconf 83' lang='lat' dir='ltr'>ﬁdem</span> <span class='ocrx_word' id='word_1_328' title='bbox 2609 2687 2807 2741; x_wconf 85' lang='lat' dir='ltr'>turbet</span> <span class='ocrx_word' id='word_1_329' title='bbox 2842 2711 2862 2735; x_wconf 71' lang='grc' dir='ltr'>η</span> <span class='ocrx_word' id='word_1_330' title='bbox 2899 2688 3056 2758; x_wconf 80' lang='lat' dir='ltr'>(Ibid)</span> <span class='ocrx_word' id='word_1_331' title='bbox 3096 2731 3109 2742; x_wconf 92' lang='lat'>.</span> 
     </span>
    </p>
   </div>
   <div class='ocr_carea' id='block_1_39' title="bbox 2347 2771 3864 2846">
    <p class='ocr_par' dir='ltr' id='par_1_39' title="bbox 2347 2771 3864 2846">
     <span class='ocr_line' id='line_1_40' title="bbox 2347 2771 3864 2846; baseline -0.008 -17"><span class='ocrx_word' id='word_1_332' title='bbox 2347 2776 2420 2829; x_wconf 86' lang='lat' dir='ltr'>At</span> <span class='ocrx_word' id='word_1_333' title='bbox 2449 2792 2574 2841; x_wconf 91' lang='lat' dir='ltr'>cur,</span> <span class='ocrx_word' id='word_1_334' title='bbox 2607 2775 2858 2846; x_wconf 54' lang='lat' dir='ltr'>inquies,</span> <span class='ocrx_word' id='word_1_335' title='bbox 2886 2776 3092 2832; x_wconf 71' lang='lat' dir='ltr'>animis</span> <span class='ocrx_word' id='word_1_336' title='bbox 3123 2777 3535 2831; x_wconf 85' lang='lat' dir='ltr'>defunctorum</span> <span class='ocrx_word' id='word_1_337' title='bbox 3558 2772 3623 2827; x_wconf 88' lang='lat' dir='ltr'>ab</span> <span class='ocrx_word' id='word_1_338' title='bbox 3676 2784 3731 2825; x_wconf 90' lang='lat' dir='ltr'>eo</span> <span class='ocrx_word' id='word_1_339' title='bbox 3759 2771 3864 2820; x_wconf 87' lang='lat' dir='ltr'>tunc</span> 
     </span>
    </p>
   </div>
   <div class='ocr_carea' id='block_1_40' title="bbox 2277 2852 3867 2921">
    <p class='ocr_par' dir='ltr' id='par_1_40' title="bbox 2277 2852 3867 2921">
     <span class='ocr_line' id='line_1_41' title="bbox 2277 2852 3867 2921; baseline -0.008 -4"><span class='ocrx_word' id='word_1_340' title='bbox 2277 2863 2556 2919; x_wconf 89' lang='lat' dir='ltr'>dicuntur</span> <span class='ocrx_word' id='word_1_341' title='bbox 2586 2863 2905 2919; x_wconf 85' lang='lat' dir='ltr'>infamari?</span> <span class='ocrx_word' id='word_1_342' title='bbox 2939 2869 3146 2920; x_wconf 86' lang='lat' dir='ltr'>Putant</span> <span class='ocrx_word' id='word_1_343' title='bbox 3178 2864 3449 2921; x_wconf 91' lang='lat' dir='ltr'>nonnulli</span> <span class='ocrx_word' id='word_1_344' title='bbox 3480 2861 3614 2917; x_wconf 88' lang='lat' dir='ltr'>illud</span> <span class='ocrx_word' id='word_1_345' title='bbox 3651 2859 3760 2913; x_wconf 93' lang='lat' dir='ltr'>ideo</span> <span class='ocrx_word' id='word_1_346' title='bbox 3805 2852 3867 2906; x_wconf 85' lang='lat' dir='ltr'>di-</span> 
     </span>
    </p>
   </div>
   <div class='ocr_carea' id='block_1_41' title="bbox 2277 2940 3866 3025">
    <p class='ocr_par' dir='ltr' id='par_1_41' title="bbox 2277 2940 3866 3025">
     <span class='ocr_line' id='line_1_42' title="bbox 2277 2940 3866 3025; baseline -0.008 -18"><span class='ocrx_word' id='word_1_347' title='bbox 2277 2958 2460 3020; x_wconf 91' lang='lat' dir='ltr'>ctum,</span> <span class='ocrx_word' id='word_1_348' title='bbox 2494 2954 2631 3025; x_wconf 88' lang='lat' dir='ltr'>quia</span> <span class='ocrx_word' id='word_1_349' title='bbox 2662 2953 2904 3009; x_wconf 86' lang='lat' dir='ltr'>infamia</span> <span class='ocrx_word' id='word_1_350' title='bbox 2934 2958 2991 3008; x_wconf 89' lang='lat' dir='ltr'>et</span> <span class='ocrx_word' id='word_1_351' title='bbox 3019 2955 3384 3010; x_wconf 88' lang='lat' dir='ltr'>contumelia</span> <span class='ocrx_word' id='word_1_352' title='bbox 3428 2952 3760 3009; x_wconf 86' lang='lat' dir='ltr'>afﬁciuntur.</span> <span class='ocrx_word' id='word_1_353' title='bbox 3786 2940 3866 2996; x_wconf 88' lang='lat' dir='ltr'>Sed</span> 
     </span>
    </p>
   </div>
   <div class='ocr_carea' id='block_1_42' title="bbox 2276 3026 3867 3099">
    <p class='ocr_par' dir='ltr' id='par_1_42' title="bbox 2276 3026 3867 3099">
     <span class='ocr_line' id='line_1_43' title="bbox 2276 3026 3867 3099; baseline -0.008 -4"><span class='ocrx_word' id='word_1_354' title='bbox 2276 3056 2547 3096; x_wconf 89' lang='lat' dir='ltr'>veremur</span> <span class='ocrx_word' id='word_1_355' title='bbox 2576 3059 2647 3096; x_wconf 90' lang='lat' dir='ltr'>ne</span> <span class='ocrx_word' id='word_1_356' title='bbox 2679 3042 2787 3097; x_wconf 88' lang='lat' dir='ltr'>hoc</span> <span class='ocrx_word' id='word_1_357' title='bbox 2820 3043 3055 3097; x_wconf 83' lang='lat' dir='ltr'>verbum</span> <span class='ocrx_word' id='word_1_358' title='bbox 3114 3044 3228 3098; x_wconf 88' lang='lat' dir='ltr'>alio</span> <span class='ocrx_word' id='word_1_359' title='bbox 3292 3059 3471 3099; x_wconf 89' lang='lat' dir='ltr'>sensu</span> <span class='ocrx_word' id='word_1_360' title='bbox 3502 3059 3534 3095; x_wconf 91' lang='lat' dir='ltr'>a</span> <span class='ocrx_word' id='word_1_361' title='bbox 3572 3026 3867 3095; x_wconf 77' lang='lat' dir='ltr'>Tertulliano</span> 
     </span>
    </p>
   </div>
   <div class='ocr_carea' id='block_1_43' title="bbox 2279 3123 3867 3203">
    <p class='ocr_par' dir='ltr' id='par_1_43' title="bbox 2279 3123 3867 3203">
     <span class='ocr_line' id='line_1_44' title="bbox 2279 3123 3867 3203; baseline -0.008 -19"><span class='ocrx_word' id='word_1_362' title='bbox 2279 3130 2602 3200; x_wconf 85' lang='lat' dir='ltr'>accipiatur</span> <span class='ocrx_word' id='word_1_363' title='bbox 2634 3148 2735 3199; x_wconf 84' lang='lat' dir='ltr'>pro</span> <span class='ocrx_word' id='word_1_364' title='bbox 2788 3131 3007 3203; x_wconf 79' lang='lat' dir='ltr'>tingere</span> <span class='ocrx_word' id='word_1_365' title='bbox 3030 3131 3319 3201; x_wconf 90' lang='lat' dir='ltr'>videlicet,</span> <span class='ocrx_word' id='word_1_366' title='bbox 3364 3149 3430 3187; x_wconf 88' lang='lat' dir='ltr'>ac</span> <span class='ocrx_word' id='word_1_367' title='bbox 3462 3129 3601 3185; x_wconf 89' lang='lat' dir='ltr'>falso</span> <span class='ocrx_word' id='word_1_368' title='bbox 3632 3123 3867 3181; x_wconf 80' lang='lat' dir='ltr'>exhibere.</span> 
     </span>
    </p>
   </div>
   <div class='ocr_carea' id='block_1_44' title="bbox 2198 3208 3866 3291">
    <p class='ocr_par' dir='ltr' id='par_1_44' title="bbox 2198 3208 3866 3291">
     <span class='ocr_line' id='line_1_45' title="bbox 2198 3208 3866 3291; baseline -0.002 -16"><span class='ocrx_word' id='word_1_369' title='bbox 2198 3209 2240 3275; x_wconf 86' lang='lat' dir='ltr'>C</span> <span class='ocrx_word' id='word_1_370' title='bbox 2278 3222 2423 3272; x_wconf 90' lang='lat' dir='ltr'>Nam</span> <span class='ocrx_word' id='word_1_371' title='bbox 2456 3220 2656 3273; x_wconf 79' lang='lat' dir='ltr'>eodem</span> <span class='ocrx_word' id='word_1_372' title='bbox 2693 3220 2751 3273; x_wconf 92' lang='lat' dir='ltr'>in</span> <span class='ocrx_word' id='word_1_373' title='bbox 2777 3220 2923 3275; x_wconf 89' lang='lat' dir='ltr'>libro</span> <span class='ocrx_word' id='word_1_374' title='bbox 2958 3221 3163 3291; x_wconf 86' lang='lat' dir='ltr'>probat</span> <span class='ocrx_word' id='word_1_375' title='bbox 3190 3220 3317 3275; x_wconf 86' lang='lat' dir='ltr'>falli</span> <span class='ocrx_word' id='word_1_376' title='bbox 3342 3220 3639 3275; x_wconf 89' lang='lat' dir='ltr'>hominum</span> <span class='ocrx_word' id='word_1_377' title='bbox 3691 3208 3866 3271; x_wconf 77' lang='lat' dir='ltr'>oculos.</span> 
     </span>
    </p>
   </div>
   <div class='ocr_carea' id='block_1_45' title="bbox 2274 3304 3866 3378">
    <p class='ocr_par' dir='ltr' id='par_1_45' title="bbox 2274 3304 3866 3378">
     <span class='ocr_line' id='line_1_46' title="bbox 2274 3304 3866 3378; baseline 0.006 -18"><span class='ocrx_word' id='word_1_378' title='bbox 2274 3322 2339 3361; x_wconf 88' lang='lat' dir='ltr'>ac</span> <span class='ocrx_word' id='word_1_379' title='bbox 2361 3306 2553 3376; x_wconf 85' lang='lat' dir='ltr'>objici.</span> <span class='ocrx_word' id='word_1_380' title='bbox 2590 3330 2617 3357; x_wconf 90' lang='grc'><em>‹‹</em></span> <span class='ocrx_word' id='word_1_381' title='bbox 2652 3307 3023 3363; x_wconf 86' lang='lat' dir='ltr'>Mendacium</span> <span class='ocrx_word' id='word_1_382' title='bbox 3049 3325 3251 3364; x_wconf 90' lang='lat' dir='ltr'>eorum</span> <span class='ocrx_word' id='word_1_383' title='bbox 3306 3308 3483 3378; x_wconf 88' lang='lat' dir='ltr'>visui,</span> <span class='ocrx_word' id='word_1_384' title='bbox 3511 3304 3654 3377; x_wconf 83' lang='lat' dir='ltr'>quod</span> <span class='ocrx_word' id='word_1_385' title='bbox 3716 3311 3866 3368; x_wconf 63' lang='grc' dir='ltr'>εθίῖυθ·</span> 
     </span>
    </p>
   </div>
   <div class='ocr_carea' id='block_1_46' title="bbox 2269 3389 3864 3467">
    <p class='ocr_par' dir='ltr' id='par_1_46' title="bbox 2269 3389 3864 3467">
     <span class='ocr_line' id='line_1_47' title="bbox 2269 3389 3864 3467; baseline -0.004 -20"><span class='ocrx_word' id='word_1_386' title='bbox 2269 3394 2559 3449; x_wconf 84' lang='lat' dir='ltr'>lissimam</span> <span class='ocrx_word' id='word_1_387' title='bbox 2584 3396 2872 3466; x_wconf 86' lang='lat' dir='ltr'>porticum</span> <span class='ocrx_word' id='word_1_388' title='bbox 2896 3398 3297 3467; x_wconf 85' lang='lat' dir='ltr'>angustiorem</span> <span class='ocrx_word' id='word_1_389' title='bbox 3322 3397 3381 3452; x_wconf 91' lang='lat' dir='ltr'>in</span> <span class='ocrx_word' id='word_1_390' title='bbox 3410 3389 3864 3451; x_wconf 66' lang='lat' dir='ltr'>ultimoinfamet»</span> 
     </span>
    </p>
   </div>
   <div class='ocr_carea' id='block_1_47' title="bbox 2271 3471 3865 3555">
    <p class='ocr_par' dir='ltr' id='par_1_47' title="bbox 2271 3471 3865 3555">
     <span class='ocr_line' id='line_1_48' title="bbox 2271 3471 3865 3555; baseline -0.008 -17"><span class='ocrx_word' id='word_1_391' title='bbox 2271 3482 2431 3555; x_wconf 82' lang='lat' dir='ltr'>(Ibid.</span> <span class='ocrx_word' id='word_1_392' title='bbox 2466 3500 2513 3538; x_wconf 83' lang='grc' dir='ltr'>ο.</span> <span class='ocrx_word' id='word_1_393' title='bbox 2551 3485 2657 3555; x_wconf 88' lang='grc'>17),</span> <span class='ocrx_word' id='word_1_394' title='bbox 2691 3485 2748 3537; x_wconf 90' lang='lat' dir='ltr'>id</span> <span class='ocrx_word' id='word_1_395' title='bbox 2779 3489 2888 3551; x_wconf 89' lang='lat' dir='ltr'>est,</span> <span class='ocrx_word' id='word_1_396' title='bbox 2951 3484 3094 3540; x_wconf 88' lang='lat' dir='ltr'>falso</span> <span class='ocrx_word' id='word_1_397' title='bbox 3151 3487 3450 3551; x_wconf 76' lang='lat' dir='ltr'>exhibeat,</span> <span class='ocrx_word' id='word_1_398' title='bbox 3507 3500 3570 3539; x_wconf 88' lang='lat' dir='ltr'>ac</span> <span class='ocrx_word' id='word_1_399' title='bbox 3620 3471 3865 3535; x_wconf 86' lang='lat' dir='ltr'>mendacio</span> 
     </span>
    </p>
   </div>
   <div class='ocr_carea' id='block_1_48' title="bbox 2271 3570 3863 3644">
    <p class='ocr_par' dir='ltr' id='par_1_48' title="bbox 2271 3570 3863 3644">
     <span class='ocr_line' id='line_1_49' title="bbox 2271 3570 3863 3644; baseline -0.008 -19"><span class='ocrx_word' id='word_1_400' title='bbox 2271 3578 2668 3642; x_wconf 48' lang='lat' dir='ltr'>representet.</span> <span class='ocrx_word' id='word_1_401' title='bbox 2711 3578 2920 3628; x_wconf 89' lang='lat' dir='ltr'>Postea</span> <span class='ocrx_word' id='word_1_402' title='bbox 2948 3591 3078 3629; x_wconf 91' lang='lat' dir='ltr'>vero</span> <span class='ocrx_word' id='word_1_403' title='bbox 3113 3575 3321 3644; x_wconf 91' lang='lat' dir='ltr'>adjicit</span> <span class='ocrx_word' id='word_1_404' title='bbox 3353 3582 3493 3629; x_wconf 87' lang='lat' dir='ltr'>tunc</span> <span class='ocrx_word' id='word_1_405' title='bbox 3540 3570 3738 3625; x_wconf 88' lang='lat' dir='ltr'>nullam</span> <span class='ocrx_word' id='word_1_406' title='bbox 3766 3575 3863 3618; x_wconf 81' lang='lat' dir='ltr'>esse</span> 
     </span>
    </p>
   </div>
   <div class='ocr_carea' id='block_1_49' title="bbox 2269 3651 3863 3734">
    <p class='ocr_par' dir='ltr' id='par_1_49' title="bbox 2269 3651 3863 3734">
     <span class='ocr_line' id='line_1_50' title="bbox 2269 3651 3863 3734; baseline -0.001 -19"><span class='ocrx_word' id='word_1_407' title='bbox 2269 3662 2569 3716; x_wconf 91' lang='lat' dir='ltr'>oculorum</span> <span class='ocrx_word' id='word_1_408' title='bbox 2606 3661 2914 3733; x_wconf 83' lang='lat' dir='ltr'>fallaciam,</span> <span class='ocrx_word' id='word_1_409' title='bbox 2950 3662 3299 3734; x_wconf 89' lang='lat' dir='ltr'>nullumque</span> <span class='ocrx_word' id='word_1_410' title='bbox 3332 3661 3710 3725; x_wconf 82' lang='lat' dir='ltr'>mendacium,</span> <span class='ocrx_word' id='word_1_411' title='bbox 3737 3653 3778 3708; x_wconf 77' lang='lat' dir='ltr'>si</span> <span class='ocrx_word' id='word_1_412' title='bbox 3822 3651 3863 3705; x_wconf 73' lang='grc' dir='ltr'><strong>Θῑ</strong></span> 
     </span>
    </p>
   </div>
   <div class='ocr_carea' id='block_1_50' title="bbox 2270 3745 3863 3821">
    <p class='ocr_par' dir='ltr' id='par_1_50' title="bbox 2270 3745 3863 3821">
     <span class='ocr_line' id='line_1_51' title="bbox 2270 3745 3863 3821; baseline -0.007 -18"><span class='ocrx_word' id='word_1_413' title='bbox 2270 3749 2411 3820; x_wconf 71' lang='lat' dir='ltr'>ipsae</span> <span class='ocrx_word' id='word_1_414' title='bbox 2453 3766 2636 3807; x_wconf 63' lang='lat' dir='ltr'>causa?</span> <span class='ocrx_word' id='word_1_415' title='bbox 2665 3751 2889 3821; x_wconf 87' lang='lat' dir='ltr'>objecta</span> <span class='ocrx_word' id='word_1_416' title='bbox 2932 3759 3082 3807; x_wconf 91' lang='lat' dir='ltr'>recte</span> <span class='ocrx_word' id='word_1_417' title='bbox 3111 3752 3347 3807; x_wconf 83' lang='lat' dir='ltr'>videndi</span> <span class='ocrx_word' id='word_1_418' title='bbox 3398 3748 3633 3806; x_wconf 88' lang='lat' dir='ltr'>infamia</span> <span class='ocrx_word' id='word_1_419' title='bbox 3663 3745 3863 3799; x_wconf 84' lang='lat' dir='ltr'>liberen-</span> 
     </span>
    </p>
   </div>
   <div class='ocr_carea' id='block_1_51' title="bbox 2270 3824 3863 3907">
    <p class='ocr_par' dir='ltr' id='par_1_51' title="bbox 2270 3824 3863 3907">
     <span class='ocr_line' id='line_1_52' title="bbox 2270 3824 3863 3907; baseline -0.007 -16"><span class='ocrx_word' id='word_1_420' title='bbox 2270 3842 2387 3892; x_wconf 89' lang='lat' dir='ltr'>tur.</span> <span class='ocrx_word' id='word_1_421' title='bbox 2432 3837 2611 3893; x_wconf 89' lang='lat' dir='ltr'>Nemo</span> <span class='ocrx_word' id='word_1_422' title='bbox 2635 3843 2828 3893; x_wconf 88' lang='lat' dir='ltr'>autem</span> <span class='ocrx_word' id='word_1_423' title='bbox 2879 3839 3191 3895; x_wconf 83' lang='lat' dir='ltr'>dixeritibi</span> <span class='ocrx_word' id='word_1_424' title='bbox 3222 3842 3471 3896; x_wconf 90' lang='lat' dir='ltr'>verbum</span> <span class='ocrx_word' id='word_1_425' title='bbox 3516 3838 3765 3907; x_wconf 78' lang='lat' dir='ltr'>infamare</span> <span class='ocrx_word' id='word_1_426' title='bbox 3810 3824 3863 3879; x_wconf 85' lang='lat' dir='ltr'>ab</span> 
     </span>
    </p>
   </div>
   <div class='ocr_carea' id='block_1_52' title="bbox 2270 3924 3855 4001">
    <p class='ocr_par' dir='ltr' id='par_1_52' title="bbox 2270 3924 3855 4001">
     <span class='ocr_line' id='line_1_53' title="bbox 2270 3924 3855 4001; baseline -0.008 -22"><span class='ocrx_word' id='word_1_427' title='bbox 2270 3925 2369 3980; x_wconf 94' lang='lat' dir='ltr'>illo</span> <span class='ocrx_word' id='word_1_428' title='bbox 2403 3927 2673 3997; x_wconf 88' lang='lat' dir='ltr'>usurpari</span> <span class='ocrx_word' id='word_1_429' title='bbox 2709 3944 2808 3997; x_wconf 91' lang='lat' dir='ltr'>pro</span> <span class='ocrx_word' id='word_1_430' title='bbox 2842 3928 3093 3998; x_wconf 88' lang='lat' dir='ltr'>macula,</span> <span class='ocrx_word' id='word_1_431' title='bbox 3134 3945 3248 3998; x_wconf 88' lang='lat' dir='ltr'>qua</span> <span class='ocrx_word' id='word_1_432' title='bbox 3309 3930 3570 4001; x_wconf 87' lang='lat' dir='ltr'>porticus</span> <span class='ocrx_word' id='word_1_433' title='bbox 3614 3924 3855 3978; x_wconf 87' lang='lat' dir='ltr'>inuratur.</span> 
     </span>
    </p>
   </div>
   <div class='ocr_carea' id='block_1_53' title="bbox 2267 4007 3863 4086">
    <p class='ocr_par' dir='ltr' id='par_1_53' title="bbox 2267 4007 3863 4086">
     <span class='ocr_line' id='line_1_54' title="bbox 2267 4007 3863 4086; baseline -0.003 -18"><span class='ocrx_word' id='word_1_434' title='bbox 2267 4015 2323 4068; x_wconf 90' lang='lat' dir='ltr'>Si</span> <span class='ocrx_word' id='word_1_435' title='bbox 2356 4015 2703 4086; x_wconf 88' lang='lat' dir='ltr'>quistamen</span> <span class='ocrx_word' id='word_1_436' title='bbox 2737 4017 3066 4086; x_wconf 81' lang='lat' dir='ltr'>probaverit</span> <span class='ocrx_word' id='word_1_437' title='bbox 3112 4016 3221 4071; x_wconf 89' lang='lat' dir='ltr'>hoc</span> <span class='ocrx_word' id='word_1_438' title='bbox 3261 4017 3527 4073; x_wconf 85' lang='lat' dir='ltr'>secundo</span> <span class='ocrx_word' id='word_1_439' title='bbox 3584 4007 3863 4084; x_wconf 69' lang='lat' dir='ltr'>signiﬁcatu</span> 
     </span>
    </p>
   </div>
   <div class='ocr_carea' id='block_1_54' title="bbox 2268 4096 3867 4176">
    <p class='ocr_par' dir='ltr' id='par_1_54' title="bbox 2268 4096 3867 4176">
     <span class='ocr_line' id='line_1_55' title="bbox 2268 4096 3867 4176; baseline 0.002 -19"><span class='ocrx_word' id='word_1_440' title='bbox 2268 4105 2325 4159; x_wconf 93' lang='lat' dir='ltr'>in</span> <span class='ocrx_word' id='word_1_441' title='bbox 2360 4106 2724 4176; x_wconf 87' lang='lat' dir='ltr'>Apologetico,</span> <span class='ocrx_word' id='word_1_442' title='bbox 2757 4106 2910 4160; x_wconf 89' lang='lat' dir='ltr'>sicut</span> <span class='ocrx_word' id='word_1_443' title='bbox 2941 4107 2996 4160; x_wconf 92' lang='lat' dir='ltr'>in</span> <span class='ocrx_word' id='word_1_444' title='bbox 3058 4123 3192 4162; x_wconf 83' lang='lat' dir='ltr'>mox</span> <span class='ocrx_word' id='word_1_445' title='bbox 3245 4106 3449 4161; x_wconf 88' lang='lat' dir='ltr'>citatis</span> <span class='ocrx_word' id='word_1_446' title='bbox 3509 4104 3664 4165; x_wconf 83' lang='lat' dir='ltr'>locis,</span> <span class='ocrx_word' id='word_1_447' title='bbox 3720 4096 3867 4169; x_wconf 75' lang='lat' dir='ltr'>primo</span> 
     </span>
    </p>
   </div>
   <div class='ocr_carea' id='block_1_55' title="bbox 2268 4187 3864 4266">
    <p class='ocr_par' dir='ltr' id='par_1_55' title="bbox 2268 4187 3864 4266">
     <span class='ocr_line' id='line_1_56' title="bbox 2268 4187 3864 4266; baseline -0.006 -18"><span class='ocrx_word' id='word_1_448' title='bbox 2268 4209 2446 4248; x_wconf 90' lang='lat' dir='ltr'>sensu</span> <span class='ocrx_word' id='word_1_449' title='bbox 2477 4193 2679 4264; x_wconf 87' lang='lat' dir='ltr'>accipi,</span> <span class='ocrx_word' id='word_1_450' title='bbox 2731 4211 2845 4248; x_wconf 91' lang='lat' dir='ltr'>non</span> <span class='ocrx_word' id='word_1_451' title='bbox 2877 4195 3114 4250; x_wconf 90' lang='lat' dir='ltr'>omnino</span> <span class='ocrx_word' id='word_1_452' title='bbox 3168 4210 3500 4266; x_wconf 86' lang='lat' dir='ltr'>repugnare</span> <span class='ocrx_word' id='word_1_453' title='bbox 3548 4187 3864 4247; x_wconf 51' lang='lat' dir='ltr'>audebimus</span> 
     </span>
    </p>
   </div>
   <div class='ocr_carea' id='block_1_56' title="bbox 596 2365 2171 2439">
    <p class='ocr_par' dir='ltr' id='par_1_56' title="bbox 596 2365 2171 2439">
     <span class='ocr_line' id='line_1_57' title="bbox 596 2365 2171 2439; baseline -0.001 -16"><span class='ocrx_word' id='word_1_454' title='bbox 596 2367 750 2439; x_wconf 88' lang='lat' dir='ltr'>Magi</span> <span class='ocrx_word' id='word_1_455' title='bbox 782 2366 979 2439; x_wconf 88' lang='lat' dir='ltr'>itaque</span> <span class='ocrx_word' id='word_1_456' title='bbox 1011 2370 1247 2437; x_wconf 87' lang='lat' dir='ltr'>accepta</span> <span class='ocrx_word' id='word_1_457' title='bbox 1270 2366 1340 2420; x_wconf 91' lang='lat' dir='ltr'>ab</span> <span class='ocrx_word' id='word_1_458' title='bbox 1363 2365 1478 2421; x_wconf 90' lang='lat' dir='ltr'>illis</span> <span class='ocrx_word' id='word_1_459' title='bbox 1505 2368 1975 2423; x_wconf 81' lang='lat' dir='ltr'>daemonibusres</span> <span class='ocrx_word' id='word_1_460' title='bbox 2002 2385 2171 2439; x_wconf 89' lang='lat' dir='ltr'>quas-</span> 
     </span>
    </p>
   </div>
   <div class='ocr_carea' id='block_1_57' title="bbox 526 2456 2169 2527">
    <p class='ocr_par' dir='ltr' id='par_1_57' title="bbox 526 2456 2169 2527">
     <span class='ocr_line' id='line_1_58' title="bbox 526 2456 2169 2527; baseline 0.001 -17"><span class='ocrx_word' id='word_1_461' title='bbox 526 2456 657 2511; x_wconf 90' lang='lat' dir='ltr'>dam</span> <span class='ocrx_word' id='word_1_462' title='bbox 693 2460 851 2510; x_wconf 85' lang='lat' dir='ltr'>extra</span> <span class='ocrx_word' id='word_1_463' title='bbox 878 2460 1227 2509; x_wconf 83' lang='lat' dir='ltr'>consuetum</span> <span class='ocrx_word' id='word_1_464' title='bbox 1261 2460 1479 2509; x_wconf 73' lang='lat' dir='ltr'>naturas</span> <span class='ocrx_word' id='word_1_465' title='bbox 1503 2456 1766 2510; x_wconf 88' lang='lat' dir='ltr'>ordinem</span> <span class='ocrx_word' id='word_1_466' title='bbox 1801 2458 2008 2511; x_wconf 86' lang='lat' dir='ltr'>edendi</span> <span class='ocrx_word' id='word_1_467' title='bbox 2070 2475 2169 2527; x_wconf 87' lang='lat' dir='ltr'>po-</span> 
     </span>
    </p>
   </div>
   <div class='ocr_carea' id='block_1_58' title="bbox 524 2544 2168 2616">
    <p class='ocr_par' dir='ltr' id='par_1_58' title="bbox 524 2544 2168 2616">
     <span class='ocr_line' id='line_1_59' title="bbox 524 2544 2168 2616; baseline 0.001 -18"><span class='ocrx_word' id='word_1_468' title='bbox 524 2548 757 2611; x_wconf 88' lang='lat' dir='ltr'>testate,</span> <span class='ocrx_word' id='word_1_469' title='bbox 818 2544 1196 2599; x_wconf 76' lang='lat' dir='ltr'>circulatoriis</span> <span class='ocrx_word' id='word_1_470' title='bbox 1254 2544 1335 2599; x_wconf 88' lang='lat' dir='ltr'>ait</span> <span class='ocrx_word' id='word_1_471' title='bbox 1391 2544 1805 2613; x_wconf 71' lang='lat' dir='ltr'>Tertullianus,</span> <span class='ocrx_word' id='word_1_472' title='bbox 1864 2548 2168 2616; x_wconf 64' lang='lat' dir='ltr'>prmstigiis</span> 
     </span>
    </p>
   </div>
   <div class='ocr_carea' id='block_1_59' title="bbox 524 2632 2167 2705">
    <p class='ocr_par' dir='ltr' id='par_1_59' title="bbox 524 2632 2167 2705">
     <span class='ocr_line' id='line_1_60' title="bbox 524 2632 2167 2705; baseline 0.001 -19"><span class='ocrx_word' id='word_1_473' title='bbox 524 2632 723 2687; x_wconf 84' lang='lat' dir='ltr'>ludunt</span> <span class='ocrx_word' id='word_1_474' title='bbox 752 2633 959 2703; x_wconf 91' lang='lat' dir='ltr'>(Idem,</span> <span class='ocrx_word' id='word_1_475' title='bbox 1010 2633 1283 2702; x_wconf 79' lang='lat' dir='ltr'>Apotoget.</span> <span class='ocrx_word' id='word_1_476' title='bbox 1319 2649 1367 2686; x_wconf 92' lang='lat' dir='ltr'>c.</span> <span class='ocrx_word' id='word_1_477' title='bbox 1411 2633 1499 2699; x_wconf 84' lang='lat'>23,</span> <span class='ocrx_word' id='word_1_478' title='bbox 1562 2650 1615 2697; x_wconf 91' lang='lat' dir='ltr'>p.</span> <span class='ocrx_word' id='word_1_479' title='bbox 1670 2634 1812 2699; x_wconf 84' lang='grc'>411).</span> <span class='ocrx_word' id='word_1_480' title='bbox 1866 2633 1975 2688; x_wconf 91' lang='lat' dir='ltr'>Sed</span> <span class='ocrx_word' id='word_1_481' title='bbox 2040 2651 2167 2705; x_wconf 63' lang='lat' dir='ltr'>quae</span> 
     </span>
    </p>
   </div>
   <div class='ocr_carea' id='block_1_60' title="bbox 525 2720 2169 2794">
    <p class='ocr_par' dir='ltr' id='par_1_60' title="bbox 525 2720 2169 2794">
     <span class='ocr_line' id='line_1_61' title="bbox 525 2720 2169 2794; baseline 0.002 -20"><span class='ocrx_word' id='word_1_482' title='bbox 525 2724 685 2789; x_wconf 89' lang='lat' dir='ltr'>sunt,</span> <span class='ocrx_word' id='word_1_483' title='bbox 719 2721 946 2790; x_wconf 85' lang='lat' dir='ltr'>rogabit</span> <span class='ocrx_word' id='word_1_484' title='bbox 978 2720 1211 2790; x_wconf 86' lang='lat' dir='ltr'>aliquis,</span> <span class='ocrx_word' id='word_1_485' title='bbox 1246 2720 1329 2774; x_wconf 71' lang='lat' dir='ltr'>hi8</span> <span class='ocrx_word' id='word_1_486' title='bbox 1385 2720 1763 2775; x_wconf 69' lang='lat' dir='ltr'>circulatoriae</span> <span class='ocrx_word' id='word_1_487' title='bbox 1815 2722 2169 2794; x_wconf 66' lang='lat' dir='ltr'>praestigiae?</span> 
     </span>
    </p>
   </div>
   <div class='ocr_carea' id='block_1_61' title="bbox 525 2808 2167 2882">
    <p class='ocr_par' dir='ltr' id='par_1_61' title="bbox 525 2808 2167 2882">
     <span class='ocr_line' id='line_1_62' title="bbox 525 2808 2167 2882; baseline 0 -17"><span class='ocrx_word' id='word_1_488' title='bbox 525 2809 901 2881; x_wconf 82' lang='lat' dir='ltr'>Respondent</span> <span class='ocrx_word' id='word_1_489' title='bbox 931 2809 1132 2880; x_wconf 88' lang='lat' dir='ltr'>aliqui,</span> <span class='ocrx_word' id='word_1_490' title='bbox 1168 2808 1298 2864; x_wconf 88' lang='lat' dir='ltr'>illas</span> <span class='ocrx_word' id='word_1_491' title='bbox 1330 2810 1413 2863; x_wconf 92' lang='lat' dir='ltr'>sic</span> <span class='ocrx_word' id='word_1_492' title='bbox 1444 2810 1653 2875; x_wconf 88' lang='lat' dir='ltr'>vocari,</span> <span class='ocrx_word' id='word_1_493' title='bbox 1687 2810 1822 2878; x_wconf 87' lang='lat' dir='ltr'>quia</span> <span class='ocrx_word' id='word_1_494' title='bbox 1852 2812 2005 2882; x_wconf 88' lang='lat' dir='ltr'>magi</span> <span class='ocrx_word' id='word_1_495' title='bbox 2053 2812 2167 2867; x_wconf 90' lang='lat' dir='ltr'>cir-</span> 
     </span>
    </p>
   </div>
   <div class='ocr_carea' id='block_1_62' title="bbox 521 2898 2167 2969">
    <p class='ocr_par' dir='ltr' id='par_1_62' title="bbox 521 2898 2167 2969">
     <span class='ocr_line' id='line_1_63' title="bbox 521 2898 2167 2969; baseline 0.001 -16"><span class='ocrx_word' id='word_1_496' title='bbox 521 2898 901 2967; x_wconf 85' lang='lat' dir='ltr'>cumforanei,</span> <span class='ocrx_word' id='word_1_497' title='bbox 936 2898 1324 2969; x_wconf 87' lang='lat' dir='ltr'>spectantium</span> <span class='ocrx_word' id='word_1_498' title='bbox 1358 2904 1507 2952; x_wconf 84' lang='lat' dir='ltr'>ccetu</span> <span class='ocrx_word' id='word_1_499' title='bbox 1531 2898 1651 2953; x_wconf 89' lang='lat' dir='ltr'>sive</span> <span class='ocrx_word' id='word_1_500' title='bbox 1681 2899 2167 2968; x_wconf 55' lang='lat' dir='ltr'>circuloﬁcircum-</span> 
     </span>
    </p>
   </div>
   <div class='ocr_carea' id='block_1_63' title="bbox 523 2986 2167 3058">
    <p class='ocr_par' dir='ltr' id='par_1_63' title="bbox 523 2986 2167 3058">
     <span class='ocr_line' id='line_1_64' title="bbox 523 2986 2167 3058; baseline 0.001 -15"><span class='ocrx_word' id='word_1_501' title='bbox 523 2987 666 3055; x_wconf 90' lang='lat' dir='ltr'>dati,</span> <span class='ocrx_word' id='word_1_502' title='bbox 704 2986 915 3042; x_wconf 86' lang='lat' dir='ltr'>fabulis</span> <span class='ocrx_word' id='word_1_503' title='bbox 949 2992 1050 3041; x_wconf 92' lang='lat' dir='ltr'>aut</span> <span class='ocrx_word' id='word_1_504' title='bbox 1081 2987 1392 3058; x_wconf 62' lang='lat' dir='ltr'>praestigiis</span> <span class='ocrx_word' id='word_1_505' title='bbox 1434 2986 1665 3042; x_wconf 90' lang='lat' dir='ltr'>ludunt.</span> <span class='ocrx_word' id='word_1_506' title='bbox 1731 2987 1941 3043; x_wconf 90' lang='lat' dir='ltr'>Verum</span> <span class='ocrx_word' id='word_1_507' title='bbox 2001 2990 2167 3045; x_wconf 90' lang='lat' dir='ltr'>nobis</span> 
     </span>
    </p>
   </div>
   <div class='ocr_carea' id='block_1_64' title="bbox 521 3075 2167 3145">
    <p class='ocr_par' dir='ltr' id='par_1_64' title="bbox 521 3075 2167 3145">
     <span class='ocr_line' id='line_1_65' title="bbox 521 3075 2167 3145; baseline 0.001 -15"><span class='ocrx_word' id='word_1_508' title='bbox 521 3075 752 3131; x_wconf 84' lang='lat' dir='ltr'>facilius</span> <span class='ocrx_word' id='word_1_509' title='bbox 783 3076 1230 3145; x_wconf 86' lang='lat' dir='ltr'>persuadebitur</span> <span class='ocrx_word' id='word_1_510' title='bbox 1263 3075 1354 3129; x_wconf 90' lang='lat' dir='ltr'>his</span> <span class='ocrx_word' id='word_1_511' title='bbox 1413 3077 1603 3131; x_wconf 84' lang='lat' dir='ltr'>verbis</span> <span class='ocrx_word' id='word_1_512' title='bbox 1661 3076 1800 3130; x_wconf 86' lang='lat' dir='ltr'>nihil</span> <span class='ocrx_word' id='word_1_513' title='bbox 1852 3094 1886 3131; x_wconf 87' lang='lat' dir='ltr'>a</span> <span class='ocrx_word' id='word_1_514' title='bbox 1935 3077 2167 3132; x_wconf 84' lang='lat' dir='ltr'>Tertul-</span> 
     </span>
    </p>
   </div>
   <div class='ocr_carea' id='block_1_65' title="bbox 520 3162 2163 3236">
    <p class='ocr_par' dir='ltr' id='par_1_65' title="bbox 520 3162 2163 3236">
     <span class='ocr_line' id='line_1_66' title="bbox 520 3162 2163 3236; baseline 0.002 -19"><span class='ocrx_word' id='word_1_515' title='bbox 520 3164 675 3219; x_wconf 91' lang='lat' dir='ltr'>liano</span> <span class='ocrx_word' id='word_1_516' title='bbox 706 3162 861 3219; x_wconf 89' lang='lat' dir='ltr'>aliud</span> <span class='ocrx_word' id='word_1_517' title='bbox 908 3164 1250 3236; x_wconf 87' lang='lat' dir='ltr'>signiﬁcari,</span> <span class='ocrx_word' id='word_1_518' title='bbox 1308 3181 1484 3234; x_wconf 89' lang='lat' dir='ltr'>quam</span> <span class='ocrx_word' id='word_1_519' title='bbox 1535 3166 1793 3236; x_wconf 86' lang='lat' dir='ltr'>magicas</span> <span class='ocrx_word' id='word_1_520' title='bbox 1826 3166 2163 3236; x_wconf 74' lang='lat' dir='ltr'>praestigias.</span> 
     </span>
    </p>
   </div>
   <div class='ocr_carea' id='block_1_66' title="bbox 522 3250 2164 3323">
    <p class='ocr_par' dir='ltr' id='par_1_66' title="bbox 522 3250 2164 3323">
     <span class='ocr_line' id='line_1_67' title="bbox 522 3250 2164 3323; baseline 0.002 -17"><span class='ocrx_word' id='word_1_521' title='bbox 522 3250 631 3306; x_wconf 89' lang='lat' dir='ltr'>Ubi</span> <span class='ocrx_word' id='word_1_522' title='bbox 662 3252 817 3306; x_wconf 89' lang='lat' dir='ltr'>enim</span> <span class='ocrx_word' id='word_1_523' title='bbox 850 3252 1161 3307; x_wconf 89' lang='lat' dir='ltr'>Marcionis</span> <span class='ocrx_word' id='word_1_524' title='bbox 1191 3253 1262 3306; x_wconf 90' lang='lat' dir='ltr'>de</span> <span class='ocrx_word' id='word_1_525' title='bbox 1295 3252 1665 3323; x_wconf 85' lang='lat' dir='ltr'>phantastica</span> <span class='ocrx_word' id='word_1_526' title='bbox 1721 3256 1932 3308; x_wconf 90' lang='lat' dir='ltr'>Christi</span> <span class='ocrx_word' id='word_1_527' title='bbox 1992 3271 2164 3310; x_wconf 87' lang='lat' dir='ltr'>carne</span> 
     </span>
    </p>
   </div>
   <div class='ocr_carea' id='block_1_67' title="bbox 523 3339 2161 3414">
    <p class='ocr_par' dir='ltr' id='par_1_67' title="bbox 523 3339 2161 3414">
     <span class='ocr_line' id='line_1_68' title="bbox 523 3339 2161 3414; baseline 0.003 -21"><span class='ocrx_word' id='word_1_528' title='bbox 523 3354 777 3394; x_wconf 88' lang='lat' dir='ltr'>errorem</span> <span class='ocrx_word' id='word_1_529' title='bbox 835 3339 1078 3395; x_wconf 88' lang='lat' dir='ltr'>refellit:</span> <span class='ocrx_word' id='word_1_530' title='bbox 1142 3344 1350 3412; x_wconf 83' lang='lat' dir='ltr'>«Ergo</span> <span class='ocrx_word' id='word_1_531' title='bbox 1400 3342 1526 3411; x_wconf 85' lang='lat' dir='ltr'>jam</span> <span class='ocrx_word' id='word_1_532' title='bbox 1576 3340 1891 3408; x_wconf 73' lang='lat' dir='ltr'>Christum,</span> <span class='ocrx_word' id='word_1_533' title='bbox 1949 3343 2161 3414; x_wconf 89' lang='lat' dir='ltr'>inquit,</span> 
     </span>
    </p>
   </div>
   <div class='ocr_carea' id='block_1_68' title="bbox 525 3427 2160 3501">
    <p class='ocr_par' dir='ltr' id='par_1_68' title="bbox 525 3427 2160 3501">
     <span class='ocr_line' id='line_1_69' title="bbox 525 3427 2160 3501; baseline 0.002 -19"><span class='ocrx_word' id='word_1_534' title='bbox 525 3444 641 3483; x_wconf 91' lang='lat' dir='ltr'>non</span> <span class='ocrx_word' id='word_1_535' title='bbox 675 3429 744 3483; x_wconf 91' lang='lat' dir='ltr'>de</span> <span class='ocrx_word' id='word_1_536' title='bbox 775 3427 915 3482; x_wconf 61' lang='lat' dir='ltr'>coelo</span> <span class='ocrx_word' id='word_1_537' title='bbox 948 3429 1169 3483; x_wconf 87' lang='lat' dir='ltr'>deferre</span> <span class='ocrx_word' id='word_1_538' title='bbox 1201 3429 1507 3497; x_wconf 89' lang='lat' dir='ltr'>debueras,</span> <span class='ocrx_word' id='word_1_539' title='bbox 1541 3430 1641 3484; x_wconf 90' lang='lat' dir='ltr'>sed</span> <span class='ocrx_word' id='word_1_540' title='bbox 1675 3431 1743 3484; x_wconf 91' lang='lat' dir='ltr'>de</span> <span class='ocrx_word' id='word_1_541' title='bbox 1802 3430 1996 3501; x_wconf 86' lang='lat' dir='ltr'>aliquo</span> <span class='ocrx_word' id='word_1_542' title='bbox 2053 3432 2160 3487; x_wconf 88' lang='lat' dir='ltr'>cir-</span> 
     </span>
    </p>
   </div>
   <div class='ocr_carea' id='block_1_69' title="bbox 521 3516 2160 3591">
    <p class='ocr_par' dir='ltr' id='par_1_69' title="bbox 521 3516 2160 3591">
     <span class='ocr_line' id='line_1_70' title="bbox 521 3516 2160 3591; baseline 0.002 -20"><span class='ocrx_word' id='word_1_543' title='bbox 521 3516 805 3571; x_wconf 88' lang='lat' dir='ltr'>culatorio</span> <span class='ocrx_word' id='word_1_544' title='bbox 835 3516 911 3583; x_wconf 89' lang='lat' dir='ltr'>(id</span> <span class='ocrx_word' id='word_1_545' title='bbox 937 3521 1045 3581; x_wconf 86' lang='lat' dir='ltr'>est,</span> <span class='ocrx_word' id='word_1_546' title='bbox 1083 3518 1410 3586; x_wconf 86' lang='lat' dir='ltr'>magorum)</span> <span class='ocrx_word' id='word_1_547' title='bbox 1443 3524 1612 3577; x_wconf 77' lang='lat' dir='ltr'>cmtu.</span> <span class='ocrx_word' id='word_1_548' title='bbox 1647 3534 1751 3573; x_wconf 91' lang='lat' dir='ltr'>nec</span> <span class='ocrx_word' id='word_1_549' title='bbox 1784 3518 1968 3573; x_wconf 90' lang='lat' dir='ltr'>Deum</span> <span class='ocrx_word' id='word_1_550' title='bbox 2021 3537 2160 3591; x_wconf 73' lang='lat' dir='ltr'>prae-</span> 
     </span>
    </p>
   </div>
   <div class='ocr_carea' id='block_1_70' title="bbox 520 3603 2165 3677">
    <p class='ocr_par' dir='ltr' id='par_1_70' title="bbox 520 3603 2165 3677">
     <span class='ocr_line' id='line_1_71' title="bbox 520 3603 2165 3677; baseline 0.004 -21"><span class='ocrx_word' id='word_1_551' title='bbox 520 3607 611 3657; x_wconf 88' lang='lat' dir='ltr'>ter</span> <span class='ocrx_word' id='word_1_552' title='bbox 642 3603 966 3667; x_wconf 88' lang='lat' dir='ltr'>hominem,</span> <span class='ocrx_word' id='word_1_553' title='bbox 1004 3604 1104 3658; x_wconf 91' lang='lat' dir='ltr'>sed</span> <span class='ocrx_word' id='word_1_554' title='bbox 1159 3620 1440 3674; x_wconf 87' lang='lat' dir='ltr'>magnum</span> <span class='ocrx_word' id='word_1_555' title='bbox 1474 3604 1767 3661; x_wconf 90' lang='lat' dir='ltr'>hominem</span> <span class='ocrx_word' id='word_1_556' title='bbox 1802 3628 1829 3655; x_wconf 85' lang='lat'><strong>»</strong></span> <span class='ocrx_word' id='word_1_557' title='bbox 1864 3608 2067 3677; x_wconf 90' lang='lat' dir='ltr'>(ldem,</span> <span class='ocrx_word' id='word_1_558' title='bbox 2099 3609 2165 3664; x_wconf 83' lang='lat' dir='ltr'>de</span> 
     </span>
    </p>
   </div>
   <div class='ocr_carea' id='block_1_71' title="bbox 534 3690 2163 3768">
    <p class='ocr_par' dir='ltr' id='par_1_71' title="bbox 534 3690 2163 3768">
     <span class='ocr_line' id='line_1_72' title="bbox 534 3690 2163 3768; baseline 0.004 -20"><span class='ocrx_word' id='word_1_559' title='bbox 534 3690 699 3749; x_wconf 70' lang='lat' dir='ltr'>(iam.</span> <span class='ocrx_word' id='word_1_560' title='bbox 763 3690 986 3755; x_wconf 80' lang='lat' dir='ltr'>Christi,</span> <span class='ocrx_word' id='word_1_561' title='bbox 1034 3708 1081 3747; x_wconf 90' lang='lat' dir='ltr'>c.</span> <span class='ocrx_word' id='word_1_562' title='bbox 1132 3693 1212 3763; x_wconf 88' lang='lat'>5.)</span> <span class='ocrx_word' id='word_1_563' title='bbox 1268 3691 1418 3747; x_wconf 82' lang='lat' dir='ltr'>Alibi</span> <span class='ocrx_word' id='word_1_564' title='bbox 1474 3710 1640 3749; x_wconf 89' lang='lat' dir='ltr'>vero:</span> <span class='ocrx_word' id='word_1_565' title='bbox 1677 3717 1704 3744; x_wconf 87' lang='grc'>‹‹</span> <span class='ocrx_word' id='word_1_566' title='bbox 1738 3695 1867 3750; x_wconf 85' lang='lat' dir='ltr'>Alia</span> <span class='ocrx_word' id='word_1_567' title='bbox 1938 3698 2163 3768; x_wconf 89' lang='lat' dir='ltr'>species</span> 
     </span>
    </p>
   </div>
   <div class='ocr_carea' id='block_1_72' title="bbox 523 3779 2160 3851">
    <p class='ocr_par' dir='ltr' id='par_1_72' title="bbox 523 3779 2160 3851">
     <span class='ocr_line' id='line_1_73' title="bbox 523 3779 2160 3851; baseline 0.005 -18"><span class='ocrx_word' id='word_1_568' title='bbox 523 3779 752 3850; x_wconf 65' lang='lat' dir='ltr'>magiis,</span> <span class='ocrx_word' id='word_1_569' title='bbox 784 3795 913 3849; x_wconf 62' lang='lat' dir='ltr'>quas</span> <span class='ocrx_word' id='word_1_570' title='bbox 944 3779 1246 3834; x_wconf 87' lang='lat' dir='ltr'>miraculis</span> <span class='ocrx_word' id='word_1_571' title='bbox 1302 3786 1644 3851; x_wconf 89' lang='lat' dir='ltr'>operatur...</span> <span class='ocrx_word' id='word_1_572' title='bbox 1703 3783 1910 3838; x_wconf 87' lang='lat' dir='ltr'>exinde</span> <span class='ocrx_word' id='word_1_573' title='bbox 1956 3790 2013 3840; x_wconf 90' lang='lat' dir='ltr'>et</span> <span class='ocrx_word' id='word_1_574' title='bbox 2068 3786 2160 3841; x_wconf 87' lang='lat' dir='ltr'>Si-</span> 
     </span>
    </p>
   </div>
   <div class='ocr_carea' id='block_1_73' title="bbox 521 3868 2162 3942">
    <p class='ocr_par' dir='ltr' id='par_1_73' title="bbox 521 3868 2162 3942">
     <span class='ocr_line' id='line_1_74' title="bbox 521 3868 2162 3942; baseline 0.005 -21"><span class='ocrx_word' id='word_1_575' title='bbox 521 3883 655 3921; x_wconf 90' lang='lat' dir='ltr'>mon</span> <span class='ocrx_word' id='word_1_576' title='bbox 692 3869 1067 3938; x_wconf 84' lang='lat' dir='ltr'>magus,jam</span> <span class='ocrx_word' id='word_1_577' title='bbox 1121 3868 1329 3931; x_wconf 85' lang='lat' dir='ltr'>lidelis,</span> <span class='ocrx_word' id='word_1_578' title='bbox 1370 3869 1645 3939; x_wconf 88' lang='lat' dir='ltr'>quoniam</span> <span class='ocrx_word' id='word_1_579' title='bbox 1698 3871 1917 3942; x_wconf 80' lang='lat' dir='ltr'>aliquid</span> <span class='ocrx_word' id='word_1_580' title='bbox 1971 3875 2162 3930; x_wconf 85' lang='lat' dir='ltr'>adhuc</span> 
     </span>
    </p>
   </div>
   <div class='ocr_carea' id='block_1_74' title="bbox 518 3955 2156 4029">
    <p class='ocr_par' dir='ltr' id='par_1_74' title="bbox 518 3955 2156 4029">
     <span class='ocr_line' id='line_1_75' title="bbox 518 3955 2156 4029; baseline 0.005 -20"><span class='ocrx_word' id='word_1_581' title='bbox 518 3956 589 4009; x_wconf 91' lang='lat' dir='ltr'>de</span> <span class='ocrx_word' id='word_1_582' title='bbox 620 3955 989 4011; x_wconf 90' lang='lat' dir='ltr'>circulatoria</span> <span class='ocrx_word' id='word_1_583' title='bbox 1020 3961 1179 4011; x_wconf 88' lang='lat' dir='ltr'>secta</span> <span class='ocrx_word' id='word_1_584' title='bbox 1209 3958 1491 4027; x_wconf 85' lang='lat' dir='ltr'>cogitaret</span> <span class='ocrx_word' id='word_1_585' title='bbox 1522 3980 1549 4006; x_wconf 88' lang='lat'>»</span> <span class='ocrx_word' id='word_1_586' title='bbox 1581 3959 1784 4029; x_wconf 89' lang='lat' dir='ltr'>(Idem,</span> <span class='ocrx_word' id='word_1_587' title='bbox 1819 3961 1885 4015; x_wconf 83' lang='lat' dir='ltr'>de</span> <span class='ocrx_word' id='word_1_588' title='bbox 1914 3963 2156 4019; x_wconf 82' lang='lat' dir='ltr'>Idololat.</span> 
     </span>
    </p>
   </div>
   <div class='ocr_carea' id='block_1_75' title="bbox 517 4045 2160 4118">
    <p class='ocr_par' dir='ltr' id='par_1_75' title="bbox 517 4045 2160 4118">
     <span class='ocr_line' id='line_1_76' title="bbox 517 4045 2160 4118; baseline 0.005 -20"><span class='ocrx_word' id='word_1_589' title='bbox 517 4061 565 4099; x_wconf 89' lang='grc' dir='ltr'>ο.</span> <span class='ocrx_word' id='word_1_590' title='bbox 599 4045 676 4116; x_wconf 89' lang='lat'>9).</span> <span class='ocrx_word' id='word_1_591' title='bbox 710 4045 857 4108; x_wconf 89' lang='lat' dir='ltr'>Quid</span> <span class='ocrx_word' id='word_1_592' title='bbox 889 4051 1081 4100; x_wconf 85' lang='lat' dir='ltr'>autem</span> <span class='ocrx_word' id='word_1_593' title='bbox 1106 4045 1185 4099; x_wconf 89' lang='lat' dir='ltr'>ibi</span> <span class='ocrx_word' id='word_1_594' title='bbox 1219 4045 1588 4100; x_wconf 86' lang='lat' dir='ltr'>circulatoria</span> <span class='ocrx_word' id='word_1_595' title='bbox 1640 4055 1816 4118; x_wconf 85' lang='lat' dir='ltr'>secta,</span> <span class='ocrx_word' id='word_1_596' title='bbox 1869 4051 1980 4104; x_wconf 90' lang='lat' dir='ltr'>nisi</span> <span class='ocrx_word' id='word_1_597' title='bbox 2033 4068 2160 4107; x_wconf 90' lang='lat' dir='ltr'>ma-</span> 
     </span>
    </p>
   </div>
   <div class='ocr_carea' id='block_1_76' title="bbox 518 4133 2158 4211">
    <p class='ocr_par' dir='ltr' id='par_1_76' title="bbox 518 4133 2158 4211">
     <span class='ocr_line' id='line_1_77' title="bbox 518 4133 2158 4211; baseline 0.005 -24"><span class='ocrx_word' id='word_1_598' title='bbox 518 4148 725 4204; x_wconf 86' lang='lat' dir='ltr'>gorum</span> <span class='ocrx_word' id='word_1_599' title='bbox 754 4139 967 4187; x_wconf 89' lang='lat' dir='ltr'>sectam</span> <span class='ocrx_word' id='word_1_600' title='bbox 1004 4133 1339 4204; x_wconf 85' lang='lat' dir='ltr'>signiﬁcat?</span> <span class='ocrx_word' id='word_1_601' title='bbox 1368 4134 1593 4189; x_wconf 89' lang='lat' dir='ltr'>Alicubi</span> <span class='ocrx_word' id='word_1_602' title='bbox 1627 4140 1845 4205; x_wconf 87' lang='lat' dir='ltr'>tamen,</span> <span class='ocrx_word' id='word_1_603' title='bbox 1888 4156 1959 4194; x_wconf 92' lang='lat' dir='ltr'>ne</span> <span class='ocrx_word' id='word_1_604' title='bbox 2017 4141 2158 4211; x_wconf 92' lang='lat' dir='ltr'>quid</span> 
     </span>
    </p>
   </div>
   <div class='ocr_carea' id='block_1_77' title="bbox 518 4221 3871 4299">
    <p class='ocr_par' dir='ltr' id='par_1_77' title="bbox 518 4221 3871 4299">
     <span class='ocr_line' id='line_1_78' title="bbox 518 4221 3871 4299; baseline 0.002 -24"><span class='ocrx_word' id='word_1_605' title='bbox 518 4221 992 4289; x_wconf 78' lang='lat' dir='ltr'>dissimulamus,</span> <span class='ocrx_word' id='word_1_606' title='bbox 1051 4238 1255 4294; x_wconf 86' lang='lat' dir='ltr'>magos</span> <span class='ocrx_word' id='word_1_607' title='bbox 1287 4239 1317 4277; x_wconf 92' lang='lat' dir='ltr'>a</span> <span class='ocrx_word' id='word_1_608' title='bbox 1356 4222 1741 4280; x_wconf 88' lang='lat' dir='ltr'>circulatoriis</span> <span class='ocrx_word' id='word_1_609' title='bbox 1799 4226 2158 4299; x_wconf 86' lang='lat' dir='ltr'>distinguere</span> <span class='ocrx_word' id='word_1_610' title='bbox 2268 4221 2446 4248; x_wconf 53' lang='lat'>“&quot;5”</span> <span class='ocrx_word' id='word_1_611' title='bbox 2477 4221 2679 4264; x_wconf 55' lang='lat' dir='ltr'>“mp”</span> <span class='ocrx_word' id='word_1_612' title='bbox 2731 4221 2845 4248; x_wconf 73' lang='lat' dir='ltr'>&quot;U&quot;</span> <span class='ocrx_word' id='word_1_613' title='bbox 2877 4221 3114 4250; x_wconf 68' lang='lat' dir='ltr'>&quot;mum&quot;</span> <span class='ocrx_word' id='word_1_614' title='bbox 3170 4221 3500 4266; x_wconf 55' lang='grc' dir='ltr'>Γεμυδηδω</span> <span class='ocrx_word' id='word_1_615' title='bbox 3548 4221 3871 4299; x_wconf 50' lang='grc' dir='ltr'>“““⁹”¹“¹“ί’,</span> 
     </span>
    </p>
   </div>
   <div class='ocr_carea' id='block_1_78' title="bbox 516 4286 3868 4388">
    <p class='ocr_par' dir='ltr' id='par_1_78' title="bbox 516 4286 3868 4388">
     <span class='ocr_line' id='line_1_79' title="bbox 516 4286 3868 4388; baseline 0.003 -27"><span class='ocrx_word' id='word_1_616' title='bbox 516 4311 765 4373; x_wconf 88' lang='lat' dir='ltr'>videtur,</span> <span class='ocrx_word' id='word_1_617' title='bbox 792 4310 888 4364; x_wconf 89' lang='lat' dir='ltr'>ubi</span> <span class='ocrx_word' id='word_1_618' title='bbox 923 4311 1203 4365; x_wconf 87' lang='lat' dir='ltr'>adversus</span> <span class='ocrx_word' id='word_1_619' title='bbox 1233 4310 1537 4366; x_wconf 64' lang='lat' dir='ltr'>haereticos</span> <span class='ocrx_word' id='word_1_620' title='bbox 1564 4314 1646 4366; x_wconf 88' lang='lat' dir='ltr'>sic</span> <span class='ocrx_word' id='word_1_621' title='bbox 1668 4314 1930 4385; x_wconf 89' lang='lat' dir='ltr'>disputat</span> <span class='ocrx_word' id='word_1_622' title='bbox 1955 4286 2021 4371; x_wconf 44' lang='grc' dir='ltr'>εἰ</span> <span class='ocrx_word' id='word_1_623' title='bbox 2053 4318 2157 4373; x_wconf 89' lang='lat' dir='ltr'>No-</span> <span class='ocrx_word' id='word_1_624' title='bbox 2335 4299 2483 4369; x_wconf 69' lang='grc' dir='ltr'>Μθὲί</span> <span class='ocrx_word' id='word_1_625' title='bbox 2516 4300 2776 4371; x_wconf 63' lang='lat' dir='ltr'>insuper:</span> <span class='ocrx_word' id='word_1_626' title='bbox 2801 4317 3021 4371; x_wconf 72' lang='grc' dir='ltr'>Ραθνοδ,</span> <span class='ocrx_word' id='word_1_627' title='bbox 3055 4301 3267 4373; x_wconf 52' lang='lat' dir='ltr'>inqu”,</span> <span class='ocrx_word' id='word_1_628' title='bbox 3306 4304 3370 4358; x_wconf 72' lang='grc' dir='ltr'>ίη</span> <span class='ocrx_word' id='word_1_629' title='bbox 3400 4302 3673 4372; x_wconf 63' lang='lat' dir='ltr'>eloquium</span> <span class='ocrx_word' id='word_1_630' title='bbox 3699 4286 3868 4388; x_wconf 27' lang='lat' dir='ltr'>ira?“</span> 
     </span>
    </p>
   </div>
   <div class='ocr_carea' id='block_1_79' title="bbox 515 4382 2164 4477">
    <p class='ocr_par' dir='ltr' id='par_1_79' title="bbox 515 4382 2158 4461">
     <span class='ocr_line' id='line_1_80' title="bbox 515 4382 2158 4461; baseline 0.005 -9"><span class='ocrx_word' id='word_1_631' title='bbox 515 4403 633 4453; x_wconf 73' lang='lat' dir='ltr'>tata</span> <span class='ocrx_word' id='word_1_632' title='bbox 663 4403 802 4453; x_wconf 87' lang='lat' dir='ltr'>sunt</span> <span class='ocrx_word' id='word_1_633' title='bbox 832 4399 1005 4454; x_wconf 88' lang='lat' dir='ltr'>etiam</span> <span class='ocrx_word' id='word_1_634' title='bbox 1031 4399 1383 4453; x_wconf 90' lang='lat' dir='ltr'>commercia</span> <span class='ocrx_word' id='word_1_635' title='bbox 1416 4382 1815 4457; x_wconf 68' lang='lat' dir='ltr'>haereticorum</span> <span class='ocrx_word' id='word_1_636' title='bbox 1876 4421 2005 4459; x_wconf 91' lang='lat' dir='ltr'>cum</span> <span class='ocrx_word' id='word_1_637' title='bbox 2039 4423 2158 4461; x_wconf 89' lang='lat' dir='ltr'>ma-</span> 
     </span>
    </p>
   </div>
   <div class='ocr_carea' id='block_1_80' title="bbox 2270 4382 3867 4477">
    <p class='ocr_par' dir='ltr' id='par_1_80' title="bbox 2270 4382 3867 4477">
     <span class='ocr_line' id='line_1_81' title="bbox 2270 4382 3867 4477; baseline -0.006 -32"><span class='ocrx_word' id='word_1_638' title='bbox 2270 4390 2477 4445; x_wconf 83' lang='lat' dir='ltr'>elidunt</span> <span class='ocrx_word' id='word_1_639' title='bbox 2507 4390 2711 4462; x_wconf 91' lang='lat' dir='ltr'>(Idem,</span> <span class='ocrx_word' id='word_1_640' title='bbox 2744 4392 3025 4463; x_wconf 80' lang='lat' dir='ltr'>Apotoget.</span> <span class='ocrx_word' id='word_1_641' title='bbox 3059 4409 3187 4464; x_wconf 90' lang='lat' dir='ltr'>cap.</span> <span class='ocrx_word' id='word_1_642' title='bbox 3218 4393 3312 4463; x_wconf 81' lang='lat'>23,</span> <span class='ocrx_word' id='word_1_643' title='bbox 3357 4408 3493 4465; x_wconf 86' lang='lat' dir='ltr'>pag.</span> <span class='ocrx_word' id='word_1_644' title='bbox 3532 4388 3669 4459; x_wconf 83' lang='grc'>411).</span> <span class='ocrx_word' id='word_1_645' title='bbox 3699 4382 3867 4477; x_wconf 85' lang='lat' dir='ltr'>Et</span> 
     </span>
    </p>
   </div>
   <div class='ocr_carea' id='block_1_81' title="bbox 513 4470 2164 4566">
    <p class='ocr_par' dir='ltr' id='par_1_81' title="bbox 513 4486 2154 4558">
     <span class='ocr_line' id='line_1_82' title="bbox 513 4486 2154 4558; baseline 0.007 -19"><span class='ocrx_word' id='word_1_646' title='bbox 513 4486 604 4557; x_wconf 90' lang='lat' dir='ltr'>gis</span> <span class='ocrx_word' id='word_1_647' title='bbox 634 4487 1105 4558; x_wconf 90' lang='lat' dir='ltr'>quampluribus,</span> <span class='ocrx_word' id='word_1_648' title='bbox 1139 4504 1271 4542; x_wconf 91' lang='lat' dir='ltr'>cum</span> <span class='ocrx_word' id='word_1_649' title='bbox 1304 4488 1770 4557; x_wconf 89' lang='lat' dir='ltr'>circulatoribus,</span> <span class='ocrx_word' id='word_1_650' title='bbox 1805 4509 1935 4547; x_wconf 92' lang='lat' dir='ltr'>cum</span> <span class='ocrx_word' id='word_1_651' title='bbox 1966 4499 2154 4551; x_wconf 89' lang='lat' dir='ltr'>astro-</span> 
     </span>
    </p>
   </div>
   <div class='ocr_carea' id='block_1_82' title="bbox 2270 4470 3871 4566">
    <p class='ocr_par' dir='ltr' id='par_1_82' title="bbox 2270 4470 3871 4566">
     <span class='ocr_line' id='line_1_83' title="bbox 2270 4470 3871 4566; baseline -0.007 -33"><span class='ocrx_word' id='word_1_652' title='bbox 2270 4494 2407 4534; x_wconf 88' lang='lat' dir='ltr'>sane</span> <span class='ocrx_word' id='word_1_653' title='bbox 2432 4478 2491 4534; x_wconf 92' lang='lat' dir='ltr'>in</span> <span class='ocrx_word' id='word_1_654' title='bbox 2524 4479 2741 4535; x_wconf 88' lang='lat' dir='ltr'>nostris</span> <span class='ocrx_word' id='word_1_655' title='bbox 2771 4481 3070 4537; x_wconf 89' lang='lat' dir='ltr'>codicibus</span> <span class='ocrx_word' id='word_1_656' title='bbox 3130 4480 3585 4552; x_wconf 89' lang='lat' dir='ltr'>manuscriptis,</span> <span class='ocrx_word' id='word_1_657' title='bbox 3639 4479 3692 4532; x_wconf 86' lang='lat' dir='ltr'>et</span> <span class='ocrx_word' id='word_1_658' title='bbox 3734 4470 3871 4566; x_wconf 74' lang='lat' dir='ltr'>editis</span> 
     </span>
    </p>
   </div>
   <div class='ocr_carea' id='block_1_83' title="bbox 511 4563 3847 4649">
    <p class='ocr_par' dir='ltr' id='par_1_83' title="bbox 511 4563 3847 4649">
     <span class='ocr_line' id='line_1_84' title="bbox 511 4563 3847 4649; baseline 0.002 -21"><span class='ocrx_word' id='word_1_659' title='bbox 511 4573 676 4644; x_wconf 83' lang='lat' dir='ltr'>logis,</span> <span class='ocrx_word' id='word_1_660' title='bbox 711 4592 842 4630; x_wconf 91' lang='lat' dir='ltr'>cum</span> <span class='ocrx_word' id='word_1_661' title='bbox 878 4576 1245 4649; x_wconf 84' lang='lat' dir='ltr'>philosophis</span> <span class='ocrx_word' id='word_1_662' title='bbox 1265 4577 1587 4634; x_wconf 90' lang='lat' dir='ltr'>curiositati</span> <span class='ocrx_word' id='word_1_663' title='bbox 1618 4579 2090 4641; x_wconf 87' lang='lat' dir='ltr'>scilicetdeditis.</span> <span class='ocrx_word' id='word_1_664' title='bbox 2124 4608 2151 4637; x_wconf 82' lang='lat'><strong>»</strong></span> <span class='ocrx_word' id='word_1_665' title='bbox 2187 4572 2234 4637; x_wconf 88' lang='lat' dir='ltr'><strong>D</strong></span> <span class='ocrx_word' id='word_1_666' title='bbox 2265 4566 2686 4624; x_wconf 63' lang='lat' dir='ltr'>recentioribus</span> <span class='ocrx_word' id='word_1_667' title='bbox 2715 4570 2890 4640; x_wconf 69' lang='grc' dir='ltr'>δρυάο</span> <span class='ocrx_word' id='word_1_668' title='bbox 2926 4575 3035 4626; x_wconf 68' lang='grc' dir='ltr'>ϐίοι</span> <span class='ocrx_word' id='word_1_669' title='bbox 3069 4571 3262 4626; x_wconf 69' lang='lat' dir='ltr'>Minus</span> <span class='ocrx_word' id='word_1_670' title='bbox 3294 4576 3499 4627; x_wconf 63' lang='lat' dir='ltr'>autem</span> <span class='ocrx_word' id='word_1_671' title='bbox 3532 4570 3672 4623; x_wconf 72' lang='lat' dir='ltr'>bene</span> <span class='ocrx_word' id='word_1_672' title='bbox 3699 4563 3749 4617; x_wconf 69' lang='lat' dir='ltr'>in</span> <span class='ocrx_word' id='word_1_673' title='bbox 3778 4563 3847 4629; x_wconf 58' lang='lat' dir='ltr'>Pri</span> 
     </span>
    </p>
   </div>
   <div class='ocr_carea' id='block_1_84' title="bbox 517 4650 2164 4743">
    <p class='ocr_par' dir='ltr' id='par_1_84' title="bbox 517 4662 2156 4743">
     <span class='ocr_line' id='line_1_85' title="bbox 517 4662 2156 4743; baseline 0.009 -28"><span class='ocrx_word' id='word_1_674' title='bbox 517 4662 726 4732; x_wconf 89' lang='lat' dir='ltr'>(Idem,</span> <span class='ocrx_word' id='word_1_675' title='bbox 776 4663 835 4718; x_wconf 90' lang='lat' dir='ltr'>in</span> <span class='ocrx_word' id='word_1_676' title='bbox 888 4666 985 4719; x_wconf 88' lang='lat' dir='ltr'>ﬁn.</span> <span class='ocrx_word' id='word_1_677' title='bbox 1046 4666 1112 4721; x_wconf 90' lang='lat' dir='ltr'>de</span> <span class='ocrx_word' id='word_1_678' title='bbox 1166 4669 1474 4738; x_wconf 76' lang='lat' dir='ltr'>Praescript.</span> <span class='ocrx_word' id='word_1_679' title='bbox 1535 4668 1718 4724; x_wconf 68' lang='lat' dir='ltr'>haeret.</span> <span class='ocrx_word' id='word_1_680' title='bbox 1770 4687 1820 4725; x_wconf 90' lang='lat' dir='ltr'>c.</span> <span class='ocrx_word' id='word_1_681' title='bbox 1880 4672 1990 4743; x_wconf 81' lang='grc'>43).</span> <span class='ocrx_word' id='word_1_682' title='bbox 2048 4676 2156 4730; x_wconf 90' lang='lat' dir='ltr'>Sed</span> 
     </span>
    </p>
   </div>
   <div class='ocr_carea' id='block_1_85' title="bbox 2270 4650 3874 4743">
    <p class='ocr_par' dir='ltr' id='par_1_85' title="bbox 2270 4650 3874 4743">
     <span class='ocr_line' id='line_1_86' title="bbox 2270 4650 3874 4743; baseline -0.001 -34"><span class='ocrx_word' id='word_1_683' title='bbox 2270 4656 2382 4711; x_wconf 90' lang='lat' dir='ltr'>mis</span> <span class='ocrx_word' id='word_1_684' title='bbox 2411 4656 2769 4712; x_wconf 91' lang='lat' dir='ltr'>editionibus</span> <span class='ocrx_word' id='word_1_685' title='bbox 2800 4659 3055 4714; x_wconf 77' lang='lat' dir='ltr'>eliciunt.</span> <span class='ocrx_word' id='word_1_686' title='bbox 3078 4660 3365 4731; x_wconf 84' lang='lat' dir='ltr'>Apuleius</span> <span class='ocrx_word' id='word_1_687' title='bbox 3398 4672 3651 4728; x_wconf 89' lang='lat' dir='ltr'>namque</span> <span class='ocrx_word' id='word_1_688' title='bbox 3669 4650 3874 4743; x_wconf 64' lang='lat' dir='ltr'>testatur</span> 
     </span>
    </p>
   </div>
   <div class='ocr_carea' id='block_1_86' title="bbox 514 4737 3870 4819">
    <p class='ocr_par' dir='ltr' id='par_1_86' title="bbox 514 4737 3870 4819">
     <span class='ocr_line' id='line_1_87' title="bbox 514 4737 3870 4819; baseline 0.003 -15"><span class='ocrx_word' id='word_1_689' title='bbox 514 4766 708 4806; x_wconf 88' lang='lat' dir='ltr'>nonne</span> <span class='ocrx_word' id='word_1_690' title='bbox 730 4752 919 4809; x_wconf 90' lang='lat' dir='ltr'>cernis</span> <span class='ocrx_word' id='word_1_691' title='bbox 950 4754 1028 4807; x_wconf 92' lang='lat' dir='ltr'>ibi</span> <span class='ocrx_word' id='word_1_692' title='bbox 1076 4756 1267 4810; x_wconf 85' lang='lat' dir='ltr'>varias</span> <span class='ocrx_word' id='word_1_693' title='bbox 1324 4737 1551 4812; x_wconf 90' lang='lat' dir='ltr'>tantum</span> <span class='ocrx_word' id='word_1_694' title='bbox 1606 4760 1790 4814; x_wconf 87' lang='lat' dir='ltr'>notari</span> <span class='ocrx_word' id='word_1_695' title='bbox 1850 4737 2157 4819; x_wconf 87' lang='lat' dir='ltr'>hominum</span> <span class='ocrx_word' id='word_1_696' title='bbox 2267 4761 2638 4801; x_wconf 72' lang='lat' dir='ltr'>communem</span> <span class='ocrx_word' id='word_1_697' title='bbox 2672 4748 2762 4801; x_wconf 72' lang='grc' dir='ltr'>ευί</span> <span class='ocrx_word' id='word_1_698' title='bbox 2794 4749 3076 4819; x_wconf 60' lang='lat' dir='ltr'>temporis</span> <span class='ocrx_word' id='word_1_699' title='bbox 3114 4764 3341 4804; x_wconf 66' lang='lat' dir='ltr'>morem</span> <span class='ocrx_word' id='word_1_700' title='bbox 3390 4759 3679 4816; x_wconf 68' lang='lat' dir='ltr'>usumque</span> <span class='ocrx_word' id='word_1_701' title='bbox 3706 4737 3870 4799; x_wconf 64' lang='lat' dir='ltr'>misse’</span> 
     </span>
    </p>
   </div>
   <div class='ocr_carea' id='block_1_87' title="bbox 516 4819 3875 4921">
    <p class='ocr_par' dir='ltr' id='par_1_87' title="bbox 516 4819 3875 4921">
     <span class='ocr_line' id='line_1_88' title="bbox 516 4819 3875 4921; baseline 0.008 -30"><span class='ocrx_word' id='word_1_702' title='bbox 516 4838 761 4910; x_wconf 86' lang='lat' dir='ltr'>magicis</span> <span class='ocrx_word' id='word_1_703' title='bbox 795 4841 1018 4896; x_wconf 79' lang='lat' dir='ltr'>artibus</span> <span class='ocrx_word' id='word_1_704' title='bbox 1050 4844 1405 4908; x_wconf 87' lang='lat' dir='ltr'>deditorum,</span> <span class='ocrx_word' id='word_1_705' title='bbox 1439 4848 1929 4917; x_wconf 84' lang='lat' dir='ltr'>species?Nonne</span> <span class='ocrx_word' id='word_1_706' title='bbox 1978 4851 2158 4921; x_wconf 89' lang='lat' dir='ltr'>igitur</span> <span class='ocrx_word' id='word_1_707' title='bbox 2268 4837 2331 4887; x_wconf 69' lang='lat' dir='ltr'>Ut</span> <span class='ocrx_word' id='word_1_708' title='bbox 2362 4834 2512 4905; x_wconf 65' lang='grc' dir='ltr'>Πιθεῖ</span> <span class='ocrx_word' id='word_1_709' title='bbox 2548 4851 2758 4906; x_wconf 65' lang='lat' dir='ltr'>Pueros</span> <span class='ocrx_word' id='word_1_710' title='bbox 2780 4835 2900 4891; x_wconf 73' lang='grc' dir='ltr'>δίνθ</span> <span class='ocrx_word' id='word_1_711' title='bbox 2949 4854 3145 4892; x_wconf 62' lang='lat' dir='ltr'>servos</span> <span class='ocrx_word' id='word_1_712' title='bbox 3194 4838 3265 4891; x_wconf 63' lang='lat' dir='ltr'>ad</span> <span class='ocrx_word' id='word_1_713' title='bbox 3331 4835 3578 4892; x_wconf 63' lang='grc' dir='ltr'>οῖ’θουιθ</span> <span class='ocrx_word' id='word_1_714' title='bbox 3624 4819 3875 4921; x_wconf 40' lang='lat' dir='ltr'>funda“</span> 
     </span>
    </p>
   </div>
   <div class='ocr_carea' id='block_1_88' title="bbox 512 4919 2164 5009">
    <p class='ocr_par' dir='ltr' id='par_1_88' title="bbox 512 4919 2156 5009">
     <span class='ocr_line' id='line_1_89' title="bbox 512 4919 2156 5009; baseline 0.009 -29"><span class='ocrx_word' id='word_1_715' title='bbox 512 4925 670 4982; x_wconf 92' lang='lat' dir='ltr'>illius</span> <span class='ocrx_word' id='word_1_716' title='bbox 729 4928 787 4982; x_wconf 91' lang='lat' dir='ltr'>in</span> <span class='ocrx_word' id='word_1_717' title='bbox 821 4930 1153 5001; x_wconf 85' lang='lat' dir='ltr'>Apologetico</span> <span class='ocrx_word' id='word_1_718' title='bbox 1214 4932 1306 4987; x_wconf 90' lang='lat' dir='ltr'>hic</span> <span class='ocrx_word' id='word_1_719' title='bbox 1355 4951 1529 4989; x_wconf 90' lang='lat' dir='ltr'>sensu</span> <span class='ocrx_word' id='word_1_720' title='bbox 1579 4943 1698 4991; x_wconf 89' lang='lat' dir='ltr'>est:</span> <span class='ocrx_word' id='word_1_721' title='bbox 1762 4940 1909 5009; x_wconf 83' lang='lat' dir='ltr'>Magi</span> <span class='ocrx_word' id='word_1_722' title='bbox 1969 4919 2156 4995; x_wconf 80' lang='lat' dir='ltr'>multa</span> 
     </span>
    </p>
   </div>
   <div class='ocr_carea' id='block_1_89' title="bbox 2270 4919 3869 5009">
    <p class='ocr_par' dir='ltr' id='par_1_89' title="bbox 2270 4919 3869 4994">
     <span class='ocr_line' id='line_1_90' title="bbox 2270 4919 3869 4994; baseline 0.003 -19"><span class='ocrx_word' id='word_1_723' title='bbox 2270 4927 2655 4989; x_wconf 85' lang='lat' dir='ltr'>assumerent,</span> <span class='ocrx_word' id='word_1_724' title='bbox 2691 4924 2791 4994; x_wconf 90' lang='lat' dir='ltr'>qui</span> <span class='ocrx_word' id='word_1_725' title='bbox 2823 4924 2893 4978; x_wconf 91' lang='lat' dir='ltr'>ab</span> <span class='ocrx_word' id='word_1_726' title='bbox 2924 4924 2996 4979; x_wconf 92' lang='lat' dir='ltr'>iis</span> <span class='ocrx_word' id='word_1_727' title='bbox 3027 4925 3306 4980; x_wconf 88' lang='lat' dir='ltr'>incantati</span> <span class='ocrx_word' id='word_1_728' title='bbox 3324 4924 3694 4985; x_wconf 87' lang='lat' dir='ltr'>corruebant,</span> <span class='ocrx_word' id='word_1_729' title='bbox 3724 4919 3869 4980; x_wconf 67' lang='grc' dir='ltr'>ὃῖίίυθ</span> 
     </span>
    </p>
   </div>
   <div class='ocr_carea' id='block_1_90' title="bbox 510 5004 2164 5093">
    <p class='ocr_par' dir='ltr' id='par_1_90' title="bbox 510 5004 2152 5093">
     <span class='ocr_line' id='line_1_91' title="bbox 510 5004 2152 5093; baseline 0.009 -24"><span class='ocrx_word' id='word_1_730' title='bbox 510 5015 796 5072; x_wconf 85' lang='lat' dir='ltr'>miracula</span> <span class='ocrx_word' id='word_1_731' title='bbox 825 5018 1229 5086; x_wconf 83' lang='lat' dir='ltr'>circulatoriis,</span> <span class='ocrx_word' id='word_1_732' title='bbox 1263 5023 1319 5075; x_wconf 91' lang='lat' dir='ltr'>id</span> <span class='ocrx_word' id='word_1_733' title='bbox 1349 5028 1457 5089; x_wconf 91' lang='lat' dir='ltr'>est,</span> <span class='ocrx_word' id='word_1_734' title='bbox 1495 5025 1734 5093; x_wconf 80' lang='lat' dir='ltr'>magicis</span> <span class='ocrx_word' id='word_1_735' title='bbox 1790 5004 2016 5083; x_wconf 71' lang='lat' dir='ltr'>artibus</span> <span class='ocrx_word' id='word_1_736' title='bbox 2063 5028 2152 5083; x_wconf 86' lang='lat' dir='ltr'>lu-</span> 
     </span>
    </p>
   </div>
   <div class='ocr_carea' id='block_1_91' title="bbox 2270 5004 3789 5093">
    <p class='ocr_par' dir='ltr' id='par_1_91' title="bbox 2270 5004 3789 5085">
     <span class='ocr_line' id='line_1_92' title="bbox 2270 5004 3789 5085; baseline 0.006 -21"><span class='ocrx_word' id='word_1_737' title='bbox 2270 5009 2479 5066; x_wconf 88' lang='lat' dir='ltr'>ideirco</span> <span class='ocrx_word' id='word_1_738' title='bbox 2511 5011 2881 5067; x_wconf 84' lang='lat' dir='ltr'>elidebantur</span> <span class='ocrx_word' id='word_1_739' title='bbox 2910 5015 3101 5085; x_wconf 86' lang='lat' dir='ltr'>(Apul.</span> <span class='ocrx_word' id='word_1_740' title='bbox 3160 5015 3386 5085; x_wconf 76' lang='lat' dir='ltr'>Apotog.</span> <span class='ocrx_word' id='word_1_741' title='bbox 3421 5031 3464 5084; x_wconf 85' lang='grc' dir='ltr'>ι,</span> <span class='ocrx_word' id='word_1_742' title='bbox 3499 5012 3632 5083; x_wconf 84' lang='lat' dir='ltr'>Pag.</span> <span class='ocrx_word' id='word_1_743' title='bbox 3659 5004 3789 5073; x_wconf 47' lang='lat' dir='ltr'>3i0l~</span> 
     </span>
    </p>
   </div>
   <div class='ocr_carea' id='block_1_92' title="bbox 511 5105 3874 5186">
    <p class='ocr_par' dir='ltr' id='par_1_92' title="bbox 511 5105 3874 5186">
     <span class='ocr_line' id='line_1_93' title="bbox 511 5105 3874 5186; baseline 0.001 -27"><span class='ocrx_word' id='word_1_744' title='bbox 511 5105 682 5171; x_wconf 87' lang='lat' dir='ltr'>dunt,</span> <span class='ocrx_word' id='word_1_745' title='bbox 715 5107 822 5161; x_wconf 90' lang='lat' dir='ltr'>hoc</span> <span class='ocrx_word' id='word_1_746' title='bbox 853 5112 963 5177; x_wconf 88' lang='lat' dir='ltr'>est,</span> <span class='ocrx_word' id='word_1_747' title='bbox 998 5109 1226 5180; x_wconf 87' lang='lat' dir='ltr'>ﬁngunt</span> <span class='ocrx_word' id='word_1_748' title='bbox 1245 5114 1300 5164; x_wconf 90' lang='lat' dir='ltr'>et</span> <span class='ocrx_word' id='word_1_749' title='bbox 1333 5110 1475 5166; x_wconf 86' lang='lat' dir='ltr'>falso</span> <span class='ocrx_word' id='word_1_750' title='bbox 1519 5114 1748 5182; x_wconf 86' lang='lat' dir='ltr'>jactant</span> <span class='ocrx_word' id='word_1_751' title='bbox 1805 5134 1837 5170; x_wconf 91' lang='lat' dir='ltr'>a</span> <span class='ocrx_word' id='word_1_752' title='bbox 1886 5133 1948 5171; x_wconf 89' lang='lat' dir='ltr'>se</span> <span class='ocrx_word' id='word_1_753' title='bbox 2006 5116 2149 5185; x_wconf 86' lang='lat' dir='ltr'>ﬁeri,</span> <span class='ocrx_word' id='word_1_754' title='bbox 2334 5118 2548 5172; x_wconf 85' lang='lat' dir='ltr'>Eadem</span> <span class='ocrx_word' id='word_1_755' title='bbox 2588 5119 2767 5173; x_wconf 89' lang='lat' dir='ltr'>etiam</span> <span class='ocrx_word' id='word_1_756' title='bbox 2826 5118 3031 5175; x_wconf 88' lang='lat' dir='ltr'>fraude</span> <span class='ocrx_word' id='word_1_757' title='bbox 3084 5124 3320 5186; x_wconf 85' lang='lat' dir='ltr'>somnia,</span> <span class='ocrx_word' id='word_1_758' title='bbox 3386 5121 3471 5175; x_wconf 89' lang='lat' dir='ltr'>ait</span> <span class='ocrx_word' id='word_1_759' title='bbox 3522 5111 3874 5173; x_wconf 64' lang='lat' dir='ltr'>Tertullianut</span> 
     </span>
    </p>
   </div>
   <div class='ocr_carea' id='block_1_93' title="bbox 512 5193 3873 5281">
    <p class='ocr_par' dir='ltr' id='par_1_93' title="bbox 512 5193 3873 5281">
     <span class='ocr_line' id='line_1_94' title="bbox 512 5193 3873 5281; baseline 0.004 -32"><span class='ocrx_word' id='word_1_760' title='bbox 512 5193 714 5265; x_wconf 86' lang='lat' dir='ltr'>sicque</span> <span class='ocrx_word' id='word_1_761' title='bbox 746 5196 1013 5251; x_wconf 89' lang='lat' dir='ltr'>homines</span> <span class='ocrx_word' id='word_1_762' title='bbox 1043 5195 1277 5267; x_wconf 89' lang='lat' dir='ltr'>ludunt,</span> <span class='ocrx_word' id='word_1_763' title='bbox 1312 5214 1377 5252; x_wconf 89' lang='lat' dir='ltr'>ac</span> <span class='ocrx_word' id='word_1_764' title='bbox 1408 5200 1751 5270; x_wconf 79' lang='lat' dir='ltr'>decipiunt?</span> <span class='ocrx_word' id='word_1_765' title='bbox 1803 5204 1956 5260; x_wconf 83' lang='lat'>880</span> <span class='ocrx_word' id='word_1_766' title='bbox 2009 5206 2154 5260; x_wconf 72' lang='lat' dir='ltr'>Pria-</span> <span class='ocrx_word' id='word_1_767' title='bbox 2264 5206 2419 5277; x_wconf 83' lang='lat' dir='ltr'>(Ibid.</span> <span class='ocrx_word' id='word_1_768' title='bbox 2444 5224 2464 5267; x_wconf 85' lang='lat'><em>;</em></span> <span class='ocrx_word' id='word_1_769' title='bbox 2521 5209 2803 5264; x_wconf 81' lang='lat' dir='ltr'>Dissertat.</span> <span class='ocrx_word' id='word_1_770' title='bbox 2859 5212 2921 5264; x_wconf 85' lang='lat' dir='ltr'>in</span> <span class='ocrx_word' id='word_1_771' title='bbox 2976 5212 3189 5267; x_wconf 76' lang='lat' dir='ltr'>Minui.</span> <span class='ocrx_word' id='word_1_772' title='bbox 3245 5227 3376 5281; x_wconf 89' lang='lat' dir='ltr'>cap.</span> <span class='ocrx_word' id='word_1_773' title='bbox 3406 5211 3501 5275; x_wconf 86' lang='lat'>20,</span> <span class='ocrx_word' id='word_1_774' title='bbox 3561 5212 3669 5263; x_wconf 83' lang='lat' dir='ltr'>art.</span> <span class='ocrx_word' id='word_1_775' title='bbox 3723 5202 3776 5264; x_wconf 78' lang='grc'>2.</span> <span class='ocrx_word' id='word_1_776' title='bbox 3829 5195 3873 5247; x_wconf 70' lang='grc' dir='ltr'>ίη</span> 
     </span>
    </p>
   </div>
   <div class='ocr_carea' id='block_1_94' title="bbox 508 5284 3871 5370">
    <p class='ocr_par' dir='ltr' id='par_1_94' title="bbox 508 5284 3871 5370">
     <span class='ocr_line' id='line_1_95' title="bbox 508 5284 3871 5370; baseline 0.005 -35"><span class='ocrx_word' id='word_1_777' title='bbox 508 5286 666 5337; x_wconf 88' lang='lat' dir='ltr'>terea</span> <span class='ocrx_word' id='word_1_778' title='bbox 689 5284 1047 5339; x_wconf 75' lang='lat' dir='ltr'>detestandis</span> <span class='ocrx_word' id='word_1_779' title='bbox 1079 5284 1195 5339; x_wconf 88' lang='lat' dir='ltr'>illis</span> <span class='ocrx_word' id='word_1_780' title='bbox 1228 5286 1496 5339; x_wconf 73' lang='lat' dir='ltr'>artihusu</span> <span class='ocrx_word' id='word_1_781' title='bbox 1520 5288 1934 5347; x_wconf 77' lang='lat' dir='ltr'>Phantasmata</span> <span class='ocrx_word' id='word_1_782' title='bbox 1951 5297 2147 5349; x_wconf 82' lang='lat' dir='ltr'>edunt.</span> <span class='ocrx_word' id='word_1_783' title='bbox 2260 5296 2459 5351; x_wconf 84' lang='lat' dir='ltr'>Arnob.</span> <span class='ocrx_word' id='word_1_784' title='bbox 2484 5313 2609 5369; x_wconf 89' lang='lat' dir='ltr'>cap.</span> <span class='ocrx_word' id='word_1_785' title='bbox 2647 5298 2733 5366; x_wconf 85' lang='grc'>18,</span> <span class='ocrx_word' id='word_1_786' title='bbox 2766 5303 2877 5353; x_wconf 88' lang='lat' dir='ltr'>art.</span> <span class='ocrx_word' id='word_1_787' title='bbox 2911 5314 2951 5369; x_wconf 87' lang='lat'>1,</span> <span class='ocrx_word' id='word_1_788' title='bbox 2986 5301 3047 5353; x_wconf 88' lang='lat' dir='ltr'>in</span> <span class='ocrx_word' id='word_1_789' title='bbox 3093 5300 3345 5354; x_wconf 79' lang='lat' dir='ltr'>Lactant.</span> <span class='ocrx_word' id='word_1_790' title='bbox 3413 5316 3522 5370; x_wconf 88' lang='lat' dir='ltr'>cap</span> <span class='ocrx_word' id='word_1_791' title='bbox 3553 5298 3637 5361; x_wconf 81' lang='grc'>32,</span> <span class='ocrx_word' id='word_1_792' title='bbox 3672 5295 3769 5348; x_wconf 89' lang='lat' dir='ltr'>art.</span> <span class='ocrx_word' id='word_1_793' title='bbox 3817 5288 3871 5351; x_wconf 73' lang='grc'>4),</span> 
     </span>
    </p>
   </div>
   <div class='ocr_carea' id='block_1_95' title="bbox 508 5370 3877 5460">
    <p class='ocr_par' dir='ltr' id='par_1_95' title="bbox 508 5370 3877 5460">
     <span class='ocr_line' id='line_1_96' title="bbox 508 5370 3877 5460; baseline 0.003 -37"><span class='ocrx_word' id='word_1_794' title='bbox 508 5375 567 5425; x_wconf 90' lang='lat' dir='ltr'>et</span> <span class='ocrx_word' id='word_1_795' title='bbox 596 5371 1007 5460; x_wconf 81' lang='lat' dir='ltr'>defunctorum</span> <span class='ocrx_word' id='word_1_796' title='bbox 1033 5372 1323 5428; x_wconf 86' lang='lat' dir='ltr'>infamant</span> <span class='ocrx_word' id='word_1_797' title='bbox 1344 5374 1568 5431; x_wconf 88' lang='lat' dir='ltr'>animas</span> <span class='ocrx_word' id='word_1_798' title='bbox 1590 5398 1617 5427; x_wconf 82' lang='lat'><strong>»</strong></span> <span class='ocrx_word' id='word_1_799' title='bbox 1643 5379 1846 5449; x_wconf 83' lang='lat' dir='ltr'>(idem,</span> <span class='ocrx_word' id='word_1_800' title='bbox 1875 5383 2146 5454; x_wconf 80' lang='lat' dir='ltr'>Apologet.</span> <span class='ocrx_word' id='word_1_801' title='bbox 2261 5383 2593 5440; x_wconf 88' lang='lat' dir='ltr'>futurorum</span> <span class='ocrx_word' id='word_1_802' title='bbox 2625 5386 2780 5441; x_wconf 88' lang='lat' dir='ltr'>haud</span> <span class='ocrx_word' id='word_1_803' title='bbox 2822 5387 2998 5443; x_wconf 89' lang='lat' dir='ltr'>dubie</span> <span class='ocrx_word' id='word_1_804' title='bbox 3030 5389 3363 5460; x_wconf 64' lang='lat' dir='ltr'>praenuntia</span> <span class='ocrx_word' id='word_1_805' title='bbox 3388 5388 3715 5442; x_wconf 81' lang='lat' dir='ltr'>immittunt.</span> <span class='ocrx_word' id='word_1_806' title='bbox 3739 5380 3801 5434; x_wconf 81' lang='lat' dir='ltr'>At</span> <span class='ocrx_word' id='word_1_807' title='bbox 3823 5370 3877 5424; x_wconf 70' lang='lat' dir='ltr'>de</span> 
     </span>
    </p>
   </div>
   <div class='ocr_carea' id='block_1_96' title="bbox 504 5459 3877 5548">
    <p class='ocr_par' dir='ltr' id='par_1_96' title="bbox 504 5459 3877 5548">
     <span class='ocr_line' id='line_1_97' title="bbox 504 5459 3877 5548; baseline 0.001 -33"><span class='ocrx_word' id='word_1_808' title='bbox 504 5475 554 5548; x_wconf 75' lang='grc' dir='ltr'>ο.</span> <span class='ocrx_word' id='word_1_809' title='bbox 586 5459 678 5530; x_wconf 87' lang='lat'>23,</span> <span class='ocrx_word' id='word_1_810' title='bbox 710 5475 765 5530; x_wconf 91' lang='lat' dir='ltr'>p.</span> <span class='ocrx_word' id='word_1_811' title='bbox 798 5461 941 5528; x_wconf 86' lang='grc'>410).</span> <span class='ocrx_word' id='word_1_812' title='bbox 966 5461 1097 5516; x_wconf 88' lang='lat' dir='ltr'>Jam</span> <span class='ocrx_word' id='word_1_813' title='bbox 1129 5477 1261 5516; x_wconf 90' lang='lat' dir='ltr'>vero</span> <span class='ocrx_word' id='word_1_814' title='bbox 1321 5462 1541 5518; x_wconf 88' lang='lat' dir='ltr'>dictum</span> <span class='ocrx_word' id='word_1_815' title='bbox 1601 5466 1673 5520; x_wconf 87' lang='lat' dir='ltr'>ab</span> <span class='ocrx_word' id='word_1_816' title='bbox 1725 5467 1825 5524; x_wconf 92' lang='lat' dir='ltr'>illo</span> <span class='ocrx_word' id='word_1_817' title='bbox 1878 5471 2149 5528; x_wconf 87' lang='lat' dir='ltr'>observa-</span> <span class='ocrx_word' id='word_1_818' title='bbox 2258 5472 2601 5543; x_wconf 86' lang='lat' dir='ltr'>hujusmodi</span> <span class='ocrx_word' id='word_1_819' title='bbox 2635 5476 2882 5531; x_wconf 91' lang='lat' dir='ltr'>somniis</span> <span class='ocrx_word' id='word_1_820' title='bbox 2926 5459 3095 5547; x_wconf 89' lang='lat' dir='ltr'>plura</span> <span class='ocrx_word' id='word_1_821' title='bbox 3125 5476 3183 5531; x_wconf 90' lang='lat' dir='ltr'>in</span> <span class='ocrx_word' id='word_1_822' title='bbox 3237 5476 3645 5548; x_wconf 85' lang='lat' dir='ltr'>superioribus</span> <span class='ocrx_word' id='word_1_823' title='bbox 3696 5461 3877 5523; x_wconf 76' lang='lat' dir='ltr'>nostris</span> 
     </span>
    </p>
   </div>
   <div class='ocr_carea' id='block_1_97' title="bbox 502 5546 3086 5628">
    <p class='ocr_par' dir='ltr' id='par_1_97' title="bbox 502 5546 3086 5628">
     <span class='ocr_line' id='line_1_98' title="bbox 502 5546 3086 5628; baseline 0.008 -28"><span class='ocrx_word' id='word_1_824' title='bbox 502 5546 695 5602; x_wconf 90' lang='lat' dir='ltr'>vimus</span> <span class='ocrx_word' id='word_1_825' title='bbox 753 5563 787 5602; x_wconf 91' lang='lat' dir='ltr'>a</span> <span class='ocrx_word' id='word_1_826' title='bbox 844 5548 1209 5604; x_wconf 81' lang='lat' dir='ltr'>daemonibus</span> <span class='ocrx_word' id='word_1_827' title='bbox 1266 5549 1421 5605; x_wconf 89' lang='lat' dir='ltr'>edita</span> <span class='ocrx_word' id='word_1_828' title='bbox 1488 5552 1669 5609; x_wconf 86' lang='lat' dir='ltr'>fuisse</span> <span class='ocrx_word' id='word_1_829' title='bbox 1737 5557 2151 5628; x_wconf 84' lang='lat' dir='ltr'>phantasmata</span> <span class='ocrx_word' id='word_1_830' title='bbox 2258 5561 2777 5620; x_wconf 88' lang='lat' dir='ltr'>dissertationibus</span> <span class='ocrx_word' id='word_1_831' title='bbox 2807 5546 3086 5622; x_wconf 79' lang='lat' dir='ltr'>diximus.</span> 
     </span>
    </p>
   </div>
   <div class='ocr_carea' id='block_1_98' title="bbox 502 5636 3878 5723">
    <p class='ocr_par' dir='ltr' id='par_1_98' title="bbox 502 5636 3878 5723">
     <span class='ocr_line' id='line_1_99' title="bbox 502 5636 3878 5723; baseline 0.001 -31"><span class='ocrx_word' id='word_1_832' title='bbox 502 5639 805 5691; x_wconf 82' lang='lat' dir='ltr'>Castorum</span> <span class='ocrx_word' id='word_1_833' title='bbox 834 5636 1020 5709; x_wconf 88' lang='lat' dir='ltr'>(supr.</span> <span class='ocrx_word' id='word_1_834' title='bbox 1055 5642 1164 5695; x_wconf 89' lang='lat' dir='ltr'>art.</span> <span class='ocrx_word' id='word_1_835' title='bbox 1192 5638 1281 5711; x_wconf 87' lang='lat'>3):</span> <span class='ocrx_word' id='word_1_836' title='bbox 1324 5656 1480 5696; x_wconf 89' lang='lat' dir='ltr'>nunc</span> <span class='ocrx_word' id='word_1_837' title='bbox 1511 5657 1641 5699; x_wconf 87' lang='lat' dir='ltr'>vero</span> <span class='ocrx_word' id='word_1_838' title='bbox 1677 5653 1969 5705; x_wconf 85' lang='lat' dir='ltr'>asseverat</span> <span class='ocrx_word' id='word_1_839' title='bbox 2010 5649 2151 5705; x_wconf 85' lang='lat' dir='ltr'>alio-</span> <span class='ocrx_word' id='word_1_840' title='bbox 2330 5647 2477 5703; x_wconf 77' lang='lat'>881</span> <span class='ocrx_word' id='word_1_841' title='bbox 2514 5648 2712 5722; x_wconf 89' lang='lat' dir='ltr'>Neque</span> <span class='ocrx_word' id='word_1_842' title='bbox 2741 5653 2853 5709; x_wconf 89' lang='lat' dir='ltr'>soli</span> <span class='ocrx_word' id='word_1_843' title='bbox 2883 5654 3152 5712; x_wconf 88' lang='lat' dir='ltr'>homines</span> <span class='ocrx_word' id='word_1_844' title='bbox 3174 5654 3281 5711; x_wconf 89' lang='lat' dir='ltr'>hac</span> <span class='ocrx_word' id='word_1_845' title='bbox 3305 5658 3435 5709; x_wconf 85' lang='lat' dir='ltr'>arte</span> <span class='ocrx_word' id='word_1_846' title='bbox 3467 5662 3762 5723; x_wconf 86' lang='lat' dir='ltr'>magorum</span> <span class='ocrx_word' id='word_1_847' title='bbox 3780 5640 3878 5698; x_wconf 82' lang='lat' dir='ltr'>sive</span> 
     </span>
    </p>
   </div>
  </div>
