4118 6182
154 1668 219 1679 μη

284 312 403 373 969

1191 306 1264 368 D.
1312 307 1408 370 LE
1454 305 1775 370 NOURRY
1822 299 2468 368 OBSERVATIONES
2514 306 2772 369 NOVZE.

3573 309 3692 372 970

288 443 486 517 potius
517 442 873 506 daemonum,
898 440 999 511 qui
1029 440 1239 496 horum
1264 440 1590 497 ministerio
1613 438 1935 495 abuteban-
1964 435 2017 502 Α
2049 436 2314 509 exemplo
2344 440 2551 495 confici
2599 445 2833 497 tantum
2882 443 3075 513 potest
3115 441 3269 498 882
3318 441 3536 499 mirum
3575 459 3693 500 non

286 538 405 602 tur,
438 532 537 588 sed
571 530 748 586 etiam
777 545 981 601 caprae,
1010 529 1203 601 inquit
1224 537 1427 586 auctor
1458 537 1674 594 noster,
1706 534 1759 583 et
1780 543 1933 582 men-

289 637 369 680 sae
396 621 653 677 divinare
680 622 1071 675 consueverant
1093 619 1355 691 (Tertull.
1382 620 1664 691 Apoloqet.
1692 634 1819 688 cap.
1842 618 1934 686 22,

294 728 426 785 pag.
462 710 607 773 404).
641 712 713 764 At
742 725 1029 780 quaenam,
1055 708 1295 765 obsecro
1328 714 1405 777 te,
1430 713 1596 764 erant
1626 707 1747 762 ι]ωο
1782 723 1937 761 men-

292 818 371 857 sae
392 801 419 855 ‘I
449 799 600 854 Num
634 799 807 866 sacri,
833 803 897 853 ut
921 798 1137 854 ethnici
1163 799 1521 871 garriebant,
1556 797 1837 868 tripodes,
1871 811 1941 850 ex

294 888 512 961 quibus
545 887 767 954 Pithiaa,
802 888 1136 944 sacerdotes
1168 887 1481 959 Apollinis,
1514 887 1779 942 solebant
1812 901 1938 940 ora-

293 978 429 1035 cula
459 996 567 1033 sua
596 976 885 1033 fundere?
913 977 1077 1032 Certe
1135 977 1206 1031 de
1264 975 1381 1032 illis
1420 975 1700 1047 Virgilius
1731 974 1943 1029 cecinit

291 1067 523 1141 (Virgil.
557 1066 657 1121 lib.
692 1083 755 1120 III
786 1065 976 1120 ίΕηεά.
1010 1083 1064 1120 ν.
1098 1066 1262 1136 358);

388 1183 686 1245 Trojugena
714 1183 985 1245 interpres
1005 1181 1303 1243 divum,qui
1332 1182 1558 1229 numina
1590 1180 1785 1245 Phoebi,

391 1246 492 1304 Qui
521 1244 758 1308 tripodas
787 1244 942 1293 Clarii
978 1244 1271 1307 lauros,qui
1302 1245 1478 1293 sidera
1507 1244 1693 1292 sentis.

294 1354 533 1409 Servius
564 1351 856 1423 siquidem
890 1351 946 1405 in
979 1350 1087 1406 hos
1121 1356 1301 1422 poetas
1342 1367 1545 1427 versus
1582 1371 1611 1400 ‹‹
1643 1348 1946 1420 Tripodes,

291 1442 511 1513 inquit,
542 1457 756 1496 mensa)
789 1442 1027 1495 fuerunt
1069 1440 1150 1510 [in
1209 1441 1427 1511 templo
1480 1438 1742 1511 Delphici
1770 1436 1947 1508 Apol-

294 1531 481 1601 linis],
516 1530 731 1595 quibus
761 1528 1142 1600 superpositas
1191 1528 1515 1583 Phcebades
1546 1526 1949 1583 vaticinaban-

296 1627 397 1676 tur
428 1641 455 1669 »ι
481 1619 710 1690 (Bulen.
743 1618 813 1673 de
841 1634 993 1673 orac.
1051 1621 1107 1672 et
1158 1618 1393 1683 vatibus,
1430 1633 1556 1687 cap.
1592 1617 1657 1670 17
1691 1620 1747 1671 et
1778 1614 1949 1685 seq.).

296 1708 435 1764 Noti
466 1713 663 1763 autem
694 1710 834 1762 sunt
862 1707 1140 1761 omnibus
1171 1706 1427 1778 tripodes
1468 1705 1574 1771 illi,
1622 1706 1694 1760 de
1734 1704 1952 1775 quibus

2046 541 2196 596 esse,
2230 527 2281 582 si
2338 530 2682 585 Tertulliani
2724 536 2985 603 tempore
3035 531 3120 587 vel
3178 536 3348 587 antea
3396 533 3691 589 temerarii

2048 616 2502 687 praestigiatores
2562 619 2719 675 hunc
2769 621 2828 674 in
2878 621 3168 676 mundum
3201 619 3397 676 volare
3434 626 3692 678 tentave-

2050 705 2188 760 rint.

2122 794 2297 865 Urget
2328 796 2517 851 adhuc
2554 796 2652 851 ille
2702 814 2899 868 parem
2948 814 3078 854 esse
3119 798 3377 854 furorem
3408 803 3464 855 et
3493 816 3692 856 amen-

2050 882 2193 937 tiam
2227 883 2410 954 illius,
2445 908 2473 936 «
2504 886 2603 956 qui
2652 885 2931 957 genitalia
2985 886 3068 942 vel
3130 888 3398 954 lacertos,
3436 911 3456 939 ι
3520 893 3695 961 atque

2053 970 2315 1044 alterius,
2350 996 2378 1023 «
2412 975 2512 1046 qui
2544 974 2656 1030 sibi
2686 975 2886 1047 gulam
2916 982 3231 1048 prosecat»
3266 977 3530 1045 (Tertull.
3562 980 3697 1050 Apo-

2058 1061 2214 1131 loget.
2251 1078 2377 1133 cap.
2409 1063 2499 1131 25,
2534 1081 2667 1136 pag.
2728 1065 2873 1134 421).
2935 1065 3098 1121 Prior
3127 1070 3321 1121 autem
3353 1071 3475 1122 erat
3504 1067 3696 1139 gallus

2053 1150 2139 1205 vel
2168 1151 2557 1223 Archigallus,
2592 1153 2689 1224 qui
2712 1153 2772 1207 in
2796 1153 2996 1209 Matris
3028 1155 3289 1222 deorum,
3316 1154 3403 1211 vel
3426 1155 3696 1229 Bellonae,

2055 1240 2240 1296 sacris
2270 1242 2533 1297 membra
2564 1259 2672 1297 sua
2714 1259 2909 1298 secare
2948 1248 3327 1299 consueverat
3356 1246 3604 1313 (Dissert.
3639 1248 3699 1302 in

2055 1329 2283 1398 Μίνωα,
2310 1347 2435 1401 cap.
2466 1332 2556 1399 20,
2590 1337 2699 1386 art.
2731 1333 2804 1398 2;
2835 1340 2886 1386 et
2914 1332 3143 1387 Dissert.
3184 1333 3243 1387 in
3290 1337 3539 1389 Lactant.
3572 1351 3698 1407 cap.

2057 1419 2146 1485 34,
2181 1423 2289 1473 art.
2324 1419 2383 1489 ι).
2426 1419 2506 1474 De
2539 1420 2644 1475 hoc
2666 1424 2859 1476 autem
2882 1420 3211 1491 Archigallo
3236 1421 3332 1477 ille
3354 1422 3529 1494 paulo
3550 1429 3702 1495 post,

2061 1524 2125 1563 ac
2158 1524 2264 1562 nos
2296 1508 2367 1563 de
2415 1507 2513 1565 illo
2562 1514 2619 1564 et
2677 1508 2809 1565 aliis
2861 1508 3032 1581 gallis
3091 1510 3230 1565 alibi
3276 1511 3703 1569 disseruimus:

2069 1616 2090 1645 ι
2124 1597 2301 1668 Atqui
2333 1614 2574 1669 compar
2603 1603 2711 1667 est,
2753 1599 2965 1669 inquit,
2999 1600 3188 1654 exitus
3236 1601 3473 1667 furoris,
3504 1607 3562 1657 et
3590 1618 3710 1659 una

2066 1685 2211 1741 ratio
2242 1690 2330 1741 est
2360 1686 2759 1759 instigationis
2808 1713 2831 1741 ι
2868 1688 2928 1742 in
2986 1687 3125 1760 illis,
3176 1693 3350 1760 atque
3396 1689 3457 1745 in
3485 1707 3573 1755 eo,
3606 1692 3710 1764 qui

296 1798 352 1853 si
384 1797 555 1870 plura
582 1796 731 1851 scire
761 1811 956 1862 aveas,
1008 1794 1168 1850 adire
1229 1794 1443 1865 poteris
1475 1793 1864 1862 Bulengerum
1896 1796 1954 1848 et

2084 1794 2093 1823 ι
2126 1775 2237 1831 sibi
2270 1776 2469 1848 gulam
2501 1782 2789 1848 prosecat,
2824 1799 2853 1826 »
2886 1777 2940 1832 id
2965 1782 3075 1847 est,
3098 1777 3431 1849 sejugulat,
3461 1783 3559 1835 aut
3577 1779 3706 1851 gla-

300 1886 474 1942 alios.

374 1975 795 2031 Verumtamen
826 1973 967 2045 quia
996 1972 1394 2028 Tertullianus
1425 1973 1496 2027 de
1530 1971 1643 2039 his,
1679 1988 1805 2042 quae
1838 1987 1953 2026 non

298 2067 675 2123 sacerdotum
708 2064 1100 2127 ethnicorum,
1137 2064 1238 2119 sed
1280 2080 1587 2135 magorum
1624 2080 1801 2134 opera
1821 2062 1951 2118 effi-

300 2154 567 2221 ciuntur,
600 2154 680 2210 ibi
711 2169 1043 2209 sermonem
1095 2153 1324 2208 videtur
1375 2153 1604 2221 fecisse,
1637 2152 1685 2205 si
1719 2150 1853 2222 quis
1884 2151 1955 2205 de

297 2244 436 2299 aliis
470 2242 693 2299 mensis
722 2258 857 2309 eum
911 2241 1070 2313 loqui
1119 2241 1466 2311 probaverit,
1516 2240 1568 2295 ei
1617 2240 1775 2295 haud
1807 2255 1957 2311 aagre

297 2332 719 2388 assentiamur.
742 2330 1042 2400 Expendat
1062 2328 1449 2385 nihilominus
1471 2329 1592 2384 haec
1618 2346 1733 2385 non
1756 2328 1956 2385 minus

297 2424 381 2478 ad
411 2420 647 2477 oracula
676 2420 917 2476 deorum
950 2418 1151 2474 referri
1178 2435 1372 2490 posse,
1405 2435 1582 2491 quam
1624 2420 1695 2474 ad
1728 2421 1957 2474 notatas

298 2512 525 2567 ibidem
557 2510 630 2565 ab
653 2510 779 2581 ipso
802 2509 993 2565 adhuc
1011 2507 1369 2563 Tertulliano
1388 2525 1591 2579 capras
1606 2508 1957 2573 divinantes,

299 2603 383 2656 de
414 2600 631 2671 quibus
664 2599 721 2653 in
745 2598 934 2670 primo
961 2602 1287 2669 Apparatus
1308 2597 1495 2653 nostri
1518 2603 1675 2653 tomo
1698 2598 1957 2669 disputa-

296 2690 500 2746 vimus
531 2689 696 2759 (tom.
732 2687 753 2743 Ι
783 2690 1045 2759 Apparat.
1092 2685 1194 2741 lib.
1256 2704 1295 2755 ι,
1356 2703 1484 2758 cap.
1546 2686 1632 2753 10,
1666 2702 1797 2758 pag.
1828 2687 1956 2753 772,

299 2786 369 2836 et
404 2782 615 2850 seqq.).

384 2866 670 2934 Quoniam
702 2880 834 2920 vero
866 2864 1264 2920 Tertullianus
1306 2866 1375 2920 de
1425 2864 1518 2929 iis,
1560 2881 1688 2935 quae
1719 2864 1873 2920 intra
1901 2869 1959 2921 et

299 2961 479 3013 extra
508 2956 751 3011 deorum
778 2954 997 3025 templa
1017 2954 1362 3024 agebantur,
1387 2953 1445 3007 in
1474 2953 1583 3008 hoc
1603 2952 1960 3025 Apologetici

299 3048 439 3103 loco
471 3045 754 3116 disputat,
787 3059 886 3098 eos
928 3043 1161 3111 refellit,
1212 3043 1313 3114 qui
1361 3042 1716 3112 objiciebant
1746 3043 1959 3098 distin-

297 3134 606 3208 guendam
665 3148 793 3187 esse
851 3131 1110 3186 locorum
1170 3131 1581 3201 differentiam,
1616 3147 1681 3187 ac
1735 3131 1849 3186 diis
1891 3148 1959 3187 ea

2064 1864 2228 1920 dium
2259 1881 2435 1920 suum
2468 1865 2729 1921 demittit
2777 1866 2835 1920 in
2885 1864 3084 1937 gulam
3126 1865 3390 1937 (Tertull.
3425 1868 3613 1940 ibid.)
3645 1869 3711 1925 In

2065 1953 2282 2009 nostris
2312 1958 2509 2009 autem
2541 1953 2843 2009 codicibus
2875 1954 3295 2026 manuscriptis
3333 1971 3437 2027 pro
3465 1972 3712 2029 compar,

2065 2041 2316 2098 habetur
2343 2058 2624 2112 compara,
2674 2042 2829 2113 quod
2873 2042 2980 2097 etsi
3030 2047 3371 2114 corruptum
3421 2043 3592 2116 plane
3629 2045 3713 2100 vi-

2065 2130 2292 2199 deatur,
2340 2147 2447 2186 suo
2489 2135 2687 2185 tamen
2720 2147 2964 2201 prorsus
3020 2147 3134 2186 non
3175 2136 3333 2187 caret
3382 2149 3583 2190 sensu.
3638 2135 3715 2190 At

2065 2218 2357 2275 Minucius
2394 2218 2567 2287 Felix,
2599 2219 3100 2289 quemadmodum
3151 2237 3257 2275 suo
3305 2219 3430 2276 loco
3462 2222 3712 2277 adnota-

2064 2309 2279 2377 vimus,
2309 2306 2481 2379 paulo
2513 2307 2699 2378 aliter,
2758 2308 2860 2364 sed
2918 2308 3189 2363 eumdem
3245 2308 3305 2363 in
3354 2309 3531 2366 finem
3571 2310 3718 2367 dixit

2066 2400 2376 2467 (Dissertat.
2412 2398 2471 2452 in
2498 2397 2722 2461 Ninum,
2772 2413 2898 2467 cap.
2938 2397 3028 2466 20,
3077 2402 3185 2453 art.
3220 2396 3314 2469 3):
3351 2419 3379 2447 «
3410 2398 3611 2455 Parin
3642 2398 3714 2455 il-

2065 2488 2141 2544 lis
2173 2486 2475 2558 instigatio
2504 2485 2809 2552 dazmonis,
2834 2486 2935 2541 sed
2958 2486 3163 2558 dispar
3186 2492 3604 2559 argumentum
3626 2489 3714 2545 fu-

2068 2578 2238 2633 roris.
2276 2598 2302 2624 »
2333 2575 2478 2630 Nam
2510 2576 2714 2631 eadem
2747 2583 2832 2631 est
2864 2574 3170 2647 utriusque
3219 2575 3277 2631 in
3325 2575 3589 2634 ethnicos
3621 2595 3715 2634 ar-

2068 2663 2581 2737 gumentatio,qua
2598 2663 2834 2719 illorum
2856 2679 3110 2719 errorem
3132 2663 3415 2721 radicitus
3436 2665 3711 2723 evellant.

2069 2754 2295 2809 Videtis
2325 2752 2533 2809 citatos
2564 2769 2599 2807 a
2636 2752 2805 2808 nobis
2831 2752 2891 2808 in
2922 2752 3023 2808 illa
3053 2752 3462 2810 dissertatione
3491 2755 3715 2813 Cicero-

2070 2844 2162 2899 nis
2195 2844 2266 2898 de
2294 2842 2673 2907 divinatione,
2705 2845 2761 2897 et
2787 2841 3099 2913 Augustini
3122 2842 3364 2898 totidem
3388 2844 3459 2899 de
3485 2844 3715 2902 divina-

2068 2931 2225 2987 tione
2257 2930 2588 2984 dasmonum
2620 2928 2822 2984 libros.

2139 3020 2218 3074 Ex
2249 3019 2534 3074 hactenus
2560 3034 2730 3090 porro
2753 3017 3068 3089 disputatis
3090 3018 3221 3088 quis
3245 3034 3359 3073 non
3381 3018 3716 3087 videt,hano

2068 3112 2223 3163 recte
2247 3124 2280 3161 a
2301 3106 2665 3163 Tertulliano
2695 3105 2822 3160 elici
2849 3106 3282 3162 conclusionem
3302 3106 3330 3161 ‘?
3348 3106 3408 3162 Si
3439 3107 3715 3180 malignis

296 3184 1144 3291 ta'ga‘a‘2d...'.ten‘dagua
1176 3184 1960 3291 intemplisﬁerisolebant
1986 3184 2032 3249 ο
2070 3198 2404 3291 damnum
2438 3194 2968 3291 "tibusafallaciis
3007 3211 3073 3250 ³ο
3122 3195 3434 3291 ρνεθβιίείίε
3458 3212 3526 3252 θα
3552 3202 3718 3291 exim

294 3310 579 3386 (Tertull.
612 3310 887 3381 Apologet.
938 3326 1066 3380 cap.
1114 3310 1205 3376 22,
1265 3326 1395 3381 pag.
1439 3310 1586 3381 407).
1627 3310 1769 3365 Cum
1803 3311 1959 3367 enim

294 3419 411 3459 vos
434 3399 670 3465 ethnici,
692 3398 773 3453 ita
794 3397 924 3453 illos
949 3397 1281 3469 compellat,
1304 3400 1422 3453 haec
1444 3399 1614 3454 nobis
1635 3399 1959 3470 objectatis,

295 3492 478 3554 alibi,
512 3488 569 3543 id
600 3493 708 3551 est,
738 3491 900 3542 extra
948 3486 1168 3557 templa
1214 3488 1339 3543 deos
1381 3504 1491 3543 non
1535 3488 1723 3542 dicitis
1748 3489 1960 3560 (lbid.),

296 3583 362 3637 id
401 3583 516 3643 est,
547 3594 683 3632 cum
718 3575 978 3631 fatemini
1034 3576 1172 3631 deos
1227 3582 1452 3631 vestros
1494 3594 1607 3632 non
1640 3577 1775 3632 alibi
1810 3594 1960 3647 esse,

296 3675 363 3726 et
399 3684 592 3739 agere,
626 3682 803 3737 quam
836 3665 892 3717 in
923 3663 1184 3735 templis,
1218 3681 1283 3719 eo
1318 3664 1446 3734 ipso
1480 3665 1676 3719 dicitis
1707 3683 1804 3721 eos
1834 3682 1961 3722 esse

298 3758 496 3815 falsos
526 3756 689 3810 deos.
720 3754 866 3809 Nam
897 3770 1066 3808 verus
1108 3758 1257 3807 Deus
1285 3753 1502 3824 ubique
1532 3758 1640 3808 est.

380 3845 609 3902 Deinde
634 3860 767 3897 vero
806 3857 914 3897 non
965 3842 1147 3907 aliter,
1201 3841 1413 3912 inquit,
1473 3841 1794 3909 dementire,
1855 3843 1964 3898 hoc

294 3942 420 4004 est,
458 3935 543 3989 uti
578 3933 731 4004 apud
767 3930 1125 3999 Lucretium,
1158 3931 1491 4001 Apuleium,
1517 3935 1574 3986 et
1598 3932 1963 3987 Lactantium

294 4027 568 4094 (Lucret.
604 4020 703 4075 lib.
740 4036 825 4087 ιιι,
854 4036 910 4075 v.
945 4020 1089 4086 396;
1147 4019 1314 4090 Apul.
1378 4020 1526 4091 Apol.
1564 4037 1604 4082 ι,
1637 4036 1768 4092 pag,
1821 4021 1917 4074 341
1951 4038 1965 4089 ;

297 4117 572 4170 Lactant.
610 4111 709 4166 lib.
745 4127 821 4177 Iv,
855 4109 1031 4164 divin.
1080 4111 1321 4164 Institut.
1374 4126 1478 4180 cap
1539 4110 1623 4174 17,
1658 4127 1788 4183 pag.
1823 4112 1920 4165 441
1951 4129 1965 4179 ;

294 4192 563 4260 Tertull.
596 4200 877 4270 Apologet.
914 4214 1035 4268 cap.
1077 4198 1163 4268 13,
1208 4215 1337 4270 pag.
1397 4199 1524 4267 343)
1557 4199 1835 4267 insanire,
1870 4201 1968 4255 de-

291 4293 510 4356 lirare,
546 4305 646 4345 seu
680 4293 842 4343 extra
863 4291 1117 4342 mentem
1145 4288 1318 4355 exire,
1343 4288 1392 4343 is
1414 4287 1649 4358 videtur,
1671 4291 1768 4360 qui
1786 4306 1971 4345 sacras

292 4378 674 4451 templorum
708 4381 893 4431 turres
922 4375 1187 4447 pervolat,
1230 4392 1403 4446 quam
1436 4378 1538 4447 qui
1578 4382 1718 4432 tecta
1746 4380 1974 4436 vicinia?

295 4468 597 4533 transilit,
630 4465 749 4521 sive
779 4480 847 4519 ex
876 4464 1081 4520 vicinis
1112 4463 1463 4535 templorum
1508 4466 1676 4521 tectis
1722 4466 1970 4522 volando

294 4574 446 4616 sese
480 4554 598 4611 aeri
632 4554 968 4610 committit.
1005 4552 1209 4608 Parem
1240 4552 1437 4624 itaque
1484 4554 1693 4609 asserit
1731 4556 1968 4611 demen-
1999 4553 2045 4617 D

299 4652 461 4706 tiam
498 4664 628 4703 esse
660 4646 843 4717 illius,
876 4645 973 4717 qui
999 4661 1063 4700 ex
1099 4644 1483 4716 quibuslibet,
1507 4650 1681 4717 atque
1709 4647 1971 4718 alterius,

300 4738 417 4810 qui
464 4752 537 4791 ex
568 4734 944 4805 templorum,
978 4732 1142 4788 falsis
1188 4732 1301 4788 diis
1332 4733 1681 4800 dicatorum,
1712 4737 1973 4793 turribus

301 4841 451 4882 sese
485 4822 930 4895 praecipitando,
964 4838 1066 4892 per
1096 4838 1229 4877 aera
1267 4821 1493 4877 volasse
1539 4823 1971 4893 perhibebatur.

302 4912 662 4985 Perpendas
695 4916 892 4966 autem
923 4909 1099 4965 velim
1133 4914 1330 4965 utrum
1376 4911 1475 4977 ibi,
1510 4912 1684 4967 tacito
1718 4914 1972 4983 nomine,

308 5001 624 5060 notaverit
677 5000 973 5054 Simonem
1063 5015 1318 5070 magum,
1392 4999 1561 5069 cujus
1623 5002 1977 5060 mentionem

298 5099 498 5150 antea
532 5092 763 5146 fecerat.
800 5093 871 5142 At
917 5088 1211 5144 Lucianus
1241 5092 1516 5159 prmterea
1546 5088 1862 5147 Philoclem
1894 5094 1978 5149 in-

298 5181 586 5239 troducit
616 5182 1044 5235 asseverantem
1106 5194 1167 5233 se
1227 5177 1608 5250 Babylonium
1664 5185 1979 5252 quemdam

298 5270 567 5333 vidisse,
602 5269 701 5339 qui
736 5284 839 5338 per
868 5284 1003 5322 aera
1032 5266 1309 5322 volitabat
1338 5268 1602 5338 (Lucian.
1639 5272 1800 5341 Diag.
1830 5276 1978 5333 Phil.

298 5377 459 5436 pseu
489 5373 625 5430 pag.
657 5357 806 5428 831).
838 5356 1078 5411 Addunt
1137 5355 1402 5411 nonnulli
1462 5359 1794 5431 exemplum
1825 5370 1981 5437 Aga-

302 5449 453 5508 reni
508 5445 844 5518 cujuspiam
904 5445 1368 5517 praestigiatoris,
1426 5448 1525 5519 qui
1585 5453 1730 5506 teste
1790 5454 1984 5514 Niceta

305 5535 675 5624 ph‘roriiate,
708 5551 842 5621 cum
872 5551 939 5619 ea
997 5549 1229 5617 summa
1280 5534 1663 5608 Hippodromi
1698 5544 1856 5599 turre
1882 5562 1986 5616 per

307 5622 529 5690 necem
583 5622 849 5692 volaret,.
888 5640 1147 5697 praeceps
1199 5626 1367 5682 actus
1424 5626 1664 5684 interiit.
1719 5632 1827 5687 Sed
1874 5634 1983 5693 hoc

662 5752 929 5817 ΡΑτιιοι..
977 5750 1025 5813 Ι.

2068 3286 2307 3341 solitum
2341 3291 2562 3339 natura}
2603 3283 2866 3339 ordinem
2919 3285 3072 3339 facta
3120 3289 3277 3355 sunt,
3313 3301 3438 3356 quae
3468 3287 3718 3357 gentiles

2070 3376 2181 3431 diis
2214 3375 2338 3431 suis
2371 3374 2730 3436 tribuebant,
2763 3388 2900 3445 ergo
2933 3372 3062 3428 falsi
3094 3378 3234 3429 sunt
3276 3373 3336 3429 hi
3368 3391 3573 3432 omnes
3612 3376 3714 3447 dii,

2068 3470 2121 3521 et
2156 3464 2303 3519 falsa
2331 3467 2420 3518 est
2450 3463 2787 3517 eorumdem
2821 3462 3154 3533 gentilium,
3186 3480 3252 3518 ac
3281 3479 3417 3519 vera
3444 3464 3716 3522 christia-

2073 3569 2281 3609 norum
2315 3551 2537 3622 religio.
2574 3550 2639 3604 Hi
2673 3552 2829 3605 enim
2860 3549 3060 3606 colunt
3090 3552 3329 3607 unicum
3362 3558 3419 3608 et
3446 3553 3716 3626 omnipo-

2070 3647 2288 3695 tentem
2322 3639 2527 3708 Deum,
2560 3639 2727 3707 cujus
2767 3637 2894 3693 sola
2925 3643 3233 3711 potestate,
3269 3642 3493 3698 caeteris
3523 3643 3716 3698 omni-

2069 3732 2183 3785 bus
2214 3728 2534 3800 superiore,
2568 3744 2702 3783 vera
2732 3728 3017 3783 miracula
3042 3728 3164 3784 ﬁeri
3195 3738 3463 3801 possunt.

2675 3878 2994 3918 ARTICULUS
3031 3880 3107 3917 VI.

2077 3954 2200 4020 Qua
2225 3952 2443 4036 ratione
2473 3950 2842 4036 Tertullianas
2871 3950 3196 4036 demonstret
3227 3966 3327 4036 eos
3373 3955 3470 4036 qui
3509 3954 3575 4009 de
3613 3956 3718 4036 Deo

2146 4025 2263 4094 pati
2299 4023 2663 4087 aestimantur,
2700 4023 2796 4091 qui
2826 4024 2941 4075 aris
2976 4022 3256 4094 inhalant,
3290 4022 3392 4092 qui
3421 4040 3625 4079 numen
3652 4027 3721 4081 de

2146 4092 2346 4148 nidore
2370 4094 2706 4166 concipiunt,
2764 4092 3035 4166 ructando
3091 4104 3380 4166 conantur,
3429 4098 3723 4166 pro/antur

2147 4163 2501 4238 anhelando;
2530 4180 2630 4238 nec
2676 4178 2787 4218 non
2837 4164 3109 4238 Virginem
3136 4237 3139 4238 ν
3170 4163 3470 4238 Calenam,
3493 4163 3722 4238 pluvia-

2149 4253 2273 4290 rum
2301 4236 2764 4306 pollicitatricem,
2784 4238 2835 4288 et
2855 4236 3235 4307 AEsculapium
3255 4235 3378 4291 alia
3406 4235 3507 4292 dz'e'
3522 4238 3724 4294 Socor-

2148 4309 2261 4378 dio,
2294 4308 2571 4377 Thenatio,
2602 4311 2655 4361 et
2710 4307 3084 4378 Asclepiodoro
3121 4309 3245 4363 vita:
3275 4309 3726 4365 subministrata-

2148 4396 2285 4448 rem,
2317 4395 2441 4453 cam
2488 4396 2522 4433 a
2574 4377 2909 4453 Christianis,
2928 4377 3358 4453 adjurabantur,
3391 4385 3520 4436 tunc
3536 4382 3727 4453 palam

2149 4452 2485 4519 respondisse
2513 4465 2571 4505 se
2598 4465 2705 4506 non
2731 4466 2846 4507 esse
2872 4450 3017 4518 deos,
3047 4451 3138 4506 sed
3166 4450 3457 4509 daemones.

2148 4570 2332 4626 Multo
2363 4586 2505 4625 sane
2533 4568 2764 4639 longius
2795 4568 3168 4641 progreditur
3210 4570 3636 4641 Tertullianus,
3671 4576 3732 4629 et

2082 4662 2426 4731 argumento
2458 4657 2626 4726 longe
2650 4656 2983 4726 efﬁcaciori,
3013 4672 3079 4712 ac
3102 4662 3304 4713 contra
3328 4661 3473 4731 quod
3504 4677 3575 4717 ne
3605 4677 3735 4716 mu.

2082 4752 2190 4807 tire
2244 4749 2479 4821 quidem
2526 4747 2744 4801 ethnici
2794 4747 3111 4815 audebant,
3157 4750 3599 4809 evidentissima
3629 4754 3738 4811 de-

2084 4843 2377 4895 monstrat
2397 4836 2598 4891 omnia
2619 4835 2721 4890 illa
2748 4835 3050 4903 miracula,
3076 4838 3331 4904 oracula,
3358 4846 3414 4895 et
3437 4841 3573 4907 alia,
3606 4858 3736 4914 qua

2083 4928 2143 4983 hi
2176 4943 2355 4997 supra
2383 4924 2533 4979 vires
2567 4923 2859 4978 humanas
2890 4940 2922 4978 a
2956 4924 3068 4979 diis
3121 4926 3246 4980 suis
3280 4932 3408 4983 acta
3437 4945 3567 4985 esse
3596 4947 3741 4987 ven-

2086 5017 2374 5080 ditabant,
2399 5014 2470 5068 ab
2494 5012 2639 5084 ipsis
2668 5012 3032 5069 daemonibus
3055 5031 3183 5070 esse
3208 5016 3374 5087 facta,
3402 5035 3466 5073 ac
3497 5020 3742 5090 proinde

2088 5123 2236 5180 quos
2262 5103 2534 5158 dicebant
2564 5102 2724 5167 deos,
2772 5118 2901 5157 esse
2946 5119 3145 5158 revera
3192 5105 3508 5163 daemones.
3544 5108 3745 5180 Neque

2088 5197 2243 5254 enim
2275 5194 2501 5266 privata
2531 5193 2788 5248 hominis
2820 5192 3069 5263 alicujus
3112 5198 3477 5264 auctoritate,
3513 5204 3614 5254 aut
3652 5216 3746 5256 ra-

2090 5289 2247 5344 tione
2279 5285 2397 5339 ullo
2446 5283 2706 5339 humano
2756 5283 2992 5355 ingenio
3043 5286 3390 5358 excogitata,
3424 5289 3478 5342 id
3517 5289 3746 5361 probat,

2093 5377 2192 5431 sed
2227 5373 2486 5446 publico,
2518 5389 2584 5427 ac
2615 5373 2753 5428 dato
2783 5388 2979 5429 coram
3030 5374 3397 5444 quibuslibet
3426 5376 3748 5449 gentilibus

2094 5465 2485 5536 ipsorummet
2508 5460 2847 5517 testimonio
2876 5462 3143 5517 deorum.

2167 5551 2373 5607 Totius
2403 5554 2597 5605 autem
2622 5549 2801 5620 hujus
2823 5551 3351 5622 argumentationis
3375 5566 3607 5609 summa
3628 5550 3750 5607 haec

2098 5644 2191 5697 est
2221 5636 2489 5713 (Tertull.
2518 5638 2797 5711 Apologet.
2857 5654 2987 5710 cap.
3044 5639 3138 5710 22,
3196 5655 3333 5711 pag.
3383 5639 3547 5710 l105):
3596 5640 3751 5706 Quo-

3358 5765 3430 5829 3i
