4118 6182
483 217 593 278 9Ί1

1017 221 1541 285 TERTULLIANI
1587 223 1905 287 OPEllUM
1958 228 2154 288 PARS
2201 228 2245 289 l.
2281 263 2357 275 —
2389 230 2662 295 SEltIES
2710 236 2755 309 Ι,
2801 237 3365 304 APOLOGETICA.

3714 256 3808 319 972

490 370 738 427 cumque
768 356 1051 424 daemone,
1086 361 1188 411 aut
1217 357 1526 429 quibusvis
1566 359 1926 415 daemonibus
1956 359 2131 416 homo
2163 365 2213 429 Α
2245 361 2524 433 hominis,
2558 384 2792 439 quoque
2827 372 2995 428 modo
3027 390 3061 428 a
3092 376 3352 432 demens
3392 379 3589 453 agitati,
3625 388 3812 457 experi-

487 442 642 500 888
673 448 902 517 agatur,
938 445 1057 500 sive
1116 445 1271 501 malo
1329 463 1532 502 eorum
1593 449 1840 518 agitetur
1898 449 2128 519 spiritu,

485 533 805 605 cujuslibet
836 535 1012 590 etiam
1048 534 1301 591 hominis
1324 552 1536 608 corpus
1562 538 1633 592 ab
1666 538 1738 594 iis
1767 538 2127 608 obsideatur,

482 622 660 679 iidem
685 625 979 680 daemones
1000 626 1071 680 ab
1089 624 1207 680 illis
1225 626 1501 682 omnibus
1518 627 1643 682 sola
1664 628 2126 683 Christianorum

483 714 849 785 adjuratione
896 720 953 769 et
1006 715 1369 783 exorcismis,
1430 722 1530 772 aut
1586 717 1709 773 solo
1740 718 1997 787 adtactu,
2027 722 2128 773 aut

484 801 626 859 ﬂatu
659 804 967 861 confestim
1021 804 1413 876 expelluntur.
1476 808 1650 877 Atqui
1701 811 1861 876 tunc,
1893 807 2125 863 tametsi

478 893 667 967 inviti,
713 910 817 950 nec
877 895 1130 950 maxima
1183 896 1310 950 sine
1367 895 1691 967 ignominia
1750 897 2120 968 ejicerentur,

2242 457 2438 509 mento
2472 455 2529 510 id
2562 455 2833 514 similiter
2861 462 3097 532 probari
3148 480 3317 534 posse
3356 474 3655 528 constanter
3679 455 3813 533 asse-

2240 555 2418 636 verat.
2462 544 2555 599 Sic
2600 563 2857 619 namque
2912 552 3288 624 prosequitur
3343 557 3521 629 (Ibid.)
3552 576 3564 615 :
3597 583 3614 609 ι
3670 567 3817 636 Eque

2238 633 2611 722 producatur,
2654 658 2673 683 ι
2729 637 2883 693 884
2931 644 3065 695 ante
3122 642 3477 700 ethnicorum
3527 633 3815 722 tribunalia,

2240 739 2263 771 α
2298 721 2512 793 aliquis
2533 740 2600 779 ex
2622 724 2825 796 iis,qui
2845 728 2914 783 de
2938 728 3043 784 deo
3063 730 3179 800 pati
3202 731 3700 809 existimantur,qui
3722 742 3818 798 aris

2235 808 2565 868 inhalantes
2598 831 2811 870 numen
2846 817 2915 871 de
2966 817 3167 874 nidore
3214 820 3556 892 concipiunt,
3594 827 3681 897 qui
3710 845 3816 885 ruc-

2232 900 2408 990 tando
2431 906 2843 990 conantur,qui
2867 905 3196 963 anhelando
3220 911 3667 985 profantur.lpsa
3682 916 3816 990 virgo

475 983 670 1057 palam
702 1002 767 1041 ac
790 1002 982 1041 coram
1005 985 1281 1042 omnibus
1302 984 1551 1040 ethnicis
1575 986 1929 1055 cogebantur
1955 986 2120 1041 fateri
2229 987 2500 1057 omlestis,
2537 990 2863 1062 pluviarum
2899 995 3309 1066 pollicitatrix;
3361 999 3466 1056 iste
3510 983 3624 1073 ipse
3648 983 3819 1061 ZEscu-

475 1089 538 1131 se
568 1091 683 1131 non
735 1075 894 1143 deos,
946 1074 1030 1130 uti
1090 1074 1337 1148 gentiles
1368 1074 1729 1141 eifutiebant,
1783 1077 1884 1130 sed
1924 1092 2119 1131 meros
2227 1074 2417 1148 lapius
2450 1080 2874 1137 medicinarum
2929 1085 3363 1143 demonstrator
3419 1090 3527 1146 alia
3554 1091 3638 1147 die
3664 1095 3814 1148 mori-

473 1179 601 1219 esse
624 1163 939 1232 daemones,
966 1163 1203 1219 unicum
1226 1180 1358 1217 vero
1384 1180 1507 1218 esse
1530 1164 1735 1231 Deum,
1761 1180 1933 1235 quem
1960 1164 2115 1219 Chri-

471 1253 667 1308 stiana
696 1253 841 1308 ﬁdes
867 1252 1004 1307 colit
1028 1258 1086 1307 et
1118 1254 1340 1307 adorat.

540 1360 685 1415 Cum
734 1375 828 1415 res
874 1376 1012 1431 ergo
1036 1360 1116 1415 ita
1145 1360 1239 1430 sit,
1292 1360 1427 1415 inde
1470 1362 1685 1416 Auctor
1732 1366 1931 1418 noster
1960 1369 2113 1421 recte

471 1448 771 1505 concludit
799 1449 959 1520 (Ibid.
994 1448 1103 1506 col.
1134 1450 1298 1521 405):
1332 1473 1359 1499 «
1395 1450 1541 1513 Quid
1580 1451 1692 1506 isto
1724 1468 1895 1523 Opere
1925 1455 2113 1508 mani-

466 1539 677 1595 festius
699 1538 726 1593 ‘I
757 1538 905 1604 Quid
936 1538 1045 1594 hac
1072 1540 1414 1610 probatione
1446 1539 1724 1595 ﬁdelius?
1755 1542 2111 1613 Simplicitas

467 1628 732 1685 veritatis
761 1627 822 1683 in
853 1628 1047 1684 medio
1076 1632 1165 1684 est
1199 1672 1211 1683 .
1247 1650 1274 1678 ››
1305 1630 1421 1683 Aut
1466 1628 1567 1684 illa
1609 1629 1823 1685 etenim
1875 1631 2113 1702 publica

465 1719 801 1774 dmmonum
822 1718 1112 1774 confessio
1132 1734 1267 1773 vera
1288 1722 1430 1786 erat,
1456 1722 1557 1773 aut
1578 1718 1724 1774 falsa
1754 1724 1810 1774 et
1839 1722 2106 1777 mendax.
2138 1742 2184 1807 B

460 1808 521 1864 Si
546 1825 701 1878 vera,
732 1807 805 1863 iis
836 1806 1037 1879 procul
1072 1807 1249 1863 dubio
1272 1807 1649 1875 credendum,
1684 1813 1860 1881 atque
1888 1811 2101 1867 ethnici

457 1897 721 1952 confiteri
756 1898 1047 1952 debebant
1076 1895 1255 1951 falsos
1284 1912 1412 1951 esse
1455 1898 1595 1951 deos
1626 1914 1786 1965 suos,
1819 1916 1884 1954 ac
1918 1918 2101 1957 unum

452 1986 885 2053 tantummodo,
948 2001 1122 2057 quem
1177 1985 1492 2041 Christiani
1553 1992 1921 2056 venerantur,
1972 2008 2100 2047 esse

450 2090 657 2130 verum
687 2074 892 2130 Deum.
925 2074 982 2129 Si
1017 2078 1211 2130 autem
1250 2075 1542 2131 daemones
1574 2080 1698 2131 tum
1736 2078 2096 2135 mentieban-

448 2168 567 2229 tur,
611 2164 802 2235 primo
840 2163 899 2218 id
949 2162 1115 2218 facile
1160 2163 1379 2219 nemini
1410 2165 1811 2236 persuadebis.
1846 2167 2099 2231 Quilibet

448 2252 743 2310 enimvero
764 2252 835 2309 ad
858 2253 1141 2308 honorem
1186 2254 1543 2326 quandoque
1566 2271 1737 2310 suum
1760 2272 1875 2311 non
1898 2261 2095 2313 autem

449 2342 521 2398 ad
553 2343 805 2398 dedecus
836 2341 1259 2415 infamiamque
1292 2359 1459 2398 suam
1494 2361 1750 2415 unquam
1788 2347 2088 2401 mentitur.

448 2430 727 2487 Praeterea
757 2431 808 2486 si
839 2431 1294 2499 mentiebantur,
1319 2431 1505 2486 ethoc
1535 2433 1838 2488 mendacio
1870 2451 2089 2490 morem

447 2521 729 2593 gerebant
748 2519 1117 2585 Christianis,
1138 2520 1274 2575 inde
1295 2520 1621 2576 certissime
1638 2523 1947 2577 conficitur
1968 2523 2092 2578 nul-

444 2608 563 2665 lam
595 2625 745 2677 esse,
778 2626 957 2680 quam
988 2609 1203 2665 ethnici
1227 2610 1628 2681 venditabant,
1653 2627 1853 2666 eorum
1888 2612 2089 2667 divini-

442 2702 646 2755 tatem.
679 2698 861 2754 Verus
895 2699 1110 2771 quippe
1156 2698 1310 2754 Deus
1344 2715 1447 2754 nec
1500 2699 1754 2769 mentiri,
1790 2717 1893 2755 nec
1924 2717 2086 2757 crea-

440 2786 589 2843 turis
622 2787 692 2844 ad
727 2804 901 2843 suum
924 2788 1177 2844 dedecus
1202 2787 1443 2861 obsequi
1472 2795 1678 2860 potest.
1719 2788 1883 2844 Falsa
1907 2790 2087 2862 igitur

436 2893 505 2935 ea
533 2882 622 2934 est
677 2878 972 2945 divinitas,
1034 2896 1161 2950 qua:
1219 2879 1441 2950 aliquid
1497 2880 1568 2934 ad
1621 2880 1866 2949 dedecus,
1910 2887 1973 2935 ut
2002 2881 2085 2938 ait

432 2969 650 3024 Auctor
677 2972 895 3032 noster,
930 2969 1063 3027 facit
1080 2968 1297 3024 aemulis
1323 2970 1462 3037 suis,
1494 2970 1549 3023 id
1583 2974 1691 3039 est,
1723 2987 1847 3039 quae
1878 2971 1947 3024 ad
1981 2971 2081 3026 de-

435 3058 615 3113 decus
647 3074 819 3113 suum
852 3057 1123 3112 hostibus
1181 3057 1307 3112 suis
1364 3057 1715 3113 Christianis
1772 3059 2074 3125 mentitur,

2224 1166 2373 1221 turis
2402 1169 2692 1239 Socordio,
2726 1176 2782 1225 et
2814 1171 3119 1242 Thenatio,
3173 1180 3229 1231 et
3284 1178 3672 1251 Asclepiodoto
3710 1184 3816 1238 vitae

2224 1256 2721 1325 subministrator,
2755 1279 2780 1309 ι»
2819 1261 2876 1315 hi
2907 1279 3112 1318 omnes
3160 1282 3193 1319 a
3238 1266 3574 1323 Christianis
3601 1271 3816 1340 adjurati

2223 1344 2517 1402 daemones
2544 1363 2605 1402 se
2635 1364 2763 1404 esse
2794 1350 2946 1406 illico
2978 1353 3435 1411 confitebuntur.

2292 1436 2552 1491 Audisne
2582 1442 2721 1507 quot
2752 1438 2849 1495 ille
2884 1442 3138 1512 proferat
3164 1445 3446 1517 exempla,
3479 1463 3597 1518 qua
3627 1449 3690 1503 ab
3716 1449 3816 1503 eth-

2221 1522 2367 1579 nicis
2399 1541 2504 1580 nec
2536 1526 2731 1599 negari
2768 1545 3051 1601 unquam,
3109 1549 3213 1588 nec
3254 1534 3373 1590 ullo
3405 1552 3636 1607 prorsus
3676 1539 3821 1593 modo

2221 1612 2581 1669 dissimulari
2607 1621 2875 1687 poterant
2899 1618 3047 1675 ?Sed
3072 1621 3209 1692 quia
3234 1622 3377 1692 haec,
3401 1641 3465 1679 ac
3486 1626 3819 1696 potissimum

2220 1703 2542 1773 posteriora
2567 1722 2677 1760 non
2706 1706 2951 1763 minima
2976 1709 3210 1780 quidem
3242 1711 3491 1785 caligine
3511 1730 3821 1787 respergun-

2214 1795 2329 1862 tur,
2358 1808 2485 1847 eam
2519 1812 2618 1864 pro
2640 1794 2786 1850 virili
2813 1802 2976 1867 parte
2998 1804 3198 1854 nostra
3218 1801 3511 1858 discutere
3540 1804 3818 1860 enitamur.

2213 1880 2475 1937 Primum
2510 1883 2705 1953 itaque
2736 1886 3180 1943 observabimus
3201 1888 3296 1957 iis,
3320 1907 3451 1961 quae
3480 1892 3549 1946 ab
3574 1891 3667 1947 illo
3695 1908 3819 1964 prie-

2212 1970 2394 2023 missa
2425 1977 2583 2036 sunt,
2619 1972 2805 2028 lucem
2840 1975 3096 2045 aliquam
3148 1978 3340 2033 afferri
3386 1997 3554 2051 posse
3595 1981 3680 2035 his
3708 1981 3819 2033 Vir-

2208 2058 2331 2129 gilii
2365 2061 2726 2117 carminibus
2779 2063 3007 2136 (Virgil.
3063 2064 3165 2121 lib.
3226 2085 3281 2124 Vl
3336 2070 3553 2125 xEneid.
3587 2071 3817 2138 v.77,e.

2207 2148 2394 2219 seqq.)
2429 2166 2441 2203 ε

2300 2273 2369 2340 At
2398 2272 2582 2340 Pliaebi
2614 2275 2853 2325 nondum
2884 2279 3095 2340 patiens
3124 2281 3373 2333 immanis
3402 2284 3458 2334 in
3480 2288 3631 2335 antro

2300 2335 2598 2420 Eacehatur
2624 2342 2787 2420 v‘ates,
2820 2335 3072 2420 magnum
3104 2345 3148 2392 si
3168 2350 3397 2420 pectore
3426 2348 3604 2420 possit

2295 2399 2601 2469 Excussisse
2633 2408 2793 2469 deum
2817 2417 2836 2464 ;
2862 2399 3010 2469 tanto
3040 2399 3209 2469 magis
3243 2408 3334 2457 ille
3365 2399 3556 2468 fatigat

2293 2462 2360 2509 Os
2389 2462 2771 2522 rabidum,fera
2789 2462 2950 2515 cerda
2979 2462 3222 2529 domahs,
3246 2462 3506 2535 ﬁngitqu'e
3538 2470 3819 2535 premendo.

2200 2603 2259 2657 In
2302 2603 2560 2674 primum
2593 2608 2789 2661 autem
2822 2624 3057 2665 carmen
3088 2610 3348 2667 Servius.
3387 2633 3415 2663 «
3448 2612 3709 2667 Nondum
3739 2627 3820 2683 pa-

2194 2691 2369 2761 tiens,
2404 2693 2616 2765 inquit,
2649 2712 2775 2767 quae
2809 2698 3070 2753 nondum
3105 2704 3302 2770 posset
3360 2702 3608 2772 implere
3636 2716 3821 2757 oracu-

2195 2779 2383 2837 lorum
2417 2799 2740 2839 sermones.
2766 2806 2793 2834 »
2816 2790 2930 2841 Deo
2953 2787 3133 2859 igitur
3154 2789 3386 2860 patiens
3418 2790 3633 2846 dicitur
3659 2793 3816 2851 vates,

2194 2869 2293 2939 qui
2324 2871 2394 2924 ad
2429 2871 2662 2927 oracula
2686 2873 2983 2929 fundenda
3007 2877 3247 2932 numine
3279 2877 3535 2949 alicujus
3563 2879 3651 2934 dei
3680 2877 3820 2932 silla-

2192 2961 2311 3023 tus,
2360 2960 2541 3015 donec
2591 2976 2658 3015 ea
2708 2978 2777 3016 ex
2824 2968 3057 3033 pectore
3106 2967 3486 3035 excussisset,
3519 2966 3815 3031 laborabat,

2188 3049 2588 3119 torquebatur,
2622 3050 2992 3123 domabatur,
3033 3055 3434 3124 premebatur.
3470 3057 3541 3111 Et
3565 3071 3697 3112 vero
3723 3054 3819 3109 bu-

430 3143 624 3217 iisque
649 3147 987 3201 mentiendo
1039 3162 1101 3200 se
1153 3145 1394 3216 subjieit
1422 3146 1740 3217 (Dissertat.
1775 3149 1834 3201 in
1874 3119 2072 3204 Minuci

2213 3137 2440 3191 usmodi
2492 3142 2673 3204 vates,
2711 3143 2775 3193 ut
2822 3119 3060 3211 ipsimet
3106 3142 3280 3198 ethici
3314 3144 3572 3213 aiebant,
3605 3143 3818 3200 insolito

434 3234 616 3290 Octav.
650 3251 777 3307 cap.
808 3236 899 3302 20,
932 3239 1038 3289 art.
1075 3235 1127 3303 3,
1159 3241 1210 3288 el
1246 3237 1301 3289 in
1334 3235 1580 3290 Lactant.
1615 3253 1737 3307 cap.
1772 3236 1826 3305 9,
1863 3241 1970 3290 art.
2002 3240 2076 3306 2).

433 3324 643 3388 Quanti
680 3340 851 3396 porro
881 3324 959 3378 sit
990 3323 1216 3378 roboris
1246 3323 1366 3377 haec
1406 3324 1855 3393 argumentatio,
1890 3325 1947 3379 in
1981 3342 2075 3379 su-

433 3411 761 3483 perioribus
794 3411 1009 3468 nostris
1041 3411 1556 3467 dissertationibus
1587 3414 1817 3467 abunde
1843 3414 2078 3468 demon-

436 3505 684 3557 stratum
714 3506 821 3555 est.

504 3589 895 3653 Quamobrem
929 3587 1071 3642 nihil
1109 3587 1265 3643 aliud
1301 3593 1483 3643 restat
1503 3589 1933 3661 explanandum
1961 3591 2071 3646 nisi

431 3678 585 3750 quod
636 3677 811 3748 paulo
866 3677 1173 3732 obscurius
1232 3678 1291 3732 in
1346 3678 1614 3734 Auctoris
1673 3680 1855 3734 nostri
1912 3685 2069 3735 textu

427 3767 714 3840 scriptum
747 3769 1019 3823 occurrit.
1083 3767 1358 3823 Ethnicos
1417 3776 1609 3823 autem
1670 3769 1746 3823 ibi
1801 3770 2075 3826 audacter

428 3861 702 3930 provocat
726 3856 797 3912 ad
831 3857 1007 3926 hujus
1065 3855 1530 3912 Christianorum
1562 3857 1621 3912 in
1649 3858 1941 3914 daemones
1970 3876 2072 3931 po-

424 3946 678 4016 testatis,
706 3950 762 4001 et
794 3944 1038 4017 publica:
1068 3945 1229 4001 illius
1279 3946 1633 4017 daemonum,
1667 3964 1728 4003 se
1772 3948 1911 4003 deos
1942 3965 2072 4004 esse

425 4034 792 4108 negantium,
850 4034 1236 4090 confessionis
1311 4035 1634 4107 periculum
1712 4038 2067 4092 faciendum.

425 4125 654 4190 Quanta
682 4138 816 4178 vero
849 4123 1202 4178 conﬁdentia
1234 4122 1289 4177 id
1324 4126 1680 4195 pronuntiet,
1704 4141 1774 4181 ex
1804 4125 1910 4181 hac
1942 4126 2069 4196 ejus

423 4214 553 4286 ipsa
584 4211 993 4284 provocatione
1042 4228 1355 4281 cognosces
1395 4212 1755 4283 (Tertullian.
1792 4216 2066 4286 Apologel.

424 4302 535 4359 col.
564 4302 653 4372 23,
690 4318 821 4373 pag.
852 4300 944 4371 24)
970 4317 982 4355 :
1015 4300 1305 4372 Adjurati,
1332 4302 1544 4373 inquit,
1577 4325 1604 4351 «
1635 4320 1668 4358 a
1697 4303 2065 4370 Christianis,

422 4390 539 4446 nisi
571 4406 634 4446 se
660 4391 954 4445 daemones
984 4390 1235 4445 confessi
1268 4390 1507 4461 fuerint,
1539 4390 1777 4463 ibidem,
1803 4414 1829 4441 »
1859 4392 1978 4449 sive
2001 4409 2067 4448 eo

421 4480 550 4552 ipso
582 4478 640 4533 in
678 4478 824 4549 loco,
856 4482 914 4534 et
961 4483 1281 4546 momento,
1330 4502 1359 4529 ‹‹
1394 4478 1555 4535 illius
1585 4480 1898 4536 Christiani
1929 4499 2068 4555 pro-
2098 4488 2145 4552 D

421 4566 712 4625 cacissimi
736 4565 1083 4637 sanguinem
1109 4567 1349 4622 fundite.
1378 4591 1406 4617 »
1430 4572 1510 4624 Ne
1534 4569 1668 4641 quis
1693 4575 1886 4625 autem
1915 4571 2066 4625 frau-

421 4659 555 4714 dem
586 4655 845 4726 aliquam
874 4659 974 4710 aut
1004 4654 1204 4711 dolum
1237 4657 1656 4729 suspicaretur,
1688 4660 1757 4713 ad
1791 4658 1935 4714 illud
1967 4676 2061 4715 ex-

420 4745 818 4820 perimentum
877 4760 995 4799 non
1050 4744 1244 4800 locum
1299 4746 1555 4816 aliquem
1614 4749 1925 4820 privatum,
1960 4755 2062 4805 aut

417 4834 627 4892 ethicis
659 4837 1019 4903 suspectum,
1053 4834 1152 4888 sed
1191 4834 1490 4904 publicum
1533 4844 1590 4892 et
1636 4836 1753 4892 illis
1784 4838 2060 4893 omnibus

418 4939 690 4981 securum
718 4922 975 4993 postulat
998 4922 1202 4993 (Ibid.).
1232 4931 1337 4980 hos
1362 4928 1575 4996 quippe
1598 4926 1677 4980 ita
1709 4925 2056 4997 alloquitur:

416 5038 445 5065 ι(
479 5014 698 5069 Edatur
729 5011 821 5066 hic
854 5009 1066 5081 aliquis
1090 5012 1199 5065 sub
1223 5013 1613 5069 tribunalibus
1647 5014 2056 5085 vestris,quem

414 5103 676 5158 daemone
707 5099 796 5171 agi
832 5103 1089 5167 constet;
1140 5101 1337 5169 jussus
1367 5120 1399 5157 a
1430 5103 1687 5173 quolibet
1728 5104 2055 5160 Christiano

411 5192 572 5263 loqui
606 5188 849 5262 spiritus
878 5187 1008 5256 ille;
1044 5194 1162 5243 tam
1207 5191 1527 5245 daemonem
1575 5209 1636 5247 se
1682 5193 2059 5249 confitebitur

412 5282 484 5337 de
514 5296 669 5347 vero,
703 5294 877 5347 quam
911 5276 1052 5332 alibi
1085 5278 1265 5332 Deum
1321 5280 1390 5333 de
1448 5279 1610 5335 falso.
1643 5300 1670 5330 ι
1735 5282 1797 5335 In
1840 5285 2056 5338 nostris

412 5369 717 5425 codicibus
748 5365 960 5437 legitur
991 5381 1105 5419 non
1136 5365 1297 5420 deum
1323 5368 1580 5439 quidem,
1614 5371 1712 5425 sed
1745 5370 2051 5438 dominum,

411 5472 529 5516 non
562 5457 792 5512 diverso
822 5459 1016 5509 tamen
1049 5468 1250 5509 sensu.

484 5564 681 5640 Neque
709 5561 820 5620 hoc
851 5575 967 5618 uno
984 5561 1344 5633 tantum,sed
1364 5562 1625 5636 quolibet
1654 5565 1766 5624 alio
1792 5568 2052 5643 cujusvis

2188 3224 2562 3294 replebantur
2596 3227 2809 3283 furore.

2256 3313 2360 3379 Qui
2395 3331 2525 3369 vero
2566 3316 2776 3371 dehinc
2834 3320 2948 3372 aris
3005 3321 3328 3376 inhalantes
3384 3341 3421 3378 a
3482 3322 3818 3378 Tertulliano

2182 3407 2482 3473 vocantur,
2516 3403 2571 3457 hi
2614 3405 2793 3460 dubio
2842 3408 3044 3477 procul
3096 3414 3235 3464 sunt
3284 3412 3484 3480 arioli,
3519 3413 3590 3467 de
3622 3410 3818 3483 quibus

2182 3491 2440 3547 Donatus
2474 3492 2531 3545 in
2560 3492 2685 3548 suis
2716 3494 2785 3549 ad
2810 3496 3147 3552 Terentium
3170 3498 3822 3566 observationibus(Do-

2182 3584 2299 3635 nat.
2335 3582 2390 3634 in
2427 3583 2633 3636 Terent.
2670 3584 2987 3640 Phormion.
3023 3591 3132 3641 act.
3186 3604 3259 3656 1v,
3295 3606 3462 3645 scen.
3502 3606 3582 3658 1v,
3620 3607 3670 3644 v.
3699 3590 3815 3658 27):

2181 3692 2207 3719 ‹‹
2244 3669 2511 3724 Hariolus
2535 3676 2642 3741 est,
2663 3671 2874 3743 inquit,
2900 3674 2999 3744 qui
3019 3674 3217 3731 divina
3237 3684 3441 3735 mente
3463 3680 3817 3743 vaticinatur,

2179 3758 2277 3829 qui
2310 3758 2551 3815 fariolus
2584 3776 2617 3814 a
2653 3762 2808 3829 falis,
2843 3767 2899 3817 et
2946 3780 2979 3817 a
3023 3764 3215 3833 fando,
3258 3783 3400 3822 cum
3447 3769 3491 3823 F
3536 3784 3639 3839 pro
3680 3768 3745 3831 ll,
3774 3769 3825 3818 et

2179 3848 2317 3902 item
2349 3847 2392 3901 H
2429 3865 2530 3919 pro
2564 3850 2601 3903 E
2636 3848 2693 3903 in
2746 3850 2951 3906 multis
2999 3852 3406 3912 locutionibus
3441 3863 3715 3929 ponatur.
3748 3861 3823 3908 An

2179 3937 2333 4006 quod
2385 3936 2695 3991 imitantur
2736 3940 3153 4010 aspirationem
3190 3942 3246 3997 in
3281 3944 3670 4001 exhalando?
3696 3943 3825 3998 Nam

2178 4023 2381 4079 habitu
2416 4025 2607 4080 solent
2630 4026 2938 4084 excludere
2972 4030 3276 4087 mortalem
3327 4034 3629 4102 animam,
3662 4039 3724 4089 ut
3750 4032 3825 4087 di-

2178 4113 2371 4168 vinam
2408 4113 2709 4185 recipiant.
2746 4117 2904 4173 Unde
2935 4122 2990 4173 et
3024 4136 3218 4174 vocem
3251 4122 3562 4192 ejusmodi
3605 4124 3829 4183 dabant,

2177 4218 2303 4272 quae
2336 4207 2424 4257 est
2453 4203 2562 4269 OE,
2611 4206 2765 4276 quod
2817 4205 2906 4261 OE
2954 4223 3136 4263 sonus
3186 4210 3511 4267 exhalandi
3554 4213 3666 4269 vim
3697 4228 3831 4285 prai-

2177 4296 2312 4346 stat.
2350 4314 2377 4339 ››
2412 4291 2637 4347 Rursus
2668 4309 2798 4349 vere
2820 4295 2943 4364 jam
2999 4296 3269 4353 laudatus
3301 4317 3337 4354 a
3371 4302 3554 4357 nobis
3585 4302 3739 4357 Maro
3767 4299 3829 4353 de

2176 4379 2395 4452 Sibylla
2424 4380 2670 4436 canebat
2700 4384 2915 4454 (Virgil.
2950 4384 3053 4440 lib.
3083 4402 3135 4441 IV
3166 4387 3397 4444 fEneid.
3435 4407 3493 4445 v.
3534 4390 3622 4461 45)
3649 4406 3665 4446 :

2271 4494 2501 4565 Yentum
2533 4499 2646 4565 erat
2673 4496 2738 4565 a_d
2760 4496 2937 4561 limen,
2969 4513 3091 4565 cum
3121 4502 3274 4565 virgo
3301 4518 3314 4551 :
3342 4504 3579 4555 Poscere
3612 4505 3717 4554 fata

2267 4558 2514 4622 Tempus,
2545 4558 2648 4606 ait:
2683 4559 2830 4622 deus,
2863 4558 2983 4611 ecce
3014 4563 3181 4613 deus:
3206 4558 3299 4615 cui
3333 4567 3471 4617 talia
3506 4567 3645 4617 fanti

2265 4621 2399 4689 Ante
2430 4620 2587 4689 fores,
2621 4622 2796 4670 subito
2820 4620 2935 4672 non
2967 4626 3162 4683 vultus,
3194 4642 3303 4677 non
3339 4631 3503 4679 color
3526 4645 3686 4689 unus,

2264 4683 2379 4754 lion
2412 4688 2637 4754 comptae
2667 4697 2913 4754 mansere
2943 4700 3145 4751 comae;
3172 4691 3265 4754 sed
3297 4698 3499 4754 pectus
3519 4683 3789 4749 anhelum,

2263 4744 2325 4817 lit
2357 4746 2499 4795 rabie
2522 4744 2640 4817 fere
2669 4746 2831 4796 corda
2855 4752 3080 4817 tument,
3111 4744 3395 4817 majorque
3429 4756 3606 4805 videri

2262 4809 2369 4884 μεθ
2399 4808 2617 4881 mortale
2653 4823 2873 4884 so‘nans,
2906 4808 3081 4864 afﬂata
3111 4808 3456 4868 est'nuinine
3487 4818 3711 4884 quando

2260 4871 2376 4920 Jam
2408 4872 2657 4934 propiore
2693 4872 2797 4922 dei.

2168 4978 2452 5033 Similiter
2479 4980 2655 5033 etiam
2688 4980 2960 5038 Lucanus
3016 4985 3087 5039 de
3142 4990 3380 5042 Cumaea
3414 4987 3675 5061 Sibylla.
3707 5000 3830 5058 qua

2166 5066 2468 5121 vaticinari
2527 5069 2850 5123 conabatur
2903 5071 3130 5140 (Lucan.
3220 5075 3318 5132 lib.
3388 5093 3450 5146 ν,
3517 5094 3574 5133 v.
3651 5077 3715 5129 91
3775 5077 3827 5127 et

2166 5157 2388 5227 seqq):

2257 5273 2391 5340 :l‘alis
2421 5271 2731 5340 inEuboico
2760 5276 2905 5340 vates
2926 5276 3142 5327 Cumaea
3170 5293 3411 5340 recessu,

2256 5335 2538 5396 Indignata
2564 5348 2717 5382 suum
2750 5336 2928 5385 multis
2962 5342 3161 5389 servire
3188 5335 3435 5392 laborem

2254 5398 2539 5469 gentibus,
2568 5410 2629 5444 ex
2662 5402 2808 5447 tanta
2836 5400 3066 5469 fatorum
3096 5408 3550 5469 strageisuperba

2255 5459 2472 5530 Excepit
2505 5460 2743 5530 Romana
2770 5475 2951 5524 manu,
2978 5466 3054 5516 sic
3083 5459 3245 5530 pleni
3270 5459 3496 5518 lahbrat

2253 5521 2816 5574 PhaeuomoePhazbo.
3052 5521 3150 5581 .’.
3216 5565 3231 5582 .
3296 5564 3310 5581 .
3386 5563 3405 5583 .
3479 5566 3497 5583 .
3569 5566 3588 5585 .
3651 5542 3672 5584 ἓ
3734 5560 3754 5589 ο
3804 5557 3824 5582 ο
