4118 6182
279 318 397 381 9'73

377 449 612 511 Spumea
642 452 769 500 tunc
798 449 1029 512 primum
1060 449 1235 499 rabies
1264 462 1464 498 vesana
1490 463 1585 512 per
1613 463 1704 498 ora

378 512 577 569 Efﬂuit,
610 516 665 561 et
692 514 939 574 gemitus,
969 516 1021 561 et
1051 513 1242 574 angelo
1274 512 1412 561 clara
1445 518 1627 561 meatu

382 575 674 634 Murmura,
704 580 833 625 tunc
861 580 1084 625 mmstus
1120 576 1284 624 vastis
1317 576 1551 625 ululatus
1578 576 1635 623 in
1668 577 1835 624 antris

379 639 745 701 Extremaeque
775 642 970 688 sonant
999 639 1199 688 domita
1224 638 1335 701 jam
1367 639 1575 701 virgine
1607 651 1787 688 voces.

285 790 677 855 Quamobrem
710 789 905 845 Cicero
944 789 1069 862 (lib.
1103 806 1121 845 ι
1151 789 1215 845 de
1262 791 1445 845 Dicin.
1481 805 1613 862 pag.
1665 790 1791 855 274,
1834 788 1941 845 lin.

283 878 397 950 35)·
429 901 456 927 ‹‹
489 878 672 933 Credo
695 878 1421 951 etiam,inquit,anhelitus
1453 879 1741 951 quosdam
1763 879 1944 933 fuisse

284 975 605 1033 terrarum,
657 967 873 1039 quibus
922 968 1137 1023 inﬂatae
1190 974 1415 1023 mentes
1448 968 1685 1024 oracula
1735 968 1941 1023 funde-

283 1064 474 1113 rent.»
507 1058 616 1112 Sed
650 1058 721 1112 de
750 1057 842 1112 his
876 1056 1073 1129 plures
1106 1056 1252 1112 alios
1285 1056 1598 1129 scriptores
1629 1058 1943 1113 citavimus

282 1148 345 1201 in
378 1146 527 1203 885
588 1150 789 1201 nostra
840 1146 910 1200 de
964 1145 1206 1201 Minucii
1249 1146 1481 1201 Octavio
1533 1146 1943 1202 dissertatione

282 1238 593 1306 (Dissertat.
629 1237 689 1289 in
719 1236 919 1290 Minue.
976 1251 1104 1307 cap.
1140 1235 1225 1304 40,
1261 1240 1369 1290 art.
1417 1236 1494 1304 2).
1547 1236 1693 1291 Vide
1723 1241 1941 1303 autem,

282 1325 553 1389 obsecro,
585 1328 783 1379 utrum
829 1341 897 1379 ex
928 1322 1044 1378 illis
1098 1323 1292 1395 colligi
1352 1325 1539 1395 possit
1597 1325 1754 1380 hunc
1813 1341 1943 1380 esse

281 1412 632 1469 Tertulliani
663 1429 941 1467 sensum:
965 1412 1140 1468 Vates
1164 1417 1219 1467 et
1241 1413 1405 1468 arioli
1437 1414 1857 1469 existimantur
1878 1415 1943 1468 de

282 1502 385 1557 deo
413 1504 554 1573 pati,
588 1520 721 1558 cum
755 1503 827 1557 ab
873 1502 973 1558 illo
1006 1503 1140 1568 acti,
1170 1508 1316 1559 testu
1367 1520 1432 1560 ac
1467 1504 1659 1560 furore
1707 1508 1943 1576 torque-

282 1592 525 1647 bantur.

358 1707 467 1773 Qui
495 1724 629 1763 vero
677 1708 792 1763 aris
846 1708 1182 1775 inhalantes,
1246 1709 1368 1765 sive
1400 1710 1715 1781 spirantes,
1767 1714 1823 1765 et
1881 1709 1940 1764 in

281 1814 421 1853 aras
453 1795 727 1868 spiritum
767 1797 1127 1864 emittentes,
1176 1814 1402 1863 numen,
1460 1798 1517 1853 id
1561 1803 1668 1866 est,
1713 1797 1803 1853 dei
1834 1798 1937 1853 ali-

279 1887 459 1955 cujus
491 1891 698 1940 nutum
727 1890 783 1941 et
814 1891 1162 1957 potestatem
1193 1887 1258 1941 de
1277 1887 1583 1954 nidore,,id
1620 1891 1731 1955 est,
1763 1887 1939 1942 odore

280 1974 541 2029 victimae
594 1974 847 2045 alicujus
906 1980 1155 2047 perustae
1201 1977 1533 2047 concipiunt.
1597 1976 1816 2032 Deinde
1848 1976 1943 2047 qui

283 2064 579 2129 ructando,
606 2064 727 2119 sive
754 2070 958 2120 ructus
987 2065 1300 2136 variosque
1331 2064 1627 2122 anhelitus
1666 2065 1942 2137 efﬂando,

284 2157 565 2207 conantur
594 2153 835 2208 fundere
866 2153 1123 2223 oracula,
1152 2171 1335 2226 eaque
1386 2160 1669 2221 eructare,
1717 2160 1773 2209 et
1803 2155 1941 2209 mit-

284 2248 413 2298 tere
442 2247 605 2298 extra
636 2248 837 2313 pectus
869 2244 1145 2298 suum.At
1176 2243 1234 2297 in
1266 2244 1695 2315 exemplaribus
1725 2245 1941 2299 nostris

287 2331 735 2402 manuscriptis,
770 2337 828 2387 et
858 2332 1033 2387 editis
1064 2332 1497 2403 antiquisribus
1531 2350 1631 2404 pro
1675 2337 1944 2389 conantur

283 2420 582 2492 scriptum
627 2426 717 2475 est
768 2430 1034 2476 curantur
1075 2421 1335 2492 (Tertull.
1388 2422 1488 2477 loc.
1537 2425 1631 2477 cz't.
1678 2425 1720 2491 ).
1765 2423 1942 2493 Cujus

284 2526 507 2565 sensus
549 2526 677 2565 esse
719 2514 911 2581 potest
945 2528 957 2577 ;
1012 2510 1302 2580 ructando,
1335 2518 1391 2565 et
1434 2511 1733 2566 oraculum
1768 2511 1943 2567 emit-

280 2598 490 2664 tendo,
523 2599 795 2652 feruntur
825 2597 1023 2653 labore
1066 2615 1171 2654 suo
1202 2602 1258 2654 et
1300 2599 1561 2655 cruciatu
1611 2600 1846 2655 liberari
1879 2617 1944 2656 ac

283 2687 509 2741 curari.
538 2687 648 2742 Sed
681 2687 869 2758 potior
899 2687 1128 2743 videtur
1159 2687 1339 2742 altera
1369 2687 1645 2743 lectio.De
1674 2689 1766 2744 his
1788 2688 1944 2745 enim

284 2775 495 2831 adhuc
530 2776 696 2830 tortis
730 2779 787 2830 et
828 2774 1237 2831 laborantibus
1295 2782 1498 2831 auctor
1544 2783 1738 2832 noster
1782 2776 1943 2848 loqui

282 2866 550 2929 videtur,
584 2865 684 2935 qui
712 2865 1080 2920 continenter
1110 2865 1322 2936 adjecit
1356 2883 1368 2921 :
1405 2888 1431 2914 ‹‹
1466 2866 1573 2931 Qui
1616 2865 1945 2922 anhelando

286 2955 610 3027 profantur
642 2976 669 3003 »
701 2955 929 3027 (Ιὺίίι.);
992 2955 1381 3027 manuscripti
1429 2960 1486 3010 et
1529 2955 1627 3010 alii
1676 2961 1809 3011 ante
1856 2957 1947 3011 Ri-

287 3043 463 3117 galtii
493 3048 727 3114 tempus
775 3044 912 3098 editi
965 3046 1301 3116 praefantur,
1350 3045 1450 3099 sed
1488 3045 1639 3100 haud
1692 3044 1944 3100 multum

286 3132 555 3190 absimili
590 3133 943 3205 signiﬁcatu.
979 3139 1048 3188 At
1077 3134 1235 3187 enim
1268 3137 1393 3187 tum
1418 3149 1486 3187 ex
1527 3132 1663 3199 illis,
1694 3134 1847 3189 sicut
1877 3151 1945 3189 ex

291 3222 550 3294 Virgilio
582 3229 639 3278 et
662 3222 791 3278 aliis
836 3222 1190 3289 audivimus,
1242 3224 1432 3278 excuti
1492 3224 1689 3289 deum,
1731 3239 1945 3293 eosque
1976 3207 2018 3273 C

292 3313 399 3368 dei
434 3312 688 3382 alicujus
720 3311 1000 3367 instinctu
1036 3312 1282 3367 fundere
1313 3312 1571 3368 oracula.
1608 3316 1677 3367 At
1707 3311 1805 3367 ille
1836 3311 1954 3368 haec

281 3402 497 3459 omnia
542 3418 655 3456 non
708 3401 826 3457 veri
870 3402 971 3456 Dei
1017 3418 1212 3473 opera,
1261 3403 1362 3457 sed
1417 3401 1747 3469 fallacibus,
1798 3402 1955 3465 sicut,

281 3494 524 3547 dictum
559 3495 667 3558 est,
712 3490 1047 3546 damonum
1102 3490 1409 3562 praestigiis
1462 3491 1585 3546 ﬁeri
1634 3492 1950 3547 evidentis-

287 3582 450 3637 sima
483 3580 872 3635 demonstrat.
923 3580 1087 3634 Tunc
1118 3580 1276 3634 enim
1310 3598 1343 3634 a
1395 3579 1743 3635 Christianis
1789 3580 1952 3649 adju-

281 3669 431 3739 rati,
460 3670 533 3723 ad
563 3668 864 3724 fatendum
898 3684 958 3723 se
1008 3670 1300 3724 daemones
1341 3685 1471 3723 esse
1518 3668 1949 3740 compellaban-

284 3765 420 3829 tur,
452 3763 519 3814 ut
549 3765 750 3829 postea
781 3758 973 3813 adhuc
999 3759 1311 3813 dicemus;

363 3873 672 3946 Explicatu
724 3889 857 3929 vero
901 3872 1074 3945 longe
1123 3872 1452 3928 difﬁciliora
1500 3877 1636 3929 sunt
1687 3890 1813 3944 qua:
1857 3873 1948 3929 bis

293 3963 724 4035 subjiciuntur.
749 3963 889 4029 Quis
922 3962 1079 4017 enim
1105 3962 1270 4017 facile
1300 3963 1512 4017 dixerit
1555 3979 1821 4033 qum-nam
1850 3962 1950 4017 illa

294 4055 378 4110 sit
412 4055 569 4122 virgo
598 4053 828 4107 caelestis
859 4069 985 4121 qua:
1014 4052 1083 4107 ab
1118 4052 1216 4106 illo
1230 4052 1552 4122 pluviarum
1581 4052 1951 4122 pollicitatrix

282 4141 630 4216 appellatur
657 4141 839 4212 (ιὺὶίί.)
868 4141 895 4195 ?
922 4140 1198 4195 Nonnulli
1242 4140 1533 4211 siquidem
1568 4140 1719 4194 hanc
1764 4140 1949 4195 Juno-

282 4249 459 4295 nem,
493 4231 591 4285 alii
642 4231 981 4300 Fortunam,
1034 4229 1131 4285 alii
1161 4230 1448 4295 Cererem,
1500 4229 1598 4285 alii
1649 4228 1947 4293 Uraniam,

282 4323 397 4378 alii
436 4321 716 4376 Venerem
746 4336 875 4374 esse
924 4320 1289 4386 existimant,
1338 4319 1477 4389 quia
1524 4318 1762 4373 Veneris
1808 4318 1949 4373 Ura-

286 4412 435 4477 niae,
469 4410 590 4464 sive
621 4408 878 4474 Caelestis,
921 4410 1167 4479 ejusque
1200 4407 1401 4479 templi
1448 4408 1802 4463 mentionem
1840 4407 1947 4462 He-

282 4502 568 4565 rodotus,
607 4497 1013 4564 Pausanias,et
1042 4497 1336 4553 Lucianus
1359 4497 1620 4551 fecerunt
1649 4497 1943 4568 (Herodot.

1211 316 1282 375 D.
1332 316 1426 376 LE
1472 317 1799 377 NOURRY
1845 315 2490 379 OBSERVATIONES
2536 322 2796 383 ΝΟνιΈ.

1970 1841 2018 1906 Β

3590 326 3710 386 9η

1973 470 2027 535 Α
2058 467 2191 523 pag.
2223 453 2335 525 34).
2370 457 2593 511 Rursus
2626 460 2822 512 autem
2871 461 3075 529 postea
3111 474 3124 513 :
3160 478 3187 507 ‹‹
3223 456 3328 514 Ubi
3370 461 3426 514 et
3473 459 3708 530 quando

2056 542 2272 596 sacrati
2302 542 2563 619 Caelestis
2596 546 2917 601 audiebant
2948 546 3241 603 castitatis
3287 553 3575 619 prtscepta
3612 564 3707 604 ne-

2055 617 2476 688 scimus.°Ante
2510 634 2703 705 ipsum
2732 639 2925 690 tamen
2960 617 3305 706 delubrum,
3332 637 3429 692 ubi
3458 617 3705 694 simula-

2055 736 2217 775 crum
2251 720 2397 776 illud
2429 721 2681 778 locatum
2716 724 3243 798 conspiciebamus,
3278 725 3535 783 universi
3594 744 3703 782 un-

2053 808 2228 879 dique
2260 811 2640 877 conﬂuentes,
2670 818 2723 867 et
2758 814 2854 868 ubi
2886 815 3138 887 quisque
3186 820 3412 886 poterat
3451 819 3697 888 stantes,

2051 896 2222 953 ludos
2265 901 2363 969 qui
2417 903 2759 972 agebantur,
2820 903 3201 959 intentissimi
3260 906 3697 976 spectabamus,

2052 986 2370 1058 intuentes,
2405 989 2730 1046 alternante
2762 998 3075 1063 conspectu
3129 992 3266 1049 hinc
3300 993 3697 1050 meretriciam

2050 1093 2349 1148 pompam,
2383 1077 2543 1133 illinc
2573 1080 2856 1152 virginem
2909 1083 3078 1137 deam
3136 1082 3298 1138 illam
3357 1082 3701 1155 suppliciter

2052 1166 2303 1237 adorari,
2336 1173 2472 1223 ante
2504 1168 2663 1225 illam
2696 1171 2895 1242 turpia
2925 1171 3205 1227 celebrari
3241 1191 3254 1239 ;
3286 1191 3401 1229 non
3457 1172 3536 1228 ibi
3588 1191 3696 1244 pu-

2051 1254 2345 1313 dibundos
2390 1259 2624 1325 mimos,
2658 1259 2882 1315 nullam
2928 1262 3405 1318 verecundiorem
3461 1280 3700 1320 scenam

2050 1344 2305 1401 vidimus
2333 1364 2345 1413 ;
2379 1354 2591 1403 cuncta
2622 1349 3001 1405 obscenitatis
3031 1350 3432 1422 implebantur
3483 1352 3698 1408 ofﬁcia.

2050 1433 2353 1490 Sciebatur
2382 1437 2649 1509 virginali
2682 1439 2913 1493 numini
2947 1439 3083 1510 quid
3115 1440 3388 1511 placeret,
3424 1446 3482 1495 et
3541 1440 3702 1496 exhi-

2052 1522 2301 1579 bebatur
2330 1526 2483 1582 886
2525 1527 2682 1599 quod
2734 1528 2803 1583 de
2854 1528 3077 1600 templo
3136 1529 3381 1586 domum
3431 1535 3704 1587 matrona

2052 1611 2277 1669 doctior
2306 1620 2632 1687 reportaret
2664 1642 2687 1669 ι
2726 1617 2883 1689 (Ibid.
2919 1634 3046 1690 cap.
3086 1618 3179 1687 26,
3214 1636 3346 1691 pag,
3378 1619 3493 1691 56).
3526 1619 3705 1677 Plura

2051 1701 2242 1758 adhuc
2272 1704 2344 1759 de
2373 1720 2441 1760 ea
2470 1704 2567 1760 ille
2590 1706 2753 1762 alibi.
2786 1707 2893 1762 Sed
2926 1706 3047 1762 haec
3079 1708 3223 1764 satis
3254 1724 3546 1780 superque
3568 1725 3702 1781 pro-

2050 1789 2193 1848 bant
2222 1794 2375 1865 apud
2408 1795 2580 1851 Afros
2612 1795 2793 1851 fuisse
2824 1796 3112 1868 templum
3164 1797 3404 1869 virginis
3435 1797 3700 1856 Caelestis

2049 1898 2176 1953 quae
2210 1898 2323 1937 non
2356 1882 2547 1938 solum
2589 1884 2660 1939 ab
2691 1883 2811 1939 illis
2842 1883 3162 1953 colebatur,
3211 1887 3312 1941 sed
3361 1902 3487 1958 qua
3534 1887 3702 1943 sicci-

2050 1972 2189 2027 tatis
2220 1976 2479 2043 tempore
2505 1972 2578 2027 ab
2610 1972 2819 2029 iisdem
2850 1972 3139 2039 invocata,
3184 1974 3413 2047 pluvias
3458 1976 3697 2049 pollice-

2051 2061 2242 2128 batur,
2286 2077 2535 2133 moxque
2584 2063 2810 2119 futuras
2868 2064 3237 2135 praedicebat.
3296 2065 3384 2121 Ab
3444 2065 3697 2122 aliorum

2051 2153 2243 2203 autem
2277 2148 2654 2220 opinionibus
2701 2151 2839 2218 haec,
2872 2168 3047 2222 quam
3110 2152 3519 2224 proponimus,
3578 2170 3700 2209 non

2052 2237 2194 2291 adeo
2222 2237 2432 2293 dissita
2462 2242 2569 2305 est,
2604 2239 2745 2309 quin
2780 2239 2924 2310 ipsis
2968 2256 3083 2295 non
3116 2241 3305 2312 possit
3334 2242 3703 2298 reconciliari

2052 2328 2198 2378 Nam
2258 2325 2367 2380 dea
2423 2324 2523 2380 illa
2582 2343 2683 2397 pro
2742 2326 3004 2382 locorum
3062 2328 3397 2385 diversitate
3453 2330 3703 2387 diversis

2051 2413 2366 2471 vocabatur
2396 2414 2753 2471 nominibus.
2808 2416 3041 2471 Testem
3100 2418 3149 2473 si
3203 2417 3524 2487 desideres,
3561 2435 3700 2476 ecce

2052 2501 2431 2558 Ambrosium
2464 2503 2521 2558 id
2552 2510 2913 2560 asserentem
2946 2521 2958 2559 :
3005 2528 3027 2556 ι
3061 2506 3244 2570 Quam
3274 2507 3701 2576 leestem,in-

2055 2591 2205 2662 quit,
2236 2592 2381 2661 Afri,
2412 2592 2686 2649 Mithram
2729 2594 2937 2660 Persae,
2970 2594 3235 2666 plerique
3293 2596 3576 2653 Venerem
3606 2614 3703 2654 co-

2054 2680 2205 2751 lunt,
2246 2698 2349 2753 pro
2400 2682 2733 2739 diversitate
2785 2682 3063 2755 nominis,
3123 2702 3238 2741 non
3282 2702 3388 2757 pro
3438 2685 3703 2743 numinis

2055 2770 2330 2826 varietate
2382 2793 2410 2820 ››
2470 2772 2761 2843 (Ambros.
2818 2773 2990 2844 epist.
3051 2775 3137 2842 18,
3196 2774 3320 2831 adv.
3381 2775 3699 2847 Symmach.

2054 2859 2199 2927 §30,
2236 2876 2366 2931 pag.
2396 2861 2545 2931 840).

2124 2967 2360 3020 Transit
2390 2966 2525 3021 inde
2556 2973 2759 3023 auctor
2789 2969 2859 3023 ad
2910 2969 3328 3041 Esculapium,
3378 2971 3475 3041 qui
3509 2971 3581 3026 ab
3635 2988 3702 3027 eo

2054 3062 2289 3110 vocatur
2344 3056 2750 3111 medicinarum
2798 3057 3240 3121 demonstrator;
3273 3065 3331 3115 et
3384 3060 3548 3128 alibi,
3609 3062 3706 3132 qui

2055 3146 2263 3213 primas
2310 3145 2558 3200 medelas
2588 3146 2960 3215 exploraverit
2989 3147 3369 3213 (Tertulliani.
3429 3150 3704 3220 Apologet.

2060 3248 2186 3302 cap.
2220 3232 2310 3301 23,
2344 3248 2474 3304 pag.
2509 3234 2636 3298 418,
2673 3238 2729 3288 et
2760 3235 2860 3290 lib.
2902 3236 2966 3290 de
2998 3235 3189 3291 Coron.
3241 3252 3369 3307 cap.
3418 3238 3475 3302 8,
3506 3242 3650 3293 tom.
3686 3239 3708 3293 Ι

2062 3321 2323 3390 Apparet.
2358 3337 2488 3392 pag.
2520 3322 2704 3393 1192).
2734 3323 2850 3379 Nos
2880 3340 3014 3380 vero
3067 3327 3121 3379 in
3167 3324 3573 3397 superioribus
3605 3343 3709 3382 no-

2063 3411 2202 3466 stris
2267 3410 2785 3467 dissertationibus
2836 3413 3205 3469 ostendimus
3290 3430 3407 3485 qua
3483 3414 3709 3472 ratione

2059 3498 2279 3554 ethnici
2310 3499 2610 3555 medicinae
2633 3500 3023 3557 inventionem
3046 3501 3132 3556 illi
3160 3503 3709 3560 adscribebant.Sed

2061 3604 2177 3658 quo
2223 3588 2280 3642 id
2332 3588 2572 3653 clarius,
2622 3605 2688 3644 eo
2745 3606 2887 3644 sane
2948 3592 3232 3661 majorem
3288 3591 3707 3664 subsequentia

2058 3678 2187 3747 ejus
2216 3677 2389 3731 verba
2438 3678 2657 3732 habent
2699 3679 3112 3735 obscuritatem
3149 3698 3216 3735 :«
3270 3680 3399 3735 Alia
3447 3682 3561 3748 die,
3597 3681 3701 3754 ait,

2059 3766 2360 3821 morituris
2388 3768 2683 3834 Socordio,
2731 3773 2787 3823 et
2833 3767 3141 3838 'I‘henatio,
3191 3775 3250 3825 et
3294 3770 3704 3842 Asclepiodoto

2058 3854 2186 3909 vita:
2218 3854 2699 3911 subministratur
2734 3878 2761 3905 »
2813 3856 3178 3927 (Tertullian.
3236 3860 3511 3929 Apolrget.
3572 3877 3700 3932 cap.

2056 3943 2421 4012 23,001.24).
2455 3943 2670 3997 Mirum
2718 3943 2872 3998 enim
2928 3950 3215 4014 quantum
3266 3946 3387 4001 haec
3442 3948 3704 4003 erudito-

2060 4048 2190 4086 rum
2223 4032 2529 4085 hominum
2577 4032 2816 4103 ingenia
2853 4034 3239 4089 exercuerint.
3279 4037 3344 4089 At
3390 4040 3543 4090 certe
3573 4052 3702 4090 cor-

2060 4126 2271 4190 ruptus
2314 4123 2401 4175 est
2449 4119 2543 4173 hic
2591 4120 2776 4175 locus.
2821 4121 2965 4175 Nam
3015 4120 3071 4176 in
3143 4122 3360 4178 nostris
3401 4123 3703 4179 codicibus

2059 4224 2235 4263 manu
2262 4213 2318 4262 et
2347 4208 2683 4277 antiquiori,
2711 4213 2769 4264 et
2792 4208 3101 4264 recentiori
3125 4211 3375 4267 exaratis
3406 4211 3658 4267 habetur
3686 4228 3701 4267 :

2059 4319 2087 4347 ‹‹
2120 4298 2246 4352 Alia
2276 4298 2370 4352 die
2402 4297 2705 4354 morituris
2744 4299 2855 4370 (vel
2912 4296 3037 4354 alia
3093 4300 3468 4371 demorituris)
3498 4302 3705 4357 Socor-

2058 4387 2175 4457 dio,
2210 4391 2265 4441 et
2294 4386 2559 4454 Denatio,
2592 4392 2651 4441 et
2681 4388 3092 4458 Asclopiodoto
3134 4390 3643 4446 subministratur.
3676 4412 3707 4442 ››

2062 4478 2122 4531 In
2155 4475 2511 4531 editionibus
2562 4476 2813 4549 Rigaltio
2861 4476 3279 4534 vetustioribus
3312 4495 3326 4534 :
3364 4501 3391 4525 ν)
3420 4479 3579 4536 Alias
3609 4482 3709 4537 de-

284 4589 401 4645 lib.
442 4604 484 4656 1,
517 4564 631 4657 £31
669 4592 725 4641 et
757 4586 858 4640 105
890 4590 1207 4654 ;Pausan.,
1238 4585 1339 4640 lib.
1375 4604 1412 4653 Ι,
1455 4602 1587 4657 pag.
1641 4564 1707 4639 14
1760 4590 1816 4641 et
1848 4586 1949 4653 17;
1983 4569 2029 4633 D
2062 4565 2365 4657 morituris
2397 4564 2661 4657 Socordii
2689 4569 2747 4620 et
2774 4565 3002 4657 Denatii
3039 4571 3106 4657 et
3154 4565 3547 4657 Asclepiodoti
3578 4570 3715 4625 sub-

287 4675 545 4735 Lucian.
581 4676 735 4730 Dial.
771 4674 896 4730 Mat.
930 4682 980 4729 et
1008 4675 1210 4730 Musar.
1261 4691 1393 4745 pag.
1436 4674 1585 4744 973).
1635 4674 1814 4728 Nobis
1847 4691 1952 4727 au-

288 4775 422 4823 tem
457 4763 689 4819 facilius
723 4764 1064 4836 probabitur
1087 4764 1167 4819 ibi
1200 4780 1234 4819 a
1263 4763 1627 4819 Tertulliano
1658 4764 1955 4834 designari

292 4853 607 4927 propriam
667 4869 734 4907 ac
805 4853 1223 4924 municipalem
1281 4853 1484 4908 Africae
1534 4853 1724 4923 deam,
1777 4869 1956 4924 quam

290 4942 485 5016 paulo
527 4947 658 5013 post
705 4943 762 4997 in
803 4942 993 4997 Africa
1041 4941 1152 4997 coli
1195 4941 1541 4997 testiﬁcatur
1584 4939 1954 5012 (Tertullian.

291 5033 583 5104 Apologet.
619 5048 745 5100 cap.
776 5032 868 5100 24,
901 5030 1010 5085 col.
1044 5030 1193 5099 416).
1235 5030 1600 5101 Augustinus
1631 5030 1681 5084 si
1719 5029 1955 5100 quidem

292 5122 478 5177 testis
513 5122 717 5190 utique
746 5119 1034 5186 oculatus,
1086 5120 1156 5173 de
1198 5118 1298 5173 illa
1347 5120 1454 5173 dea
1497 5118 1619 5173 hac
1665 5118 1958 5173 memoriae

297 5209 572 5283 prodidit
607 5226 619 5262 :
653 5232 679 5259 ‹‹
713 5208 1105 5264 Veniebamus
1138 5225 1242 5263 nos
1274 5207 1590 5279 aliquando
1623 5207 1959 5262 adolescen-

295 5307 401 5356 tes
434 5299 508 5353 ad
544 5298 880 5369 spectacula
925 5296 1295 5366 ludibriaque
1344 5296 1784 5369 sacrilegorum.
1820 5296 1961 5368 Spe-

296 5388 625 5447 ctabamus
658 5387 1010 5458 arreptitios,
1043 5385 1429 5441 audiebamus
1476 5386 1961 5457 symphoniacos;

297 5478 475 5534 ludis
498 5473 992 5547 turpissimis,qui
1025 5473 1137 5529 diis
1151 5473 1492 5544 deabusque
1521 5474 1965 5542 exhibebantur;

304 5565 785 5631 oblectabamur,
824 5563 1055 5619 Caelesti
1100 5560 1307 5635 virgini
1347 5566 1403 5617 et
1458 5562 1809 5636 Berecyntiae
1853 5580 1969 5619 ma-

305 5655 399 5715 tri
429 5652 725 5712 omnium.
784 5675 811 5704 »
876 5655 1144 5728 (August.
1206 5650 1308 5709 lib.
1370 5668 1409 5706 ιι
1466 5651 1878 5725 deCivt't.cap.
1913 5653 1966 5723 4,

2066 4654 2432 4709 ministrator
2482 4676 2511 4703 »
2573 4655 2861 4723 (Dissertat
2910 4656 2969 4708 in
3010 4655 3210 4711 Arnob.
3268 4673 3393 4727 cap.
3424 4659 3480 4724 9,
3512 4663 3622 4714 art.
3652 4659 3715 4728 2,

2064 4747 2121 4797 et
2150 4744 2211 4796 in
2261 4744 2510 4798 Lactant.
2562 4759 2689 4813 cap.
2743 4743 2833 4796 30.
2886 4747 2995 4798 art.
3039 4744 3117 4815 5).
3149 4744 3287 4808 Quis
3344 4751 3539 4803 autem
3597 4764 3714 4804 non

2068 4832 2224 4887 videt
2254 4831 2359 4887 has
2389 4832 2650 4886 diversas
2703 4832 2982 4888 lectiones
3033 4849 3245 4906 augere
3294 4836 3486 4905 potius
3536 4853 3713 4909 quam

2069 4922 2269 4978 tollere
2300 4920 2707 4977 difficultatem
2730 4923 2757 4975 Ἰ

2139 5029 2385 5094 Quidam
2420 5033 2615 5084 tamen
2650 5029 3028 5100 suspicantur
3057 5030 3165 5087 has
3214 5036 3575 5104 agyrtarum,
3607 5050 3713 5090 seu

2068 5118 2583 5190 praestigiatorum,
2617 5118 2717 5189 qui
2746 5118 3078 5191 [Esculapio
3100 5137 3161 5175 se
3191 5121 3529 5177 ministrare
3549 5138 3712 5180 men-

2070 5208 2390 5274 tiebantur,
2422 5224 2550 5261 esse
2578 5224 2769 5275 voces,
2814 5225 2961 5278 quas
2993 5214 3183 5265 tacere
3232 5211 3418 5265 satius
3467 5212 3714 5285 ducunt,

2071 5312 2246 5367 quam
2279 5296 2337 5349 in
2370 5294 2444 5350 iis
2474 5294 2834 5367 explicandis
2867 5313 2989 5351 risu
3055 5298 3293 5370 dignam
3339 5307 3397 5354 et
3445 5300 3715 5356 inutilem

2076 5385 2315 5455 perdere
2346 5394 2605 5455 operam.
2640 5384 2748 5439 Alii
2779 5390 3021 5441 censent
3070 5386 3313 5442 nomina
3358 5388 3536 5444 trium
3588 5404 3719 5444 esse

2077 5473 2403 5539 hominum,
2448 5473 2665 5544 quibus
2732 5474 3101 5546 Aisculapius
3161 5477 3291 5531 vitae
3358 5475 3718 5531 curriculum

2079 5560 2253 5634 paulo
2285 5566 2417 5618 ante
2447 5563 2796 5634 produxisse
2845 5562 3156 5620 ferebatur.
3190 5565 3300 5620 Sed
3350 5565 3473 5621 Ι]ωο
3519 5564 3718 5635 aliqua

2078 5650 2287 5709 saltem
2337 5651 2563 5709 ratione
2603 5652 2941 5711 conﬁrmari
2999 5653 3308 5711 debebant.
3369 5651 3478 5711 Alii
3542 5669 3717 5729 porro
