4118 6182
501 201 618 261 975

1020 198 1548 262 TEBTULLIANI
1595 200 1916 261 OPERUM
1962 200 2158 262 PARS
2206 203 2247 261 1.
2286 234 2364 245 —
2394 202 2668 263 SERIES
2710 190 2757 275 1,
2803 206 3363 271 APOLOGETICA.

3728 223 3821 287 976

431 365 435 368 -
500 329 817 399 cpinantur
846 326 960 383 tria
987 326 1086 383 illa
1115 343 1244 382 esse
1277 328 1515 383 nomina
1546 328 1880 395 herbarum,
1932 330 2146 401 quibus
2180 338 2230 403 Α
2262 329 2492 385 tulliani
2522 330 2735 400 locum,
2772 333 2933 390 nulla
2963 343 3099 392 nota
3130 338 3286 395 varia
3314 340 3823 415 lectione,emendare

503 416 692 471 morbi
723 414 933 489 depelli
964 420 1277 509 poterant._
1308 414 1533 471 Plinius
1584 417 1753 509 enim,
1790 416 1945 509 inter
1987 417 2150 473 varia
2259 436 2373 474 non
2406 421 2713 477 haesitavit.
2748 424 2808 479 In
2842 425 3100 498 antiquis
3142 434 3336 486 tamen
3392 414 3719 509 editionibus,
3761 441 3823 497 le-

503 505 768 560 antidota
826 511 1087 561 recenset
1116 505 1416 573 scordotin,
1460 506 1544 561 uti
1575 505 1672 560 ille
1703 507 1805 574 ait,
1852 506 1970 561 sive
1999 524 2146 562 scor-

497 593 648 650 dion.
685 593 953 662 (Plinius,
980 594 1081 649 lib.
1115 612 1156 649 II
1186 596 1383 649 Natur.
1419 596 1705 666 hist.-cap.
1739 596 1793 663 6,
1820 611 1949 666 pag.
1994 596 2141 664 395).

493 682 645 739 Alibi
676 700 810 739 vero
840 684 1045 738 scribit
1075 682 1224 738 hanc
1255 683 1495 738 herbam
1528 684 1599 737 ad
1632 683 1959 754 complures
1993 701 2143 739 mor-

493 771 601 829 bos
631 773 1012 829 removendos
1042 788 1170 828 esse
1202 770 1404 827 utilem
1435 772 1640 841 (Idem,
1673 772 1774 827 lib.
1807 790 1961 839 xxvr,
2011 790 2136 845 cap.

488 861 547 930 7,
578 878 713 934 pag.
746 863 834 928 41,
869 864 925 917 et
950 878 1075 933 cap.
1127 864 1181 927 8,
1216 876 1347 931 pag.
1384 862 1507 927 471,
1573 865 1627 916 et
1658 878 1785 933 cap.
1852 863 1938 928 10,
2002 879 2133 934 pag.

489 949 713 1019 475).Αι
741 948 885 1003 illud
918 946 1107 1003 omitti
1133 947 1332 1018 procul
1367 948 1542 1002 dubio
1567 965 1678 1003 non
1703 949 2133 1020 debebat,quod

485 1037 625 1093 alibi
660 1037 851 1092 adhuc
890 1037 1083 1092 dixit:
1119 1057 1144 1088 α
1210 1037 1421 1091 Contra
1482 1038 1602 1091 haec
1662 1039 1861 1093 omnia
1914 1056 2135 1095 venena

485 1127 859 1198 magicaeque
893 1132 1047 1182 artes
1094 1126 1205 1180 erit
1254 1126 1510 1197 primum
1564 1126 1705 1180 illud
1759 1127 2128 1182 Homericum

483 1215 658 1288 moly,
692 1216 904 1271 deinde
934 1214 1362 1278 mithridation,
1397 1220 1453 1269 et
1484 1215 1857 1284 scordotis,et
1887 1222 2128 1271 centau-

483 1305 609 1361 rion
642 1330 661 1357 ι
699 1306 902 1377 (Idem,
938 1304 1037 1358 lib.
1068 1321 1199 1371 xxv,
1232 1321 1359 1374 cap.
1396 1306 1479 1373 10,
1512 1321 1643 1375 pag.
1680 1306 1821 1374 412).

551 1412 909 1477 Quibusdam
943 1417 1139 1468 autem
1171 1411 1366 1466 visum
1396 1417 1484 1468 est
1509 1412 1863 1483 Asclepiodoti
1892 1414 2127 1469 nomine

480 1501 727 1558 indicari
778 1520 812 1557 a
855 1500 1210 1556 Tertulliano
1269 1499 1602 1572 Asclepion,
1660 1502 1729 1555 de
1787 1518 1902 1572 quo
1942 1502 2062 1557 haec
2095 1521 2125 1558 a

482 1591 667 1648 Plinio
725 1590 962 1663 scriptis
1006 1590 1222 1645 tradita
1269 1588 1569 1662 legimus:
1614 1612 1641 1639 ‹‹
1692 1590 1948 1647 Panaces
1997 1593 2123 1664 ipso

482 1683 719 1737 nomine
766 1680 1030 1736 omnium
1091 1679 1428 1735 morborum
1488 1679 1743 1733 remedia
1816 1680 2122 1751 promittit,

477 1786 861 1826 numerosum
884 1774 940 1825 et
963 1768 1075 1824 diis
1091 1768 1671 1837 adscriptum.Unum
1696 1768 1909 1841 quippe
1934 1770 2125 1825 Ascle-

476 1859 614 1930 pion
646 1859 1095 1931 cognominatur
1130 1882 1150 1907 ιι
1194 1858 1399 1925 (Idem,
1431 1857 1566 1912 Ibid.
1602 1874 1728 1929 cap.
1761 1859 1954 1930 4,pag.
1972 1859 2120 1931 382),

475 1948 621 2003 881
661 1949 732 2003 ab
762 1946 1090 2017 zEsculapio
1109 1946 1379 2001 videlicet
1407 1946 1554 2001 falso
1594 1946 1955 2001 ethnicorum
1990 1949 2118 2015 deo,

472 2035 634 2091 illius
691 2038 1176 2103 demonstratore,
1238 2040 1338 2089 aut
1396 2036 1468 2090 ob
1520 2036 1649 2106 ejus
1711 2037 1985 2091 virtutem
2040 2038 2122 2092 ita

473 2125 783 2199 appellato.

542 2218 816 2287 Superest
837 2216 1075 2270 tertium
1108 2214 1407 2281 nomen,in
1433 2232 1547 2287 quo
1578 2216 1919 2287 explicando
1944 2218 2121 2272 lueret

475 2305 750 2363 omnibus
782 2322 951 2377 aqua.
986 2305 1089 2371 Qui
1117 2305 1273 2359 enim
1306 2306 1535 2360 Denalto
1553 2305 1773 2376 legunt,
1808 2311 2119 2362 autumant

474 2395 696 2467 aliquid
727 2394 1008 2465 denotari,
1039 2395 1193 2465 quod
1218 2395 1343 2464 jam
1380 2394 1683 2449 morituris
1707 2396 1945 2465 prieberi
1969 2396 2116 2451 sole-

474 2486 593 2540 bat.
628 2484 736 2549 Qui
765 2500 897 2539 vero
928 2483 1117 2556 legere
1148 2483 1377 2537 malunt
1416 2485 1688 2553 Thenaho,
1740 2485 2118 2556 suspicantur

473 2576 632 2632 aliud
664 2576 998 2647 signiﬁcari,
1033 2592 1148 2648 quo
1180 2577 1451 2648 spiritum
1487 2581 1725 2648 agentes
1766 2578 2033 2643 recreari,
2059 2583 2115 2633 et

467 2668 751 2736 tanquam
784 2683 817 2721 ο,
846 2671 1033 2722 morte
1063 2668 1133 2721 ad
1165 2667 1339 2721 vitam
1374 2666 1624 2722 revocari
1658 2671 1946 2738 poterant.
1998 2668 2110 2723 Sed

466 2752 554 2807 ha
587 2769 757 2810 merae
790 2759 928 2811 sunt
971 2756 1339 2826 conjecturae,
1372 2772 1495 2826 quas
1544 2755 1707 2809 nulla
1738 2772 1980 2827 prorsus
2014 2773 2107 2811 ra-

460 2842 618 2898 tione
652 2843 982 2899 ﬁrmantur.
1634 2918 1637 2919 ν

530 2931 707 2989 Paulo
738 2933 931 3003 itaque
964 2935 1241 2989 attentius
1274 2935 1552 3005 expende,
1588 2951 1804 3005 quaeso,
1838 2951 1910 2989 an
1942 2938 2105 2990 tene-

460 3022 688 3095 bricoso
718 3022 854 3077 huic
887 3023 1143 3078 auctoris
1174 3024 1355 3078 nostri
1400 3022 1523 3077 loco
1556 3023 1823 3078 nonnihil
1860 3023 2102 3080 luminis

2254 510 2521 581 gebatur,
2558 532 2578 558 α
2613 512 2839 570 Nihil...
2876 516 3019 572 ﬁeri.
3056 518 3239 574 Dictis
3270 538 3381 576 non
3414 526 3822 597 statis,sioculi',»

2252 598 2311 652 in
2372 600 2602 655 duobus
2655 619 2788 658 vero
2848 605 3064 662 nostris
3119 609 3413 667 codicibus
3470 617 3827 676 vetustioribus

2254 709 2281 737 «
2312 688 2539 779 Nihil...
2572 690 2694 779 fieri
2728 693 2983 751 dicitis.»
3014 700 3173 753 Tunc
3206 700 3411 757 deinde
3438 702 3491 757 in
3520 704 3637 761 aliis
3662 706 3827 779 simul,

2250 797 2276 823 ‹‹
2311 775 2431 829 Non
2465 778 2671 834 dicetis
2727 780 2777 834 si
2835 782 3009 851 oculi,
3044 807 3071 836 »
3120 792 3231 842 etc.
3267 788 3375 844 Sed
3409 790 3455 845 si
3506 808 3618 863 quae
3671 795 3737 849 sit
3782 775 3830 851 in

2248 864 2633 922 discernenda
2664 870 2922 941 genuina
2966 873 3212 932 lectione
3270 878 3591 949 difficultas,
3642 889 3830 940 constat

2245 956 2443 1009 tamen
2476 962 2741 1027 apertum
2775 976 2904 1016 esse
2944 965 3201 1021 auctoris
3234 970 3417 1023 nostri
3443 985 3680 1026 sensum.
3710 973 3833 1029 Dicit

2244 1043 2458 1097 etenim
2490 1045 2755 1102 ethnicos
2788 1066 2902 1105 non
2936 1068 3109 1121 posse
3140 1059 3241 1110 aut
3274 1058 3569 1129 suspicari,
3598 1064 3689 1115 aut
3712 1062 3830 1134 obji-

2243 1146 2370 1185 cere
2412 1134 2467 1185 in
2508 1134 2607 1190 illo
2666 1136 3126 1197 Christianorum
3162 1160 3334 1215 opere
3392 1147 3600 1219 aliquid
3652 1152 3843 1220 inesse”

2241 1225 2341 1273 aut
2374 1224 2690 1293 magicum,
2725 1232 2826 1281 aut
2862 1228 3233 1298 fallax,modo
3264 1235 3439 1291 iidem
3469 1238 3666 1294 ethnici
3694 1242 3829 1297 indo-

2240 1309 2384 1364 mita
2416 1312 2810 1369 obstinatione
2843 1334 2946 1371 nec
2977 1320 3108 1374 caeci
3144 1322 3284 1389 sint,
3319 1341 3423 1378 nec
3452 1329 3627 1383 surdi.
3658 1331 3833 1387 Videre

2238 1396 2527 1467 siquidem
2556 1400 2721 1457 facile
2752 1408 3019 1475 poterant
3041 1425 3216 1479 quam
3241 1412 3489 1485 simplici
3522 1418 3678 1473 modo
3696 1419 3832 1474 Chri-

2236 1486 2412 1540 stiani
2445 1494 2701 1559 agerent,
2744 1496 2920 1564 atque
2949 1498 3120 1552 etiam
3185 1500 3475 1560 daemones
3504 1506 3691 1564 audire
3718 1526 3828 1564 con-

2234 1575 2465 1631 fitentes
2514 1594 2574 1632 se
2634 1580 2771 1635 deos
2820 1599 3019 1640 revera
3049 1603 3162 1642 non
3195 1605 3343 1661 esse,
3392 1595 3489 1648 sed
3539 1595 3832 1654 immundos

2233 1663 2499 1757 spiritus,
2557 1669 2629 1722 ob
2688 1669 2971 1727 malitiam
3042 1678 3469 1747 praedamnatos
3551 1685 3607 1740 in
3654 1688 3834 1757 judicii

2234 1752 2385 1807 diem
2420 1770 2549 1810 cum
2583 1759 2861 1817 omnibus
2882 1762 3199 1821 cultoribus
3214 1774 3270 1823 et
3295 1752 3681 1842 operatoribus
3700 1776 3830 1831 suis»

2235 1842 2441 1936 (Ibid).
2471 1846 2853 1936 Quinetiam
2906 1851 3016 1922 ipsi
3072 1854 3362 1914 dmmones
3420 1877 3530 1916 non
3580 1868 3833 1936 poterant,

2232 1930 2606 1988 audientibus
2640 1935 2913 2007 ipsismet
2940 1941 3208 2011 ethnicis,
3246 1969 3275 1995 ‹‹
3309 1964 3431 2004 sua:
3462 1930 3659 2008 saltem
3689 1930 3833 2025 igno;

2231 2018 2427 2114 minias
2458 2026 2515 2076 et
2533 2023 2930 2081 damnationis
2954 2036 3147 2086 notam
3185 2036 3495 2107 refutare,»
3523 2057 3620 2096 seu
3648 2018 3830 2114 tegere,

2229 2108 2471 2175 diluere,
2524 2110 2795 2168 inﬁciari.
2839 2120 3226 2180 Quamobrem
3262 2125 3396 2182 illos
3427 2128 3575 2185 888
3624 2108 3767 2186 adid
3793 2108 3833 2186 si

2230 2215 2487 2269 unquam
2520 2202 2828 2271 quiverint,
2864 2205 3178 2277 aliquando
3230 2218 3560 2287 negandum
3593 2222 3832 2277 audacter

2230 2294 2524 2358 provocat,
2584 2292 2852 2363 Ifenziant,
2931 2295 3145 2367 inquit,
3197 2309 3583 2379 manuscripti
3638 2311 3833 2365 codices

2228 2377 2412 2430 nostri
2444 2379 2806 2447 Renuntiarit,
2839 2384 3052 2441 melius
3100 2390 3355 2462 antiquae
3402 2377 3698 2461 editiones,
3752 2399 3830 2452 Re-

2225 2469 2502 2531 nuntient,
2538 2467 2644 2523 hoc
2676 2476 2783 2538 est,
2821 2474 2920 2528 sed
2982 2475 3300 2551 improprie
3363 2483 3633 2555 loquendi
3689 2488 3833 2542 modo

2224 2557 2833 2645 negent,gabnuant,et
2862 2562 3225 2623 difﬁteantur
3254 2586 3316 2624 se
3351 2587 3480 2629 esse
3511 2576 3834 2645 prmdamna-

2225 2646 2331 2696 tos.
2363 2646 2435 2697 At
2558 2647 2755 2717 procul
2789 2649 2966 2705 dubio
3001 2670 3210 2726 negare
3240 2663 3369 2715 tum
3412 2643 3527 2717 non
3576 2668 3831 2735 poterant,

2220 2747 2351 2824 cum
2388 2750 2421 2787 a
2450 2733 2800 2793 Christianis
2828 2738 3190 2816 interrogati,
3222 2752 3279 2802 et
3304 2733 3590 2823 adjurati,
3618 2769 3832 2824 responc

2218 2821 2353 2876 dere
2381 2824 2759 2894 cogebantur.

2287 2912 2589 2972 Quomodo
2619 2915 2773 2969 enim
2808 2916 3050 2974 inficiari
3076 2925 3413 2993 potuissent
3436 2946 3497 2985 se
3528 2930 3833 2987 immundos

2216 3014 2343 3094 esse
2376 3002 2643 3094 spiritus,
2705 3008 2882 3077 quod,
2926 3032 2953 3058 «
2989 3026 3058 3065 ex
3114 3015 3352 3084 pabulis
3412 3036 3632 3094 eorum,
3665 3026 3724 3077 ut
3767 3022 3835 3077 ait

460 3076 607 3166 dare
630 3076 871 3183 possent
901 3112 1023 3167 ba‘c
1036 3076 1069 3169 ί]
1080 3076 1181 3166 ulii
1198 3076 1207 3077 Π
1221 3076 1447 3166 Pirmici
1751 3076 1847 3167 un.

2224 3088 2639 3183 Tertullianus,
2688 3076 2993 3167 sanguine,
3027 3105 3083 3154 et
3114 3076 3312 3174 fumo,
3346 3112 3405 3162 et
3458 3076 3673 3180 putidis
3703 3111 3834 3182 rogis

462 3222 489 3249 «
524 3200 842 3256 Mercurius
875 3218 1009 3256 cum
1041 3200 1163 3256 sole
1190 3201 1262 3255 ab
1310 3201 1627 3271 horoscopo
1679 3202 1939 3273 pariliter
1965 3220 2104 3258 con-

458 3289 725 3357 stitutus,
762 3290 932 3345 faciet
963 3288 1277 3345 exorcistas
1311 3294 1367 3344 et
1399 3290 1498 3360 qui
1530 3290 1860 3345 laborantes
1892 3292 2103 3346 daemo-

461 3395 603 3434 num
635 3380 971 3435 incursione
1004 3378 1273 3434 homines
1326 3378 1478 3448 aptis
1525 3380 1801 3434 remediis
1834 3380 2101 3448 libcrent,

466 3468 622 3521 unde
652 3484 721 3522 ex
748 3467 866 3522 illis
897 3467 1121 3522 artibus
1153 3466 1408 3521 maxima
1457 3466 1574 3521 illis
1606 3468 1937 3523 substantia
1969 3486 2103 3525 con-

461 3558 685 3614 feratur
717 3578 745 3604 »
778 3555 915 3626 (Jul.
972 3554 1145 3610 Firm.
1205 3554 1308 3610 lib.
1370 3572 1454 3624 ιιι,
1516 3556 1827 3623 Mat/reseas,
1860 3574 1985 3629 cap.
2027 3561 2100 3629 9).

460 3647 646 3703 Audis
674 3662 815 3699 sano
845 3661 979 3700 eum
1015 3644 1170 3715 loqui
1201 3644 1269 3698 dc
1314 3644 1619 3714 Mercurio,
1681 3645 1778 3715 qui
1834 3647 2102 3705 homines

463 3736 795 3790 daemonum
825 3733 1162 3788 incursione
1210 3732 1561 3800 laborantes,
1621 3734 1774 3806 aptis
1828 3739 2102 3794 remediis

458 3840 667 3881 curare
695 3823 1059 3878 credebatur.
1089 3823 1293 3878 Nonne
1339 3839 1476 3895 ergo
1519 3823 1655 3878 inde
1686 3823 1880 3896 colligi
1911 3830 2103 3897 potest

454 3913 578 3970 hac
609 3912 868 3967 remedia
889 3929 922 3967 a
950 3911 1306 3968 Tertulliano
1336 3913 1459 3967 suis
1510 3913 1870 3985 nominibus,
1905 3916 2004 3970 sed
2039 3916 2097 3971 in

450 4007 611 4059 textu
642 4002 770 4072 ejus
801 4002 1091 4072 corruptis
1123 4001 1423 4073 appellari,
1446 4018 1570 4073 quae
1606 4002 1891 4058 Firmicus
1921 4020 2097 4075 gene-

450 4093 627 4148 ratim
655 4096 884 4147 tantum
919 4096 1085 4146 vocat
1114 4091 1379 4157 remedia,
1443 4092 1659 4162 quibus
1708 4093 2003 4148 exorcistsc
2063 4112 2097 4150 a

449 4181 732 4238 Mercurio
766 4181 923 4251 facti,
955 4181 1287 4235 daemonum
1325 4181 1657 4235 incursione
1690 4185 1921 4236 vexatos
1953 4182 2093 4238 libe-

450 4268 704 4326 rabant?
735 4270 971 4326 Certum
1004 4271 1221 4343 quippe
1279 4275 1367 4325 est
1414 4269 1609 4340 ipsum
1668 4269 2090 4325 Tcrtullianum

446 4363 568 4415 toto
600 4359 710 4413 hoc
740 4359 798 4414 in
848 4358 972 4415 loco
1023 4360 1092 4413 de
1141 4358 1211 4412 iis
1258 4374 1587 4412 sermonem
1643 4359 1846 4427 facere,
1880 4377 2024 4430 quos
2058 4378 2090 4416 a

2215 3185 2577 3268 pecorum,et
2607 3181 3090 3252 impuratissimis
3116 3189 3341 3263 linguis
3373 3197 3634 3268 ipsorum
3664 3181 3832 3255 vatum

2215 3266 2459 3359 intelligi
2494 3268 2741 3323 debuit?
2772 3293 2799 3320 »
2830 3273 3016 3345 (Ibid)
3037 3278 3223 3345 Adi,si
3247 3266 3833 3359 lubet,Augu9tinum,

2215 3360 2271 3450 ot
2310 3371 2373 3450 ea
2434 3356 2579 3450 lege,
2638 3359 2685 3450 si
2745 3366 2927 3450 vacat,
2988 3380 3109 3433 qua:
3168 3367 3264 3423 ille
3326 3388 3395 3427 ex
3452 3356 3739 3450 Porphyrii
3775 3376 3834 3431 ad

2215 3444 2571 3499 Anebontem
2599 3448 2846 3518 epistola
2876 3453 3075 3509 retulit
3104 3457 3173 3510 de
3204 3458 3414 3532 impiis
3445 3470 3502 3518 et
3536 3444 3837 3521 fraudulen-

2210 3532 2285 3587 tis
2318 3534 2727 3626 diemonumac
2759 3538 3052 3597 fallacium
3071 3545 3394 3616 spirituum
3416 3554 3641 3611 artibus
3664 3557 3833 3626 (S.Au-

2211 3627 2369 3715 gu‘st.
2405 3622 2505 3715 lib.
2538 3642 2572 3678 x
2600 3625 2667 3679 de
2698 3626 2856 3682 Civiz.
2909 3647 3035 3702 cap.
3103 3634 3185 3702 tl,
3219 3654 3358 3711 pag.
3394 3643 3505 3697 247
3565 3650 3619 3699 et
3648 3622 3832 3715 seqq).

2210 3710 2291 3801 lbi
2324 3712 2541 3784 quippe
2566 3715 2768 3770 scribit
2796 3717 2928 3774 illos
2959 3724 3214 3791 gaudere
3238 3710 3578 3801 nidoribus,
3611 3750 3673 3788 ac
3700 3710 3840 3786 victi-

2207 3977 2656 4046 animadvertes,
2733 3984 2951 4054 quibus
3009 3988 3198 4059 plura,
3252 4011 3390 4065 quae
3452 3998 3733 4056 hactenus
3783 4000 3841 4055 de

2203 4068 2536 4122 eorumdem
2561 4071 2893 4128 dmmonum
2928 4080 3237 4151 prasstigiis
3257 4085 3700 4158 disputavimus
3730 4106 3838 4144 con-

2204 4156 2422 4209 firmari
2455 4162 2512 4211 ct
2544 4158 2825 4216 illustrari
2858 4172 3123 4234 possunt.
3174 4156 3411 4242 Adjecit
3463 4178 3839 4235 Tertullianus

2202 4242 2333 4297 illos
2380 4245 2717 4303 immundos
2774 4252 3019 4322 spiritus
3052 4256 3339 4316 declarari
3403 4267 3841 4337 impuratissimis

2201 4333 2411 4400 linguis
2440 4342 2622 4389 vatum
2650 4340 2911 4408 ipsorum,
2947 4348 3047 4398 aut
3079 4347 3177 4416 qui
3211 4351 3362 4419 aris,
3404 4333 3676 4412 ut‘antea
3703 4355 3838 4411 dice-

445 4448 709 4504 daemone
739 4454 899 4502 actos
930 4446 1169 4518 quidam
1214 4446 1438 4518 magica
1468 4450 1591 4500 arte
1635 4463 1841 4502 curare
1873 4449 2091 4504 frustra
2117 4454 2165 4516 D
2200 4421 2430 4522 bamus!
2466 4424 2830 4522 inhalabani»
2862 4436 2918 4484 et
2956 4432 3115 4490 fumo
3157 4453 3223 4491 80
3281 4440 3667 4500 Victimarum
3723 4460 3838 4499 san-

444 4535 803 4590 nitebantur.
863 4515 973 4589 Sed
1032 4535 1083 4590 is
1144 4536 1266 4607 ipse
1315 4515 1567 4589 ⁷(ἰωιιιοιι
1644 4552 1677 4589 a
1743 4534 2089 4592 Christianis

2224 4515 2373 4579 quine
2440 4515 3016 4589 contaminabantur,
3068 4531 3169 4581 aut
3226 4530 3328 4599 qui
3378 4532 3835 4590 Christianorum

438 4624 766 4694 adjuratus,
827 4623 1134 4679 confestim
1195 4622 1610 4694 expellebatur,
1660 4625 2088 4697 cogebaturque

440 4729 651 4768 nomen
687 4729 861 4767 suum
888 4714 1144 4783 edere,et
1176 4729 1368 4767 verum
1400 4712 1864 4768 Christianorum
1898 4715 2081 4770 Deum

435 4801 721 4857 confiteri.
754 4801 808 4855 Si
845 4802 978 4871 quis
1010 4806 1203 4856 tamen
1261 4801 1503 4855 meliora
1546 4802 1715 4856 nobis
1767 4818 2081 4874 suggesse-

435 4891 534 4959 rit,
559 4889 695 4945 huic
727 4889 898 4961 plane
930 4908 1042 4945 non
1078 4890 1515 4945 reluctabimur.

503 4996 697 5068 Pergit
721 5003 912 5051 autem
935 4997 1351 5066 Tertullianus,
1384 5002 1440 5050 et
1478 5002 1813 5051 constanter
1842 5014 2072 5054 asseve-

429 5090 523 5143 rat
554 5083 699 5141 nihil
732 5084 838 5140 hoc
870 5085 1335 5141 Christianorum
1378 5101 1572 5155 opere,
1604 5090 1778 5156 atque
1826 5088 2074 5144 deducta

427 5177 564 5232 inde
594 5175 1102 5247 argumentatione
1132 5174 1460 5244 simplicius
1494 5180 1548 5229 et
1580 5174 1833 5229 tidelius.
1868 5181 1928 5230 In
1973 5177 2069 5233 illo

426 5265 644 5338 quippe
675 5284 702 5313 ‹‹
734 5263 911 5333 Nihil,
944 5264 1154 5334 inquit,
1189 5261 1476 5334 suspicari
1512 5262 1724 5317 licebit.
1750 5264 1941 5337 Magia
1973 5272 2070 5322 aut

424 5356 624 5428 aliqua
650 5351 941 5424 ejusmodi
976 5351 1211 5407 fullacia
1244 5352 1367 5406 fieri
1401 5352 1680 5418 dicetis,si
1705 5354 1857 5407 oculi
1890 5356 2065 5411 vestri

422 5450 481 5501 et
509 5459 681 5499 aures
728 5439 1102 5512 permiserint
1160 5438 1426 5495 vobis?»
1480 5440 1723 5497 Tertull.
1783 5444 2060 5513 Apologet.

422 5551 551 5611 cap.
582 5531 673 5603 23,
705 5528 813 5586 col.
850 5529 998 5603 410.)
1040 5531 1228 5602 Atque
1270 5528 1352 5585 ita
1399 5528 1686 5603 Rigaltius
1734 5531 1888 5588 hunc
1920 5534 2057 5589 Ter-

2199 4602 2559 4670 adjuratione
2600 4604 2762 4659 fateri
2795 4610 3301 4681 compellebantur
3330 4619 3511 4692 illud,
3544 4625 3696 4695 quod
3720 4639 3838 4677 con-

2195 4696 2488 4761 ceperant,
2524 4708 2739 4748 numen
2777 4713 2889 4751 non
2923 4700 3097 4755 deum
3148 4720 3301 4775 esse,
3353 4712 3459 4765 sed
3502 4713 3832 4769 daemonem.

2192 4781 2482 4837 Minucius
2514 4787 2711 4838 autem
2758 4786 2915 4843 Felix
2946 4807 3090 4848 usus
3122 4800 3211 4851 est
3266 4803 3521 4860 nomine
3580 4808 3835 4877 impurato

2192 4869 2287 4964 ubi
2322 4871 2393 4964 de
2424 4870 2553 4964 falsi
2581 4873 2901 4964 cuiuslibet
2921 4879 3012 4934 dei
3046 4886 3241 4941 statua
3272 4905 3286 4941 :
3328 4911 3361 4939 «
3382 4892 3473 4945 Ab
3525 4869 3829 4964 impurato,

2186 4957 2667 5054 i_nq_uit,-homine
2698 4962 3002 5036 levigatur
3035 4970 3498 5039 »(Mz’nuc.0c¢ov.
3527 4957 3660 5054 pag.
3690 4981 3828 5049 307).

2184 5050 2250 5101 Et
2276 5048 2622 5104 Prudentius
2652 5057 2854 5122 postea
2884 5056 2957 5111 de
2983 5059 3252 5130 Apolline
3281 5048 3557 5125 cecinit}

2339 5164 2627 5242 {perﬂavit
2656 5167 3221 5242 impuratusnoccisum
3252 5184 3417 5242 pravi

2336 5226 2508 5275 Disco.
2670 5226 2829 5280 Md.
2861 5235 2915 5283 in
2950 5226 3225 5300 HymuIS.
3252 5226 3417 5296 lli-om.-
3436 5261 3490 5297 v.
3522 5250 3634 5299 805.

2767 5374 3080 5420 ARTICULUS
3118 5382 3217 5423 VII.

2171 5466 2367 5554 ριιαζγι
2384 5458 3078 5554 prfgtare‘Terlutttanus
3124 5478 3393 5554 superius
3439 5489 3823 5554 argumentum

2240 5530 2367 5587 inde
2394 5531 2693 5602 conﬁrmet,
2728 5538 2876 5609 quod
2901 5541 3175 5604 Limone;
3192 5530 3274 5604 ἰιίό
3309 5530 3407 5627 εὖ,
