4118 6182
330 429 448 490 9'17

1254 429 1326 487 D.
1376 429 1471 489 LE
1516 428 1841 489 NOURIIY
1889 417 2539 483 OBSERVATIONES
2586 413 2847 476 ΝονιΕ.

3637 406 3757 467 9'18

412 562 560 631 bant,
585 561 871 617 hominum
897 562 1209 633 corporibus
1257 564 1416 617 vario
1464 561 1623 617 modo
1662 562 1991 631 ejicermtlur
2020 556 2073 621 Α
2103 551 2449 606 dubitanter
2488 548 2744 603 affirmat
2800 546 3024 633 tantam
3072 540 3255 633 fuisse
3310 536 3752 633 multitudinem

408 634 493 689 vel
514 634 581 688 ab
611 635 926 704 exorcistis,
960 636 1041 690 vel
1071 635 1209 689 aliis
1234 633 1593 698 Christianis,
1628 648 1758 703 quos
1789 634 1987 685 timen-

408 716 484 761 tes
526 704 650 761 odio
702 705 998 771 habebant,
1052 708 1291 777 ipsisque
1339 710 1494 760 erant
1550 704 1818 775 subjecti:
1877 716 1987 777 quo

406 793 571 832 sensu
599 777 897 848 desperata
944 772 1151 833 dicitur
1198 772 1430 832 illorum
1486 772 1768 832 conditio:
1821 772 1895 848 ac
1922 772 1988 848 de

403 864 577 917 paenae
632 846 809 921 mora,
852 867 960 921 qua
1005 851 1259 906 solatium
1308 849 1561 921 fruendae
1606 846 1984 916 malignitatis

403 922 605 976 habere
629 920 913 993 feruntur.

400 1010 678 1065 Ethnicos
739 1011 1021 1066 acerrime
1083 1011 1276 1066 adhuc
1336 1013 1505 1081 urget
1556 1007 1977 1064 Tertullianus.

323 1100 645 1170 palamque
676 1101 953 1156 omnibus
985 1100 1119 1156 facit
1149 1105 1368 1170 quanta
1401 1101 1573 1155 fuerit
1622 1097 1978 1152 Christiano-

325 1203 463 1241 rum
493 1188 565 1241 ad
596 1187 890 1259 fugandos
926 1188 1241 1253 damones,
1273 1205 1490 1259 eosque
1512 1205 1578 1242 ex
1601 1187 1977 1241 obsessorum

324 1276 639 1332 hominum
663 1279 1009 1350 corporibus
1029 1278 1328 1349 pellendos
1352 1283 1633 1351 potestas,
1660 1279 1975 1347 quantum-

324 1382 441 1436 que
472 1365 529 1420 in
567 1365 699 1422 illos
752 1368 1113 1439 imperium:
1163 1368 1371 1423 «Nam
1423 1368 1493 1421 de
1543 1369 1832 1428 contactu,
1888 1361 1977 1415 iu-

324 1454 474 1525 quit,
509 1456 700 1527 deque
731 1456 931 1512 alﬂatu
969 1466 1187 1524 nostro,
1243 1456 1737 1527 contemplatione
1786 1456 1841 1508 et
1888 1466 1974 1504 re-

322 1545 778 1614 praesentatione
850 1547 1004 1618 ignis
1073 1546 1235 1601 illius
1308 1544 1579 1615 correpti,
1660 1543 1837 1598 etiam
1905 1539 1975 1593 de

321 1634 671 1704 corporibus
729 1640 928 1692 nostro
987 1636 1231 1707 imperio
1297 1637 1583 1692 excedunt
1643 1634 1836 1703 inviti,
1920 1637 1976 1686 et

321 1721 613 1791 dolentes,
671 1729 727 1779 et
796 1725 959 1780 vobis
1038 1726 1426 1798 praesentibus
1504 1724 1971 1779 erubescentes»

322 1811 381 1878 (Ἰ
397 1811 592 1867 ertull.
624 1815 897 1885 Apologet.
931 1832 1056 1886 cap.
1089 1816 1179 1885 23,
1213 1814 1321 1869 col.
1358 1815 1498 1883 410).
1540 1812 1765 1867 Ethnici
1796 1810 1975 1882 igitur

321 1897 489 1953 nulla
519 1902 777 1973 profecto
808 1903 1053 1975 ratione,
1085 1920 1190 1959 nec
1224 1903 1336 1959 nisi
1369 1903 1679 1957 obﬁrmata
1710 1916 1970 1971 prorsus,
2007 1930 2050 1993 Β

320 2004 430 2043 nec
537 2007 799 2062 unquam
893 1992 1178 2048 vincenda
1266 1990 1659 2047 obstinatione
1763 2002 1975 2059 negare

333 2081 611 2147 poterant
641 2086 698 2136 et
738 2082 1071 2137 daamonum
1122 2080 1609 2147 imbecillitatem,
1661 2083 1716 2133 et
1766 2077 1974 2131 miram

333 2165 804 2227 Christianorum
862 2172 923 2227 in
972 2190 1071 2228 eos
1121 2172 1464 2244 potentiam,
1513 2186 1631 2239 qua
1679 2165 1977 2237 religionis

332 2271 455 2310 suae
487 2258 790 2317 veritatem
826 2262 1149 2318 meridiano
1181 2260 1311 2318 Sole
1360 2259 1575 2315 clarius
1614 2257 1979 2312 demonstra-

328 2343 494 2400 bant

403 2439 477 2491 At
507 2439 737 2509 rogabit
754 2441 998 2497 forsitan
1018 2440 1235 2512 aliquis
1258 2445 1454 2495 utrum
1476 2437 1557 2493 ibi
1577 2437 1976 2492 Tertullianus

326 2526 401 2580 de
429 2527 647 2583 nostris
668 2532 896 2585 tantum
923 2530 1225 2586 exorcistis
1247 2529 1544 2600 loquatur.
1574 2527 1718 2581 Nam
1742 2528 1975 2598 Cypria-

326 2630 444 2668 nus
469 2616 565 2669 ubi
591 2617 795 2687 dehis,
818 2636 946 2691 qua:
1000 2624 1261 2691 tempore
1296 2634 1401 2672 suo
1427 2616 1547 2671 lieri
1584 2615 1868 2682 solebant,
1904 2617 1973 2671 ad

327 2707 485 2763 889
518 2710 792 2782 Magnum
828 2713 1053 2784 scribit,
1083 2712 1163 2767 ibi
1197 2712 1488 2766 daemones
1537 2712 1609 2765 ab
1660 2710 1975 2765 Exercistis

326 2800 681 2857 nominatim
716 2804 946 2874 fugatos
977 2803 1059 2857 sic
1089 2803 1294 2874 utique
1316 2802 1696 2856 testiﬁcatur:
1751 2823 1777 2849 ‹‹
1812 2802 1972 2866 Quod

328 2887 507 2944 hodie
538 2890 713 2945 etiam
747 2892 971 2960 geritur
996 2897 1058 2947 ut
1081 2909 1181 2964 per
1197 2890 1513 2946 exorcistas
1530 2904 1668 2944 voce
1690 2888 1973 2954 humana,

326 2982 385 3032 et
420 2982 702 3049 potestate
734 2982 929 3037 divina
962 2982 1304 3053 flagellatur,
1365 2985 1420 3035 et
1475 2983 1697 3045 uratur,
1750 2984 1805 3032 et
1857 2986 1974 3033 tor-

326 3072 581 3137 queatur
610 3069 879 3127 diabolus
913 3094 939 3120 ››
975 3068 1459 3143 (Cyprianﬁepist.
1493 3068 1562 3121 69
1590 3068 1659 3121 ad
1684 3071 1972 3137 Magnum,

328 3173 463 3229 pag.
503 3158 648 3227 187).
682 3160 883 3215 Nonne
914 3161 1113 3228 etiam,
1147 3159 1375 3231 inquiet
1424 3158 1594 3225 alius,
1646 3157 1715 3211 de
1764 3157 1970 3213 iisdem

324 3247 907 3319 exorcistisipsemet
936 3249 1334 3303 Tertullianus
1391 3247 1503 3301 alio
1550 3248 1609 3299 in
1658 3245 1807 3301 libro
1850 3246 1970 3301 haec

2100 640 2431 713 gentilium,
2495 654 2644 709 quos
2701 632 3015 689 Christiani
3081 649 3111 686 a
3161 630 3495 684 daemonum
3553 626 3752 681 incur-

2097 730 2364 785 sionibus
2397 726 2743 791 liberabant,
2782 727 2843 778 ut
2880 721 2963 791 hi,
3001 719 3233 775 sublato
3292 716 3575 773 beneficio
3624 715 3746 782 illo,

2095 834 2224 873 sese
2274 816 2418 871 satis
2451 830 2741 886 superque
2772 812 2841 867 ab
2874 808 3123 864 immani
3171 806 3512 863 eorumdem
3563 803 3748 875 genti-

2097 906 2239 961 lium
2272 904 2619 960 credulitate
2645 902 3065 956 vindicassent.
3102 898 3181 952 En
3216 896 3345 969 ipsa
3375 895 3504 965 ejus
3529 893 3741 948 verba:

2102 1016 2124 1045 ι
2172 997 2311 1061 Quis
2372 1014 2473 1051 vos
2530 995 2602 1048 ab
2678 992 2795 1047 illis
2880 989 3144 1056 occultis,
3205 992 3262 1043 et
3317 999 3744 1057 usquequaque

2090 1086 2462 1141 vastantibus
2496 1088 2719 1138 mentes
2750 1085 2805 1136 et
2834 1078 3201 1135 valetudines
3228 1080 3450 1131 vestras
3470 1071 3743 1128 hostibus

2091 1179 2339 1245 raperet,
2374 1192 2406 1228 a
2436 1172 2856 1227 daemoniorum
2890 1167 3224 1222 incursibus
3277 1164 3429 1230 dico,
3480 1178 3609 1233 qua)
3669 1161 3740 1216 de

2087 1263 2251 1318 vobis
2309 1264 2435 1317 sine
2494 1260 2753 1332 praemio,
2814 1258 2941 1313 sine
3008 1255 3273 1310 mercede
3339 1249 3740 1323 depellimus?

2088 1352 2425 1407 Suffecisset
2458 1351 2561 1405 hoc
2593 1349 2783 1404 solum
2816 1351 3027 1401 nostra
3060 1343 3291 1411 ultioni,
3352 1341 3506 1412 quod
3557 1356 3738 1393 vacua

2089 1442 2294 1497 exinde
2355 1440 2651 1513 possessio
2701 1434 3029 1492 immundis
3087 1431 3393 1504 spiritibus
3452 1431 3729 1501 pateret-

2086 1529 2344 1599 (Tertull.
2379 1529 2659 1599 Apologet.
2696 1542 2822 1595 cap.
2867 1525 2960 1588 37,
3011 1520 3121 1577 col.
3172 1519 3322 1589 460).
3371 1518 3456 1572 Ad
3511 1520 3733 1587 Scapu-

2085 1617 2202 1672 lam
2237 1626 2513 1689 praeterea
2565 1618 2721 1671 hunc
2750 1614 2847 1669 ille
2878 1610 3115 1683 scripsit
3144 1610 3204 1663 in
3262 1607 3541 1661 modum:
3604 1627 3632 1655 κ
3667 1604 3735 1658 Et

2086 1709 2289 1777 quanti
2306 1707 2533 1761 honesti
2558 1706 2661 1759 viri
2684 1700 3131 1775 (devulgaribus
3152 1697 3309 1752 enim
3326 1713 3440 1751 non
3455 1694 3731 1761 dicimus)

2085 1802 2185 1851 aut
2216 1815 2247 1849 a
2278 1795 2584 1850 daemoniis
2609 1799 2710 1849 aut
2732 1789 3169 1847 valetudinibus
3199 1783 3500 1841 remediati
3532 1785 3675 1838 sunt
3697 1802 3727 1830 η

2085 1885 2290 1954 (Idem,
2324 1884 2394 1938 ad
2423 1883 2643 1954 Scapul.
2678 1897 2805 1952 cap.
2860 1880 2933 1949 4).
2994 1878 3134 1941 Quis
3185 1878 3378 1929 autem
3436 1872 3558 1926 haec
3608 1886 3726 1925 non

2087 1973 2277 2027 solum
2311 1974 2383 2027 ab
2415 1970 2741 2035 exorcistis,
2777 1968 2878 2024 sed
2935 1967 3008 2022 ab
3054 1964 3330 2020 omnibus
3377 1958 3726 2015 Christianis

2088 2062 2241 2116 facta
2272 2062 2453 2117 fuisse
2509 2058 2899 2115 difﬁtebitur?
2945 2055 3136 2110 Minor
3199 2051 3350 2108 enim
3405 2054 3530 2107 erat
3584 2052 3725 2104 tunc

2086 2150 2508 2204 exorcistarum
2542 2164 2846 2213 numerus,
2889 2161 3067 2216 quam
3127 2147 3193 2197 ut
3248 2141 3288 2195 ii
3338 2138 3447 2195 soli
3504 2141 3732 2193 tantam

2087 2237 2394 2291 hominum
2447 2236 2885 2292 multitudinem
2918 2250 2951 2287 a
2998 2232 3332 2286 daemonum
3392 2224 3733 2281 incursibus

2086 2325 2421 2382 liberarent.

2159 2436 2546 2501 Quamobrem
2580 2449 2713 2488 cum
2745 2430 2962 2487 ethnici
3005 2428 3326 2498 objicerent
3372 2421 3731 2479 Christianos

2088 2524 2422 2594 reipublicae
2457 2539 2700 2593 prorsus
2748 2536 2876 2575 esse
2928 2516 3189 2583 inutiles,
3241 2513 3369 2569 illos
3420 2512 3506 2567 sie
3565 2508 3735 2564 refel-

2086 2614 2155 2668 lit
2181 2631 2193 2667 z
2224 2634 2251 2666 α
2280 2615 2489 2678 Quanti
2521 2612 2771 2675 habetis,
2805 2610 2901 2681 qui
2932 2610 3055 2679 jam
3088 2607 3159 2661 de
3223 2604 3391 2658 vobis
3440 2597 3732 2655 daemonia

2086 2704 2432 2758 excutiant?
2467 2724 2493 2751 ››
2537 2702 2697 2772 (Ibid.
2758 2717 2886 2771 cap.
2937 2698 3052 2767 43.)
3106 2698 3293 2765 Atque
3352 2694 3435 2747 ita
3490 2689 3729 2761 quidem

2086 2791 2143 2845 in
2179 2793 2428 2847 nosstris
2460 2791 2761 2845 codicibus
2793 2784 3236 2854 manuscriptis.
3268 2783 3385 2837 Nos
3409 2781 3600 2835 minus
3627 2794 3730 2833 au-

2085 2886 2197 2934 tem
2232 2882 2379 2934 bene
2409 2880 2466 2933 in
2504 2878 2766 2949 antiquis
2812 2875 3183 2931 editionibus.
3239 2874 3522 2940 Quantas;
3563 2872 3620 2922 et
3669 2865 3728 2919 in

2086 2968 2351 3022 Lacerdm
2378 2967 2650 3035 editione,
2688 2964 2937 3033 Quando.
2967 2960 3310 3017 Tertulliani
3332 2959 3486 3013 enim
3518 2969 3730 3010 sensus

2083 3062 2203 3111 est:
2234 3057 2290 3110 Si
2325 3056 2636 3111 Christiani
2693 3056 2847 3109 890
2900 3051 3232 3124 reipublicae
3280 3046 3518 3103 inutiles
3561 3050 3722 3111 sunt,

2084 3146 2287 3217 quanti
2314 3163 2449 3217 ergo
2485 3146 2810 3210 aestimatis,
2846 3158 3031 3214 quove
3064 3141 3121 3194 in
3183 3138 3365 3209 pretio
3404 3152 3502 3191 eos
3550 3132 3726 3188 habe-

2082 3236 2179 3305 tis,
2214 3234 2314 3307 qui
2345 3240 2431 3289 tot
2461 3234 2768 3303 daemonia,
2796 3237 3037 3302 tamque
3068 3245 3218 3300 saepe
3249 3244 3316 3282 ex
3345 3225 3508 3280 vobis
3530 3219 3726 3292 depel-

324 3335 463 3391 t'ecit
495 3298 1532 3410 totidemquevverbav‘ldiremptum
1558 3298 1563 3299 γ
1585 3298 1814 3402 accidit,
2002 3298 2044 3363 Ο
2082 3298 2256 3381 1υῆῐᾷ

325 3428 486 3484 mino
516 3434 662 3485 teste
694 3432 822 3500 ejus
854 3431 1142 3499 mulieris,
1175 3448 1301 3502 quae
1346 3429 1642 3484 theatrum
1706 3430 1870 3498 adiit,
1913 3435 1968 3484 et

319 3518 460 3573 inde
492 3536 625 3574 cum
678 3520 966 3576 dmmonio
1019 3520 1208 3576 rediit.
1264 3520 1467 3590 Itaque
1524 3518 1583 3572 in
1643 3520 1965 3574 exorcismo

320 3625 457 3664 cum
505 3618 844 3665 oneraretur
899 3611 1141 3683 spiritus
1186 3609 1531 3664 immundus
1581 3610 1733 3678 quod
1783 3627 1965 3666 ausus

320 3708 479 3752 esset
510 3697 739 3753 ﬁdelem
774 3699 1049 3771 aggredi:
1111 3700 1474 3762 Constanter,
1518 3701 1575 3751 et
1613 3696 1962 3767 justissime,

320 3785 536 3855 inquit,
570 3786 700 3853 feci,
732 3785 790 3839 in
823 3802 951 3841 meo
982 3802 1110 3841 eam
1143 3785 1334 3840 inveni
1369 3806 1396 3833 »
1430 3784 1691 3851 (Tertull.
1723 3784 1787 3839 de
1833 3786 1964 3857 Spe-

316 3883 454 3930 rtac.
491 3892 619 3948 cap.
653 3878 765 3948 26).
800 3878 1003 3933 Nonne
1052 3878 1226 3932 etiam
1284 3892 1490 3930 rursus
1549 3874 1681 3929 alibi
1716 3893 1728 3928 :
1780 3899 1807 3925 ‹‹
1841 3877 1962 3939 Quo

259 3980 269 3995 ·
318 3980 420 4019 ore
453 3963 819 4021 Christianus
854 3965 1151 4020 lburarius
1182 3964 1261 4036 [id
1311 3968 1418 4027 est,
1454 3962 1554 4034 qui
1604 3963 1742 4018 thus
1791 3965 1961 4021 idolis

318 4053 601 4125 incendit]
637 4055 686 4110 si
719 4072 822 4127 per
876 4055 1096 4127 templa
1146 4052 1439 4123 transibit,
1489 4054 1784 4109 fumantes
1830 4073 1961 4114 aras

316 4145 584 4217 despuet,
608 4152 666 4201 et
694 4147 1045 4214 exsulﬂabit,
1080 4145 1296 4217 quibus
1315 4145 1438 4216 ipse
1462 4146 1806 4216 prospexit?
1837 4149 1961 4212 Qua

312 4235 647 4290 constantia
678 4235 1025 4291 exorcisabit
1055 4235 1325 4290 alumnos
1358 4251 1494 4288 suos
1521 4234 1650 4302 [hoc
1679 4239 1786 4301 est,
1847 4236 1958 4290 dae-

310 4324 563 4394 mones],
596 4325 813 4395 quibus
844 4326 1081 4380 domum
1114 4341 1281 4379 suam
1342 4323 1637 4379 cellarium
1678 4330 1959 4395 praestat?

312 4414 420 4470 Ille
450 4414 689 4486 quidem
723 4415 771 4469 si
802 4414 1109 4471 excluserit
1141 4414 1518 4477 daemonium,
1546 4432 1659 4468 non
1685 4416 1794 4470 sibi
1839 4418 1957 4488 pla-

306 4508 441 4558 ceat
469 4503 541 4558 de
571 4502 704 4558 ﬁde.
738 4508 938 4576 Neque
961 4502 1117 4559 enim
1147 4501 1455 4557 inimicum
1482 4502 1744 4557 exclusit.
1774 4506 1957 4560 Facile

308 4590 516 4647 debuit
546 4592 617 4646 de
647 4608 712 4647 eo
772 4591 1104 4663 impetrare,
1155 4607 1329 4662 quem
1382 4590 1640 4662 quotidie
1693 4594 1951 4662 pascit.»

304 4681 520 4750 (Idem,
553 4679 653 4736 lib.
688 4680 752 4735 de
779 4681 967 4737 Idolol.
1002 4696 1127 4752 cap.
1160 4682 1231 4749 2).

385 4770 762 4841 Respondere
788 4771 1023 4842 quidem
1050 4769 1265 4842 aliquis
1291 4773 1487 4841 posset
1509 4769 1563 4823 in
1594 4776 1837 4843 utroque
1856 4774 1955 4829 illo

307 4858 661 4915 Tertulliani
690 4859 815 4917 loco
841 4877 955 4914 non
988 4859 1304 4914 exorcistas
1332 4859 1644 4928 nominari,
1678 4862 1774 4915 sed
1802 4880 1958 4917 exor-

308 4949 553 5018 cismos,
589 4951 707 5005 sive
740 4949 1164 5021 adjurationes,
1198 4966 1324 5019 quae
1375 4948 1446 5003 ab
1499 4949 1773 5005 omnibus
1824 4969 1953 5023 pro-

304 5037 617 5094 ouldubio
667 5038 1015 5094 Christianis
1072 5038 1334 5094 adhiberi
1396 5043 1679 5109 poterant.
1740 5040 1954 5096 Verum

306 5146 483 5185 nemo
516 5146 727 5201 negare
761 5134 956 5201 potest
987 5130 1059 5185 ab
1093 5129 1397 5184 cxorcistis
1440 5130 1753 5200 imprimis,
1806 5131 1959 5186 sicut

306 5216 390 5271 ait
422 5216 771 5289 Cyprianus,
804 5217 1078 5289 expulsos
1137 5233 1205 5271 ex
1253 5216 1559 5271 hominum
1612 5220 1955 5290 corporibus

305 5306 628 5376 daemonas,
664 5312 839 5379 atque
872 5307 928 5361 id
964 5306 1108 5361 satis
1137 5305 1374 5359 Auctori
1407 5310 1605 5361 nostro
1652 5307 1833 5363 fuisse
1883 5310 1953 5363 ad

303 5395 674 5467 probandam
725 5395 1195 5451 Christianorum
1256 5395 1311 5449 in
1372 5396 1603 5450 eosdem
1661 5397 1956 5453 dmmonas

305 5487 680 5553 potestatem.

376 5573 484 5628 Sed
520 5572 766 5629 ulterius
795 5572 892 5629 ille
934 5573 1326 5646 progreditur,
1376 5578 1434 5629 et
1483 5574 1540 5628 in
1594 5575 1767 5631 citato
1813 5579 1952 5649 Apo-

302 5664 525 5731 logctici
552 5662 678 5718 loco
710 5662 782 5717 de
812 5664 1087 5718 omnibus
1120 5662 1380 5733 loquitur
1408 5665 1729 5734 generatim
1787 5668 1951 5723 Chri-

304 5752 520 5811 stianis
579 5754 875 5811 daemones
932 5753 1319 5827 ejicientibus.
1402 5753 1549 5810 Nam
1629 5755 1723 5812 ille
1796 5758 1952 5818 haud

2152 3439 2369 3490 Verum
2404 3435 2541 3506 quid
2577 3430 3082 3504 argumentatione
3138 3444 3285 3499 opus
3342 3424 3475 3479 est?
3522 3423 3725 3478 Nonne

2078 3523 2201 3594 ipse
2232 3522 2640 3578 disertissimis
2697 3520 2889 3575 verbis
2929 3517 3148 3573 edixit?
3172 3538 3198 3564 ‹‹
3231 3516 3441 3569 Iussus
3473 3531 3505 3568 a
3536 3511 3722 3584 quoli-

2075 3613 2171 3666 bet
2201 3612 2532 3666 Christiano
2558 3610 2717 3681 loqui
2750 3608 2994 3680 spiritus
3024 3605 3277 3674 ille,tam
3310 3619 3372 3657 se
3394 3604 3719 3656 daemonem

2075 3701 2447 3756 confitebitur
2491 3702 2562 3755 de
2610 3717 2762 3767 vero,
2811 3713 2988 3769 quam
3035 3694 3171 3751 alibi
3204 3694 3375 3748 deum
3426 3692 3495 3746 de
3546 3690 3713 3746 falso.

2076 3791 2234 3858 (Ibid.
2268 3806 2392 3861 cap.
2428 3791 2539 3861 23).
2575 3789 2777 3843 Nonne
2832 3787 3005 3842 etiam
3055 3786 3121 3838 ad
3174 3782 3446 3837 eumdem
3495 3785 3716 3852 Scapu-

2070 3878 2188 3932 lam
2248 3878 2455 3932 iterum
2519 3877 2799 3947 scripsit?
2862 3875 3218 3929 «Dzemones
3279 3888 3391 3925 non
3483 3873 3716 3926 tantum

2073 3968 2431 4038 respuimus,
2490 3981 2689 4019 verum
2752 3970 2808 4018 et
2876 3961 3253 4025 revincimus,
3321 3964 3377 4014 et
3451 3960 3717 4029 quotidie

2071 4054 2462 4119 traducimus,
2522 4057 2579 4107 et
2618 4053 2686 4106 de
2743 4049 3082 4104 hominibus
3139 4046 3507 4118 expellimus,
3562 4047 3718 4101 sicut

2070 4142 2341 4213 plurimis
2388 4145 2587 4195 notum
2651 4144 2739 4192 est
2773 4162 2799 4186 ››
2841 4139 3046 4202 (Idem,
3101 4136 3172 4189 ad
3218 4135 3439 4205 Scapul.
3494 4151 3620 4205 cap.
3653 4135 3709 4190 3.

2069 4231 2144 4301 4).
2179 4234 2245 4285 At
2305 4232 2437 4300 quis
2496 4247 2612 4283 non
2672 4229 2865 4281 videat
2925 4227 3045 4280 hmo
3104 4242 3218 4279 non
3280 4225 3351 4279 de
3408 4226 3712 4279 exorcistis

2065 4324 2315 4384 tantum,
2352 4321 2449 4374 sed
2486 4321 2555 4374 de
2586 4318 2860 4374 omnibus
2893 4318 3046 4371 dicta
3077 4317 3259 4369 fuisse
3315 4314 3664 4371 Christianis
3686 4316 3714 4369 ?

2065 4411 2319 4466 Maxima
2348 4427 2484 4481 ergo
2511 4415 2634 4464 erat
2693 4425 2804 4462 non
2867 4407 3039 4461 modo
3098 4405 3546 4469 exorcistarum,
3605 4404 3707 4459 sed

2066 4498 2331 4552 omnium
2388 4498 2850 4553 Christianorum
2900 4495 2959 4549 in
3049 4496 3342 4550 daemones
3429 4497 3706 4565 potestas

2070 4604 2185 4658 qua
2242 4588 2374 4643 illos
2432 4605 2499 4643 ex
2556 4588 2922 4643 ethnicorum
2990 4584 3335 4657 corporibus
3388 4584 3709 4656 saepissime

1989 4662 2032 4723 D
2066 4677 2439 4747 objiciebant.

2138 4786 2193 4838 Si
2231 4785 2363 4855 quis
2396 4789 2586 4838 autem
2624 4784 2883 4855 inquirat
2917 4782 3089 4849 unde,
3150 4786 3248 4836 aut
3300 4798 3415 4852 quo
3475 4782 3711 4837 nomine

2066 4890 2195 4928 eam
2251 4874 2554 4939 haberent,
2613 4873 2750 4927 huic
2819 4870 3195 4942 respondebit
3275 4870 3705 4927 Tertullianus:

2069 4984 2095 5011 ‹‹
2130 4961 2332 5016 Omnis
2366 4967 2582 5028 nostra,
2621 4962 2723 5016 hoc
2783 4965 2890 5025 est,
2944 4959 3408 5015 Christianorum
3458 4959 3517 5014 in
3576 4959 3710 5016 illus

2068 5051 2363 5105 daamones
2396 5050 2736 5115 dominatio,
2788 5056 2843 5104 et
2884 5054 3142 5120 potestas
3192 5048 3262 5102 de
3311 5048 3709 5105 nominatione

2065 5138 2303 5206 Christi,
2337 5138 2455 5193 sive
2488 5140 2732 5210 prolato,
2767 5139 3000 5209 quando
3023 5138 3312 5193 daemones
3335 5138 3708 5209 adjurabant,

2067 5228 2276 5282 Christi
2340 5229 2577 5282 nomine
2642 5228 2813 5294 valet,
2890 5232 2946 5283 et
3010 5228 3080 5281 de
3155 5228 3709 5285 commemoratione

2065 5334 2287 5386 eorum,
2332 5334 2456 5388 quae
2517 5318 2628 5371 sibi
2662 5335 2694 5371 a
2731 5318 2839 5372 Deo
2897 5333 2997 5388 per
3063 5314 3349 5371 arbitrum
3410 5316 3707 5373 Christum

2068 5405 2436 5459 imminentia
2466 5410 2802 5476 exspectant
2834 5428 2861 5454 ››
2896 5405 3095 5477 (Idem,
3126 5404 3401 5476 Apologet.
3444 5423 3569 5478 cap.
3617 5407 3705 5477 23,

2064 5510 2198 5563 pag.
2234 5494 2379 5563 410).
2424 5494 2702 5548 Nonnulli
2761 5512 2913 5563 vero,
2974 5492 3197 5548 nullius
3253 5497 3451 5548 tamen
3510 5511 3708 5549 manu-

2064 5582 2266 5652 scripti
2300 5584 2514 5637 codicis
2551 5584 2895 5639 auctoritate
2932 5582 3083 5648 fulti,
3115 5582 3425 5653 legendum
3469 5587 3709 5638 censent

2062 5674 2507 5740 comminatione,
2543 5673 2695 5727 haud
2722 5672 2896 5727 dubie
2920 5671 3055 5743 quia
3075 5672 3367 5726 daemones
3395 5687 3496 5742 per
3517 5670 3727 5729 Deum.

2064 5762 2281 5832 vivum,
2343 5761 2441 5833 qui
2491 5763 2868 5834 judicaturus
2926 5763 3015 5817 est
3062 5759 3223 5816 vivos
3282 5764 3337 5817 et
3416 5748 3743 5835 mortuos,“
