4118 6182
465 346 585 408 979

988 350 1519 411 TERTULLIANI
1565 350 1891 412 OPEltUM
1937 352 2033 410 PA
2048 352 2127 411 RE

2260 383 2337 393 -—
2364 350 2638 411 SERIES
2683 351 2732 423 Ι,
2779 351 3339 412 APOLOGETICA.

3730 354 3835 414 980

471 480 915 553 adiurabantur.
949 485 1023 537 At
1066 483 1212 540 satis
1266 485 1511 541 fortasse
1570 502 1685 542 non
1747 485 2114 541 animadver-
2146 490 2203 553 Α
2237 486 2456 557 posuit:
2499 508 2519 534 ι
2557 485 2833 541 Peccasse
2865 486 3148 557 quosdam
3182 485 3434 557 angelos,
3468 484 3670 557 inquit,
3701 489 3751 541 et
3782 487 3834 541 in

470 574 671 627 terunt
700 571 756 625 in
807 574 967 627 textu
1024 572 1367 628 Tertulliani
1429 575 1602 647 paulo
1664 580 1792 647 post
1833 574 2115 647 scriptum

472 660 1068 732 dereprmsentatione,
1110 664 1266 734 quod
1320 663 1473 720 idem
1527 669 1634 734 est,
1682 682 1744 719 ac
1791 680 2116 720 commemo-

473 752 708 816 ratione,
770 752 919 819 ignis
978 752 1135 806 illius
1196 754 1409 820 interni,
1450 770 1566 825 quo
1624 753 1904 824 puniendi
1982 757 2122 809 sunt

474 840 790 895 daemones.
816 840 1047 895 Videsis
1079 841 1394 897 Eusebium
1428 842 1550 897 haec
1581 842 1640 896 in
1701 860 1809 897 sua
1859 844 1929 898 de
1977 843 2121 898 Con-

475 930 722 986 stantini
753 930 948 1001 Magni
973 931 1245 986 laudibus
1273 932 1533 987 oratione
1554 932 2124 1000 enarrantem,alios-

480 1034 593 1089 que
624 1019 856 1074 anobis
888 1018 1026 1074 alibi
1078 1019 1287 1074 citatos
1335 1020 1567 1091 (Euseb.
1627 1024 1792 1079 Orat.
1852 1021 1916 1075 de
1976 1025 2119 1077 (lon-

476 1112 627 1164 stant
669 1110 847 1177 Magn.
885 1107 1037 1164 laud.
1070 1125 1197 1181 cap.
1235 1111 1320 1179 16,
1353 1126 1487 1182 pag.
1519 1111 1645 1179 658,
1691 1115 1748 1166 et
1796 1128 1959 1182 seqq.
2013 1111 2118 1166 loc.

479 1197 617 1255 lnfr.
652 1198 800 1269 cit.).

548 1308 722 1361 Recte
762 1322 899 1378 ergo
960 1306 1095 1361 inde
1152 1305 1453 1362 concludit
1501 1307 1938 1364 Tertullianus:
2002 1313 2125 1364 Dac-

482 1411 688 1451 mones
722 1418 749 1445 ‹‹
783 1394 1084 1450 Christum
1116 1395 1390 1451 timentes
1421 1396 1479 1449 in
1528 1397 1665 1464 Deo,
1722 1400 1778 1452 et
1837 1399 2015 1452 Deum
2067 1397 2124 1452 in

481 1484 733 1553 Christo,
777 1484 1178 1556 subjiciuntur
1207 1485 1389 1540 servis
1420 1486 1512 1540 Dei
1557 1491 1613 1541 et
1642 1485 1856 1541 Christi
1890 1509 1918 1536 ››
1961 1488 2127 1556 (Ter-

482 1572 612 1630 tull.
644 1574 924 1646 Apologct.
958 1590 1083 1645 cap.
1117 1574 1206 1641 23,
1243 1591 1373 1646 pag.
1409 1575 1553 1646 410).
1587 1576 1695 1630 Sed
1718 1577 2009 1646 quomodo
2032 1593 2130 1632 eos

484 1662 824 1719 timebant?
854 1667 912 1718 ut
941 1679 1199 1736 nequam,
1225 1663 1435 1735 inquit,
1472 1667 1619 1719 servi
1638 1670 1785 1720 metu
1814 1666 1975 1737 (Ibid.
2001 1682 2128 1737 cap.

484 1754 575 1824 27,
609 1768 741 1824 pag.
804 1752 971 1823 332);
1039 1753 1538 1823 quemadmodum
1592 1753 1652 1809 in
1712 1753 2131 1825 manuscriptis

488 1841 705 1897 nostris
736 1842 1035 1897 codicibus
1089 1842 1360 1914 legimus.
1422 1842 1625 1899 Servili
1686 1843 1867 1916 igitur
1923 1845 2132 1899 timore

489 1930 787 1986 Christum
810 1931 1056 2003 ejusque
1069 1931 1391 2002 discipulos
1407 1933 1801 1989 metuebantm
1824 1935 1893 1989 Et
1908 1934 2133 2001 odium,

495 2018 684 2091 pergit
710 2017 833 2086 ille,
863 2019 1041 2074 timor
1070 2020 1275 2091 spirat,
1309 2042 1335 2070 ››
1379 2020 1521 2092 sive,
1553 2028 1617 2077 ut
1668 2023 1751 2078 ait
1797 2023 2089 2079 Minucius
2117 2040 2129 2078 :

493 2107 770 2164 «Odium
829 2108 1013 2164 nostri
1071 2112 1278 2164 serunt
1336 2109 1561 2165 occulte
1620 2127 1721 2182 per
1774 2112 2044 2169 timorem
2104 2135 2133 2161 ››

491 2196 729 2269 (Minue.
788 2196 983 2253 Octav.
1047 2214 1175 2269 pag.
1238 2199 1385 2266 255).
1450 2204 1746 2256 Daemones
1802 2202 2003 2274 itaque
2078 2206 2135 2258 et

490 2286 742 2358 subjecti
774 2293 936 2341 erant
965 2285 1338 2355 Christianis,
1371 2292 1428 2344 et
1459 2306 1557 2346 eos
1589 2290 1765 2346 etiam
1821 2291 2132 2358 timebant,

488 2380 663 2448 atque
694 2374 907 2431 idcirco
940 2376 1202 2432 oderant.
1236 2377 1447 2443 Quidni
1500 2378 1819 2435 timerent?
1871 2382 2131 2452 quando-

486 2465 726 2537 quidem
759 2465 831 2520 ab
864 2464 985 2522 illis
1013 2464 1383 2535 subiguntur.
1417 2467 1497 2522 ait
1529 2468 1721 2524 adhuc
1781 2480 1982 2526 auctor
2031 2488 2134 2527 no-

488 2557 625 2624 ster,
659 2576 687 2605 «
723 2557 779 2608 et
819 2554 1139 2610 conditioni
1198 2573 1317 2611 suae
1368 2557 1702 2627 succidunt,
1744 2563 1801 2615 et
1859 2576 2005 2632 quos
2063 2561 2135 2615 de

486 2642 810 2716 longinquo
869 2650 1213 2716 oppugnant
1292 2646 1361 2701 de
1415 2648 1677 2718 proximo
1767 2649 2131 2705 obsecrant»

490 2732 734 2789 Tertull.
795 2734 930 2789 ibid.
992 2751 1118 2806 cap.
1177 2736 1271 2803 27,
1331 2736 1440 2791 col.
1501 2737 1647 2808 432).
1707 2740 1875 2810 Atqui
1927 2741 1978 2794 si
2035 2756 2133 2796 eos

492 2822 815 2893 obsecrant,
848 2823 1077 2888 timent,
1138 2824 1407 2889 oderunt,
1468 2824 1658 2896 iisque
1716 2826 2132 2898 subjiciuntur,

491 2926 625 2982 ergo
657 2911 729 2967 ab
760 2910 880 2968 illis
911 2912 1187 2983 adjurati,
1215 2930 1329 2968 non
1366 2916 1803 2971 mentiebantur
1853 2918 2132 2988 profecto,

492 3001 595 3055 sed
654 3004 780 3055 tum
838 3017 990 3071 vere,
1052 3001 1204 3057 sicut
1253 3003 1378 3072 jam
1456 3003 1730 3071 diximus,
1801 3006 2135 3061 fatebantur

492 3105 556 3145 se
585 3105 787 3145 revera
807 3104 936 3145 esse
993 3090 1304 3157 daemones,
1353 3096 1410 3147 et
1458 3094 1800 3164 neutiquam
1850 3094 2009 3166 deos,
2068 3112 2133 3150 ac

486 3194 674 3234 unum
703 3179 987 3234 duntaxat
1015 3195 1145 3235 esse
1175 3180 1380 3235 Deum.
1434 3182 1578 3237 Tam
1633 3199 1764 3237 vera
1816 3200 1984 3254 porro
2035 3183 2135 3238 illa

486 3266 799 3329 confessio.
830 3272 950 3323 tam
1002 3268 1321 3339 publicum,
1383 3270 1578 3342 inquit
1636 3276 1854 3327 Auctor
1911 3279 2129 3339 noster,

485 3354 888 3411 testimonium
923 3356 1288 3413 Christianos
1322 3359 1507 3414 facere
1561 3360 1807 3433 solebat,
1858 3378 1923 3417 ac
1971 3362 2130 3417 Chri-

488 3444 690 3500 stianas
726 3444 1026 3517 religionis
1081 3446 1343 3502 stabilire
1402 3452 1457 3502 et
1517 3449 1865 3504 confirmare
1921 3451 2130 3506 verita-

486 3537 605 3589 tem
641 3534 799 3601 (Ibid.
835 3534 986 3589 891
1043 3552 1171 3607 cap.
1233 3537 1322 3602 23,
1380 3553 1511 3609 pag.
1571 3538 1683 3609 26).
1740 3539 1849 3593 Sed
1912 3540 1981 3594 de
2040 3539 2133 3595 his

488 3622 719 3693 egimus
752 3623 809 3676 in
846 3624 902 3677 in
934 3624 1339 3695 superioribus
1371 3625 1587 3681 nostris
1619 3627 2133 3685 dissertationibus

489 3712 771 3767 Dissertat.
808 3712 868 3767 in
888 3713 1102 3769 Minue.
1135 3730 1261 3785 cap.
1302 3716 1392 3781 20,
1425 3720 1532 3771 art.
1568 3716 1622 3786 3,
1656 3716 1712 3770 in
1744 3717 1941 3773 Arnob.
2006 3735 2128 3790 cap.

490 3800 548 3869 3,
578 3803 687 3854 art.
721 3817 761 3871 ι,
794 3801 850 3856 in
884 3803 1135 3857 Lactant.
1170 3818 1297 3875 cap.
1329 3805 1384 3870 9,
1420 3810 1528 3861 art.
1559 3805 1614 3873 2,
1640 3821 1767 3878 cap.
1802 3807 1889 3872 i6,
1937 3811 2049 3865 art.
2092 3825 2130 3879 ι,

492 3905 598 3961 cap
656 3891 745 3961 20,
779 3895 890 3946 art.
922 3892 974 3961 7,
1006 3908 1133 3963 cap.
1164 3893 1254 3961 33,
1288 3896 1396 3950 art.
1432 3895 1511 3967 4).

559 4000 633 4054 At
663 4015 771 4054 nos
793 4000 919 4070 jam
950 4000 1022 4056 ad
1052 4000 1166 4056 alia
1198 4001 1369 4057 solito
1402 4003 1962 4074 morefexplananda
2002 4022 2133 4076 pro-

487 4094 762 4159 perantes
794 4089 1008 4161 aliquis
1067 4090 1312 4146 forsitan
1368 4094 1709 4162 retardabit,
1758 4098 1813 4149 et
1872 4111 1905 4149 a
1962 4096 2132 4151 nobis

484 4176 889 4234 sciscitabitur
916 4195 1022 4234 cur
1066 4182 1278 4235 Auctor
1318 4185 1516 4236 noster
1562 4183 1795 4249 dixerit,
1845 4205 1874 4232 «
1910 4184 2131 4239 Daemo-

485 4281 591 4321 nes
621 4267 693 4322 ob
727 4267 1010 4323 malitiam
1065 4268 1517 4339 praedamnatos,
1554 4291 1577 4320 υ
1621 4276 1679 4325 et
1726 4276 1929 4342 postea
1971 4272 2129 4343 adje-

484 4353 649 4421 cerit,
684 4377 711 4405 «
745 4355 1064 4428 Desperata
1095 4357 1352 4412 conditio
1410 4373 1608 4413 eorum
1661 4375 1731 4414 ex
1768 4360 2129 4432 praedamna-

481 4441 643 4497 tione
663 4442 939 4500 solatium
968 4450 1197 4516 reputat
1217 4447 1473 4501 t'ruendaa
1497 4447 1730 4502 interim
1746 4447 2130 4519 malignitatis

485 4528 558 4583 de
589 4546 771 4600 poena;
803 4549 968 4589 mora
995 4556 1021 4583 »
1050 4533 1311 4604 (Tertull.
1336 4535 1607 4606 Apotoget.
1633 4553 1760 4609 cap.
1783 4537 1875 4602 22,
1912 4555 1965 4608 p.
1992 4538 2126 4603 404;

488 4595 631 4671 ibid.
666 4634 714 4672 c.
742 4619 832 4687 27,
868 4637 923 4691 p.
954 4595 1098 4691 432).
1135 4595 1413 4687 Quaenam
1445 4595 1554 4687 est,
1588 4595 1814 4696 inquiet
1846 4595 1961 4690 ille,
2013 4595 2129 4679 haec
2162 4595 2209 4656 D

488 4702 821 4761 daemonum
857 4709 1275 4779 praedamnatio
1306 4715 1364 4765 et
1395 4728 1572 4781 pinnae
1608 4730 1791 4781 mora,
1829 4730 1894 4768 ac
1944 4714 2127 4783 quod-

487 4808 625 4846 nam
658 4794 914 4851 fruendaa
968 4796 1353 4869 malignitatis
1402 4800 1719 4857 solatium?
1776 4802 1919 4857 Nam
1970 4802 2126 4856 idem

486 4881 611 4952 ipse
640 4883 1042 4942 Tertullianus
1076 4904 1189 4942 non
1212 4888 1411 4945 minus
1442 4892 1768 4963 perspicue,
1793 4892 1879 4947 uti
1902 4892 2129 4947 monui-

485 4986 639 5043 mus,
668 4973 893 5031 dixerat
914 4993 981 5031 ex
1013 4976 1195 5031 sacris
1224 4978 1543 5049 Scripturis
1575 4980 1761 5054 colligi
1796 4982 2126 5036 daemonum

481 5065 713 5130 gentem
737 5080 870 5120 cum
890 5066 981 5120 sui
1004 5065 1234 5137 generis
1257 5069 1690 5138 auctoribus,ac
1717 5071 1977 5142 principe
2000 5086 2129 5123 esse

479 5164 593 5203 non
615 5151 852 5221 quidem
877 5155 1459 5225 przedamnatam,sed
1484 5159 1749 5214 absolute
1762 5159 2122 5213 damnatam.

476 5238 548 5291 At
579 5242 849 5309 quamvis
881 5247 1039 5299 certa
1069 5244 1146 5298 sit
1175 5243 1507 5300 daemonum
1543 5248 1863 5317 damnatio,
1898 5263 2013 5301 non
2066 5247 2123 5300 hi

479 5328 675 5383 tamen
701 5330 928 5388 debitas
962 5349 1165 5389 omnes
1196 5330 1516 5390 sceleribus
1547 5338 1671 5393 suis
1702 5354 1905 5409 pinnas
1930 5336 2121 5391 luunt.

477 5414 705 5474 Etenim
737 5420 795 5475 in
856 5423 1005 5495 ipsis
1062 5424 1237 5480 etiam
1299 5424 1481 5480 sacris
1531 5427 1847 5498 Scripturis
1896 5426 2122 5481 Christo

483 5507 724 5563 Domino
775 5514 1160 5580 exprobrasse
1212 5516 1523 5570 dicuntur:
1575 5516 1775 5570 Venisti
1832 5516 1935 5570 huc
1999 5519 2124 5569 ante

476 5598 688 5665 tempus
736 5607 988 5671 torquere
1037 5617 1134 5657 nos
1182 5602 1387 5672 (Matth.
1450 5620 1573 5673 vm,
1632 5604 1759 5675 29.)
1814 5604 1919 5657 Sed
2001 5602 2121 5657 hac

475 5681 845 5755 Augustinus
875 5706 943 5747 ex
974 5692 1126 5748 Petri
1164 5695 1412 5765 apostoli
1464 5693 1721 5768 Epistola
1766 5692 1980 5750 clarius
2023 5710 2120 5748 ex-

2228 575 2410 647 hujus
2444 575 2651 631 mundi
2686 575 2807 629 ima
2854 576 3146 638 detrusos,
3194 575 3292 646 qui
3344 573 3430 630 eis
3475 574 3625 629 velut
3666 592 3838 632 carcer

2228 669 2337 731 est,
2366 665 2555 735 iisque
2588 666 2657 719 ad
2693 666 2948 719 futuram
2984 664 3043 718 in
3078 664 3170 719 die
3192 663 3399 736 judicii
3424 662 3681 719 ultimam
3703 665 3843 719 dam-

2232 753 2526 808 nationem
2574 753 2876 825 apostolus
2926 758 3133 809 Petrus
3181 752 3548 825 apertissime
3593 755 3841 824 ostendit,

2231 842 2431 898 dicens
2464 843 2618 913 quod
2644 842 2798 897 Deus
2830 841 3054 914 angelis
3091 842 3493 913 peccatoribus
3526 858 3632 896 non
3664 857 3843 913 peper-

2232 932 2397 995 cerit,
2430 932 2531 986 sed
2592 931 2925 986 carceribus
2966 931 3235 1002 caliginis
3280 930 3490 985 inferni
3546 931 3843 999 retrudens,

2232 1019 2542 1075 tradiderit
2572 1020 2631 1073 in
2656 1019 2880 1090 judicio
2915 1020 3243 1092 puniendos
3267 1020 3567 1074 reservari.
3594 1040 3618 1067 ››
3651 1019 3722 1090 (S.
3751 1022 3845 1073 Au-

2233 1112 2390 1181 gust.
2414 1107 2517 1163 lib.
2551 1127 2606 1179 x,
2640 1110 2713 1164 Dc
2748 1110 2897 1163 civit.
2944 1126 3071 1180 cap.
3123 1109 3210 1178 33,
3265 1124 3394 1181 pag.
3447 1108 3583 1176 293;
3643 1110 3844 1173 Petrus,

2233 1201 2403 1272 epist.
2438 1200 2513 1267 II,
2544 1216 2675 1271 cap.
2715 1202 2769 1265 2,
2805 1200 2858 1269 ἲ,
2890 1200 2964 1270 li).
3002 1202 3063 1253 At
3095 1198 3213 1252 haec
3246 1197 3551 1253 infernalis
3586 1196 3845 1275 caliginis,

2235 1289 2501 1361 ignisque
2539 1289 2814 1343 reservati
2872 1304 3035 1343 mora
3094 1304 3159 1342 ac
3217 1286 3421 1341 dilatio
3479 1285 3849 1357 qualecunque

2234 1377 2384 1451 ipsis
2414 1381 2540 1433 erat
2571 1377 3086 1449 praedamnationis
3119 1393 3183 1430 ac
3214 1375 3568 1430 conditionis
3597 1376 3846 1446 despera-

2235 1471 2304 1523 tae
2354 1467 2651 1523 solatium.
2706 1472 2821 1521 Sua
2880 1466 3174 1521 enimvero
3229 1466 3576 1520 fruebantur
3634 1463 3844 1518 interim

2238 1558 2625 1629 malignitate,
2660 1573 2774 1628 qua
2800 1555 3160 1610 Christianos
3193 1556 3261 1609 ad
3296 1555 3413 1622 sui,
3448 1555 3567 1609 sive
3599 1551 3848 1608 falsorum

2238 1648 2504 1715 deorum,
2535 1640 2759 1700 c‘ultum
2796 1645 2884 1700 vel
2914 1644 3287 1713 inducebant,
3320 1643 3410 1699 vel
3443 1642 3761 1698 efﬁciebant
3796 1646 3850 1695 ut

2240 1739 2553 1791 renuentes
2584 1733 3014 1790 crudelissimis
3047 1734 3119 1788 ad
3154 1738 3403 1788 mortem
3441 1748 3625 1804 usque
3656 1730 3849 1802 suppli-

2240 1824 2348 1880 ciis
2378 1823 2951 1879 excarniﬁcarentur.
2985 1824 3057 1876 At
3087 1824 3157 1877 de
3190 1822 3298 1878 hoc
3330 1838 3533 1876 eorum
3567 1819 3759 1876 solatio
3787 1819 3855 1874 di-

2243 1913 2479 1984 latoque
2529 1911 2820 1982 supplicio
2866 1910 3005 1965 alibi
3054 1911 3488 1982 disputavimus
3539 1910 3765 1980 (Dissert.
3804 1908 3851 1961 in

2242 2005 2485 2058 Lactant.
2520 2017 2648 2072 cap.
2671 2002 2762 2071 20,
2790 2004 2902 2056 art.
2942 2001 3017 2071 5).

2881 2143 3251 2213 CAPUT§XL

2244 2235 2319 2289 De
2346 2237 2689 2308 mortuorum
2719 2231 3005 2308 hominum
3023 2231 3094 2308 ad
3112 2231 3284 2308 vitam
3300 2231 3663 2308 revocatione,
3701 2233 3856 2308 extref

2314 2321 2400 2379 nio
2432 2306 2531 2359 Dei
2545 2304 3013 2379 judiciowternis
3036 2305 3339 2374 impiorum
3358 2303 3623 2379 pcenis,ac
3636 2303 3852 2379 prie/niis

2303 2370 2607 2447 justoruin,
2641 2380 2805 2447 atque
2862 2370 3181 2431 animarum
3233 2370 3369 2431 ante.
3422 2376 3679 2429 ultimum
3721 2370 3853 2441 judi-

2314 2451 2461 2504 cium
2492 2448 2867 2519 receptaculis.

2765 2607 2972 2645 ARTICU
2984 2606 3088 2645 LUS
3128 2606 3374 2645 PRIMUS.

2246 2693 2450 2763 Quibus
2467 2691 2807 2760 argumentis
2824 2688 3033 2763 Tertull
3038 2690 3197 2763 ianus
3206 2687 3729 2763 probaveritomness
3740 2697 3855 2735 mor-

2314 2769 2433 2820 tuos
2464 2764 2709 2817 homines
2739 2777 2891 2830 posse
2925 2761 2994 2816 ad
3052 2762 3229 2814 vitam
3282 2761 3552 2824 revocari,
3597 2773 3655 2811 ac
3698 2768 3853 2830 revera

2316 2834 2642 2891 revocandos
2664 2850 2682 2886 :
2726 2828 2911 2886 utrum
2969 2834 3190 2906 anima;
3219 2832 3539 2906 corporibus
3584 2830 3763 2893 exuta,
3793 2828 3852 2906 et

2311 2911 2431 2962 sine
2450 2908 2675 2961 illorum
2704 2906 3015 2960 ministerio
3043 2905 3251 2976 possint
3278 2900 3494 2976 aliquid
3525 2916 3695 2970 agere,
3721 2900 3840 2970 pati,

2313 2996 2376 3035 ac
2406 2978 2608 3043 dolere,
2640 2984 2694 3032 et
2724 2978 2923 3031 uetari.

2313 3115 2397 3169 Ad
2428 3113 2540 3169 alia
2573 3128 2728 3167 nunc
2752 3111 3176 3165 transeundum
3202 3111 3291 3164 est
3311 3106 3643 3164 christiana:
3658 3100 3851 3171 religio-

2163 3236 2205 3302 Ο
2244 3202 2336 3259 nis
2368 3204 2662 3273 dogmata,
2697 3216 2823 3269 quae
2853 3197 3253 3254 Tertullianus
3277 3198 3407 3252 suis
3430 3196 3487 3251 in
3510 3194 3666 3249 libris
3686 3195 3853 3245 contra

2245 3291 2506 3348 ethnicos
2538 3290 2749 3345 asserit
2778 3305 2845 3343 ac
2878 3293 3096 3343 tuetur.
3132 3286 3323 3341 Unum
3360 3291 3557 3341 autem
3588 3300 3651 3339 ex
3677 3280 3741 3335 iis
3769 3294 3853 3332 no-

2240 3386 2476 3451 straque
2491 3376 3247 3448 animadversionedignum
3268 3375 3543 3447 est,quod
3560 3372 3853 3428 constanter

2240 3469 2739 3541 tradit,variisque
2770 3467 3065 3521 rationum
3100 3466 3423 3520 momentis
3455 3462 3653 3535 probat
3678 3471 3851 3515 omnes

2242 3561 2478 3616 omnino
2512 3563 2773 3613 mortuos
2805 3556 3075 3611 homines
3108 3559 3163 3611 in
3198 3556 3312 3610 {ine
3348 3555 3554 3611 mundi
3587 3553 3654 3606 ad
3699 3549 3847 3603 vitam

2243 3648 2618 3705 revocandos.
2653 3647 2806 3702 892
2836 3646 3099 3700 Primum
3132 3649 3326 3699 autem
3390 3641 3644 3699 desumit
3684 3655 3746 3694 ex
3785 3635 3852 3689 in-

2244 3739 2409 3793 ﬁnita
2439 3736 2698 3808 potentia
2713 3735 2809 3790 Dei
2836 3751 2848 3789 :
2881 3755 2908 3787 ι
2928 3735 3033 3798 Qui
3066 3738 3321 3797 tantum,
3348 3732 3564 3803 inquit,
3586 3730 3688 3785 hoc
3708 3739 3848 3780 mun-

2242 3828 2301 3882 di
2332 3842 2544 3898 corpus
2573 3826 2641 3879 de
2665 3841 2753 3893 eo,
2778 3823 2931 3893 quod
2957 3840 3072 3877 non
3098 3822 3290 3877 fuerat
3332 3821 3417 3893 [id
3441 3824 3549 3885 est,
3567 3835 3632 3875 ex
3660 3809 3849 3880 nihilo],

2242 3913 2570 3985 composuit
2599 3934 2626 3963 ››
2662 3909 2925 3983 (Tertull.
2958 3910 3240 3982 Apotoget.
3275 3926 3405 3980 cap.
3442 3909 3530 3975 48,
3576 3904 3677 3963 col.
3728 3898 3851 3967 520),

2243 4003 2361 4057 sive
2418 4006 2482 4057 ut
2538 4000 2724 4056 nostri
2779 4005 2835 4054 et
2891 4003 3024 4054 ante
3082 3997 3409 4070 Rigaltium
3472 3995 3608 4051 editi
3661 3988 3853 4047 codices

2241 4092 2476 4156 habent,
2514 4092 2792 4162 imposuit,
2827 4104 2931 4144 seu
2962 4088 3200 4153 creavit,
3236 4087 3286 4142 is
3320 4094 3481 4142 certe
3526 4085 3645 4156 ipse
3697 4076 3853 4151 potest

2242 4180 2509 4236 homines
2539 4180 2604 4235 de
2632 4187 2806 4235 morte
2835 4179 3136 4233 vacationis
3166 4186 3216 4232 et
3250 4178 3565 4241 inanitatis,
3624 4172 3723 4227 hoc
3762 4168 3850 4226 est.

2242 4269 2314 4324 ab
2348 4277 2553 4333 morte,
2589 4268 2710 4322 sive
2741 4267 3044 4335 inanitate,
3078 4282 3143 4321 ac
3176 4265 3499 4337 privatione
3531 4262 3652 4317 vita!
3682 4258 3742 4312 ad
3778 4268 3849 4307 se-

2240 4360 2494 4415 cundam
2528 4356 2702 4412 vitam
2725 4357 2999 4412 excitare.
3025 4355 3171 4410 Nam
3192 4354 3251 4409 hi
3279 4371 3461 4411 unam
3481 4341 3850 4409 tantummodo

2238 4447 2501 4502 efficiunt
2518 4451 2740 4517 partem
2757 4442 3165 4514 mundi,quem
3182 4448 3415 4499 constat
3427 4438 3851 4498 esseanimatum

2238 4539 2441 4607 spiritu
2469 4537 2717 4591 omnium
2748 4535 3073 4592 animatore.
3110 4534 3175 4587 Et
3206 4532 3289 4587 ita
3320 4532 3562 4603 quidem
3579 4522 3847 4596 Rigaltius:

2241 4630 2299 4680 et
2333 4626 2431 4679 alii
2465 4624 2740 4694 deinceps
2769 4621 2925 4675 hunc
2956 4620 3233 4675 exhibent
3264 4618 3604 4675 Tertulliani
3635 4616 3845 4670 textum.

2240 4715 2449 4770 Melius
2481 4731 2609 4768 vero
2643 4711 2830 4766 nostri
2857 4710 3340 4781 antiquioresquc
3389 4707 3583 4766 excusi
3629 4700 3846 4763 codices,

2239 4806 2554 4859 animatum
2612 4802 2817 4872 spiritu
2865 4801 3115 4854 omnium
3185 4799 3501 4853 animarum
3556 4794 3845 4850 animatore-

2239 4894 2435 4950 Nostri
2467 4892 2759 4964 siquidem
2791 4889 3057 4945 Auctoris
3090 4887 3523 4960 argumentatio
3580 4880 3795 4938 ducitur
3818 4888 3845 4927 a

2240 4984 2469 5054 majori,
2496 4981 2759 5049 utaiunt,
2780 4978 2848 5034 ad
2875 4978 3093 5045 minus,
3118 4979 3236 5034 sive
3261 4996 3294 5034 a
3322 4982 3462 5043 toto,
3482 4972 3629 5047 quod
3649 4970 3838 5025 factum

2238 5074 2365 5140 fuit,
2402 5075 2471 5128 ad
2506 5078 2725 5144 partem
2760 5087 2884 5140 qua:
2935 5069 3059 5123 ﬁeri
3113 5068 3328 5124 idcirco
3378 5056 3837 5144 potest—Mundus.

2236 5164 2449 5235 inquit,
2484 5162 2802 5229 animatus,
2854 5158 2975 5211 sive
3034 5165 3268 5212 creatus
3317 5162 3403 5212 est
3433 5175 3463 5210 a
3498 5153 3593 5209 Dei
3635 5143 3839 5238 spiritu,

2235 5232 2500 5307 omnium
2530 5249 2862 5305 animarum
2886 5246 3244 5307 animatore;
3278 5262 3412 5318 ergo
3448 5245 3595 5299 idem
3620 5240 3733 5310 ipse
3756 5232 3841 5286 Dei

2234 5340 2477 5412 spiritus
2509 5341 2697 5409 potest
2727 5334 2997 5392 homines
3030 5351 3147 5389 non
3175 5335 3458 5402 omnium,
3493 5330 3589 5386 sed
3620 5340 3716 5383 suo
3736 5325 3841 5374 tan-

2232 5433 2381 5497 tum,
2415 5428 2625 5499 spiritu
2671 5425 2959 5481 animatos
2993 5427 3121 5493 post
3150 5440 3349 5478 eorum
3383 5425 3620 5476 mortem
3652 5416 3837 5499 iterum

2233 5518 2517 5583 animare,
2551 5522 2607 5570 et
2628 5529 2833 5568 rursus
2865 5528 2981 5565 non
3013 5528 3080 5565 ex
3113 5511 3315 5581 nihilo,
3350 5509 3429 5565 uti
3458 5509 3629 5580 prius,
3663 5497 3752 5556 sed
3772 5492 3834 5548 ab

2231 5604 2492 5669 interitu,
2527 5608 2585 5659 et
2634 5604 2751 5657 vita
2808 5605 2981 5655 antea
3037 5601 3361 5672 deperdita,
3416 5598 3486 5653 ad
3541 5587 3830 5650 secundam

2231 5695 2615 5765 eamdemque
2647 5706 2933 5749 revocare.
