4046 6168
296 377 419 440 981

1232 378 1303 437 D.
1352 377 1448 438 LE
1492 377 1818 438 NOURBY
1864 376 2510 437 OBSERVATIONES
2556 376 2814 438 NOVJE.

3602 374 3720 433 982

372 510 519 575 Quid
552 524 708 577 vero,
742 510 897 581 quod
946 509 1069 565 haec
1119 509 1247 582 ipsa
1278 511 1379 566 Dei
1428 510 1497 565 ad
1542 514 1806 567 mortuos
1849 509 1953 564 bo-
1982 510 2037 576 Α
2071 511 2399 581 praesideat,
2429 514 2550 565 tam
2584 510 2792 565 animaa
2824 525 3001 581 quam
3034 508 3195 565 carni
3222 530 3251 559 υ
3284 509 3491 576 (Idem,
3520 507 3623 564 lib.
3656 509 3721 564 de

300 601 495 656 mines
526 599 973 655 exsuscitandos
1025 601 1283 672 potentia
1334 616 1446 654 non
1498 599 1677 655 totius
1725 603 1955 654 tantum

301 689 534 754 mundi,
568 688 670 744 sed
720 688 849 758 ipsa
894 689 1069 743 etiam
1121 688 1246 743 sola
1295 689 1551 744 hominis
1602 687 1893 743 creatione
1925 706 1959 743 a

296 777 659 833 Tertulliano
718 775 1046 832 luculenter
1092 779 1553 834 demonstratur.
1606 777 1788 832 Homo
1838 782 1956 832 ete-

298 867 424 922 nim
484 872 799 937 antequam
851 870 1167 936 crearetur,
1202 867 1345 921 nihil
1400 870 1547 931 erat,
1581 864 1842 937 alioquin
1894 882 1956 921 se

298 957 488 1011 fuisse
548 955 758 1010 saltem
818 954 1135 1027 aliquando
1188 954 1572 1010 meminisset.
1611 956 1784 1026 Atqui
1830 955 1878 1009 si
1925 972 1958 1008 a

296 1044 416 1100 Deo
448 1048 680 1099 creatus
732 1048 822 1099 est
872 1060 939 1099 ex
999 1045 1206 1112 nihilo,
1240 1050 1433 1116 potest
1493 1045 1695 1116 utique
1753 1045 1953 1099 eadem

297 1132 403 1188 Dei
441 1133 702 1204 potentia
733 1137 789 1187 et
818 1132 1119 1188 voluntate
1150 1150 1183 1188 a
1213 1139 1396 1189 morte
1451 1133 1705 1188 revocari
1743 1134 1954 1203 (Ibz'd.).

296 1221 426 1277 Non
458 1221 614 1277 enim
650 1224 838 1292 major
868 1223 938 1277 ad
972 1223 1222 1294 primam
1256 1222 1630 1292 creationem,
1656 1238 1829 1294 quam
1863 1222 1957 1275 in-

297 1310 722 1367 staurationem
754 1316 809 1365 et
840 1312 1267 1368 restitutionem
1311 1312 1627 1384 requiritur
1673 1316 1951 1383 potestas.

295 1396 416 1451 Nec
475 1397 767 1453 curiosius
822 1396 1059 1469 quidem
1124 1399 1640 1471 importuniusque
1690 1399 1956 1469 requiras

296 1486 594 1557 quomodo
649 1487 703 1541 id
760 1487 883 1542 fieri
931 1492 1149 1559 queat:
1185 1510 1210 1540 ιι
1243 1489 1389 1543 Nam
1442 1490 1617 1544 redde
1668 1488 1715 1543 si
1770 1492 1957 1559 potes,

293 1575 496 1647 inquit
553 1575 977 1643 Tertullianus,
1030 1578 1339 1644 rationem,
1384 1594 1500 1648 qua
1549 1580 1739 1631 factus
1787 1592 1869 1644 es,
1902 1581 1959 1630 et

292 1670 440 1719 tunc
473 1664 705 1735 require
737 1683 853 1737 qua
880 1668 984 1722 ﬁes
1015 1690 1035 1715 υ
1064 1668 1265 1735 (Idem,
1297 1666 1481 1738 ibid.).
1508 1670 1631 1733 Qua
1661 1666 1955 1721 enimvero

300 1754 567 1826 potentia
626 1755 882 1826 primum
944 1757 1130 1811 factus
1182 1772 1265 1822 es,
1298 1757 1500 1811 eadem
1564 1760 1761 1826 postea
1820 1754 1955 1808 reﬁ-

302 1842 498 1899 cieris.
535 1844 921 1910 Quamobrem
970 1862 1018 1899 s1
1071 1846 1142 1900 de
1195 1846 1382 1916 prima
1432 1861 1543 1899 non
1592 1843 1850 1911 dubitas,
1884 1843 1955 1895 de

301 1933 565 1987 secunda
621 1934 808 1988 multo
865 1934 1064 1988 minus
1122 1934 1393 1989 dubitare
1452 1934 1683 1988 debes:
1736 1932 1954 1985 Etenim

298 2023 533 2092 facilius
589 2024 805 2094 utique,
858 2024 942 2077 uti
1001 2022 1095 2077 ille
1153 2024 1345 2077 adhuc
1403 2023 1505 2087 ait,
1546 2045 1571 2071 ‹‹
1625 2024 1749 2086 lies,
1796 2020 1950 2090 quod

302 2110 473 2166 fuisti
503 2111 840 2183 aliquando,
868 2114 1007 2184 quia
1034 2129 1199 2183 aeque
1232 2129 1345 2166 non
1379 2110 1616 2165 difﬁcile
1647 2112 1835 2165 factus
1866 2125 1951 2175 es,

300 2199 459 2272 quod
493 2217 608 2255 non
656 2200 816 2255 fuisti
871 2200 1186 2272 aliquando
1220 2223 1247 2249 »
1283 2200 1486 2271 (Ibat).
1518 2199 1706 2253 Simili
1756 2204 1951 2253 autem

300 2290 480 2344 modo
539 2289 859 2345 Minucium
916 2289 1195 2355 Felicem,
1248 2290 1645 2352 Laetantium,
1704 2292 1761 2342 et
1805 2286 1951 2341 alios

294 2377 671 2448 disputantes
712 2379 771 2433 in
803 2379 1204 2450 superioribus
1234 2377 1751 2434 dissertationibus
1784 2377 1952 2432 audi-

292 2466 493 2522 vimus
535 2468 839 2538 (Dissertat.
888 2471 949 2523 in
996 2469 1198 2523 Minue.
1248 2484 1375 2538 cap.
1425 2470 1479 2533 7,
1530 2470 1641 2521 nrt.
1686 2467 1752 2529 2;
1786 2471 1842 2521 et
1888 2467 1949 2521 in

293 2557 558 2611 Lactant.
591 2573 719 2628 cap.
748 2556 840 2621 29,
874 2561 984 2612 art.
1019 2558 1095 2625 4.)

372 2666 444 2717 At
473 2662 520 2717 si
554 2663 662 2717 hoc
693 2662 751 2717 in
787 2663 885 2717 Dei
931 2666 1220 2733 potestate
1252 2667 1341 2717 est
1371 2662 1611 2717 omnino
1666 2661 1947 2732 positum,

292 2748 449 2804 nihil
484 2750 640 2805 aliud
692 2752 1064 2823 probandum
1110 2755 1399 2822 superest,
1433 2768 1608 2822 quam
1644 2755 1707 2804 ut
1744 2752 1800 2803 id
1851 2750 1950 2806 ille

292 2837 463 2906 velit,
495 2856 669 2911 seque
698 2840 953 2895 voluisse
1001 2856 1199 2895 revera
1246 2840 1604 2909 signiﬁcarit.
1633 2840 1808 2910 Atqui
1842 2839 1949 2894 hoc

291 2926 447 2999 ipse,
476 2929 975 2999 quemadmodum
1010 2932 1228 2984 Auctor
1257 2934 1454 2983 noster
1481 2928 1764 2999 loquitur,
1788 2928 1952 2983 desti-

287 3018 449 3072 navit
504 3021 559 3074 et
612 3018 935 3089 praedicavit
966 3018 1328 3091 (Tertullian.
1371 3016 1553 3088 ibid.),
1605 3034 1708 3071 nec
1766 3016 1945 3072 semel

290 3106 557 3177 quidem,
582 3108 682 3162 sed
717 3108 931 3179 saepius
960 3108 1019 3162 in
1054 3108 1237 3163 sacris
1266 3107 1499 3171 veteris,
1526 3123 1592 3161 ac
1624 3107 1946 3177 praesertim

288 3195 426 3250 novi
460 3196 817 3252 Testamenti
848 3197 1185 3268 Scripturis.
1210 3196 1407 3266 Neque
1437 3196 1551 3250 huc
1576 3197 1945 3264 congerenda

2068 603 2355 654 resurrect
2390 617 2543 654 turn.
2578 616 2703 671 cap.
2740 600 2848 671 14).
2874 599 3056 654 Homo
3088 598 3243 653 enim
3278 615 3392 653 non
3426 596 3551 654 sola
3582 613 3718 669 pro-

2067 688 2217 743 fecto
2258 690 2479 754 anima,
2510 690 2610 744 sed
2645 706 2750 744 suo
2782 690 2955 744 etiam
2990 704 3230 759 corpore
3258 687 3405 743 bene
3435 691 3537 743 aut
3567 685 3720 742 male

2068 778 2205 848 agit.
2243 779 2320 833 Ea
2352 795 2607 849 namque
2638 782 2727 833 est
2764 778 2971 833 animae
3004 793 3136 832 cum
3172 793 3413 848 corpore
3443 775 3717 842 societas,

2069 890 2095 916 ‹‹
2131 867 2201 921 Ut
2233 868 2288 921 in
2325 884 2515 937 carne,
2540 872 2596 921 et
2626 884 2758 921 cum
2799 883 2973 921 carne
3006 870 3062 921 et
3093 883 3195 935 per
3224 882 3458 921 carnem
3488 869 3719 937 agatur,

2068 958 2219 1027 quod
2250 958 2445 1028 agitur
2469 956 2527 1009 in
2552 957 2722 1011 corde
2748 978 2774 1005 ››
2798 956 2963 1026 (Ibid.
2991 972 3117 1027 cap.
3149 956 3259 1027 15),
3284 954 3341 1009 id
3368 958 3477 1025 est,
3499 954 3721 1009 anima.

2066 1046 2211 1109 Quin
2246 1046 2421 1100 etiam
2465 1045 2513 1099 si
2566 1044 2883 1117 aliquando
2916 1044 3110 1099 anima
3158 1043 3285 1099 sola
3330 1042 3566 1115 cogitet,
3600 1042 3720 1097 hac

2067 1134 2228 1189 illius
2269 1134 2543 1206 cogitatio
2576 1134 2671 1188 vix
2723 1150 2984 1205 unquam
3034 1133 3161 1188 sine
3205 1132 3403 1205 aliquo
3455 1131 3719 1203 corporis

2066 1224 2414 1278 commercio
2448 1223 2696 1278 habetur
2729 1240 2742 1278 :
2772 1244 2793 1273 ι
2829 1223 2974 1277 Nam
3008 1223 3056 1277 si
3086 1222 3310 1277 volutet
3339 1222 3478 1293 quid
3495 1219 3714 1288 anime,

2067 1312 2147 1369 ait
2174 1312 2591 1378 Tertullianus,
2626 1312 2826 1367 vultus
2874 1318 3150 1382 operatur
3198 1311 3505 1378 indicium,
3539 1308 3718 1365 facies

2066 1401 2457 1456 intentionum
2490 1401 2753 1456 omnium
2788 1399 3092 1471 speculum
3126 1403 3215 1454 est
3237 1420 3264 1448 ››
3298 1398 3502 1469 (Ibid.).

2134 1509 2265 1563 Jam
2306 1526 2442 1563 vero
2475 1508 2859 1577 investigandi
2893 1523 3008 1561 non
3049 1512 3139 1561 est
3166 1506 3331 1561 locus
3374 1511 3575 1561 utrum
3620 1504 3718 1559 ille

2067 1614 2266 1652 revera
2298 1598 2572 1669 opinatus
2616 1598 2693 1651 sit
2747 1596 2890 1650 nihil
2927 1612 3168 1666 prorsus
3226 1610 3397 1666 posse
3456 1595 3717 1650 animam

2067 1702 2234 1757 agere
2266 1687 2393 1740 sine
2437 1685 2695 1755 corporis
2740 1684 3113 1747 commercio,
3146 1687 3203 1737 et
3233 1682 3359 1736 sine
3389 1680 3552 1736 illius
3583 1697 3715 1736 sen-

2066 1775 2251 1830 sibus.
2287 1775 2366 1828 De
2398 1775 2506 1829 hac
2539 1773 2693 1828 enim
2725 1773 2999 1843 opinione
3039 1772 3257 1842 aliquid
3293 1770 3712 1842 praamisimus,

2065 1870 2121 1919 et
2154 1864 2414 1935 proxime
2445 1864 2514 1918 de
2546 1880 2611 1918 ea
2642 1861 2969 1918 disserendi
3000 1861 3236 1916 dabitur
3264 1860 3511 1916 occasio.
3544 1860 3711 1915 Nune

2064 1954 2259 2024 itaque
2301 1952 2556 2007 sufﬁciat
2605 1952 2918 2007 adnotasse
2974 1950 3283 2022 plurimos,
3317 1949 3489 2005 sicuti
3538 1964 3710 2004 nemo

2063 2049 2255 2113 negat,
2282 2042 2489 2096 animas
2522 2046 2691 2096 actus
2722 2057 2836 2095 non
2860 2040 2988 2095 sine
3014 2040 3273 2111 corporis
3304 2054 3708 2109 sensuumque

2063 2130 2389 2185 ministerio
2431 2130 2650 2201 perﬁci.
2684 2128 2950 2185 Hominis
2981 2128 3198 2201 quippe
3227 2144 3441 2199 corpus
3471 2127 3552 2182 ita
3581 2128 3706 2182 ani-

2064 2237 2169 2274 mai
2201 2219 2577 2289 conjunctum
2610 2228 2714 2283 est,
2741 2223 2805 2272 ut
2835 2217 3158 2287 plurimum
3190 2217 3397 2272 saltem
3432 2216 3578 2271 bene
3611 2220 3712 2270 aut

2063 2308 2212 2363 male
2244 2309 2585 2363 meritorum
2620 2309 2697 2362 sit
2727 2306 2927 2377 utique
2967 2306 3279 2378 particeps.
3302 2306 3483 2360 Totus
3532 2304 3712 2376 igitur

2060 2400 2256 2467 homo,
2289 2399 2398 2453 hoc
2446 2404 2554 2463 est,
2586 2414 2798 2469 corpus
2856 2397 2985 2466 ejus
3046 2401 3103 2452 et
3160 2397 3357 2451 anima
3416 2394 3622 2449 ultimo
3655 2398 3712 2449 et

2059 2489 2395 2560 tequissimo
2452 2488 2548 2543 Dei
2600 2487 2825 2558 judicio
2882 2485 3282 2556 repraesentari
3343 2485 3591 2550 debent;
3648 2488 3713 2539 ut

2058 2583 2405 2633 cunctorum
2440 2577 2498 2631 in
2521 2575 2629 2630 hac
2654 2575 2885 2631 mortali
2905 2576 3027 2630 vita
3050 2579 3312 2630 actorum
3344 2578 3447 2629 aut
3478 2588 3707 2645 pcenam

2059 2666 2342 2736 recipiant
2374 2670 2476 2721 aut
2505 2666 2831 2736 praemium.

2128 2756 2326 2826 Neque
2349 2755 2456 2809 sibi
2480 2756 2695 2809 Auctor
2720 2757 2918 2809 noster
2939 2753 3112 2823 objici
3146 2752 3363 2823 patitur
3385 2751 3571 2808 solam
3603 2752 3709 2808 ho-

2058 2844 2235 2899 minis
2257 2844 2517 2898 animam
2552 2842 2732 2897 libero
2759 2843 2846 2897 uti
2867 2841 3185 2897 voluntatis
3211 2841 3472 2909 arbitrio,
3496 2846 3554 2896 et
3576 2857 3706 2897 cor—

2058 2938 2472 3005 pustanquam
2508 2932 2966 2987 instrumentum
2999 2931 3057 2984 in
3087 2930 3285 2986 omnia
3316 2929 3556 3001 impelli.
3580 2930 3706 2985 Non

2056 3022 2211 3077 enim
2260 3021 2402 3076 illud
2436 3026 2773 3075 extraneum
2825 3019 3035 3075 animae
3084 3020 3542 3074 instrumentum
3594 3025 3705 3091 est,

2057 3112 2155 3166 sed
2190 3112 2333 3166 adeo
2356 3110 2563 3165 animae
2592 3111 2941 3175 adunatum,
2967 3115 3031 3163 ut
3054 3109 3206 3164 sicut
3228 3109 3527 3164 actionum
3551 3109 3705 3177 ejus,

2056 3199 2140 3255 ita
2168 3204 2225 3254 et
2256 3198 2599 3253 meritorum
2632 3197 2709 3253 sit
2739 3198 3049 3268 particeps.
3073 3197 3212 3251 Post
3245 3197 3452 3251 mundi
3478 3212 3615 3267 ergo
3638 3197 3705 3251 tl-

284 3289 433 3340 sunt
462 3300 662 3340 eorum
690 3286 1051 3352 testimonia,
1081 3303 1209 3356 qua:
1232 3285 1506 3339 omnibus
1534 3284 1751 3355 passim
1776 3284 1944 3339 obvia
1975 3254 2017 3320 Ο
2057 3304 2190 3343 nem
2226 3288 2294 3343 ad
2329 3287 2506 3341 vitam
2540 3287 2710 3341 debet
2762 3285 3041 3351 revocari,
3073 3290 3137 3339 ut
3159 3286 3325 3355 justo
3357 3284 3456 3340 Dei
3479 3284 3705 3355 judicio

284 3382 451 3442 sunt,
486 3391 592 3430 nec
638 3375 795 3430 ullus
840 3374 1033 3447 plane,
1066 3376 1168 3446 qui
1198 3391 1296 3429 eas
1326 3374 1413 3429 vel
1464 3372 1759 3428 levissime
1808 3373 1944 3427 atti-

281 3462 458 3535 gerit,
490 3463 761 3535 ignorare
808 3468 1015 3534 potest.
1052 3463 1392 3519 Certissima
1423 3468 1619 3517 autem
1652 3466 1761 3526 est,
1795 3462 1948 3517 sicut

281 3569 465 3623 supra
514 3554 903 3617 ostendimus,
956 3552 1191 3608 illorum
1247 3552 1564 3607 auctoritas
1595 3552 1781 3622 (supr.
1816 3569 1942 3622 cap.

279 3641 340 3707 6,
373 3646 483 3696 art.
516 3643 551 3696 3
601 3646 659 3697 et
708 3643 914 3714 seqq.).
950 3642 1191 3697 Constat
1220 3658 1354 3707 ergo
1400 3641 1585 3695 Deum
1646 3644 1701 3694 et
1750 3658 1943 3712 posse,

281 3735 341 3783 et
372 3729 540 3797 velle,
573 3736 637 3786 ut
668 3746 873 3787 omnes
904 3732 1146 3787 omnino
1181 3730 1394 3785 mortui
1430 3729 1699 3784 homines
1731 3729 1791 3785 in
1824 3731 1941 3800 pri-

283 3818 503 3875 stinam
563 3820 693 3875 vitae
761 3838 880 3876 sua:
947 3820 1343 3876 conditionem
1410 3818 1815 3888 restituantur,
1878 3836 1943 3873 ac

285 3907 536 3979 proinde
586 3911 844 3965 futuram
878 3910 1030 3965 898
1070 3909 1328 3981 profecto
1377 3923 1505 3963 esse
1552 3906 1786 3963 illorum
1819 3924 1943 3963 om-

286 3996 454 4051 nium
490 3998 561 4053 ad
594 3999 771 4054 vitam
802 3999 1216 4055 reversionem.

353 4085 543 4141 Instat
565 4087 759 4142 adhuc
780 4086 1199 4152 Tertullianus,
1222 4085 1453 4157 alioque
1476 4090 1823 4156 argumento
1847 4088 1942 4141 de'

280 4180 577 4231 monstrat
624 4194 867 4249 prorsus
907 4176 1301 4232 necessarium
1334 4193 1486 4243 esse,
1508 4181 1572 4230 ut
1602 4192 1807 4231 omnes
1836 4176 1937 4231 ho-

280 4265 474 4320 mines
507 4266 721 4321 mortui
753 4267 824 4321 ad
856 4266 1035 4320 vitam
1084 4266 1399 4336 aliquando
1434 4266 1691 4320 redeant.
1724 4267 1935 4319 Totum

280 4358 478 4410 autem
500 4353 645 4409 illud
666 4360 1081 4427 argumentum
1105 4355 1268 4409 hisce
1288 4353 1475 4408 verbis
1493 4353 1933 4423 complectitur:

285 4465 313 4497 ι
342 4444 509 4499 Certe
536 4444 674 4516 quia
723 4444 869 4500 ratio
913 4443 1306 4499 restitutionis
1360 4443 1672 4497 destinatio
1723 4438 1937 4513 judicii

277 4537 387 4602 est,
420 4534 752 4589 necessario
804 4533 960 4588 idern
994 4533 1091 4603 qui
1128 4534 1317 4586 fuerat
1345 4532 1671 4594 exhibetur,
1708 4539 1771 4587 ut
1802 4533 1939 4587 boni

2055 3393 2157 3449 pro
2191 3377 2415 3431 meritis
2450 3376 2726 3445 puniatur
2755 3379 2859 3430 aut
2889 3379 3315 3430 remuneretur.

2126 3486 2424 3551 'I‘ertium‘,
2461 3502 2576 3557 quo
2605 3483 3002 3539 Tertullianus
3032 3484 3292 3540 futuram
3324 3483 3583 3539 hominis
3616 3500 3704 3539 re-

2055 3576 2475 3629 surrectionem
2509 3575 2756 3646 probare
2781 3574 3006 3639 nititur,
3030 3578 3443 3646 argumentum
3468 3590 3578 3629 sua
3597 3573 3704 3628 dif-

2054 3663 2311 3719 ficultate
2343 3681 2455 3718 non
2502 3668 2679 3729 caret,
2714 3663 3093 3734 pluribusque
3143 3662 3354 3717 falsum
3386 3662 3699 3718 videbitur.

2054 3752 2217 3806 Hunc
2248 3752 2401 3808 enim
2446 3752 2540 3806 ille
2573 3752 3098 3823 argumentabatur
3127 3752 3184 3806 in
3222 3752 3459 3806 modum
3491 3751 3696 3821 (Idem,

2054 3840 2325 3911 Apologet.
2380 3858 2506 3912 cap.
2562 3842 2650 3905 48,
2703 3856 2832 3912 pag.
2864 3842 2991 3911 520)
3027 3858 3040 3896 :
3072 3863 3098 3889 ‹‹
3135 3841 3267 3895 Ideo
3313 3845 3697 3913 repraesenta-

2053 3931 2278 3985 buntur
2307 3929 2513 3985 enimce
2546 3934 2601 3984 et
2632 3946 2904 4000 corpora;
2950 3929 3087 4000 quia
3136 3944 3325 3999 neque
3373 3930 3489 3999 pati
3522 3929 3693 3999 quid-

2053 4035 2231 4090 quam
2255 4023 2441 4090 potest
2461 4018 2660 4072 anima
2689 4017 2811 4072 sola
2838 4020 2963 4072 sine
2985 4017 3228 4072 materia
3250 4017 3470 4086 stabili,
3499 4017 3555 4071 id
3577 4020 3690 4087 est,

2051 4123 2242 4163 carne.
2272 4130 2298 4156 ››
2324 4106 2615 4177 Numquid
2670 4123 2805 4178 ergo
2854 4106 3053 4161 anima
3090 4106 3245 4161 894
3277 4105 3422 4160 nihil
3454 4122 3696 4177 prorsus

2050 4196 2371 4268 quidquam
2408 4196 2529 4251 sine
2561 4213 2731 4250 carne
2764 4195 2881 4267 pati
2912 4196 3140 4267 potest?
3172 4197 3257 4250 Ita
3288 4211 3448 4261 sane,
3474 4194 3699 4265 inquiet

2048 4286 2284 4357 aliquis,
2305 4286 2657 4357 opinabatur
2681 4284 3099 4339 Tertullianus.
3129 4284 3271 4340 Nam
3297 4283 3410 4339 alio
3432 4282 3529 4338 ille
3550 4283 3609 4338 in
3634 4282 3695 4337 li-

2047 4376 2149 4431 bro
2173 4375 2427 4429 animam
2452 4374 2546 4429 his
2564 4375 2923 4444 totidemque
2946 4372 3257 4444 compellat
3276 4372 3470 4428 verbis
3489 4373 3693 4441 (Idem,

2044 4463 2110 4519 de
2143 4466 2352 4520 Testim.
2386 4467 2559 4518 am‘m.
2594 4480 2720 4535 cap.
2756 4464 2843 4534 li):
2878 4485 2902 4515 ι
2932 4462 3308 4518 Afﬁrmamus
3355 4467 3411 4517 te
3456 4477 3693 4518 manere

2044 4558 2175 4626 post
2206 4554 2330 4607 vita:
2360 4553 2853 4625 dispunctionem,
2888 4557 2945 4607 et
2982 4556 3316 4624 exspectare
3346 4552 3500 4607 diem
3525 4550 3691 4623 judi-

277 4639 414 4716 3_e“_
440 4623 718 4678 contrarii
753 4622 968 4716 {mliti
1011 4622 1302 4716 Ῑιξᾷίοίυω
1350 4624 1493 4716 ffrat
1518 4644 1545 4669 ”
1568 4621 1935 4692 (Termllian-
1965 4628 2012 4693 D
2045 4621 2373 4716 cii,proque
2403 4621 2611 4697 merito
2636 4646 2737 4697 aut
2764 4621 3121 4697 excruciatu—i
3154 4621 3575 4708 destinari,aut
3604 4656 3689 4696 re-

276 4711 559 4782 Apologet.
585 4728 713 4784 cap.
741 4712 1034 4783 48).Docet
1059 4710 1255 4782 itaque
1281 4709 1507 4765 nullum
1542 4728 1783 4781 prorsus
1803 4728 1932 4767 esse

275 4800 592 4856 dubitandi
628 4799 846 4868 locum,
868 4800 1010 4872 quin
1036 4816 1241 4855 omnes
1263 4800 1531 4854 homines
1552 4806 1808 4855 extremo
1831 4801 1928 4856 Dei

265 4888 500 4960 judicio
528 4888 585 4943 in
611 4888 814 4944 mundi
840 4890 957 4944 fine
979 4889 1187 4943 sistere
1210 4905 1270 4943 se
1292 4888 1710 4943 debeant.Fieri
1737 4892 1928 4943 autem

271 4976 333 5033 id
356 4994 473 5032 non
495 4982 707 5049 potest,
726 4977 839 5033 nisi
859 4978 931 5033 ad
944 4977 1121 5033 vitam
1141 4981 1525 5047 revertantur,
1541 4982 1714 5048 atque
1732 4994 1931 5049 supre-

276 5083 437 5121 mam
465 5068 789 5122 secundum
810 5084 918 5121 sua
932 5066 1017 5121 vel
1043 5065 1292 5121 bonavel
1315 5066 1467 5121 mala
1490 5066 1931 5122 meritasenlen-

274 5156 443 5223 tiam,
473 5161 646 5226 atque
679 5155 986 5227 praemium
1015 5159 1118 5210 aut
1148 5172 1373 5226 pamam
1408 5172 1441 5209 a
1474 5160 1585 5210 Deo
1617 5155 1926 5226 accipiant.

346 5263 458 5316 Sed
494 5262 602 5316 hoc
627 5266 1040 5334 argumentum
1070 5262 1282 5315 Auctor
1314 5265 1510 5315 noster
1542 5261 1710 5332 longe
1740 5262 1928 5317 fusius

278 5354 446 5421 urget
479 5351 535 5405 in
569 5368 675 5405 suo
706 5352 772 5405 de
812 5351 1221 5406 Resurrectz‘one
1266 5350 1449 5405 carni:
1496 5350 1664 5414 libro,
1698 5350 1795 5405 ubi
1846 5352 1926 5406 sic

274 5439 581 5510 disputat:
606 5462 633 5490 ››
663 5440 791 5495 Haec
821 5440 929 5494 erit
958 5444 1080 5495 tota
1111 5456 1311 5507 causa,
1344 5439 1461 5493 imo
1494 5440 1814 5494 necessitas
1845 5457 1928 5494 re-

276 5529 683 5595 surrectionis,
708 5528 1241 5602 congruentissima
1275 5528 1496 5583 scilicet
1517 5528 1632 5583 Deo
1664 5528 1921 5583 destina-

277 5620 375 5691 tio,
395 5619 627 5691 judicii,
644 5620 713 5675 de
735 5621 903 5691 cujus
922 5618 1305 5691 dispositione
1328 5618 1606 5691 dispicias
1630 5637 1701 5675 an
1728 5619 1927 5690 utique

279 5710 624 5768 substantias
678 5710 945 5768 humanis
996 5708 1388 5779 dijudicandae
1438 5725 1685 5765 censura
1735 5709 1928 5764 divina

2043 4734 2297 4805 frigerio,
2338 4736 2589 4802 utroque
2646 4731 3023 4801 sempiterno.
3048 4730 3272 4793 Quibus
3324 4729 3687 4786 sustinendis

2043 4821 2372 4878 necessario
2395 4820 2497 4875 tibi
2526 4820 2923 4876 substantiam
2950 4818 3281 4890 pristinam,
3303 4818 3689 4889 ejusdemque

2038 4910 2298 4967 hominis
2331 4908 2636 4965 materiam
2669 4914 2724 4963 et
2754 4908 3097 4963 memoriam
3129 4906 3687 4979 reversuram,quod

2040 5006 2097 5057 et
2117 5000 2260 5055 nihil
2284 4998 2421 5053 mali
2446 5015 2511 5052 ac
2535 4997 2669 5051 boni
2702 4996 2917 5051 sentire
2949 4996 3160 5068 possis,
3181 4996 3310 5051 sine
3330 4995 3521 5051 carnis
3552 5012 3687 5067 pas-

2041 5088 2284 5145 sionalis
2308 5086 2664 5155 facultate,et
2686 5084 2845 5140 nulla
2864 5087 2941 5140 sit
2961 5085 3106 5141 ratio
3126 5084 3336 5155 judicii
3354 5084 3480 5139 sine
3499 5084 3688 5157 ipsius

2039 5177 2413 5243 exhibitione,
2440 5174 2538 5246 qui
2566 5173 3010 5244 meruitjudicii
3032 5173 3386 5245 passionem.
3414 5194 3444 5223 »
3465 5173 3582 5230 Nec
3602 5190 3689 5230 se-

2042 5266 2153 5320 mel
2205 5266 2401 5337 igitur,
2429 5280 2531 5319 nec
2562 5264 2920 5332 dubitanter,
2948 5263 3047 5318 sed
3082 5267 3486 5319 asseveranter
3528 5263 3685 5317 affir-

2041 5364 2179 5421 mal,
2204 5359 2261 5409 et
2292 5354 2502 5425 repetit
2532 5353 2787 5406 animam
2823 5352 2967 5406 nihil
2998 5368 3167 5423 posse
3198 5352 3438 5407 omnino
3470 5351 3687 5406 sentire

2040 5444 2167 5498 sine
2201 5443 2290 5497 sui
2342 5443 2614 5497 societate
2655 5442 2935 5514 corporis.
2971 5442 3113 5497 Tam
3146 5458 3346 5496 verum
3398 5444 3591 5495 autem
3624 5439 3680 5493 id

2038 5549 2166 5588 esse
2197 5531 2517 5586 arbitratus
2549 5536 2655 5601 est,
2678 5536 2741 5585 ut
2770 5530 2905 5585 inde
2928 5530 3238 5585 concludat
3262 5529 3390 5583 ideo
3416 5528 3683 5581 futurum

2036 5638 2164 5677 esse
2197 5620 2409 5676 mortui
2445 5620 2684 5675 humani
2711 5618 2968 5691 corporis
2999 5619 3071 5672 ad
3110 5617 3286 5671 vitam
3319 5631 3676 5687 regressum,

2036 5710 2171 5782 quia
2192 5709 2388 5766 anima
2408 5709 2535 5765 sine
2568 5709 2664 5765 illo
2686 5708 2832 5764 nihil
2864 5706 3001 5764 boni
3020 5710 3124 5763 aut
3148 5704 3288 5763 mali
3315 5718 3483 5777 agere
3502 5702 3675 5761 valet.
