4118 6182
428 342 548 404 983

948 345 1481 408 TERTULLIANI
1527 324 1852 409 Ol’EHUM
1896 346 2094 406 PARS
2140 346 2188 405 l.
2221 378 2295 387 —
2336 344 2611 405 SEBIES
2654 345 2703 415 Ι,
2750 341 3308 404 APOLOGETICA.

3689 350 3795 410 984

503 476 615 531 Sed
647 480 839 543 tuum,
864 476 911 531 si
956 478 1168 549 possis,
1204 496 1515 535 assensum
1549 479 1846 552 paulisper
1878 478 2081 534 retine.
2114 478 2168 543 Α
2198 476 2539 533 voluntatis.
2576 476 2748 531 Porro
2777 475 2826 531 si
2856 474 2977 530 haec
3017 474 3162 531 satis
3192 480 3386 531 essent
3415 476 3479 531 ad
3514 477 3797 549 plenitudi-

435 564 711 621 Animum
761 569 957 622 autem
999 571 1170 622 antea
1197 568 1369 623 velim
1404 570 1471 623 ad
1523 586 1591 625 ea
1635 570 1923 633 advertas,
1962 585 2088 639 quae

437 655 510 713 ab
542 656 745 711 eodem
777 655 1133 711 Tertulliano
1166 656 1221 711 in
1260 657 1427 713 libris
1455 660 1523 713 de
1551 660 1774 727 Anima,
1806 662 1863 712 et
1895 660 2089 713 Resur-

438 747 679 802 rectione
709 747 894 800 carnis
923 746 1223 817 disputata
1253 751 1410 817 sunt,
1435 752 1490 803 et
1521 748 1617 802 ubi
1652 750 1786 803 data
1818 763 1989 816 opera
2021 749 2092 802 de

438 834 655 892 mortui
691 835 951 906 corporis
974 837 1042 890 ad
1068 835 1245 890 vitam
1279 836 1491 906 reditu,
1516 841 1572 892 et
1597 836 1801 892 animae
1827 838 1897 892 ad
1921 853 2093 908 agen'

438 926 577 981 dum
611 926 668 979 et
698 922 1037 995 patiendum
1073 924 1347 980 facultate
1380 926 1619 981 uberius
1651 926 1904 982 disserit.
1930 928 2001 980 At
2030 926 2089 981 in

436 1012 629 1086 priore
676 1011 824 1069 libro
856 1012 1243 1069 disertissime
1292 1030 1357 1069 ac
1406 1014 1744 1070 ﬁrmissime
1795 1018 2091 1071 asseverat

435 1102 721 1167 animam,
755 1118 787 1157 a
827 1118 1065 1173 corpore
1119 1107 1470 1175 separatam,
1502 1104 1587 1158 vel
1638 1103 1757 1175 pati
1806 1103 2087 1175 dolorem,

434 1191 523 1247 vel
576 1191 791 1263 gaudio
844 1191 1133 1263 perfundi.
1167 1191 1380 1248 Omnes
1430 1193 1726 1264 siquidem
1780 1193 2086 1249 hominum

437 1280 647 1337 animae
680 1283 812 1352 post
842 1296 1045 1335 eorum
1071 1284 1317 1336 mortem
1342 1282 1494 1351 apud
1524 1282 1741 1338 inferos
1767 1286 2091 1352 manent,et

437 1370 589 1438 velis,
622 1369 834 1439 inquit,
865 1385 929 1423 ac
957 1370 1119 1438 nolis,
1151 1376 1206 1424 et
1231 1371 1501 1442 supplicia
1526 1375 1666 1443 jam
1696 1373 1815 1426 illic
1842 1376 1893 1427 et
1921 1373 2087 1441 refri-

437 1460 613 1530 geria.
638 1458 787 1511 Tum
821 1456 1031 1512 deinde
1056 1458 1350 1528 objicienti
1381 1460 1491 1513 sibi
1514 1460 1930 1531 opperiendam
1962 1477 2091 1516 esse

441 1544 672 1613 animae,
697 1549 763 1598 ut
792 1543 985 1599 doleat
1009 1548 1110 1599 aut
1138 1546 1410 1616 gaudeat,
1438 1546 1653 1612 carnis,
1679 1563 1917 1618 operum
1952 1563 2089 1601 con-

442 1633 644 1699 sortis,
669 1634 1175 1700 resurrectionem,
1208 1634 1358 1688 haud
1391 1634 1729 1690 dubitanter
1776 1636 2091 1707 respondet

440 1722 500 1777 id
536 1739 649 1776 non
682 1738 811 1777 esse
842 1724 1257 1777 necessarium.
1282 1722 1426 1777 Nam
1449 1723 1523 1778 de
1545 1740 1665 1789 suo,
1688 1728 1752 1778 ut
1782 1724 1877 1779 ille
1898 1725 2088 1797 loqui-

441 1814 557 1881 tur,
579 1812 789 1883 sufﬁcit
827 1811 897 1865 ad
942 1817 1229 1883 utrumque
1258 1813 1484 1867 titulum
1514 1816 1812 1881 passionis.
1838 1818 1906 1868 Et
1936 1819 2089 1869 certe
2121 1849 2169 1914 Β

441 1900 572 1972 ipsa
601 1900 725 1955 sola
768 1899 893 1955 sine
924 1902 1183 1971 corporis
1223 1901 1549 1956 ministerio
1581 1902 1666 1956 vel
1700 1903 1804 1973 ira,
1840 1903 1925 1957 vel
1958 1904 2089 1959 odio

440 1987 759 2059 aliquando
796 1993 1120 2058 torquetur,
1157 1988 1475 2060 aliquando
1507 1991 1682 2046 etiam
1715 1992 1931 2048 afﬁicto
1961 2009 2092 2047 cor-

441 2093 603 2149 pore,
627 2076 713 2131 uti
738 2078 924 2145 Mutii,
949 2078 1218 2142 Zenonis,
1241 2082 1299 2134 et
1326 2078 1573 2134 aliorum
1596 2081 1859 2153 exemplo
1881 2083 2092 2138 conﬁr-

443 2168 587 2231 mat,
618 2167 889 2235 lurtivum
917 2166 1023 2221 sibi
1069 2168 1333 2237 gaudium
1376 2171 1618 2240 exquirit
1646 2171 1857 2241 (lbid.).
1881 2171 2095 2227 Contra

442 2270 577 2309 vero
609 2269 1057 2326 nonnunquam,
1087 2255 1268 2311 illaeso
1299 2273 1558 2328 corpore,
1584 2259 1758 2329 dolet,
1784 2261 2094 2331 premitur,

446 2347 506 2399 et
535 2342 920 2399 excruciatur.
947 2345 1117 2416 Atqui
1149 2345 1196 2400 si
1244 2344 1303 2399 in
1335 2345 1443 2401 hac
1474 2346 1591 2401 vita
1621 2352 1679 2402 et
1706 2349 1931 2421 corpori
1966 2348 2095 2404 alli-

447 2436 586 2505 gata
615 2432 828 2504 gaudio
857 2437 961 2487 aut
989 2450 1234 2489 mcerore
1267 2434 1389 2489 sola
1421 2436 1693 2507 afﬁcitur,
1721 2441 1940 2509 quanto
1976 2454 2096 2491 ma-

449 2520 539 2594 gis
573 2522 807 2592 quando
836 2526 969 2594 post
1000 2526 1243 2578 mortem
1275 2524 1347 2577 ab
1388 2540 1453 2579 eo
1498 2526 1784 2596 sejuncta,
1819 2526 2093 2582 ultimum

443 2608 737 2680 judicium
770 2614 1084 2681 exspectat.
1111 2611 1369 2682 Denique
1399 2613 1635 2682 quidam
1657 2615 1786 2684 ejus
1816 2615 1944 2671 sine
1973 2631 2097 2669 car-

453 2697 547 2753 nis
596 2698 946 2754 commercio
995 2703 1136 2754 sunt
1194 2704 1383 2766 actus,
1416 2701 1497 2755 uti
1550 2701 1657 2757 soli
1708 2704 2016 2776 cogitatus,
2041 2709 2099 2758 et

450 2787 625 2843 nudae
670 2786 1021 2858 voluntates,
1055 2805 1182 2860 qum
1210 2805 1449 2846 censura
1499 2791 1700 2847 divina
1746 2795 2099 2864 prosequitur

450 2876 661 2948 (Idem,
685 2876 756 2932 de
786 2877 968 2931 Anim.
1002 2894 1128 2949 cap.
1166 2880 1272 2949 17).
1308 2879 1386 2933 Ex
1419 2880 1635 2951 quibus
1673 2881 1769 2936 ille
1808 2882 1958 2937 hanc
1988 2882 2097 2937 eli-

449 2964 527 3020 cit
579 2964 1010 3021 conclusionem
1047 2983 1059 3020 :
1094 2990 1121 3015 «
1155 2967 1302 3038 Ergo
1355 2973 1590 3040 propter
1635 2971 2095 3043 congruentissi-

445 3070 611 3109 mum
643 3058 731 3111 est
762 3055 1044 3124 animam,
1077 3056 1212 3111 licet
1244 3074 1357 3111 non
1402 3062 1731 3130 exspectata
1762 3076 1955 3126 carne,
1990 3078 2096 3133 pu-

449 3142 585 3210 niri,
609 3144 763 3215 quod
813 3160 925 3199 non
978 3145 1200 3200 sociata
1229 3162 1403 3200 carne
1434 3148 1730 3203 commisit
1766 3164 1777 3202 :
1814 3149 1898 3203 sic
1940 3154 1996 3205 et
2024 3150 2097 3205 ob

446 3231 736 3304 cogitatus
767 3233 894 3303 pios
940 3238 998 3288 et
1042 3234 1371 3302 benevolos,
1407 3236 1464 3289 in
1511 3236 1727 3306 quibus
1776 3254 1947 3293 carne
1982 3256 2092 3293 non
2124 3224 2167 3291 C

450 3320 630 3387 eguit,
681 3320 808 3376 sine
864 3336 1037 3376 carne
1096 3323 1472 3377 recreabitur.
1506 3347 1533 3374 »
1567 3326 1777 3380 Eadem
1835 3344 1992 3393 vero,
2042 3333 2099 3384 et

450 3408 622 3481 plura
653 3410 766 3464 alia
809 3410 866 3464 in
901 3409 1050 3465 libro
1080 3411 1144 3466 de
1174 3412 1579 3468 Resurrectione
1608 3415 1793 3469 carnis
1832 3416 2097 3482 tradidit,

453 3497 553 3552 ubi
597 3513 665 3552 ex
713 3500 974 3568 professo
1022 3500 1389 3555 demonstrat
1416 3502 1487 3556 ad
1520 3502 1698 3557 vitam
1746 3506 2098 3561 revocandos

453 3599 583 3641 esse
613 3587 853 3642 omnino
882 3586 1175 3642 homines.

525 3708 674 3776 Quid
706 3710 881 3781 ergo?
928 3710 1182 3781 inquies,
1218 3713 1505 3785 numquid
1535 3714 1932 3773 Tertullianus
1978 3721 2096 3773 tam

450 3797 705 3856 absurde
736 3798 848 3855 sibi
880 3801 1267 3857 contradixit?
1300 3802 1410 3858 Sed
1442 3803 1491 3859 si
1522 3821 1872 3876 suspensum
1906 3806 2097 3864 adhuc

449 3887 717 3943 animum
767 3888 983 3945 habere
1028 3891 1194 3959 velis,
1228 3891 1521 3948 sublatam
1572 3894 1644 3949 ab
1693 3894 1820 3966 ipso
1871 3896 2096 3952 videbis

447 3976 598 4033 hanc
614 3977 849 4033 tametsi
869 3996 981 4033 non
1003 3978 1305 4036 minimam
1322 3982 1800 4039 contradictionis
1817 3985 2091 4057 speciem.

444 4064 588 4127 Nam
620 4067 677 4121 in
704 4067 907 4123 eodem
929 4067 995 4122 de
1027 4069 1436 4126 Resurrectione
1458 4071 1607 4127 libro
1634 4089 1702 4128 ea
1725 4074 2094 4146 repetit,quaa

446 4155 688 4226 dixerat,
713 4157 862 4214 895
900 4156 1126 4213 animas
1171 4175 1315 4214 nunc
1355 4164 1602 4231 torqueri
1628 4164 1908 4235 [onerique
1930 4180 2096 4235 penes

445 4245 671 4317 inferos,
696 4246 823 4302 licet
852 4246 1049 4313 nudas,
1080 4248 1202 4304 licet
1232 4248 1410 4304 adhuc
1437 4251 1650 4305 exsules
1678 4254 1865 4307 carnis
1889 4254 2091 4323 (Idem,

444 4332 509 4389 de
536 4336 841 4391 Resurrect.
873 4352 1025 4391 earn.
1079 4353 1205 4407 cap.
1260 4338 1367 4409 17).
1410 4339 1555 4402 Quia
1610 4356 1744 4395 vero
1801 4357 2093 4411 opponere

441 4429 646 4479 contra
674 4424 916 4495 quidam
942 4429 1212 4496 poterant
1246 4426 1379 4481 inde
1402 4428 1608 4483 conﬁci
1642 4446 1814 4499 posse
1834 4429 2089 4485 animam

441 4510 553 4565 sibi
586 4512 673 4566 sic
704 4513 971 4567 sufﬁcere
1001 4513 1071 4568 ad
1097 4515 1440 4583 facultatem,
1476 4516 1627 4571 sicut
1657 4516 1781 4587 ipse
1810 4517 2089 4589 loquitur,

2203 581 2334 620 nem
2366 566 2737 633 meritorum,
2778 568 2843 619 ut
2902 580 3015 618 non
3073 564 3501 635 requirerentur
3552 572 3605 621 et
3653 567 3801 638 facta,

2202 655 2497 710 sufﬁceret
2543 655 2599 709 in
2650 659 2838 709 totum
2887 652 3083 708 anima
3115 654 3184 707 ad
3233 654 3626 724 perfectionem
3665 658 3803 727 judi-

2203 743 2295 808 cii,
2329 745 2398 799 de
2428 744 2521 799 his
2557 743 2902 813 judicanda,
2935 742 2992 796 in
3042 758 3164 813 quae
3198 744 3419 814 agenda
3446 743 3563 799 sola
3592 746 3805 801 suffece-

2202 838 2313 888 rat.
2340 837 2482 888 Cum
2512 850 2645 887 vero
2695 833 2871 888 etiam
2926 832 3075 886 facta
3122 831 3383 886 devincta
3431 833 3543 887 sint
3587 835 3803 905 meritis,

2194 920 2353 976 facta
2382 927 2577 977 autem
2626 938 2729 993 per
2770 937 3003 976 carnem
3039 920 3536 990 administrentur,
3561 922 3677 992 jam
3707 940 3806 978 non

2201 1010 2421 1066 sufﬁcit
2475 1012 2733 1066 animam
2794 1010 2919 1066 sine
2978 1026 3149 1064 carne
3190 1009 3387 1078 foveri,
3425 1010 3538 1065 sive
3590 1012 3809 1066 cruciari

2201 1116 2303 1171 pro
2361 1100 2635 1171 operibus
2691 1100 2915 1168 carnis,
2979 1098 3085 1153 etsi
3147 1098 3313 1153 habet
3376 1100 3645 1167 membra,
3700 1117 3807 1171 qua

2200 1189 2444 1261 proinde
2475 1188 2557 1243 illi
2618 1206 2729 1243 non
2786 1188 3091 1243 sufﬁciunt
3120 1189 3190 1242 ad
3226 1188 3590 1243 sentiendum
3647 1189 3811 1261 plene,

2199 1279 2697 1348 quemadmodum
2734 1294 2837 1333 nec
2878 1278 2949 1331 ad
3001 1277 3293 1348 agendum
3322 1277 3586 1347 perfecte.
3620 1278 3810 1333 Idcirco

2201 1384 2302 1438 pro
2333 1384 2568 1438 quoquo
2605 1368 2776 1422 modo
2804 1366 2943 1438 egit,
2975 1382 3078 1437 pro
3109 1381 3174 1420 eo
3215 1370 3273 1419 et
3319 1366 3537 1436 patitur
3565 1367 3704 1437 apud
3735 1366 3813 1421 in-

2200 1455 2371 1525 feros,
2425 1457 2584 1527 prior
2629 1457 2953 1526 degustans
3002 1454 3320 1525 judicium,
3355 1455 3505 1509 sicut
3554 1455 3698 1526 prior
3740 1456 3815 1510 in-

2199 1544 2363 1598 duxit
2394 1545 2755 1612 admissum;
2791 1548 3135 1615 exspectans
3179 1548 3376 1598 tamen
3408 1548 3467 1598 et
3496 1560 3733 1611 carnem,
3762 1550 3816 1600 ut

2199 1650 2302 1705 per
2332 1632 2494 1689 illam
2528 1634 2702 1689 etiam
2738 1635 2889 1688 facta
2910 1636 3264 1705 compenset,
3290 1633 3384 1687 cui
3407 1633 3651 1704 cogitata
3680 1650 3819 1687 man-

2199 1722 2374 1777 davit.
2403 1746 2430 1772 »
2462 1724 2667 1779 Totam
2726 1723 2877 1778 hanc
2924 1722 3192 1777 Auctoris
3241 1721 3427 1776 nostri
3475 1726 3816 1793 argumenta-

2199 1811 2419 1867 tionem
2450 1818 2505 1866 et
2539 1812 3003 1884 responsionem,
3035 1810 3268 1865 tametsi
3303 1810 3476 1882 paulo
3505 1809 3817 1883 longiorem,

2202 1901 2704 1973 transcripsimus,
2764 1899 3241 1972 quandoquidem
3311 1916 3381 1954 ea
3447 1916 3558 1954 non
3616 1904 3817 1955 tantum

2202 1990 2512 2063 propositae
2545 1990 2712 2045 nobis
2744 1989 3112 2045 difﬁcultatis
3157 1988 3348 2043 nodus
3381 1988 3551 2060 plane
3581 1989 3815 2057 solvitur,

2201 2080 2300 2136 sed
2337 2078 2621 2133 nonnulla
2641 2094 2873 2150 quoque
2900 2079 2971 2133 de
3002 2076 3213 2133 animae
3238 2083 3454 2133 natura
3482 2077 3613 2133 inde
3633 2094 3818 2133 eruun-

2202 2174 2321 2237 tur,
2354 2185 2480 2240 quae
2526 2170 2647 2224 sine
2697 2169 2895 2239 aliqua
2923 2167 3329 2223 observatione
3360 2168 3819 2239 pretermittenda

2204 2273 2319 2311 non
2351 2262 2509 2312 sunt.

2275 2362 2451 2418 Docet
2492 2362 2691 2435 itaque
2721 2364 2980 2419 animam
3014 2363 3232 2418 nudam
3286 2379 3357 2418 ac
3415 2363 3538 2419 sine
3593 2362 3819 2434 corporis

2205 2453 2498 2508 consortio
2530 2453 2683 2524 apud
2718 2452 3165 2508 inferos‘revera
3193 2456 3294 2507 aut
3339 2453 3615 2524 torqueri,
3636 2456 3727 2507 aut
3752 2452 3820 2506 fo-

2204 2541 2512 2605 veri.Quia
2541 2559 2672 2597 vero
2732 2542 2866 2597 hinc
2911 2541 3084 2612 objici
3134 2540 3247 2613 ipsi
3301 2546 3525 2611 poterat
3556 2558 3675 2597 eam
3725 2558 3820 2596 non

2206 2648 2335 2686 esse
2366 2631 2762 2686 substantiam
2798 2647 2955 2685 mere
2984 2631 3338 2702 spiritalem,
3361 2633 3461 2687 sed
3496 2646 3819 2703 corpoream,

2206 2725 2326 2788 aut,
2347 2724 2411 2773 ut
2434 2720 2557 2791 ipse
2580 2720 2679 2788 ait,
2706 2720 3112 2791 corpulentiam
3134 2721 3451 2791 propriam,
3474 2720 3655 2775 noluit
3675 2720 3821 2782 hanc,

2206 2825 2333 2880 quae
2366 2808 2713 2863 difﬁcilioris
2746 2825 2931 2878 operae
2964 2814 3108 2875 erat,
3149 2813 3424 2864 excutere
3454 2808 3820 2880 quaestionem,

2207 2913 2277 2951 ne
2310 2896 2536 2952 diutius
2567 2914 2598 2951 a
2624 2897 2921 2968 proposito
2948 2898 3267 2953 aberraret.
3305 2898 3545 2953 Interim
3578 2894 3821 2964 concidit,

2208 3002 2311 3040 nec
2344 2990 2537 3041 tamen
2582 2986 2813 3054 fatetur,
2848 2986 3084 3057 aliquod
3117 3003 3245 3041 esse
3276 2987 3489 3042 animae
3537 3001 3753 3057 corpus,
3775 2987 3823 3037 et

2207 3075 2443 3147 propria
2474 3076 2736 3146 quadam
2772 3075 3003 3147 generis
3034 3076 3122 3130 sui
3174 3076 3460 3131 membra.
3494 3078 3564 3130 At
3592 3073 3823 3130 disertis-

2206 3164 2352 3219 sime
2383 3169 2677 3219 asseverat
2706 3164 2972 3235 proprios
2992 3180 3119 3220 esse
3149 3163 3362 3219 animae
3390 3170 3574 3229 actus,
3598 3182 3629 3219 a
3656 3177 3823 3233 corpo-

2209 3269 2270 3307 re
2301 3252 2542 3307 minime
2573 3253 2992 3324 dependentes,
3017 3252 3223 3323 quales
3246 3258 3393 3308 sunt
3414 3253 3709 3325 cogitatus,
3739 3266 3819 3304 vo-

2210 3341 2487 3408 luntates,
2519 3346 2575 3396 et
2607 3341 3113 3412 concupiscentiae.
3148 3341 3215 3397 Hi
3258 3346 3457 3397 autem
3490 3346 3666 3411 actus,
3698 3345 3749 3394 ut
3775 3337 3821 3391 id

2207 3430 2395 3485 obiter
2425 3431 2713 3497 dicamus,
2747 3431 2794 3485 si
2832 3430 3071 3486 omnino
3102 3430 3445 3502 spirituales
3476 3436 3631 3497 sunt,
3660 3430 3824 3502 ipsam

2210 3518 2392 3574 multo
2424 3518 2613 3591 magis
2644 3520 2902 3575 animam
2936 3518 3302 3592 spiritualem
3336 3536 3467 3577 esse
3503 3534 3701 3592 negare
3728 3532 3823 3572 non

2208 3612 2452 3678 poterat.

2278 3706 2472 3762 Solius
2506 3723 2675 3778 porro
2708 3706 2913 3761 animae
2946 3722 3079 3761 cum
3113 3705 3169 3761 bi
3201 3705 3323 3762 sint
3364 3711 3552 3773 actus,
3583 3706 3743 3761 habet
3767 3702 3825 3757 de

2208 3812 2313 3850 suo
2343 3812 2454 3851 non
2490 3794 2680 3851 solum
2714 3796 2868 3867 quod
2894 3800 3048 3868 agat,
3073 3800 3130 3850 et
3160 3796 3442 3867 patiatur,
3467 3797 3567 3852 sed
3590 3810 3697 3867 quo
3719 3808 3824 3865 pos-

2207 3884 2285 3938 sit
2314 3889 2417 3939 aut
2449 3884 2753 3955 praemium
2790 3884 2997 3939 mereri
3031 3888 3131 3938 aut
3168 3900 3429 3955 pmnam.
3464 3885 3703 3956 Corpore
3730 3881 3822 3952 igi-

2204 3976 2301 4027 tur
2322 3972 2515 4027 soluta
2546 3977 2737 4044 potest
2757 3976 2813 4028 et
2833 3973 3005 4028 debet
3037 3990 3138 4044 pro
3172 3973 3401 4030 meritis
3427 3979 3530 4030 aut
3559 3989 3717 4046 paena
3739 3972 3824 4025 aut

2205 4062 2443 4133 praemio
2493 4062 2667 4117 afﬁci.
2693 4062 2963 4125 Quandiu
2994 4063 3288 4118 enimvero
3321 4064 3550 4134 corpori
3599 4062 3825 4117 adunata

2203 4154 2309 4217 est,
2344 4151 2503 4222 prior
2555 4166 2788 4222 semper
2840 4154 2939 4203 aut
2991 4154 3212 4221 peccat,
3246 4156 3351 4206 aut
3409 4155 3676 4207 meretur.
3707 4149 3826 4202 Post

2204 4244 2451 4295 mortem
2484 4238 2663 4311 igitur
2692 4238 2906 4294 debitis
2943 4238 3251 4311 suppliciis
3295 4246 3400 4295 aut
3447 4239 3697 4313 praemiis
3722 4234 3826 4291 sola

2203 4333 2260 4382 et
2281 4333 2415 4382 ante
2439 4327 2701 4398 corporis
2724 4327 2974 4382 reditum
2999 4327 3309 4394 afﬁciatur,
3336 4345 3575 4385 necesse
3593 4330 3692 4383 est.
3717 4324 3826 4379 Per-

2203 4432 2445 4471 suasum
2480 4416 2675 4487 itaque
2697 4414 3097 4472 Tertullianus
3127 4415 3333 4473 habuit
3355 4418 3636 4484 animam,
3659 4411 3825 4484 ruptis

2203 4505 2355 4559 896
2380 4506 2640 4577 corporis
2674 4504 2940 4575 vinculis,
2966 4506 3111 4577 pati,
3136 4508 3415 4577 torqueri,
3443 4504 3699 4562 cruciari.
3732 4502 3821 4555 Ve-

435 4600 715 4670 passionis
772 4605 823 4655 et
869 4618 1081 4669 sensus,
1115 4612 1174 4657 ut
1230 4620 1338 4659 non
1394 4612 1548 4675 egeat
1604 4610 2092 4676 reprmsentatione
2121 4594 2169 4656 D
2201 4613 2331 4650 “1m
2366 4597 2505 4667 (ἰυίθ
2526 4597 2701 4651 etiam
2736 4597 2793 4650 in
2822 4596 2931 4651 hac
2962 4597 3080 4651 Vita
3102 4614 3209 4652 ευθο
3232 4614 3367 4651 cum
3396 4613 3633 4668 οοΓΡοΓθ
3662 4590 3824 4649 mum

439 4688 648 4756 carnis,
710 4687 803 4745 his
867 4688 958 4743 ille
1012 4693 1326 4762 respondet
1361 4693 1540 4764 (Ibid.)
1570 4711 1582 4748 :
1609 4718 1635 4743 α
1671 4694 1793 4749 Imo
1849 4706 2090 4752 eatenus

440 4776 633 4848 egebit
663 4792 777 4832 non
812 4794 927 4849 qua
954 4780 1170 4833 sentire
1199 4780 1339 4851 quid
1374 4782 1499 4837 sine
1529 4799 1704 4838 carne
1736 4800 1849 4838 non
1882 4784 2085 4854 possit,

441 4864 544 4920 sed
578 4882 693 4937 qua
723 4882 962 4922 necesse
987 4872 1075 4922 est
1104 4868 1265 4923 illam
1298 4870 1470 4926 etiam
1498 4888 1631 4926 cum
1656 4888 1828 4927 carne
1850 4875 2085 4930 sentire.

442 4956 735 5019 Quantum
760 4954 912 5010 enim
948 4957 1015 5012 ad
1051 4958 1339 5027 agendum
1361 4960 1431 5015 de
1456 4977 1562 5016 suo
1594 4961 1835 5026 sufﬁcit,
1859 4965 2086 5019 tantum

442 5043 513 5099 ad
549 5044 911 5115 patiendum.
962 5046 1043 5099 Ad
1099 5048 1387 5118 agendum
1438 5050 1593 5103 enim
1651 5051 1849 5106 minus
1882 5050 1949 5105 de
1980 5068 2087 5106 suo

442 5132 678 5189 sufﬁcit.
712 5135 896 5190 Habet
925 5135 1079 5190 enim
1132 5136 1201 5191 de
1254 5153 1360 5192 suo
1410 5136 1780 5195 solummodo
1811 5138 2085 5211 cogitare,

438 5219 605 5286 velle,
649 5237 879 5293 cupere,
915 5224 1244 5295 disponere,
1296 5227 1365 5279 ad
1421 5227 1839 5297 perﬁciendum
1890 5232 2087 5284 autem

438 5323 671 5380 operam
706 5313 895 5367 carnis
926 5318 1239 5386 exspectat.
1278 5314 1371 5368 Sic
1400 5314 1600 5387 itaque
1638 5317 1706 5371 ad
1743 5317 2087 5388 patiendum

441 5414 679 5469 operam
712 5401 905 5456 carnis
936 5402 1268 5474 expostulat
1296 5420 1307 5468 ;
1362 5407 1425 5456 ut
1455 5408 1574 5458 tam
1626 5406 1794 5477 plene
1826 5423 1926 5477 per
1956 5421 2083 5460 eam

442 5487 559 5559 pati
593 5491 796 5560 possit,
830 5507 1006 5562 quam
1056 5491 1180 5544 sine
1212 5508 1277 5545 ea
1308 5490 1475 5561 plene
1507 5508 1674 5563 agere
1706 5513 1819 5551 non
1871 5495 2081 5567 potuit.

442 5576 511 5630 Et
543 5578 671 5634 ideo
702 5578 758 5633 in
792 5596 918 5651 quae
950 5580 1019 5633 de
1051 5595 1157 5632 suo
1189 5580 1427 5647 sufﬁcit,
1459 5598 1659 5637 eorum
1692 5583 1927 5639 interim
1957 5600 2085 5640 sen-

443 5667 689 5722 tentiam
752 5669 949 5739 pendit
1005 5666 1504 5743 concupiscentiaa,
1556 5676 1613 5727 et
1668 5673 1975 5744 cogitatus,
2029 5680 2085 5729 et

2198 4686 2473 4756 peccavit,
2507 4685 2721 4739 idcirco
2757 4690 2817 4739 ut
2850 4702 2950 4756 pro
2985 4685 3208 4741 meritis
3243 4687 3524 4757 puniatur
3549 4689 3603 4740 et
3632 4681 3821 4737 crucie-

2196 4780 2315 4843 tur,
2346 4794 2453 4831 suo
2504 4775 2750 4846 corpori,
2772 4775 2842 4830 ad
2875 4776 3050 4830 vitam
3092 4781 3378 4844 revocato,
3413 4777 3585 4831 debet
3630 4772 3819 4827 iterum

2195 4867 2494 4937 conjungi.

2267 4964 2369 5019 His
2400 4968 2592 5018 autem
2641 4962 2724 5017 sic
2770 4962 3093 5035 explicatis,
3125 4963 3422 5019 evanescit
3452 4961 3671 5032 objecta
3697 4957 3817 5012 Ter-

2194 5052 2426 5108 tulliani
2457 5051 2858 5107 contradictio.
2881 5053 3048 5108 Recte
3071 5053 3227 5108 enim
3254 5052 3405 5108 dixit
3431 5052 3684 5107 animam
3709 5046 3819 5101 sine

2194 5157 2434 5213 corpore
2458 5141 2675 5213 aliquid
2704 5156 2902 5197 revera
2927 5141 3065 5213 pati,
3091 5146 3147 5197 et
3177 5142 3324 5197 nihil
3356 5141 3477 5214 pati
3510 5152 3692 5213 posse.
3725 5131 3816 5189 Ubi

2194 5231 2407 5301 quippe
2432 5231 2511 5285 ait
2534 5230 2675 5284 nihil
2710 5246 2879 5301 posse
2904 5230 3043 5301 pati,
3067 5232 3143 5285 ibi
3171 5228 3720 5301 subintelligendum
3741 5225 3819 5276 est

2192 5320 2349 5390 plene
2377 5338 2441 5374 ac
2467 5324 2717 5391 perfecte,
2753 5320 2871 5374 sive
2903 5326 3191 5390 quantum
3241 5321 3369 5393 ipsa
3418 5335 3552 5374 cum
3599 5322 3815 5385 corpore

2196 5410 2487 5479 peccando
2522 5409 2863 5482 promeruit.
2887 5409 3026 5464 Cum
3057 5426 3170 5481 quo
3203 5410 3355 5465 enim
3390 5406 3660 5481 peccavit,
3691 5414 3811 5457 cum

2193 5514 2258 5551 eo
2292 5498 2493 5568 utique
2528 5500 2720 5570 puniri
2755 5499 3100 5554 debet..lurc
3123 5516 3259 5571 ergo
3281 5488 3812 5555 Tertullianusinde

2196 5586 2456 5643 futuram
2505 5590 2710 5661 probat
2754 5587 3012 5660 corporis
3046 5591 3260 5643 mortui
3293 5590 3361 5644 ad
3392 5590 3563 5643 vitam
3598 5594 3809 5637 revoca-

2190 5673 2435 5745 tionem,
2466 5679 2601 5749 quia
2631 5677 2826 5733 anima
2869 5675 2995 5733 sola
3026 5677 3145 5749 pati
3194 5694 3309 5735 non
3356 5678 3548 5750 potest
3593 5679 3805 5743 pceuam
