4118 6182
226 362 341 424 985

1130 366 1203 424 D.
1250 366 1348 425 LE
1392 364 1720 429 NOURRY
1764 363 2412 425 OBSERVATIONES
2458 365 2719 426 ΝονίΕ.

3507 368 3625 429 986

226 494 489 551 videlicet
518 493 751 566 plenam
786 512 853 551 ac
874 497 1212 567 perfectam,
1259 501 1316 555 et
1334 498 1569 571 qualem
1589 514 1719 553 cum
1746 513 1870 554 cor-
1902 503 1948 567 Α
1984 497 2242 569 pejorem
2273 513 2403 553 esse
2431 497 2709 569 hominis,
2744 515 2920 571 quam
2954 497 3199 556 aliarum
3232 513 3452 569 rerum,
3474 517 3621 573 qua-

229 603 358 659 pore
390 588 686 658 peccando
730 589 1097 645 commeruit.

292 676 346 729 Si
378 676 515 748 quid
546 693 719 748 porro
750 677 843 734 his
870 679 1119 748 adjicere
1148 679 1319 736 nobis
1352 696 1453 752 per
1477 684 1530 736 te
1552 678 1744 748 liceat,
1768 677 1867 733 ob-

226 765 588 821 servabimus
620 765 728 822 hoc
764 767 888 838 ipso
920 769 1121 825 eodem
1149 773 1493 841 argumento
1517 786 1584 824 ex
1606 768 1791 841 pinnis
1813 770 1870 822 et

225 855 500 926 praemiis,
537 855 683 910 bene
715 861 815 911 aut
843 857 992 912 male
1037 858 1094 912 in
1128 858 1237 913 hac
1266 859 1387 914 vita
1419 859 1606 930 agenti
1644 857 1868 913 homini

226 942 432 997 debitis
455 942 631 1014 petito
651 943 978 1000 luculenter
999 948 1230 1017 probari
1254 948 1410 1003 hunc
1429 948 1690 1002 futurum
1708 947 1866 1017 ejus-

227 1032 352 1085 dem
386 1030 640 1085 hominis
672 1034 741 1087 ad
776 1033 950 1089 vitam
988 1051 1317 1107 regressum
1353 1037 1423 1091 ab
1449 1035 1778 1104 Ambrosio,
1804 1038 1870 1089 ut

225 1135 324 1174 suo
382 1118 530 1190 loco,
594 1125 771 1192 atque
828 1122 1217 1197 Athenagora,
1278 1124 1531 1180 Minucio
1572 1124 1779 1190 Felice,
1813 1127 1870 1179 et

223 1207 538 1274 Lactantio,
573 1212 1075 1280 quemadmodum
1109 1214 1165 1268 in
1202 1214 1418 1269 nostris
1453 1215 1523 1269 de
1546 1213 1782 1269 illorum
1806 1214 1869 1269 li-

225 1295 339 1350 bris
373 1298 887 1354 dissertationibus
920 1301 1321 1370 ostendimus;
1349 1304 1489 1375 quin
1515 1302 1631 1358 imo
1654 1308 1711 1358 et
1732 1303 1867 1358 inde

222 1384 289 1439 ab
313 1386 517 1440 eodem
556 1386 853 1443 Lactantio
876 1390 1264 1445 demonstrari
1289 1392 1497 1446 animis
1521 1396 1732 1447 ηοεῑτω
1754 1392 1864 1446 im-

224 1473 643 1530 mortalitatem
677 1477 973 1547 (Ambros.
1006 1478 1107 1533 lib.
1156 1497 1196 1533 11
1226 1481 1291 1534 de
1337 1480 1468 1537 Fide
1517 1489 1805 1537 resurrect.
1840 1483 1867 1550 §

222 1562 304 1625 12,
339 1579 471 1635 pag.
510 1564 645 1619 1147
676 1583 689 1633 ;
722 1570 866 1621 tom.
904 1569 922 1621 l
955 1568 1220 1639 Apparat.
1246 1586 1378 1642 pag.
1404 1570 1510 1623 475
1538 1588 1551 1637 ;
1580 1572 1862 1625 Disseruit.

220 1653 277 1706 in
303 1653 545 1708 Lactant.
581 1671 708 1724 cap.
740 1657 833 1717 24.
866 1662 973 1712 art.
1008 1657 1061 1724 3,
1095 1662 1152 1713 et
1182 1675 1307 1731 cap.
1341 1659 1430 1731 29,
1482 1664 1590 1715 art.
1636 1662 1711 1727 5;
1746 1661 1863 1715 Dis-

219 1746 343 1797 sert.
380 1744 438 1796 in
470 1743 668 1799 Minue.
704 1761 830 1816 cap.
864 1747 918 1814 7,
949 1750 1055 1800 art.
1089 1748 1165 1818 2).

828 1906 1035 1945 ARTlCU
1045 1907 1143 1945 LUS
1186 1908 1248 1945 II.

223 1992 424 2070 Quibus
454 1995 746 2070 exemplis,
781 2011 951 2065 quove
980 1997 1205 2068 Pythiae
1226 2000 1475 2068 oraculo,
1525 2016 1591 2054 ac
1616 2000 1865 2070 philoso-

292 2065 528 2140 ghoruin
572 2065 638 2119 de
702 2065 1040 2140 animarum’
1066 2065 1552 2140 transmigrationc
1592 2065 1869 2129 sententia

293 2136 669 2212 Tertutlianus
696 2138 941 2194 ostendat
961 2136 1577 2212 quoscunque'mortuos
1609 2145 1868 2200 homines

293 2208 353 2261 in
380 2209 843 2288 pristinumpitae
871 2208 1072 2267 statum
1122 2208 1501 2287 restituendos,
1534 2219 1587 2271 et
1614 2219 1869 2288 apposita

289 2284 616 2347 argumenta
643 2280 853 2338 diluat.

289 2405 637 2478 Quanquam
656 2406 1061 2479 superioribus
1080 2409 1449 2481 urgumentis
1466 2409 1869 2469 Tertullianus

223 2493 660 2551 evidentissima
718 2497 1208 2553 demonstraverit
1263 2498 1555 2571 quoslibet
1599 2500 1871 2557 homines

223 2598 392 2653 posse
416 2584 833 2655 omnipotentis
856 2586 951 2640 Dei
975 2586 1271 2643 voluntate
1293 2588 1640 2644 exsuscitari
1663 2607 1695 2645 a
1717 2606 1871 2646 mor-

226 2675 298 2740 te,
332 2673 542 2744 quovis
574 2675 747 2729 modo
781 2675 1078 2747 oppetita;
1131 2676 1400 2748 pluribus
1448 2683 1644 2733 tamen
1676 2696 1869 2735 exem-

226 2758 336 2830 plis
366 2760 492 2817 haec
523 2762 871 2819 conﬁrmare
923 2764 1149 2820 nititur.
1199 2766 1309 2821 Sed
1361 2766 1737 2823 dissimulare
1786 2770 1872 2824 fas

226 2849 391 2905 nobis
427 2867 541 2905 non
577 2857 666 2906 est
690 2852 800 2921 bis,
826 2858 1028 2925 utpote
1051 2871 1165 2909 non
1190 2856 1431 2910 omnino
1455 2856 1718 2927 paribus,
1742 2875 1875 2914 con-

226 2936 313 2992 fici
339 2955 458 2994 non
485 2956 654 3011 posse
675 2942 1013 3012 perfectam,
1039 2948 1095 2997 et
1120 2944 1382 3000 numeris
1404 2944 1679 3001 omnibus
1701 2947 1871 3003 abso-

223 3024 408 3082 lutam
462 3028 735 3085 humanae
783 3031 1228 3087 resurrectionis
1284 3033 1871 3091 demonstrationem.

222 3118 292 3170 At
324 3116 394 3171 iis
430 3117 637 3173 saltem
671 3135 787 3173 non
821 3120 1017 3192 inepte
1047 3122 1383 3177 conﬁrmari
1424 3127 1614 3193 potest
1654 3126 1874 3180 frustra

1978 602 2105 641 rum
2142 586 2421 643 dominus
2470 592 2577 655 est,
2640 588 3015 643 morientium
3075 593 3131 643 et
3188 590 3621 662 resurgentium

1978 675 2394 732 conditionem.
2429 676 2611 733 Homo
2642 694 2776 750 ergo
2806 677 2975 747 longe
3007 677 3213 749 potiori
3253 677 3408 748 jure,
3443 696 3619 751 quam

1977 764 2090 819 illae
2121 766 2294 821 debet
2324 770 2381 820 et
2412 766 2561 821 mori
2594 770 2649 821 et
2681 782 3002 839 resurgere.

2050 854 2159 909 Sed
2186 855 2413 925 rogabit
2439 854 2655 926 aliquis
2687 856 2976 928 quodnam
3020 856 3096 911 sit
3142 856 3442 913 oraculum
3477 858 3620 915 illud

1979 942 2216 1015 Pythiae,
2250 944 2322 998 ab
2353 960 2419 998 eo
2460 944 2701 1000 citatum
2725 946 2752 999 ?
2793 946 3165 1017 Respondent
3204 946 3471 1002 nonnulli
3512 947 3623 1005 hoc

1978 1048 2126 1101 esse,
2162 1035 2314 1106 quod
2352 1036 2423 1090 ab
2453 1035 2553 1091 illo
2613 1035 2827 1091 ibidem
2888 1037 3133 1092 relatum
3195 1042 3321 1093 est:
3356 1039 3623 1095 Dominus

1977 1124 2223 1178 omnium
2253 1125 2609 1179 morientium
2641 1128 2689 1179 et
2720 1128 3144 1197 resurgentium.
3194 1126 3409 1182 Verum
3457 1127 3620 1184 nulla

1977 1212 2203 1267 ratione
2260 1212 2316 1266 id
2378 1230 2409 1267 a
2483 1213 2687 1285 Pythia
2764 1215 3203 1284 pronuntiatum
3278 1216 3616 1287 probavere.

1976 1300 2195 1356 Deinde
2226 1318 2363 1357 vero
2395 1302 2491 1356 ille
2524 1319 2636 1357 non
2697 1302 2843 1357 dixit
2900 1303 2989 1358 bis
3042 1304 3236 1359 verbis
3291 1304 3619 1360 renuntiari

1976 1388 2189 1461 Pythiae
2221 1390 2564 1447 oraculum:
2601 1392 2702 1446 sed
2736 1394 2890 1463 quod
2931 1393 3102 1448 homo
3135 1410 3203 1449 ex
3235 1393 3450 1467 Pythiae
3483 1410 3617 1449 ora-

1975 1477 2105 1533 culo
2137 1479 2358 1534 discere
2392 1485 2619 1551 poterat
2648 1497 2710 1535 se
2754 1497 2881 1537 esse
2929 1481 3190 1537 omnium
3242 1482 3618 1538 morientium

1972 1570 2032 1622 et
2079 1570 2511 1639 resurgentium
2544 1569 2848 1625 dominum
2897 1571 3058 1642 (tom.
3094 1571 3136 1626 Ι.
3189 1571 3448 1643 Apparat.
3484 1588 3616 1645 pag.

1976 1656 2156 1727 1170),
2189 1657 2368 1712 Nobis
2424 1658 2623 1731 itaque
2682 1658 2825 1714 illud
2884 1660 3099 1732 Pythia
3156 1659 3458 1717 oraculum
3502 1678 3617 1718 non

1975 1743 2132 1799 aliud
2167 1746 2417 1814 videtur,
2453 1748 2566 1803 nisi
2601 1748 2823 1804 celebre
2859 1748 2967 1805 hoc
2997 1749 3289 1821 Apollinis
3338 1752 3573 1806 eil‘atum
3602 1767 3616 1806 :

1973 1836 2142 1889 Nosce
2167 1837 2219 1890 te
2248 1838 2424 1908 ipsum
2447 1855 2466 1892 :
2498 1839 2566 1893 de
2615 1854 2731 1909 quo
2789 1837 2925 1894 alibi
2986 1839 3439 1910 disputavimus.
3472 1843 3617 1895 Con-

1975 1922 2132 1979 sulto
2177 1929 2370 1981 autem
2433 1926 2832 1982 Tertullianus
2892 1928 3179 1998 adjecisse
3234 1929 3493 1983 videtur:
3534 1928 3622 1985 Vel

1975 2013 2135 2068 titulo
2166 2014 2405 2085 Pythiae,
2455 2015 2591 2087 quia
2636 2016 2854 2089 templo
2902 2017 3203 2089 Apollonis
3251 2017 3463 2090 Pythii,
3502 2018 3625 2076 sive

1976 2100 2264 2172 Delphici,
2295 2103 2449 2159 sicut
2504 2104 2721 2160 ibidem
2779 2105 3216 2174 annotavimus,
3268 2106 3621 2179 inscriptum

1977 2189 2184 2245 fuerat.
2228 2192 2342 2247 Cur
2395 2209 2556 2265 ergo,
2613 2194 2866 2267 inquies,
2918 2195 3325 2252 Tertullianus
3382 2196 3623 2269 scripsit

1980 2282 2214 2353 Pythiae,
2248 2288 2305 2339 et
2336 2301 2449 2339 non
2504 2287 2721 2357 Pythii,
2781 2302 2896 2358 quo
2948 2287 3072 2342 solo
3129 2287 3365 2343 nomine
3415 2286 3620 2361 Apollo

1980 2388 2210 2427 nonnur
2229 2390 2406 2446 quam
2427 2377 2743 2431 vocabatur
2760 2376 2787 2429 ?
2802 2379 2873 2430 At
2891 2375 2937 2430 si
2960 2375 3018 2430 in
3041 2378 3169 2448 ejus
3191 2380 3348 2432 textu
3372 2377 3616 2449 Pythiae,

1980 2478 2096 2516 non
2127 2467 2320 2518 autem
2364 2466 2559 2535 Pythii
2613 2463 2924 2538 legendum
2985 2465 3080 2534 sit,
3137 2466 3623 2536 respondebimus

1980 2549 2109 2605 ideo
2141 2550 2421 2624 appellari
2451 2555 2692 2624 Pythiae,
2754 2555 2889 2626 quia
2936 2554 3144 2624 Pythia
3189 2558 3351 2610 vates
3398 2554 3625 2611 solebat

1982 2636 2140 2694 illius
2172 2640 2231 2695 in
2264 2641 2480 2711 templo
2512 2642 2837 2697 vaticinari.
2870 2644 3037 2708 Nam,
3086 2648 3151 2700 ut
3198 2643 3345 2700 alios
3389 2644 3622 2701 omitta-

1983 2743 2136 2795 mus,
2171 2729 2226 2782 id
2258 2729 2365 2784 boc
2394 2731 2644 2787 Lucretii
2689 2733 2949 2788 carmine
2996 2733 3345 2805 exprimitur
3370 2735 3624 2806 (Lucret.

1982 2815 2083 2871 lib.
2116 2835 2172 2888 ν,
2204 2835 2258 2872 v.
2296 2820 2418 2891 113)
2450 2837 2462 2874 :

2076 2960 2266 3024 Pythia
2294 2976 2412 3025 quin
2444 2962 2654 3024 tripode
2690 2977 2721 3011 a
2749 2963 2929 3013 Phoebi
2961 2963 3219 3027 lauroque
3253 2966 3513 3027 profatur.

2052 3122 2429 3193 Prosequitur
2460 3123 2860 3179 Tertullianus
2891 3130 3068 3197 atque
3099 3127 3170 3181 ad
3219 3127 3627 3197 frangendam,

223 3221 251 3258 a
273 3205 602 3276 gentilibus
633 3209 833 3279 negari
859 3208 1127 3264 homines
1159 3210 1230 3265 ad
1264 3210 1577 3282 pristinum
1617 3214 1872 3268 revocari
1904 3245 1946 3311 C
1983 3228 2048 3267 ac
2078 3211 2269 3283 magis
2302 3212 2606 3283 magisque
2639 3213 3048 3268 revincendam
3095 3212 3404 3284 gentilium
3438 3214 3628 3270 obsti-

225 3309 394 3364 posse
432 3300 737 3352 transacta:
768 3298 895 3353 vitae
928 3303 1173 3355 statum.

289 3385 617 3441 Praemissis
668 3391 864 3443 autem
912 3389 1193 3443 adversus
1242 3389 1593 3446 morosiores
1642 3391 1876 3449 criticos

224 3472 379 3531 hisce
410 3476 945 3547 observationibus,
978 3479 1310 3534 audiendus
1340 3486 1429 3535 est
1457 3481 1709 3552 ipsemet
1737 3484 1874 3538 Ter-

225 3564 513 3621 tullianus
544 3567 845 3637 (Apotoget.
882 3584 1015 3639 cap.
1057 3569 1145 3636 48,
1181 3568 1286 3623 col.
1320 3570 1448 3641 520)
1476 3588 1487 3625 :
1516 3593 1542 3620 ‹‹
1565 3571 1876 3643 Signatum

223 3658 329 3725 est,
361 3655 582 3726 inquit,
617 3661 674 3710 et
704 3673 805 3727 per
834 3656 1053 3727 ipsum,
1083 3657 1349 3713 videlicet
1370 3658 1577 3723 Deum,
1602 3659 1875 3716 humanae

223 3745 671 3801 resurrectionis
694 3746 1027 3818 exemplum
1046 3747 1103 3800 in
1124 3748 1529 3802 testimonium
1546 3748 1730 3803 vobis.
1754 3750 1878 3805 Lux

224 3834 490 3903 quotidie
513 3834 821 3891 interfecta
842 3834 1197 3907 resplendet,
1231 3840 1287 3891 et
1315 3836 1567 3892 tenebras
1598 3836 1725 3909 pari
1755 3838 1877 3894 vice

222 3920 559 3978 decedendo
573 3924 927 3979 succedunt:
947 3924 1141 3980 sidera
1155 3925 1435 3980 defuncta
1452 3925 1824 3982 reviviscunt.
1844 3952 1872 3979 ›)

224 4010 281 4065 In
311 4013 741 4085 manuscriptis
766 4014 983 4069 nostris
1007 4014 1462 4085 exemplaribus,
1486 4019 1545 4069 et
1574 4015 1746 4071 editis
1778 4017 1876 4072 Ri-

219 4100 399 4171 galtio
435 4101 873 4173 antiquioribus
899 4121 912 4159 :
948 4103 1259 4171 Vivescunl,
1283 4103 1338 4158 id
1363 4108 1472 4172 est,
1499 4104 1578 4158 uti
1604 4120 1671 4160 ex
1689 4105 1875 4161 Plinio

216 4187 425 4262 liquet,
471 4191 596 4247 viva
618 4192 769 4247 ﬁunt
793 4190 965 4263 (Plin.
991 4191 1071 4247 lib
1094 4209 1210 4248 xvu
1237 4193 1435 4249 Natur.
1467 4195 1606 4248 Hist.
1633 4210 1759 4265 cap.
1789 4197 1875 4266 10,

217 4295 347 4352 pag.
384 4282 541 4352 344).
573 4282 769 4353 Pergit
801 4287 1007 4337 auctor
1033 4288 1267 4338 noster:
1304 4305 1331 4332 ‹‹
1366 4284 1656 4356 Tempora
1690 4283 1790 4338 ubi
1813 4284 1876 4339 ﬁ-

219 4368 401 4437 niunt,
459 4366 795 4441 incipiunt;
840 4371 1065 4426 fructus
1115 4375 1584 4440 consumuntur;
1619 4394 1648 4422 ››
1696 4371 1874 4429 iidem

218 4458 612 4531 manuscripti
645 4458 831 4514 nostri
862 4464 917 4514 et
938 4459 1077 4515 editi
1101 4460 1328 4515 codices
1354 4476 1366 4515 :
1400 4481 1419 4508 α
1446 4460 1873 4517 Consumman-

216 4551 329 4617 tur,
362 4554 423 4605 et
460 4548 727 4604 redeunt.
775 4549 921 4604 897
978 4552 1139 4606 Certe
1189 4551 1415 4606 semina
1467 4551 1701 4607 nonnisi
1750 4569 1873 4607 cor-

1986 3302 2307 3372 nationem,
2334 3301 2470 3357 illos
2502 3301 2612 3357 hoc
2643 3303 2712 3357 ad
2746 3302 3070 3371 hominem,
3123 3309 3188 3359 ut
3232 3303 3416 3371 aiunt,
3451 3320 3629 3376 argu-

1987 3395 2183 3448 mento
2232 3391 2316 3446 sic
2360 3394 2545 3461 urget.
2583 3391 2823 3446 Certum
2856 3397 2964 3457 est,
3009 3391 3224 3459 inquit,
3272 3392 3401 3449 illos
3446 3394 3631 3450 cuivis

1986 3480 2335 3552 philosopho
2366 3480 2539 3535 fidem
2573 3480 2873 3551 habuisse,
2899 3480 2995 3552 qui
3018 3481 3631 3553 argumentationibus

1986 3570 2365 3641 quibusdam,
2397 3574 2516 3624 tam
2550 3569 2849 3641 ingeniose
2876 3586 3050 3640 quam
3096 3569 3391 3641 eleganter
3419 3588 3630 3643 propo-

1985 3659 2136 3725 sitis,
2168 3675 2380 3714 vanam
2412 3657 2745 3730 Pyihagorae
2778 3659 2849 3713 de
2880 3658 3203 3715 animarum
3245 3660 3628 3733 transmigra-

1985 3748 2144 3804 tione
2206 3747 2542 3819 opinionem
2602 3764 2973 3820 propugnare
3029 3750 3417 3805 conabantur.
3478 3752 3628 3817 Quin

1985 3839 2161 3894 etiam
2195 3836 2393 3893 nullus
2420 3854 2486 3892 ex
2516 3836 2637 3893 illis
2695 3838 2985 3893 mordacis
3030 3838 3277 3910 Laberii,
3338 3856 3465 3894 eam
3496 3839 3629 3894 irri-

1985 3927 2201 3993 dentis,
2236 3927 2474 3981 dicteria
2495 3927 2736 3995 veritus,
2762 3926 2833 3980 ab
2856 3926 3079 3982 edenda
3102 3927 3258 3982 omni
3284 3927 3629 3983 animalium

1985 4033 2159 4071 carne
2217 4015 2570 4086 abstinebat,
2627 4032 2697 4070 ne
2758 4018 2901 4087 forte
2958 4016 3241 4083 bubulam,
3301 4017 3383 4070 ait
3438 4016 3631 4072 adhuc

1985 4102 2405 4168 Tertullianus,
2458 4102 2524 4157 de
2579 4102 2764 4173 aliqua
2819 4118 3024 4174 proavo
3078 4120 3176 4159 suo
3232 4104 3536 4169 obsonaret,
3571 4104 3627 4158 id

1983 4197 2092 4262 est,
2128 4208 2199 4245 ne
2256 4190 2537 4246 bubulam
2586 4207 2822 4246 carnem
2878 4192 3258 4258 comedenda,
3318 4192 3625 4262 cujusdam

1983 4280 2179 4354 proavi
2214 4280 2303 4335 sui
2338 4280 2664 4335 comederet
2695 4280 2976 4347 animam,
3011 4297 3186 4352 quam
3214 4282 3273 4335 in
3306 4280 3469 4336 bovis
3500 4297 3625 4337 cor-

1984 4387 2094 4443 pus
2113 4370 2400 4443 migrasse
2418 4369 2790 4424 existimabat
2807 4368 3074 4442 (Tertull.
3092 4370 3362 4440 Apotoget.
3390 4385 3512 4439 cap.
3534 4369 3623 4437 48,

1985 4458 2095 4515 col.
2130 4460 2239 4531 42).
2272 4459 2415 4514 Tam
2456 4458 2766 4514 ridiculam
2821 4476 2952 4514 vero
3011 4459 3346 4530 Opinionem
3406 4457 3501 4513 hic
3533 4475 3627 4513 re-

1985 4548 2296 4605 fellendam
2337 4548 2435 4604 ille
2495 4565 2607 4603 non
2670 4547 2834 4602 (luxit
2893 4548 3121 4619 (Ibid):
3164 4571 3183 4596 ι
3219 4547 3365 4602 Nam
3425 4546 3627 4602 multis

216 4643 412 4710 rupta,
449 4642 510 4693 et
540 4638 827 4694 dissoluta
868 4640 1175 4695 fecundius
1209 4644 1498 4711 surgunt:
1547 4641 1744 4696 omnia
1773 4658 1872 4712 pe-
1908 4622 1950 4687 D
1983 4639 2184 4709 etiam,
2215 4638 2428 4708 inquit,
2454 4638 2602 4707 jocis
2632 4641 2688 4691 et
2719 4637 2838 4691 otio
2872 4654 3021 4708 opus
3054 4636 3184 4704 erit,
3209 4637 3257 4691 si
3281 4634 3530 4691 velimus
3552 4636 3625 4691 ad

218 4729 447 4783 reunda
480 4735 807 4796 servantur,
842 4730 1041 4783 omnia
1067 4730 1138 4785 de
1161 4729 1401 4784 interitu
1426 4730 1869 4784 reformantur»

218 4817 490 4885 (Tertull.
521 4817 595 4873 de
625 4818 925 4873 Resurrect.
957 4834 1112 4873 cam.
1147 4834 1275 4888 cap.
1312 4819 1417 4889 12).
1469 4818 1580 4872 Sed
1626 4818 1745 4873 hinc
1774 4818 1872 4875 ille

217 4907 430 4977 majori
463 4906 776 4962 verborum
812 4923 1025 4978 pompa
1054 4906 1167 4963 alio
1198 4906 1255 4961 in
1291 4907 1440 4962 libro
1472 4906 1868 4977 prosequitur,

214 4997 269 5049 et
300 4995 547 5051 brevius
574 4995 866 5051 Minucius
897 4996 1072 5067 Felix,
1098 5000 1274 5068 atque
1305 4996 1543 5051 uberius
1574 4995 1866 5067 Theophi-

213 5082 304 5139 lus
340 5084 769 5154 Antiocbenus,
795 5086 1296 5157 quemadmodum
1321 5085 1461 5143 alibi
1484 5074 1868 5158 patefecimus

211 5175 533 5243 (υἱέων-ἰαὶ.
564 5176 622 5229 in
653 5176 849 5230 Minue.
885 5192 1010 5247 cap.
1043 5176 1098 5243 7,
1132 5180 1240 5230 art.
1272 5176 1352 5247 2).

266 5269 451 5318 Suam
470 5268 662 5319 autem
678 5264 1246 5335 argumentationem
1265 5261 1866 5319 nosterTertullianus

209 5351 298 5407 bis
331 5352 591 5409 absolvit
638 5354 832 5409 verbis
882 5355 1175 5426 (Apologet.
1227 5370 1352 5425 cap.
1413 5353 1500 5423 48,
1560 5351 1670 5408 col.
1732 5353 1860 5422 43):

210 5465 234 5489 α
267 5444 353 5498 Tu
388 5443 591 5510 homo,
624 5447 853 5499 tantum
887 5460 1122 5510 nomen,
1153 5444 1202 5498 si
1236 5441 1532 5513 intelligas
1562 5445 1617 5497 te
1649 5443 1863 5514 [quan-

210 5536 302 5586 tus
326 5532 618 5587 nimirum
642 5532 770 5603 sis],
796 5533 880 5588 vel
906 5533 975 5588 de
996 5532 1167 5588 titulo
1192 5532 1407 5605 Pythiae
1429 5532 1681 5600 discens,
1706 5533 1862 5602 quod

208 5621 287 5676 sis
311 5620 599 5677 dominus
624 5622 886 5676 omnium
912 5622 1291 5677 morientium
1316 5626 1373 5676 et
1403 5621 1859 5692 resurgentium,

1981 4726 2134 4783 hanc
2166 4734 2390 4800 partem
2414 4725 2701 4795 lascivire,
2729 4725 2862 4797 quis
2889 4727 2945 4780 in
2971 4742 3147 4797 quam
3190 4725 3436 4781 bestiam
3473 4725 3625 4781 898

1979 4816 2285 4872 reformari
2318 4816 2635 4870 videretur.
2675 4837 2694 4861 ιι
2734 4815 2819 4869 Ita
2862 4814 3099 4885 quidem
3147 4813 3473 4887 Rigaltius:
3521 4815 3620 4869 sed

1979 4906 2036 4960 in
2070 4904 2291 4960 nostris
2322 4903 2626 4958 codicibus
2657 4903 3075 4974 manuscriptis
3106 4907 3165 4959 et
3193 4902 3364 4958 editis
3396 4902 3496 4958 illo
3527 4918 3624 4958 ve-

1976 4993 2323 5050 tustioribus
2357 4992 2645 5047 habetur:
2678 4992 2859 5047 Multis
2888 4994 3057 5048 etiam
3098 4993 3249 5059 locis,
3294 5009 3361 5047 ex
3404 4991 3621 5063 quibus

1977 5086 2324 5155 argumenta
2376 5079 2449 5134 ad
2507 5078 2663 5134 huuc
2723 5095 2979 5135 errorem
3056 5078 3440 5134 refellendum
3521 5079 3620 5134 de-

1976 5171 2165 5245 promi
2195 5173 2467 5242 possunt,
2497 5184 2567 5223 ea:
2596 5170 2722 5234 otio,
2770 5168 2888 5224 sive
2937 5169 3069 5235 otio,
3116 5167 3618 5240 quemadmodum

1975 5260 2209 5332 scripsit
2232 5258 2477 5324 Plinius,
2498 5273 2568 5313 ea:
2585 5257 2875 5328 facili,pro
2891 5258 3081 5328 facile,
3100 5273 3232 5329 Opus
3255 5258 3362 5311 erit
3382 5255 3505 5328 (lib.
3532 5273 3616 5323 ιιι,

1974 5350 2143 5422 epist.
2177 5350 2252 5420 3).
2301 5346 2574 5402 Pluribus
2622 5350 2817 5401 tamen
2866 5345 3176 5419 legendum
3228 5346 3383 5401 haud
3439 5346 3616 5401 dubie

1971 5438 2267 5494 videbitur
2296 5438 2448 5507 iocis,
2484 5434 2699 5507 quibus
2748 5435 2969 5507 potius,
3020 5451 3197 5507 quam
3248 5433 3612 5507 argumentis

1971 5526 2352 5584 validioribus
2384 5525 2747 5597 explodenda
2778 5531 2903 5581 erat
2932 5525 3051 5580 haec
3082 5541 3323 5597 prorsus
3365 5522 3613 5578 ridicula

1972 5616 2307 5689 Pythagorea
2330 5619 2805 5685 sectatorumque
2824 5613 2950 5683 ejus
2972 5612 3188 5685 opinio.
3207 5613 3427 5666 Nomen
3449 5611 3607 5664 enim

208 5710 278 5765 ad
308 5710 424 5766 hoc
474 5710 762 5781 morieris,
821 5715 887 5768 ut
940 5710 1189 5784 pereas?
1222 5733 1251 5762 »
1306 5709 1456 5765 Dicit
1510 5709 1713 5780 itaque
1744 5726 1859 5766 non
1953 5707 2104 5779 jocis
2134 5721 2267 5760 cum
2300 5703 2472 5759 verbo
2506 5703 2770 5758 lascivire
2818 5701 3029 5773 magis,
3080 5717 3258 5774 quam
3306 5714 3439 5755 cum
3476 5698 3608 5757 locis
