4118 6182
536 373 653 435 987

1054 374 1583 437 TERTULLIANI
1630 376 1951 439 OPERUM
1996 375 2200 435 PARS
2247 375 2293 435 Ι.
2322 407 2400 420 —
2430 375 2704 438 SERIES
2750 378 2796 451 Ι,
2842 374 3397 438 APOLOGETICA.
3774 373 3874 436 988

537 521 855 579 congruere
878 507 1032 563 haud
1059 508 1352 565 immerito
1375 508 1884 581 videtur(Tertull.
1905 508 2175 582 Apologet.
2211 509 2261 576 Α
2292 507 2567 564 dominus
2599 513 2703 579 est,
2736 512 2929 582 potest
2959 508 3161 580 utique
3190 524 3301 563 non
3336 504 3509 562 semel
3535 509 3763 573 tantum,
3790 506 3869 561 sed

539 613 665 668 cap.
700 596 788 661 48,
816 596 925 652 col.
960 597 1069 669 42).
1102 600 1521 653 Verumtamen
1558 600 1731 669 paulo
1781 606 1915 655 ante
1965 599 2189 653 dixerat

539 699 924 757 quascumque
981 684 1396 757 philosophum
1458 687 1748 743 immenso
1815 690 2189 759 argumento-

540 791 673 830 rum
706 775 958 846 pondere
990 792 1161 846 posse
1193 776 1381 845 obrui,
1420 778 1516 848 qui
1548 779 1812 849 afﬁrmet,
1856 782 1915 832 ut
1955 779 2041 832 ait
2081 777 2186 830 La-

543 863 752 929 berius,
804 863 868 919 de
921 867 1195 920 sententia
1250 866 1572 937 Pythagora;
1629 866 1905 921 hominem
1962 864 2190 937 ﬁeriex

539 953 710 1018 mulo,
744 953 1017 1008 colubram
1041 970 1115 1007 ea:
1146 955 1379 1009 muliere
1401 954 1607 1024 (Idem,
1632 955 1702 1010 de
1726 955 1933 1021 Pallio,
1958 971 2085 1026 cap.
2115 956 2185 1025 1).

542 1042 610 1097 Et
639 1041 759 1097 haec
806 1042 1041 1113 quidem
1097 1042 1275 1114 hujus
1335 1044 1703 1114 minographi
1761 1048 1961 1115 poetae,
2022 1045 2189 1113 cujus

543 1130 681 1186 alibi
724 1132 991 1186 meminit
1024 1133 1267 1203 (Dissert.
1302 1133 1361 1186 in
1392 1132 1588 1187 Minue.
1626 1132 1735 1188 Oct.
1770 1150 1819 1187 c.
1865 1134 1922 1201 7,
1972 1136 2081 1187 art.
2116 1134 2186 1201 1),

543 1225 684 1277 sunt
714 1223 995 1289 carmina,
1048 1240 1080 1277 a
1119 1222 1336 1278 Crinito
1385 1232 1447 1278 ut
1494 1224 1630 1280 alibi
1689 1224 2042 1291 monuimus,
2078 1241 2188 1295 pu-

542 1310 680 1368 blici
702 1312 858 1381 juris
898 1314 1047 1367 facta
1074 1330 1086 1368 :

638 1428 701 1475 Et
730 1441 875 1476 nunc
904 1428 968 1477 de
999 1428 1147 1477 mulo
1178 1428 1466 1487 hominem,
1499 1431 1773 1480 colubram
1804 1430 1867 1480 de
1902 1430 2127 1480 muliere

637 1490 878 1551 Faciunt,
909 1495 961 1539 et
990 1505 1055 1540 ex
1076 1491 1302 1541 diversis
1337 1493 1547 1542 diversa
1577 1494 1706 1542 alia.

548 1597 843 1668 Frequens
875 1602 1072 1653 autem
1104 1600 1258 1669 apud
1308 1601 1498 1655 varios
1548 1600 1893 1672 Scriptores,
1949 1618 2014 1654 ac
2050 1617 2189 1671 prte-

544 1686 743 1742 sertim
770 1686 1130 1757 Ciceronem,
1157 1688 1525 1755 Suetonium,
1554 1694 1866 1759 utrumque
1888 1695 2189 1759 Senecam,

544 1776 760 1831 Aulum
785 1775 1057 1844 Gellium,
1084 1794 1149 1832 ac
1172 1777 1531 1833 Macrobium
1557 1778 1735 1850 hujus
1768 1778 1992 1833 Laberii
2028 1796 2188 1833 men-

540 1865 649 1932 tio,
682 1867 754 1921 de
785 1882 900 1937 quo
950 1873 1160 1937 praeter
1188 1873 1427 1923 caeteros
1463 1867 1736 1924 Horatius
1768 1868 2012 1923 cecinit:

637 1991 744 2039 Nec
778 1993 956 2039 tamen
1008 1990 1108 2040 hoc
1155 1992 1400 2041 tribuens
1440 1992 1674 2042 dederim
1719 2006 1932 2055 quoque
1961 1996 2187 2052 caetera;

647 2114 709 2165 Et
738 2114 924 2165 Laberi
952 2115 1142 2166 mimos
1172 2120 1225 2167 et
1254 2117 1480 2181 pulchra
1510 2070 1948 2182 poemaﬁnmqigfr
1966 2121 2001 2166 7-

615 2238 830 2295 Verum
862 2240 982 2296 haec
1012 2247 1136 2298 erat
1158 2243 1527 2300 ethnicorum
1580 2245 1831 2313 insania,
1885 2246 2054 2316 isque
2085 2244 2185 2299 ad-

526 2344 749 2387 .versus
779 2328 1143 2387 Christianos
1166 2332 1347 2397 furor,
1380 2339 1445 2388 ut
1481 2357 1500 2381 α
1537 2334 1744 2406 Opinio
1775 2334 2129 2401 Christiana,
2160 2354 2180 2382 ι

548 2417 702 2473 sicut
733 2424 887 2474 recte
919 2424 1123 2475 auctor
1182 2427 1376 2477 noster
1429 2422 1541 2478 alio
1599 2423 1659 2477 in
1715 2422 1866 2478 libro
1919 2421 2185 2478 animad-

545 2508 737 2575 vertit,
797 2530 824 2557 ‹‹
880 2509 987 2565 etsi
1020 2509 1322 2566 honestior
1367 2511 1770 2585 Pythagorica,
1825 2529 1950 2583 quae
2003 2516 2059 2566 te
2126 2510 2185 2565 in

545 2594 764 2653 bestias
794 2599 1109 2666 transfert;
1142 2599 1248 2655 etsi
1282 2599 1507 2673 plenior
1534 2601 1854 2668 Platonica,
1896 2618 2021 2671 quae
2080 2599 2184 2654 tibi

548 2683 722 2740 etiam
748 2686 941 2741 dotem
967 2689 1226 2759 corporis
1249 2690 1440 2745 reddit
1463 2708 1475 2757 ;
1501 2691 1610 2746 etsi
1636 2691 1913 2762 Epicurea
1933 2690 2183 2762 gravior,

545 2790 669 2844 quae
694 2778 749 2829 te
778 2775 849 2830 ab
882 2775 1120 2832 interitu
1148 2778 1443 2845 defendit;
1476 2785 1675 2834 tamen
1708 2785 1946 2852 propter
1970 2794 2182 2834 nomen

546 2861 736 2918 solum
769 2863 1232 2922 Christianorum
1264 2869 1502 2923 vanitati
1533 2873 1589 2923 et
1618 2869 1864 2940 stupori,
1912 2873 1969 2923 et
2000 2874 2064 2923 ut
2094 2868 2181 2922 di-

542 2952 715 3023 citur,
743 2954 1187 3025 praesumptioni
1219 2956 1551 3028 deputatur.
1588 2983 1609 3009 ι
1649 2958 1802 3013 Satis
1824 2962 2020 3014 autem
2043 2974 2182 3029 gen-

542 3039 747 3097 tilibus
779 3059 891 3098 non
926 3044 1038 3099 fuit
1068 3044 1218 3100 hanc
1269 3045 1734 3103 Christianorum
1785 3046 2008 3103 caeteris
2058 3062 2182 3101 me-

540 3128 747 3186 liorem
779 3132 1133 3189 sententiam
1166 3136 1424 3205 rejicere,
1459 3142 1635 3208 atque
1685 3136 2049 3208 adspernari,
2082 3136 2182 3191 sed

538 3220 614 3323 ab
644 3219 1141 3323 eis‘Christianus,
1169 3223 1329 3279 illius
1361 3225 1655 3323 defensor,
1679 3226 1957 3296 lapidibus
1984 3226 2177 3323 magis,
2212 3256 2254 3323 Ε

542 3306 656 3363 alia
707 3307 1053 3365 Tertulliani
1110 3310 1168 3365 in
1246 3314 1587 3385 Apologetico
1638 3314 1791 3384 (cap.
1862 3315 1948 3383 48)
2007 3315 2180 3370 verba

538 3402 698 3467 sunt,
728 3412 828 3453 nec
856 3398 1052 3454 saltem
1081 3403 1330 3456 caestibus
1359 3420 1392 3457 a
1418 3403 1623 3474 populo
1642 3404 1919 3475 exigetur.
1949 3406 2054 3458 Ast
2077 3420 2180 3474 pro

537 3486 789 3542 caestibus
820 3486 879 3541 in
923 3489 1140 3543 nostris
1188 3490 1488 3545 codicibus
1538 3490 1770 3563 legitur,
1819 3492 2069 3557 coetibus,
2120 3493 2178 3547 id

537 3580 648 3639 est,
680 3576 1084 3644 conventibus,
1135 3583 1191 3632 et
1242 3580 1786 3650 congregationibus
1835 3581 2176 3653 expelletur.

535 3662 931 3719 Tertullianus
962 3665 1253 3735 siquidem
1283 3685 1316 3722 a
1347 3667 1576 3738 majori,
1627 3676 1691 3724 ut
1736 3671 1924 3736 aiunt,
1961 3672 2030 3726 ad
2065 3672 2175 3726 mi-

536 3768 672 3815 nus,
706 3768 808 3807 nec
841 3753 991 3809 male
1022 3755 1260 3825 quidem
1293 3763 1759 3829 argumentatur.
1783 3760 2175 3827 Christianus,

536 3839 744 3909 inquit,
781 3840 939 3896 illius
972 3844 1042 3899 de
1091 3844 1286 3901 futuro
1335 3846 1589 3903 hominis
1637 3850 1707 3903 ad
1757 3848 1934 3905 vitam
1986 3850 2175 3905 reditu

534 3928 829 3998 dogmatis
860 3938 1135 3997 assertor,
1168 3949 1282 3990 non
1321 3937 1493 3991 modo
1526 3938 1846 4008 expelletur
1883 3939 1955 3993 ab
1986 3939 2175 3994 ethni-

533 4034 736 4073 corum
769 4022 1175 4090 conventibus,
1208 4026 1305 4079 sed
1342 4027 1493 4096 quod
1530 4028 1696 4098 pejus
1745 4033 1852 4092 est,
1906 4028 2178 4099 lapidibus

533 4106 816 4163 obruetur.
851 4110 923 4165 At
951 4111 1000 4165 si
1042 4129 1158 4167 non
1208 4114 1291 4169 ita
1336 4114 1483 4171 bene
1535 4117 1593 4170 in
1644 4116 1878 4189 Rigaltii
1926 4117 2177 4172 editione

533 4198 810 4265 caestibus,
891 4200 1075 4256 multo
1145 4207 1297 4258 certe
1374 4205 1541 4275 pejus
1620 4206 1675 4259 in
1744 4206 2177 4277 antiquioribus

533 4285 844 4356 scriptum,
902 4288 1158 4360 caedibus,
1222 4306 1349 4361 quas
1409 4290 1764 4363 lapidatione
1821 4293 2179 4348 crudeliores

535 4380 695 4429 sunt.
730 4375 810 4430 De
859 4375 977 4433 illis
1026 4394 1216 4449 porro,
1266 4379 1483 4435 notatis
1530 4380 1601 4435 ab
1648 4385 1897 4436 Auctore
1955 4387 2179 4450 nostro,

538 4463 891 4535 Pythagoras,
923 4466 1202 4534 Platonis,
1248 4473 1305 4523 et
1352 4469 1581 4540 Epicuri
1631 4469 2006 4541 opinionibus
2053 4471 2178 4541 egi-

543 4567 675 4606 mus
706 4553 766 4606 in
798 4554 1016 4609 nostris
1047 4556 1117 4610 de
1149 4557 1386 4612 Minucii
1418 4557 1643 4628 Felicis,
1695 4564 1751 4613 et
1792 4559 2076 4614 Lactantii
2103 4558 2177 4614 li-

536 4637 658 4693 bris
688 4640 1201 4699 dissertationibus
1252 4648 1568 4710 (Disserlal.
1621 4622 1682 4703 in
1730 4650 1942 4704 Minue.
1994 4650 2173 4704 Octav.
2208 4622 2257 4686 Β

534 4741 665 4798 cap.
696 4729 754 4795 7,
786 4734 895 4785 art.
932 4733 982 4797 1,
1017 4738 1072 4788 et
1102 4735 1158 4788 in
1192 4735 1465 4804 Lactant.,
1500 4752 1627 4807 cap.
1661 4739 1750 4804 34,
1784 4744 1895 4793 art.
1929 4739 2003 4810 1).

604 4817 889 4881 Quoniam
936 4837 1068 4876 vero
1118 4823 1518 4880 Tertullianus
1572 4826 1828 4882 hominis
1878 4828 1947 4882 ad
1995 4827 2173 4882 vitam

533 4920 868 4976 regressum
898 4912 1213 4981 propositis
1243 4910 1392 4968 lucis
1415 4920 1470 4969 et
1492 4916 1888 4983 tenebrarum,
1914 4916 2173 4972 siderum

532 4998 589 5050 et
629 4994 780 5050 899
831 5002 1185 5070 temporum,
1232 5002 1485 5059 fructum
1533 5010 1590 5059 et
1638 5006 1930 5060 seminum
1981 5022 2173 5060 exem-

532 5082 644 5154 plis
671 5087 1011 5144 corrobrare
1041 5096 1287 5146 conatus
1342 5093 1530 5147 fuerat
1576 5093 1839 5163 (Tertull.
1893 5095 2168 5165 Apologel.

530 5186 655 5244 cap.
690 5175 778 5243 48,
836 5177 945 5232 col.
1008 5179 1118 5250 45),
1172 5179 1305 5235 inde
1363 5182 1687 5252 arguebant
1742 5183 2172 5255 ethnicizErgo
2226 5228 2231 5235 .

529 5277 762 5333 semper
792 5266 1158 5323 moriendum
1190 5269 1321 5335 erit,
1354 5273 1410 5323 et
1440 5286 1673 5340 semper
1722 5274 2168 5344 resurgendum.

528 5352 699 5424 Atqui
734 5355 841 5410 hoc
886 5356 1060 5427 plane
1108 5358 1427 5413 absurdum
1479 5363 1587 5413 est.
1638 5362 1746 5415 Sed
1798 5363 2005 5434 primo,
2051 5379 2170 5419 res-

527 5443 744 5513 pondet
771 5444 1205 5501 Tertullianus:
1260 5445 1317 5500 Si
1365 5446 1447 5502 ita
1496 5462 1689 5504 rerum
1741 5453 2022 5507 Dominus
2072 5454 2170 5508 de-

528 5530 825 5599 stinasset,
915 5534 1163 5604 ingratis
1247 5537 1563 5606 experieris
1649 5540 1999 5598 conditionis
2058 5548 2170 5598 tuae

526 5617 713 5690 legem
749 5642 775 5668 ››
810 5620 1016 5692 (Ibid),
1050 5622 1160 5678 hoc
1191 5628 1299 5691 est,
1334 5626 1469 5696 quia
1498 5642 1669 5682 verus
1699 5632 1756 5682 et
1799 5630 2169 5703 omnipotens

525 5706 681 5764 Deus
712 5709 977 5768 omnium
1006 5729 1225 5785 rerum,
1274 5731 1338 5772 ac
1388 5716 1633 5788 proinde
1681 5718 1891 5776 mortis
1938 5725 1995 5777 et
2042 5722 2168 5779 vita

2296 597 2471 653 toties
2503 597 2800 654 hominem
2838 603 3133 654 mortuum
3168 598 3237 653 ad
3277 597 3445 651 vitam
3490 595 3736 661 excitare,
3765 612 3874 668 quo-

2296 685 2407 742 ties
2442 688 2705 745 voluerit.
2741 688 2800 744 Si
2833 706 2967 760 ergo
3010 688 3233 743 homini
3283 686 3466 742 varios
3513 686 3579 741 ad
3622 684 3779 739 vitam
3806 702 3873 740 re-

2298 777 2456 832 ditus
2488 778 2857 847 decrevisset,
2890 778 3041 833 hanc
3071 778 3167 832 ille
3197 776 3382 849 legem
3431 775 3655 844 ingratis
3694 774 3877 845 experi-

2300 871 2478 921 retur.
2513 867 2667 921 Dixit
2699 873 2894 922 autem
2922 868 3174 939 ingratis,
3208 866 3262 920 id
3298 870 3407 933 est,
3428 864 3615 927 invite,
3637 880 3697 918 ac
3718 868 3879 917 contra

2296 956 2676 1012 voluntatem.
2709 957 2787 1012 Eo
2817 957 2970 1013 enim
3007 973 3183 1012 sensu
3216 957 3431 1011 Auctor
3458 954 3576 1025 ipse
3606 955 3779 1007 noster
3794 950 3879 1006 hoc

2297 1044 2472 1100 verbo
2506 1061 2657 1117 saepe
2690 1063 2833 1102 usus
2865 1050 2973 1115 est,
3005 1045 3125 1101 imo
3161 1048 3215 1099 et
3244 1044 3369 1115 ipse
3411 1042 3617 1107 Cicero,
3663 1063 3689 1090 «
3718 1041 3879 1095 Extor-

2300 1134 2601 1205 quendum
2637 1139 2749 1202 est,
2782 1134 2995 1205 inquit,
3035 1134 3215 1189 invito
3264 1137 3439 1204 atque
3489 1129 3717 1201 ingratis
3758 1129 3881 1200 quod

2300 1239 2413 1277 non
2449 1224 2644 1279 debet.
2689 1246 2716 1272 »
2749 1228 2815 1278 Et
2841 1223 3018 1279 alibi:
3052 1246 3079 1274 ‹‹
3112 1222 3458 1277 Reticebunt
3509 1236 3629 1290 quae
3660 1222 3883 1288 poterunt

2297 1310 2798 1383 libenter,Edicent
2829 1330 2954 1383 quae
2988 1328 3223 1367 necesse
3253 1309 3363 1365 erit
3392 1306 3629 1380 ingratis
3656 1328 3680 1354 n
3719 1306 3883 1377 (Idem,

2300 1417 2427 1472 cap.
2463 1402 2517 1465 4,
2566 1401 2676 1455 col.
2716 1402 2751 1454 5
2809 1401 3028 1457 Advers.
3090 1406 3374 1470 Hermog.,
3434 1415 3558 1469 cap.
3588 1396 3683 1461 19;
3735 1399 3782 1449 et
3806 1394 3883 1447 lib.

2298 1490 2421 1544 adv.
2462 1491 2736 1546 Valentia.
2771 1508 2895 1563 cap.
2933 1492 3020 1558 26,
3058 1507 3188 1563 pag.
3222 1489 3369 1556 300;
3418 1487 3533 1542 Cic.
3567 1484 3704 1541 Orat.
3731 1484 3885 1555 prima

2299 1596 2399 1648 pro
2430 1581 2647 1649 Quinct.
2683 1598 2814 1652 pag.
2848 1582 2901 1648 9,
2954 1580 3057 1634 lin.
3098 1581 3151 1645 2,
3185 1586 3241 1635 et
3269 1578 3375 1632 lib.
3426 1594 3480 1632 ιν
3527 1578 3582 1631 in
3632 1576 3754 1643 Ven,
3781 1588 3883 1643 pag.

2301 1671 2423 1738 163,
2458 1669 2562 1724 lin.
2597 1670 2704 1739 15).
2735 1671 3010 1725 Cernisne
3043 1668 3281 1725 nomina
3309 1669 3541 1723 libenter
3586 1669 3639 1719 et
3668 1664 3881 1733 ingratis,

2299 1758 2408 1814 sibi
2442 1758 2688 1813 invicem
2730 1759 2990 1831 opponi?

2371 1849 2705 1919 Respondet
2750 1849 3007 1903 secundo
3058 1846 3457 1903 Tertullianus
3500 1861 3513 1899 :
3576 1863 3594 1889 ι
3649 1845 3714 1896 At
3762 1855 3883 1895 nunc

2302 1937 2456 1993 Deus
2491 1954 2602 1993 non
2635 1936 2804 1992 aliter
2825 1937 3159 2001 destinavit,
3183 1952 3361 2007 quam
3386 1931 3703 2006 praedicavit
3722 1952 3745 1980 η
3767 1930 3885 2000 (Ter-

2297 2025 2449 2095 tull.,
2482 2026 2756 2099 Apologet.
2789 2044 2918 2099 cap.
2946 2028 3035 2093 48,
3070 2042 3201 2098 pag.
3254 2025 3367 2096 43),
3418 2024 3476 2076 in
3531 2020 3697 2077 sacris
3740 2016 3880 2073 nimi-

2297 2132 2427 2171 rum
2459 2121 2515 2171 et
2546 2133 2728 2188 supra
2760 2119 3115 2185 notavimus,
3147 2112 3489 2187 Scripturis,
3528 2110 3621 2167 ubi
3665 2127 3695 2164 a
3720 2124 3773 2164 se
3797 2110 3882 2161 sta-

2298 2210 2487 2261 tutum
2519 2221 2648 2260 esse
2690 2205 2966 2277 praedicat
3020 2204 3243 2261 homini
3306 2203 3486 2259 semel
3544 2197 3878 2259 moriendum,

2297 2292 2595 2365 semelque
2624 2296 3074 2368 resurgendum.

2367 2381 2627 2455 Denique
2658 2385 2976 2456 respondes
3021 2384 3289 2440 homines
3349 2381 3479 2437 ideo
3523 2390 3814 2448 resurgere,
3837 2374 3885 2425 ut

2298 2474 2357 2528 in
2406 2473 2732 2529 immensam
2777 2474 3108 2531 aeternitatis
3151 2473 3591 2544 perpetuitatem,
3649 2461 3885 2535 accipiant

2297 2561 2453 2636 quod
2486 2564 2621 2620 mali
2653 2570 2755 2621 aut
2783 2563 2921 2620 boni
2953 2562 3012 2618 in
3045 2562 3154 2617 hac
3194 2561 3315 2616 vita
3364 2560 3693 2615 meruerunt
3720 2549 3882 2623 (Ibid).

2295 2659 2485 2717 Semel
2511 2657 2692 2730 igitur
2722 2654 2935 2709 debent
2956 2652 3024 2707 ad
3053 2651 3227 2706 vitam
3256 2648 3534 2706 revocari.
3559 2647 3746 2701 Postea
3762 2638 3882 2695 enim

2295 2766 2400 2805 nec
2432 2764 2589 2804 mors
2624 2744 2757 2811 erit,
2791 2758 2895 2797 nec
2926 2740 3300 2805 resurrectio,
3336 2738 3439 2794 sed
3469 2740 3675 2793 aeterna
3700 2730 3812 2785 vita.

2368 2837 2584 2894 Dehinc
2613 2850 2747 2891 vero
2778 2832 2851 2887 iis
2880 2830 3057 2887 etiam
3089 2828 3366 2895 occurrit,
3399 2827 3496 2899 qui
3524 2824 3786 2895 objectare
3810 2832 3882 2872 so-

2292 2929 2491 2985 lebant
2510 2925 2634 2982 fieri
2658 2941 2771 2980 non
2797 2938 2989 2995 posse,
3017 2923 3082 2976 ut
3110 2935 3327 2991 corpus
3356 2916 3613 2973 hominis
3643 2906 3881 3005 profundo

2294 3020 2701 3087 immensoque
2750 3012 2895 3067 mari
2947 3010 3355 3073 submersum,
3405 3006 3689 3062 redactum
3732 3000 3781 3053 in
3820 3000 3879 3049 ci-

2293 3124 2486 3175 neres,
2513 3124 2547 3161 a
2582 3102 2810 3172 bestiis,
2838 3104 2894 3156 et
2921 3098 3235 3170 aliquando
3281 3098 3357 3152 ab
3407 3094 3720 3152 hominibus
3744 3088 3879 3142 devo-

2294 3201 2510 3264 ratum,
2554 3195 2749 3266 ipsum
2804 3191 2957 3245 idem
3022 3186 3341 3258 aliquando
3400 3186 3690 3255 resurgat:
3725 3175 3881 3231 uNam

2298 3286 2416 3348 Dei,
2452 3282 2663 3355 inquit,
2697 3284 2786 3336 est
2814 3277 3063 3333 nihilum
3096 3277 3317 3349 ipsum,
3372 3274 3540 3344 cuius
3585 3275 3638 3327 et
3681 3272 3882 3361 totum“)!

2290 3374 2495 3447 (Ibid.).
2530 3354 2672 3428 Cum
2706 3368 2863 3425 enim
2896 3372 3048 3423 Deus
3080 3366 3279 3420 omnia
3309 3382 3381 3421 ex
3426 3362 3605 3419 nihilo
3635 3354 3880 3447 creaverit,

2290 3440 2356 3520 ac
2389 3440 2507 3520 tam
2542 3460 2625 3516 rei
2657 3456 3016 3522 exsistentis,
3078 3472 3255 3526 quam
3316 3471 3435 3510 non
3494 3443 3817 3508 exsistentis,
3840 3440 3883 3493 et

2290 3551 2458 3608 nihili
2490 3550 2568 3607 sit
2598 3548 2896 3617 dominus,
2929 3549 3124 3618 potest
3154 3548 3309 3600 certe
3361 3542 3771 3615 quodcumque,
3796 3544 3881 3599 quo

2289 3641 2399 3713 ipsi
2435 3637 2736 3712 placuerit,
2770 3635 2940 3692 modo
2991 3638 3048 3690 et
3092 3634 3278 3689 facere
3333 3636 3391 3688 et
3449 3630 3690 3685 reticcre.
3743 3621 3881 3713 ﬂecte

2287 3710 2466 3801 igitur
2497 3727 2630 3783 hinc
2662 3724 2760 3781 ille
2808 3723 3143 3780 concludit:
3188 3746 3215 3773 ‹‹
3248 3721 3591 3790 Ubicunque
3638 3710 3879 3801 resolutus

2289 3798 2489 3888 fueris,
2537 3830 2924 3888 quaecumque
2971 3818 3028 3869 te
3075 3812 3323 3868 materia
3369 3803 3723 3870 destruxerit,
3766 3798 3876 3888 bitu:

2288 3884 2846 3977 serit,yabsolverit,
2896 3904 2952 3957 in
3012 3901 3262 3957 nihilum
3325 3895 3669 3971 prodegerit,
3721 3884 3881 3944 redth

2284 4002 2343 4054 te
2376 4020 2402 4047 ››
2433 3996 2641 4069 (Ibid).
2672 3995 2779 4049 Sed
2814 4010 2920 4049 nos
2951 3992 3121 4064 plura
3165 3990 3225 4045 in
3274 3990 3431 4044 hanc
3481 4002 3600 4043 rem
3646 3982 3701 4037 in
3743 3988 3879 4073 supe-

2287 4066 2541 4142 rioribus
2559 4066 2776 4141 nestris
2798 4081 3311 4139 dissertationibus
3340 4075 3751 4151 disputavimus
3768 4066 3880 4133 (Dis-

2285 4179 2471 4232 serlat.
2502 4177 2561 4231 in
2585 4174 2783 4229 Minue.
2821 4173 3000 4229 Octav.
3034 4188 3161 4243 cap.
3194 4172 3251 4236 7,
3300 4173 3415 4226 art.
3446 4171 3483 4222 2
3531 4170 3585 4222 et
3630 4154 3879 4219 Dissertat-

2285 4266 2344 4321 in
2370 4269 2622 4321 Lactant.
2659 4280 2788 4334 cap.
2821 4263 2914 4330 28,
2947 4264 3056 4317 art.
3091 4260 3168 4331 4).

2888 4417 3197 4457 ARTICULUS
3247 4417 3329 4455 IlI.

2289 4516 2403 4583 Quo
2430 4510 2905 4586 temporermortui
2933 4509 3181 4586 homines
3238 4506 3317 4586 ad
3354 4508 3547 4586 pilam
3582 4494 3881 4586 excitabun-

2354 4588 2469 4653 tur,
2498 4574 2798 4652 sistentque
2849 4598 2905 4636 se
2960 4584 3205 4653 θίξιν-θνηο
3266 4579 3363 4633 Dei
3391 4575 3638 4653 judicio,
3693 4574 3740 4652 et

2357 4636 2513 4710 modo
2546 4636 2919 4709 Tertullianus
2955 4651 3311 4727 ethnicorum
3362 4636 3433 4704 de
3478 4636 3645 4727 Minoe
3686 4643 3734 4698 ei

2357 4707 3063 4796 damnatoriopinionibus
3136 4723 3421 4796 conﬁrmet
3477 4720 3713 4775 omnium
3760 4707 3880 4763 mala

2357 4799 2601 4870 bonaque
2627 4794 2828 4853 merita
2855 4803 2976 4851 tum
3004 4794 3411 4852 examinanda.

2355 4927 2673 4995 Postquam
2728 4920 3127 4977 Tertullianus
3174 4919 3288 4987 his,
3344 4934 3475 4991 quas
3526 4909 3880 4986 exposuimus,

2282 5012 2574 5068 rationum
2612 5011 2927 5067 momentis
2957 5008 3360 5082 comprobavit
3409 5008 3669 5062 futurum
3715 4996 3880 5068 cujus-

2282 5102 2424 5157 libet
2452 5103 2606 5157 900
2638 5101 2851 5157 mortui
2896 5099 3153 5156 hominis
3206 5098 3275 5153 ad
3335 5098 3514 5151 vitam
3571 5098 3879 5162 regressum,

2283 5194 2408 5245 tum
2442 5191 2719 5245 continuo
2753 5189 3011 5244 ostendit
3042 5187 3277 5258 quando
3309 5201 3515 5241 omnes
3550 5178 3793 5267 homines
3812 5185 3879 5267 re:

2282 5294 2521 5348 surgere
2554 5278 2837 5332 debeant:
2875 5256 3171 5343 Mundam,
3222 5273 3437 5345 inquit,
3498 5286 3611 5342 qua;
3664 5256 3877 5356 ratio.

2283 5371 2389 5434 est,
2422 5366 2598 5421 dubio
2632 5365 2853 5437 procul,
2887 5366 3127 5422 verbum
3162 5368 3216 5420 et
3246 5378 3440 5420 sermo
3472 5358 3590 5427 Del,
3621 5348 3879 5426 composui!

2278 5458 2496 5513 aemulis
2528 5456 2795 5525 (Tertull.
2830 5455 3106 5527 Apologet.
3153 5470 3278 5525 cap.
3326 5452 3416 5515 48,
3466 5447 3572 5505 col.
3619 5446 3724 5512 43),
3753 5452 3875 5534 “Bell,

2282 5544 2391 5599 sibi
2423 5544 2669 5599 invicem
2704 5544 3034 5612 contrariis,
3064 5542 3151 5599 vel
3176 5540 3346 5597 sicuti
3368 5540 3426 5593 in
3451 5534 3716 5593 aliolibro
3737 5527 3873 5590 dixit,

2279 5632 2610 5689 exdiversis
2647 5635 3011 5695 substantiis;
3070 5640 3128 5689 ut
3179 5630 3276 5687 sub
3334 5630 3551 5684 unitate
3604 5618 3875 5680 constarent

2279 5721 2487 5795 (Idem,
2517 5722 2583 5779 de
2612 5724 2814 5794 Pallio,
2868 5738 2994 5797 cap.
3051 5722 3148 5796 2):
3202 5719 3320 5778 haec
3377 5715 3576 5776 eadem
3627 5708 3760 5769 ratio
3807 5701 3866 5760 ab
