4118 6182
272 379 387 440 989

1176 380 1246 438 D.
1294 381 1388 441 LE
1434 382 1758 443 NOUthY
1804 379 2457 441 OBSERVATIONES
2501 381 2759 443 ΝονιλΕ.

3556 378 3676 440 990

271 512 446 583 hujus
478 511 685 566 mundi
717 512 952 568 exordio
1010 516 1244 586 tempus
1295 515 1476 571 ﬂuere
1517 514 1915 587 voluit,§quod
1946 515 2000 582 Α
2030 514 2165 571 tiles
2195 513 2539 587 alloquitur,
2568 513 2762 569 verbis
2788 513 3183 570 declaraverat
3214 530 3226 569 :
3266 533 3294 564 «
3326 512 3570 580 Ridetis,
3597 512 3677 569 ri-

272 617 457 673 usque
490 601 557 655 ad
592 602 925 672 oppositam
957 602 1069 675 ipsi
1114 603 1495 659 aeternitatem
1556 621 1788 676 semper
1818 606 1915 661 de-

273 692 432 746 ﬂuat.
456 697 523 744 At
549 691 702 746 inter
721 691 1013 747 infinitam
1048 693 1519 765 immensamque
1538 696 1916 751 aeternitatem

271 780 589 836 acfinitum
646 784 882 851 tempus
938 782 1291 853 interposuit
1349 783 1609 839 medium
1643 783 1917 850 limitem,

274 886 386 942 quo
443 885 621 925 aevum
679 870 972 941 (Apologet.
1027 871 1135 926 loc.
1192 872 1340 944 eit.),
1373 873 1491 928 sive
1542 876 1729 928 totum
1771 872 1917 928 illud

275 959 476 1014 mundi
510 965 745 1029 tempus
780 960 1036 1025 finiatur,
1096 965 1149 1016 et
1209 962 1441 1016 infinita
1494 962 1788 1017 aeternitas
1830 963 1919 1017 in-

272 1049 488 1119 cipiat:
527 1070 554 1097 ‹‹
589 1048 648 1103 In
684 1064 750 1103 eo
782 1054 978 1104 autem
1012 1050 1220 1105 ultimo
1288 1050 1593 1123 temporis,
1634 1056 1691 1107 et
1730 1053 1920 1124 primo

269 1137 610 1193 aeternitatis
658 1137 863 1205 limite,
926 1140 1288 1207 restituetur,
1338 1140 1556 1212 inquit,
1607 1158 1780 1196 omne
1811 1141 1920 1196 hu-

270 1244 511 1283 manum
542 1244 729 1298 genus
761 1228 832 1282 ad
866 1230 1321 1300 expungendum
1379 1231 1532 1301 quod
1568 1231 1625 1285 in
1660 1231 1770 1286 isto
1805 1248 1920 1287 aevo

270 1314 557 1385 [mortalis
586 1314 717 1369 vitae
749 1315 890 1386 suae]
927 1316 1063 1371 boni
1096 1334 1201 1373 seu
1235 1318 1370 1372 mali
1395 1320 1694 1386 meruit,et
1715 1320 1921 1375 exinde

271 1405 720 1475 dependendum
749 1405 809 1459 in
866 1405 1220 1461 immensam
1256 1408 1603 1462 aeternitatis
1636 1408 1925 1480 perpetui-

271 1499 448 1550 tatem
483 1514 509 1544 »
546 1492 752 1565 (Ibid.).
780 1495 862 1549 Ita
895 1494 950 1549 in
986 1494 1228 1567 Rigaltii
1278 1499 1335 1551 et
1394 1497 1657 1568 antiquis
1714 1498 1920 1554 editio-

271 1583 469 1652 nibus,
538 1600 604 1638 ac
664 1583 1080 1655 manuscriptis
1117 1585 1337 1641 nostris
1396 1586 1721 1642 codicibus.
1756 1593 1830 1641 At
1859 1588 1920 1643 in

270 1673 430 1729 cusis
461 1671 761 1745 aliquibus
819 1671 1054 1744 legitur,
1113 1673 1646 1744 deprehendendum,
1683 1694 1786 1747 pro
1824 1678 1920 1733 de-

265 1762 645 1833 pendendum,
706 1766 807 1817 aut
866 1762 924 1815 in
983 1761 1114 1817 aliis
1144 1765 1343 1819 exinde
1372 1764 1802 1835 dependendum.
1859 1767 1921 1822 In

2027 605 2206 661 deant
2235 610 2291 660 et
2349 603 2456 671 illi,
2502 603 2792 670 dwmones,
2849 604 3250 660 vobiscum....
3315 605 3519 661 Dieant
3564 605 3674 662 hoc

2028 711 2132 765 pro
2164 693 2467 760 tribunali,
2501 710 2561 749 se
2606 692 2755 748 forte
2805 693 3035 749 Minoen
3090 697 3147 749 et
3202 694 3674 750 Rhadamantem

2030 783 2355 839 secundum
2407 798 2764 838 consensum
2816 782 3075 838 Platonis
3124 787 3182 838 et
3212 786 3515 855 poetarum
3547 800 3677 840 esse

2029 872 2267 927 sortitos
2303 869 2518 942 ι’(ιὸίιί.
2557 888 2683 941 cap.
2739 871 2832 938 23,
2891 871 3000 926 col.
3040 872 3154 943 25).
3214 872 3362 936 Quia
3407 888 3541 928 vero
3570 876 3674 928 bo-

2030 960 2328 1015 tissimum
2365 960 2637 1015 omnibus
2668 964 2793 1015 erat
2824 959 3033 1015 Minois
3064 965 3120 1016 et
3160 961 3552 1017 Rhadamanti
3575 962 3678 1017 tri-

2028 1048 2231 1120 bunal,
2284 1053 2459 1105 testes
2484 1049 2808 1121 generatim
2842 1050 2981 1105 citat
3010 1056 3232 1122 poetas,
3267 1067 3516 1123 quorum
3550 1050 3677 1123 plu-

2030 1138 2166 1193 rimi
2198 1143 2254 1193 et
2286 1138 2465 1193 Graeci
2488 1143 2545 1193 et
2574 1138 2763 1194 Latini
2816 1138 2960 1193 illud
2991 1139 3346 1195 cecinerunt.
3380 1141 3459 1195 Ex
3489 1140 3677 1212 philo-

2030 1225 2234 1297 sophis
2268 1242 2401 1280 vero
2453 1225 2805 1281 nominatim
2863 1227 3119 1299 appellat
3168 1228 3507 1284 Platonem:
3541 1230 3679 1301 quia

2032 1317 2266 1375 illorum
2300 1318 2566 1375 omnium
2618 1319 2786 1375 facile
2844 1321 3116 1394 princeps
3148 1322 3442 1378 audiebat.
3492 1322 3679 1379 Simili

2031 1406 2208 1463 etiam
2268 1408 2440 1462 modo
2495 1407 2766 1462 Justinus
2826 1412 3047 1480 martyr
3105 1409 3387 1464 adversus
3442 1411 3677 1465 eosdem

2032 1496 2298 1551 ethnicos
2348 1501 2794 1566 argumentatus
2844 1497 3066 1552 fuerat:
3119 1494 3348 1553 Πλάτων
3396 1493 3453 1552 δὲ
3484 1494 3677 1551 Ῥαδά-

2035 1605 2231 1657 μαντον
2273 1584 2361 1638 καὶ
2395 1583 2546 1639 Μίνω
2577 1583 2828 1639 κολάσειν
2872 1584 3000 1647 τοὺς
3030 1582 3249 1648 ἀδίκους
3305 1589 3433 1662 παρ’
3489 1585 3681 1649 αὐτοὺς

2031 1671 2309 1735 ἐλθόνταςο
2373 1676 2539 1745 ἡμεῖς
2590 1670 2646 1728 δὲ
2694 1674 2754 1727 τὸ
2806 1673 2934 1728 αὐτὸ
2986 1674 3209 1751 πρᾶγμά
3257 1697 3432 1750 φαμεν
3466 1678 3681 1751 γενήσε-

2033 1774 2174 1833 σθαι,
2210 1760 2331 1817 ἀλλ¹
2394 1764 2496 1817 ὑπὸ
2527 1767 2624 1817 τοῦ
2655 1768 2909 1836 Χριστοῦ,
2949 1765 3035 1818 καὶ
3072 1769 3186 1827 τοῖς
3238 1764 3424 1827 αὐτοῖς
3465 1765 3679 1837 σώμασι

268 1852 405 1907 aliis
436 1868 604 1924 porro
636 1851 745 1906 hoc
776 1852 1016 1907 verbum
1040 1853 1274 1923 penitus
1298 1854 1598 1909 sublatum
1613 1855 1923 1926 est.Neque

2039 1854 2169 1926 μετὰ
2194 1855 2387 1928 ψυχῶν
2429 1851 2760 1927 γενομένων,
2808 1852 2896 1908 καὶ
2948 1852 3168 1907 αἰωνίαν
3211 1853 3433 1909 κόλασιν
3482 1852 3680 1909 κολασ-

266 1940 415 1996 illud
448 1940 615 1996 valde
674 1941 1072 1996 necessarium
1106 1940 1354 2009 videtur,
1397 1944 1447 1999 si
1504 1944 1679 2000 verbo
1708 1961 1919 2017 expun-

267 2030 528 2102 gendum,
562 2030 640 2085 ibi
701 2048 734 2085 a
763 2030 1153 2100 Tertulliano,
1189 2032 1341 2087 sicut
1398 2032 1560 2099 alibi,
1593 2035 1740 2090 etab
1769 2035 1922 2106 aliis,

268 2120 667 2192 Scriptoribus
701 2124 972 2176 sumatur
1003 2139 1104 2193 pro
1145 2122 1593 2193 persolvendum.
1627 2126 1735 2180 Sed
1768 2125 1816 2181 si
1849 2127 1921 2182 ab

268 2227 331 2266 eo
364 2209 691 2282 accipiatur
722 2227 824 2282 pro
859 2211 1159 2267 reddenda
1188 2212 1262 2267 ab
1294 2211 1639 2269 hominibus
1675 2231 1920 2284 operum

269 2315 513 2354 suorum
548 2316 806 2363 summa,
830 2299 1275 2371 rationibusque
1306 2302 1923 2374 computandis,atque

268 2388 665 2457 absolvendis,
692 2389 927 2445 retineri
963 2390 1135 2446 debet
1162 2391 1407 2446 verbum
1442 2390 1586 2446 illud
1609 2392 1920 2462 dependen-

266 2478 401 2533 dum
430 2496 453 2540 ;
482 2478 563 2533 ita
604 2482 669 2533 ut
736 2478 829 2534 hic
888 2479 965 2535 sit
1023 2478 1184 2535 illius
1229 2496 1476 2547 sensus;
1522 2480 1925 2539 Restituentur

270 2584 480 2623 omnes
509 2568 745 2623 omnino
782 2568 1075 2637 homines,
1126 2573 1190 2623 ut
1211 2574 1645 2642 computentur,
1708 2573 1924 2628 exami-

269 2662 584 2725 nentur,et
614 2658 995 2713 absolvantur
1014 2663 1237 2713 cunctae
1268 2659 1407 2714 boni
1441 2660 1698 2732 malique
1720 2679 1921 2718 eorum

269 2747 465 2802 meriti
499 2747 775 2814 rationes,
828 2764 893 2802 ac
925 2748 1137 2803 deinde
1171 2764 1273 2819 per
1319 2750 1502 2804 totam
1535 2750 1920 2807 aeternitatem

267 2835 415 2890 illud
454 2836 787 2907 dependant
817 2854 881 2892 ac
914 2837 1159 2903 solvant,
1221 2838 1376 2910 quod
1412 2854 1515 2910 per
1562 2839 1710 2894 hanc
1742 2840 1922 2897 vitam

271 2930 637 2981 meruerunt.
660 2929 731 2980 At
761 2926 1075 2981 Suetonius
1108 2928 1347 2982 verbum
1380 2945 1658 2999 expungo,
1691 2929 1799 2984 hac
1831 2947 1923 2986 se-

268 3016 467 3070 cunda
497 3015 923 3083 significatione
983 3015 1329 3073 adhibuisse
1387 3018 1637 3087 videtur,
1694 3019 1793 3073 ubi
1850 3020 1923 3077 de

267 3104 513 3159 Claudio
544 3104 769 3160 Caesare
826 3104 1101 3176 scripsit:
1141 3110 1340 3160 «Cum
1409 3106 1680 3162 decurias
1724 3124 1922 3165 rerum

269 3198 401 3249 aeta
433 3198 793 3265 expungeret
846 3212 877 3245 »
912 3195 1167 3263 (Sueten.
1220 3194 1275 3249 in
1319 3196 1415 3250 Vit.
1474 3195 1714 3265 Claudii,
1749 3200 1775 3265 §
1809 3199 1917 3269 15),

2035 1942 2372 2015 θησομένων.
2432 1944 2592 1999 Plato
2658 1960 2782 1999 vero
2844 1944 3287 2000 Rhadamantum
3351 1949 3404 2000 et
3465 1946 3682 2001 Minoen

2032 2034 2234 2089 itidem
2265 2034 2499 2105 injustas
2530 2032 2602 2088 ad
2629 2048 2685 2088 se
2713 2036 2992 2089 venientes
3013 2033 3316 2105 ple-curam
3347 2050 3459 2090 esse
3477 2035 3680 2091 docuit.

2031 2124 2136 2179 Nos
2166 2127 2353 2177 autem
2382 2123 2440 2178 id
2470 2124 2648 2192 ipsum
2704 2124 2872 2179 etiam
2901 2128 3117 2195 factum
3165 2126 3243 2180 iri
3289 2124 3546 2195 dicimus,
3591 2122 3685 2180 sed

2032 2229 2067 2267 α
2117 2213 2359 2279 Christo,
2410 2211 2730 2283 corporibus
2781 2212 2989 2268 eisdem
3037 2229 3165 2268 cum
3220 2215 3513 2269 animabus
3567 2214 3682 2268 suis

2032 2300 2477 2372 uniendis,atque
2504 2303 2725 2356 aeternis
2740 2302 3076 2357 cruciatibus
3105 2302 3424 2373 torquendis
3454 2302 3681 2374 (S.Jus-

2032 2390 2141 2444 tin.
2173 2390 2398 2462 Apolog.
2435 2407 2452 2444 ι
2484 2390 2556 2445 ad
2585 2391 2874 2457 Antonin.,
2907 2407 3040 2462 pag.
3072 2391 3184 2461 57).
3208 2391 3423 2446 Eodem
3447 2405 3679 2462 quoque

2035 2479 2207 2535 modo
2238 2478 2640 2551 Athenagoras
2671 2486 2873 2534 contra
2929 2479 3193 2534 ethnicos
3246 2484 3449 2550 postea
3478 2478 3681 2549 dispu-

2031 2568 2195 2623 tavit.
2230 2567 2451 2623 Citatos
2482 2585 2653 2640 porro
2685 2568 2755 2622 ab
2812 2566 2912 2623 illo
2945 2567 3202 2624 Platonis
3228 2567 3387 2624 locos
3442 2568 3497 2622 in
3522 2565 3682 2623 illius

2033 2656 2245 2729 Gorgia
2267 2662 2322 2711 et
2360 2656 2618 2712 Axiocho
2648 2656 2912 2712 invenies
2942 2657 3313 2729 (Athenagor.
3339 2660 3522 2729 Legat.
3582 2673 3681 2729 pro

2035 2746 2334 2801 Christian.
2371 2764 2499 2818 pag.
2532 2746 2640 2813 42;
2675 2747 2817 2800 Plat.
2851 2747 3022 2817 Gorg.
3085 2750 3227 2801 tom.
3284 2746 3325 2813 I,
3388 2763 3518 2818 pag.
3546 2746 3671 2813 124,

2032 2838 2080 2890 ει
2117 2836 2270 2890 Axio.
2305 2840 2445 2890 tom.
2481 2837 2578 2899 IlI,
2613 2852 2742 2907 pag.
2776 2835 2925 2895 571).

2104 2924 2161 2979 Si
2195 2925 2325 2997 quis
2367 2941 2498 2979 vero
2530 2924 2783 2995 aliquem
2818 2924 3023 2979 saltem
3059 2940 3126 2979 ex
3174 2923 3367 2979 citatis
3426 2924 3498 2979 ab
3537 2925 3675 2979 Ter-

2032 3013 2279 3069 tulliano
2313 3013 2502 3085 poetis
2534 3014 2775 3085 proferri
2835 3013 3146 3078 desiderat,
3179 3014 3326 3068 duos
3358 3029 3678 3084 graecorum

2032 3108 2084 3158 el
2099 3103 2414 3159 latinorum
2435 3102 2770 3175 coryphazos
2786 3102 3101 3158 Homerum
3123 3107 3179 3157 et
3200 3101 3511 3174 Virgilium
3534 3103 3677 3157 cita-

2035 3192 2248 3247 bimus.
2284 3194 2346 3246 In
2379 3192 2636 3263 Odyssea
2667 3192 2819 3246 enim
2842 3190 2939 3247 illc
2970 3191 3087 3246 haec
3109 3191 3179 3247 de
3203 3191 3384 3246 Erebo
3419 3190 3626 3247 cecinit
3659 3210 3672 3248 :

268 3283 321 3337 id
357 3288 469 3351 est,
503 3286 568 3335 ut
598 3283 835 3353 quidam
871 3284 1275 3353 observarunt,
1310 3284 1628 3353 ordinaret,
1661 3304 1729 3342 ac
1758 3304 1915 3344 com-

2039 3307 2171 3380 Ἐνβ’
2200 3304 2327 3375 ἤτοι
2357 3306 2547 3360 Μίνωα
2578 3302 2716 3380 ἴδον,
2750 3306 2871 3367 Διὸς
2903 3302 3101 3380 ἀγλαὸν
3133 3304 3268 3374 υἱὸν,

268 3375 508 3442 putaret
563 3371 806 3442 quinam
865 3388 933 3426 ex
964 3372 1220 3429 decuriis
1277 3372 1334 3428 in
1360 3373 1633 3444 judicum
1676 3393 1920 3434 numero

268 3460 545 3516 servandi
578 3463 795 3516 essent.
834 3462 953 3516 lluc
988 3466 1441 3533 quoquevoeant
1462 3462 1583 3518 haec
1614 3464 1920 3536 Papiniani

265 3551 491 3604 verba:
529 3572 555 3598 ‹‹
589 3550 668 3603 Ex
725 3566 902 3605 causa
959 3551 1307 3605 desertionis
1362 3556 1597 3607 notatus
1638 3569 1702 3607 ac
1752 3554 1919 3610 resti-

266 3642 456 3705 tutus,
490 3638 792 3709 temporis,
826 3639 978 3710 quod
1016 3640 1071 3694 in
1108 3640 1435 3695 desertione
1468 3643 1663 3713 fuerit,
1690 3643 1919 3715 impen-

264 3727 380 3782 diis
413 3728 822 3798 expungitur»
855 3730 1078 3800 (Digest.
1114 3727 1216 3784 lib.
1250 3746 1401 3800 xmx,
1440 3730 1527 3786 tit.
1565 3732 1652 3796 16,
1688 3732 1797 3803 leg.
1830 3734 1917 3804 15,

263 3817 329 3872 de
359 3819 435 3872 Re
462 3815 671 3879 Mihi):

336 3924 637 3995 Quidquid
673 3940 845 3997 porro
877 3924 956 3981 sit
977 3925 1047 3980 de
1099 3924 1367 3980 Auctoris
1420 3924 1603 3979 nostri
1636 3941 1772 3980 vera
1827 3941 1921 3997 ge-

263 4014 570 4085 nuinaque
600 4014 1029 4085 lectione,certo
1054 4013 1293 4086 quidem
1327 4013 1546 4068 certius
1568 4030 1698 4070 esse
1728 4015 1916 4083 docet,

261 4105 384 4159 fore
422 4104 933 4175 utexpendantur,
994 4107 1050 4158 et
1108 4107 1378 4159 accurate
1424 4103 1915 4159 examinenturin

261 4191 479 4247 ultimo
493 4191 937 4262 Christijudieio
963 4192 1329 4264 singulorum
1354 4192 1660 4248 hominum
1684 4193 1914 4249 merita.

259 4279 566 4335 Venturus
596 4279 753 4334 enim
787 4284 875 4335 est
906 4279 1001 4334 ille
1028 4281 1151 4352 ipse
1182 4280 1448 4335 Christus
1480 4297 1611 4336 cum
1638 4279 1819 4347 omni,
1858 4284 1919 4336 ut

261 4370 344 4424 ait
373 4367 799 4437 Tertullianus,
860 4368 1187 4424 divinitatis
1245 4369 1435 4441 gloria
1489 4375 1545 4425 et
1589 4371 1917 4441 majestate,

261 4475 369 4514 nec
405 4475 521 4513 non
553 4474 676 4512 cum
705 4459 871 4514 totius
928 4459 1125 4514 mundi
1151 4464 1320 4526 motu,
1355 4476 1467 4530 quo
1506 4477 1648 4515 sane
1682 4460 1919 4515 subver-

257 4552 439 4615 tetur,
473 4563 598 4602 cum
629 4548 862 4603 horrore
892 4549 1058 4616 orbis,
1109 4566 1231 4603 cum
1258 4549 1486 4620 planctu
1524 4549 1792 4615 omnium,
1826 4547 1915 4602 in-

259 4636 528 4692 fidelium
575 4640 631 4693 et
687 4636 1125 4706 sceleratorum,
1176 4638 1275 4694 sed
1330 4654 1441 4693 non
1473 4638 1920 4693 Christianorum
1951 4630 1999 4692 D

257 4723 535 4794 (Tertull.
598 4728 874 4797 Apologet.
931 4744 1053 4799 cap.
1081 4729 1171 4797 23,
1232 4727 1341 4783 col.
1374 4727 1487 4798 25),
1522 4726 1807 4797 fidelium,
1838 4728 1917 4782 vi-

256 4813 498 4884 delicet,
532 4815 630 4886 qui
664 4816 759 4886 pie
790 4820 1108 4888 sancteque
1139 4817 1424 4873 vixerunt.
1461 4816 1539 4870 De
1580 4814 1687 4870 hoc
1720 4820 1914 4871 autem

256 4908 525 4959 extremo
567 4904 794 4975 judicio
815 4907 937 4976 jam
974 4905 1111 4961 alibi
1167 4905 1559 4964 disseruimus
1590 4906 1825 4973 (Disser.
1854 4905 1915 4960 in

253 4994 388 5047 Lac.
425 5010 477 5047 c.
513 4994 601 5058 47,
636 5010 689 5065 ρ.
719 4994 833 5065 42).

328 5101 436 5155 Sed
467 5101 540 5156 ab
571 5100 827 5156 ethnicis
884 5103 1153 5171 ridemur,
1214 5103 1405 5174 inquit
1454 5101 1647 5157 adhuc
1684 5100 1912 5155 Tertul-

256 5190 483 5256 lianus,
515 5194 707 5261 Deum,
740 5209 913 5263 quem
964 5200 1133 5248 antea
1163 5194 1461 5248 Christum
1496 5190 1910 5264 appellaverat,

250 5283 639 5351 prmi/ieantes
660 5282 1047 5354 judicaturum
1078 5282 1343 5353 (Tertull.
1376 5282 1786 5354 Apologet.cap.
1822 5281 1910 5350 47,

254 5369 374 5426 col.
430 5371 538 5440 42).
588 5374 661 5425 At
717 5388 860 5427 sane
918 5371 1071 5427 hanc
1129 5371 1395 5445 frigidam
1429 5370 1763 5425 irrisionem
1795 5386 1909 5425 non

253 5458 483 5530 aptius,
518 5476 695 5531 quam
747 5460 893 5514 90l
939 5460 1176 5516 traditis
1224 5461 1486 5531 ipsorum
1523 5457 1755 5529 placitis
1813 5475 1908 5513 ex-

252 5546 618 5617 plodendam
651 5564 780 5605 esse
808 5550 1075 5605 censuit:
1100 5549 1189 5605 Sic
1219 5552 1369 5604 enim
1397 5553 1451 5603 et
1470 5557 1662 5619 poetae,
1722 5547 1823 5617 ait,
1854 5556 1911 5603 et

247 5636 571 5707 philosophi
626 5637 875 5691 tribunal
931 5638 1080 5708 apud
1137 5639 1345 5707 inferos
1399 5641 1628 5708 ponunt
1686 5635 1905 5707 (Ibid)

253 5724 429 5790 Quod
471 5728 670 5781 autem
702 5725 779 5780 sit
808 5724 1273 5799 illud-tribunal,
1300 5725 1480 5797 hisce,
1523 5724 1740 5797 quibus
1764 5740 1905 5799 gen-

2028 3374 2262 3468 Xpbctov
2296 3380 2570 3468 cnﬁnppov
2603 3374 3238 3468 ἐχονζεαώθεμιςτεύοντοε
3266 3374 3510 3431 νεκῦσσιν

2028 3451 2071 3468 ε..
3011 3460 3015 3467 .

2028 3399 2074 3435 Λ
2115 3399 2262 3432 υσιον
2296 3399 2570 3453 σκηπτρον
2603 3399 2822 3468 ελον-τα,
2855 3399 3238 3449 υεμιστευοντα
3266 3399 3433 3430 νεκυσι

2027 3399 2301 3525 Ἳ-Ῠμενονί
2324 3450 2374 3503 οἱ
2407 3447 2462 3525 δέ
2492 3471 2582 3522 μιν
2616 3448 2761 3525 αμφὶΔ
2786 3447 2935 3525 δζκας
2970 3448 3176 3525 εξρονςςο
3209 3446 3433 3525 ᾅνακςα,

2028 3518 2254 3596 ⁸Ἠμενοι
2290 3518 2533 3585 ἑσταότες
2562 3543 2618 3576 τε
2646 3518 2761 3575 inde
2794 3518 3091 3594 εὐρυπυλὲς
3120 3519 3304 3582 ’Ἄϊδος
3335 3518 3433 3576 δῶ.

2529 3647 2766 3707 (Homer.
2800 3645 2983 3709 Odyss.
3014 3650 3069 3705 A,
3114 3646 3251 3694 circa
3278 3647 3398 3709 ﬁn.)

2122 3711 2197 3759 lbi
2222 3712 2435 3760 Minoen
2468 3711 2576 3759 vidi
2596 3711 2740 3759 Jovis
2771 3708 3111 3771 splendidum
3139 3709 3326 3766 filium,

2123 3776 2357 3823 Aureum
2388 3779 2659 3835 sceptrum
2674 3772 3137 3835 gestantem,leges
3156 3772 3413 3821 ferentem
3430 3771 3674 3835 mortuis,

2123 3836 2442 3885 Sedentem:
2476 3834 2564 3885 alii
2614 3849 2741 3885 vero
2790 3835 2930 3883 circa
2977 3835 3149 3896 ipsum
3199 3848 3387 3884 causas
3430 3834 3678 3896 dicebant

2122 3960 2400 4021 sedentes,
2431 3959 2614 4009 “tam”
2644 3972 2740 4022 Pel‘
2768 3958 2925 4007 latam
2951 3958 3188 4007 Plutonis
3217 3895 3672 4006 domumPregem,

2029 4066 2304 4138 Virgilius
2334 4082 2468 4122 vero
2491 4083 2502 4121 :

2118 4174 2223 4221 Nec
2254 4187 2382 4221 vero
2413 4173 2527 4221 hinc
2560 4173 2674 4221 sine
2706 4177 2847 4222 sorle
2880 4173 3155 4231 datas,sine
3182 4170 3361 4233 judice
3392 4170 3546 4219 sedes
3580 4184 3592 4217 :

2119 4236 2382 4295 Quaesitor
2409 4237 2582 4285 Minos
2612 4250 2799 4285 urnam
2833 4242 3032 4294 movet,
3057 4235 3143 4283 ille
3175 4234 3423 4282 silentum

2119 4298 2518 4362 Conciliumque
2547 4303 2717 4362 vocat,
2750 4300 3069 4362 vitasque,et
3086 4297 3307 4346 crimina
3340 4296 3515 4362 discit.

2400 4358 2579 4424 (Virgil
2628 4361 2719 4410 lib.
2752 4374 2803 4411 v1
2833 4358 3043 4413 zEneid.
3069 4375 3118 4409 v.
3141 4362 3225 4409 451
3261 4363 3312 4408 et
3340 4358 3514 4420 seqq.)

2028 4461 2172 4515 Tum
2208 4458 2451 4514 deinde:

2120 4567 2376 4616 Gnossius
2404 4566 2519 4615 hch
2577 4566 2978 4615 Rhadamantus
3006 4566 3164 4615 habet
3192 4563 3458 4613 dirissima
3488 4574 3667 4625 regna,

2123 4630 2462 4691 Castigatque
2495 4628 2751 4691 auditque
2781 4630 2946 4687 dolos,
2971 4628 3276 4691 subigitque
3302 4626 3455 4691 fateri

2120 4694 2247 4750 Qum
2270 4689 2389 4755 quis
2410 4691 2551 4753 apud
2583 4689 2823 4754 superos,
2855 4693 2996 4741 furto
3027 4692 3237 4755 laetatus
3266 4689 3434 4743 inani.

2120 4756 2332 4805 Distulit
2366 4754 2420 4802 in
2449 4767 2619 4803 seram
2649 4755 2932 4817 commissa
2954 4754 3182 4817 piacula
3210 4758 3455 4801 mortem.

2822 4813 2995 4880 (Ibid;
3026 4831 3076 4866 v.
3106 4818 3192 4865 561
3227 4819 3280 4864 et
3308 4813 3479 4877 seqq.)

2021 4926 2096 4979 At
2126 4924 2175 4979 si
2207 4922 2450 4992 ethnici,
2485 4921 2638 4978 sicut
2667 4926 2821 4978 recte
2877 4922 3073 4995 arguit
3108 4919 3527 4985 Tertullianus,
3577 4916 3670 4973 his

2022 5012 2209 5085 poetis
2255 5017 2311 5067 et
2364 5010 2733 5083 philosophis
2790 5012 3188 5078 crediderunt,
3240 5009 3428 5065 multo
3479 5004 3668 5077 magis

2021 5102 2378 5158 credendum
2414 5100 2596 5157 sacris
2624 5102 2840 5157 nostris
2899 5101 3308 5173 scriptoribus,
3341 5099 3439 5169 qui
3472 5097 3667 5151 divino

2021 5192 2240 5263 Spiritu
2276 5190 2498 5262 repleti,
2546 5194 2885 5246 constanter
2942 5192 3259 5262 praedicant
3314 5189 3508 5260 ipsum
3540 5200 3670 5240 esse

2021 5280 2342 5348 Christum,
2376 5278 2478 5351 qui
2534 5304 2561 5328 ‹‹
2624 5280 2906 5350 producto
2952 5281 3076 5351 [seu
3129 5283 3380 5352 peracto,
3413 5280 3469 5330 et
3525 5291 3669 5331 con—

2023 5372 2282 5440 sumpto]
2314 5384 2430 5422 aevo
2454 5367 2585 5434 isto,
2612 5368 2991 5439 judicaturus
3033 5374 3121 5424 est
3152 5385 3292 5424 suos
3323 5365 3575 5421 cultores
3607 5363 3665 5418 in

2021 5457 2153 5513 vitae
2216 5463 2442 5513 teternae
2499 5457 2964 5526 retributionem,
3035 5457 3310 5528 profanos
3358 5455 3417 5510 in
3468 5454 3664 5524 ignem

2024 5564 2188 5617 eaque
2217 5550 2600 5617 perpetem,et
2622 5547 2847 5617 jugem,
2878 5548 3032 5603 902
3056 5545 3358 5603 suscitatis
3389 5541 3665 5597 omnibus

2024 5637 2097 5691 ab
2128 5635 2294 5690 initio
2327 5635 2640 5701 defunctis,
2673 5638 2730 5690 et
2760 5636 3111 5702 reformatis,
3145 5638 3203 5690 et
3231 5629 3534 5688 recensitis
3591 5631 3661 5684 ad

2018 5727 2329 5796 utriusque
2383 5723 2573 5781 meriti
2607 5723 2751 5794 [sive
2779 5724 2916 5782 boni
2948 5725 3070 5782 sive
3103 5722 3264 5791 mali]
3294 5716 3663 5791 dispunctio-
