4118 6182
527 364 639 425 991

1056 374 1581 439 TEBTULLIANI
1627 380 1946 444 OPERUM
1997 384 2197 445 PARS
2243 384 2291 445 Ι.
2324 419 2401 429 —
2441 385 2716 448 SERIES
2762 388 2809 463 Ι,
2855 388 3418 452 APOLOGETICA.

3773 397 3874 458 992

532 498 687 556 nem.
720 522 747 554 ι
784 503 948 559 Nunc
979 506 1121 561 dicit
1150 509 1219 563 ad
1244 509 1741 581 dispunctionem,
1791 514 1947 570 haud
1998 516 2172 573 dubie
2203 519 2256 586 Α
2287 518 2536 592 aliisque
2575 522 2762 593 poetis
2794 521 3014 578 Latinis
3045 522 3398 597 Phlegethon
3454 528 3690 583 vocatur.
3740 530 3869 588 903

530 590 729 646 eodem
764 610 963 662 sensu,
999 612 1115 667 quo
1146 603 1317 654 antea
1340 600 1411 654 ab
1442 616 1508 655 eo
1539 602 1759 659 dictum
1788 605 2069 676 vidimus,
2103 607 2171 662 ad

528 683 981 752 expungendum.
1043 685 1185 741 Nam
1247 688 1319 743 ab
1350 690 1477 761 ipso
1510 690 1648 747 alibi
1706 694 1988 766 scriptum
2020 696 2173 751 vidi—

530 784 666 824 mus
703 786 715 825 :
748 793 774 819 «
810 771 927 827 Nos
973 774 1071 845 qui
1133 776 1245 831 sub
1299 777 1415 833 Deo
1473 781 1734 836 omnium
1806 783 2173 855 speculatore

529 856 948 932 dispungimur
969 864 1045 931 [id
1075 869 1186 931 est,
1215 867 1641 938 examinamur,
1695 876 1750 925 et
1771 873 2111 943 judicamur
2141 892 2172 930 a

530 946 668 1017 Deo,
701 950 799 1020 qui
861 953 1060 1008 omnia
1091 956 1410 1027 cognoscit]
1438 964 1715 1015 aeternam
1741 963 1812 1016 ab
1845 980 1909 1019 eo
1942 982 2171 1035 pcenam

529 1037 907 1107 providemus
942 1064 969 1090 ››
1003 1043 1181 1114 (Ibid.,
1215 1061 1341 1117 cap.
1376 1047 1464 1113 45,
1506 1049 1613 1105 col.
1674 1051 1783 1122 39),
1820 1069 1920 1107 seu
1956 1070 2171 1126 praeca-

528 1141 750 1195 vemus,
811 1134 911 1183 aut
963 1132 1349 1202 praevidemus
1410 1136 1551 1206 fore,
1615 1144 1677 1194 ut
1736 1140 1917 1197 malos
1956 1148 2172 1199 aeterna

527 1233 697 1289 poena
728 1220 960 1277 afficiat.
1022 1224 1409 1286 Quamobrem
1470 1229 1803 1289 innocentia
1832 1239 1883 1289 et
1940 1252 2169 1290 morum

526 1307 860 1380 integritate
891 1311 940 1365 ei
991 1316 1348 1383 occurrimus,
1402 1335 1473 1374 ne
1505 1324 1750 1376 aeternas
1807 1326 2171 1395 perferamus

526 1396 845 1467 impiorum
878 1416 1099 1471 poenas,
1129 1407 1455 1477 aeternaque
1507 1410 1814 1481 supplicia.
1853 1416 1911 1468 in
1962 1416 2169 1472 ultimo

525 1484 724 1556 itaque
746 1486 956 1544 Christi
983 1491 1206 1560 judicio
1249 1498 1661 1575 unusquisque
1690 1518 1931 1559 suorum
1989 1506 2167 1561 bono-

527 1590 659 1628 rum
691 1574 780 1629 vel
813 1576 1102 1635 malorum
1160 1584 1495 1641 meritorum
1553 1575 1807 1647 ratidnes
1836 1594 2055 1664 reddet,
2112 1600 2170 1652 et

527 1661 601 1717 iis
634 1668 757 1718 tum
787 1667 1157 1735 examinatis,
1190 1671 1514 1746 ultimaque
1570 1678 1688 1734 lata
1719 1683 2025 1753 sententia,
2062 1684 2166 1740 im-

528 1752 692 1823 probi
726 1754 1047 1825 punientur
1078 1758 1207 1829 igne
1264 1771 1496 1827 aeterno,
1540 1767 1691 1835 justi
1723 1774 1917 1827 autem
1950 1775 2165 1846 sempi-

524 1841 702 1894 ternis
732 1844 970 1913 prmmio
1028 1846 1320 1906 felicitatis
1354 1854 1748 1913 donabuntur.
1806 1861 1911 1915 Sed
1957 1863 2027 1917 de
2059 1841 2166 1922 hoc

525 1931 740 1984 aeterno
761 1934 818 1985 et
865 1932 998 2004 igne
1040 1940 1097 1991 et
1144 1940 1381 2007 praemio
1414 1943 1555 2013 quid
1587 1946 1790 2003 doceat
1820 1950 2035 2005 Auctor
2066 1970 2165 2009 no-

526 2019 808 2089 ster,jam
840 2021 1266 2093 explorandum
1297 2046 1329 2084 a
1361 2032 1528 2088 nobis
1559 2039 1667 2089 est.

1141 2188 1443 2231 ABTICULUS
1470 2194 1542 2233 ιν.

522 2260 599 2315 De
627 2265 833 2349 aeterno
865 2266 1014 2334 igne,
1046 2285 1151 2341 quo
1180 2272 1420 2349 improbi
1446 2286 1501 2331 et
1557 2279 1721 2349 impii
1761 2282 2009 2338 homines
2037 2301 2164 2340 cru-

593 2333 901 2422 ciabuntur
921 2354 941 2398 ;
973 2333 1087 2410 qua
1114 2333 1326 2422 ratione
1386 2333 2162 2422 Τεῄιιίίἱιίηὶιδ*ὦῶ-ἐξελεξ-

594 2409 760 2461 tatsm
800 2409 1044 2497 asserat,
1104 2418 1267 2485 atque
1322 2420 1606 2497 conﬁrmet
1634 2409 2164 2497 igneorumnﬂuvio-

593 2492 733 2544 rum,
766 2483 1035 2563 montium
1059 2483 1272 2567 semper
1294 2483 1627 2567 ardentium,
1656 2483 1899 2553 hominis
1927 2483 2167 2567 fulmine

594 2554 839 2674 percussi
865 2558 1148 2627 exemptis,
1170 2554 1253 2615 ἀε
1288 2577 1391 2617 cur
1411 2564 1559 2633 ignis
1605 2554 1703 2622 ille
1731 2554 1967 2627 aeternus
2008 2554 2163 2628 dion;

622 2637 707 2674 ur.

622 2637 707 2677 ur.

594 2752 754 2848 Quod
789 2772 855 2811 ex
886 2760 1069 2816 sacris
1120 2766 1433 2838 Scripturis
1463 2770 1797 2830 didicerunt
1835 2777 2163 2848 christiani,

524 2947 627 2986 nes
651 2937 867 2990 interno
899 2943 1032 3007 post
1078 2948 1323 2999 mortem
1380 2964 1547 3004 suam
1607 2952 1741 3024 igne
1771 2956 2116 3015 cruciandos
2146 2976 2158 3014 :

521 3042 548 3069 «
585 3021 693 3076 Sed
727 3024 1078 3096 gehennam,
1137 3031 1220 3087 ait
1268 3021 1685 3108 Tertullianus,
1745 3044 1793 3097 si
1845 3048 2162 3104 commine-

522 3126 676 3181 mur,
702 3128 832 3183 quae
861 3120 950 3171 est
979 3117 1134 3189 ignis
1179 3126 1379 3179 aeterni
1414 3130 1797 3188 subterranea
1826 3134 1895 3188 ad
1931 3152 2162 3206 poenam

520 3198 860 3273 thesaurus,
889 3207 1133 3277 proinde
1165 3212 1664 3275 decachinnamur
1712 3244 1734 3273 ι

522 3288 793 3379 ᾼροιοθστ.
823 3310 947 3365 cap.
982 3297 1069 3366 47,
1104 3299 1215 3354 col.
1250 3304 1360 3375 42).
1390 3306 1456 3359 Et
1486 3308 1565 3363 ita
1586 3288 1822 3379 quidem
1856 3314 1913 3367 in
1946 3316 2160 3370 codici-

522 3375 905 3472 bus-nostris,
961 3390 1015 3439 et
1062 3387 1389 3460 Rigaltiana
1438 3375 1686 3469 aliisque
1736 3402 2160 3472 posterioribus

518 3465 914 3540 editionibus;
950 3474 1007 3528 in
1068 3477 1499 3550 antiquioribus
1549 3502 1682 3542 vero
1740 3491 2155 3563 subterraneus,

519 3557 683 3623 quasi
716 3558 772 3613 id
827 3562 1027 3617 referri
1082 3566 1291 3623 debeat
1338 3572 1409 3626 ad
1471 3591 1678 3631 nomen
1726 3577 2032 3638 thesaurus.
2088 3557 2160 3637 At

520 3644 721 3699 referri
755 3649 929 3704 etiam
976 3658 1169 3724 potest
1224 3659 1294 3712 ad
1356 3677 1567 3718 nomen
1619 3666 1892 3740 gehenna,
1927 3671 2029 3725 sed
2061 3687 2156 3725 co-

517 3734 651 3789 dem
683 3751 916 3807 semper
970 3759 1167 3801 sensu.
1226 3746 1402 3804 Docet
1447 3734 1645 3825 itaque
1691 3762 1906 3814 Auctor
1961 3766 2159 3815 noster

516 3823 840 3890 gehennam
874 3844 1000 3886 esse
1032 3833 1375 3893 thesaurum
1433 3823 1587 3912 ignis
1642 3847 1837 3901 interni
1874 3848 2152 3903 inexhau-

517 3917 697 3984 stum,
731 3932 843 3987 quo
899 3919 1130 3977 scelesti
1190 3925 1457 3985 homines
1487 3936 1617 4002 post
1644 3933 1793 3990 hanc
1822 3937 2004 3992 vitam
2034 3942 2152 3993 tor-

516 4004 870 4073 quebuntur.
906 4009 1119 4067 Verum
1153 4014 1366 4071 ethnici
1418 4019 1525 4075 hoc
1557 4022 1975 4080 documentum
2037 4044 2152 4082 non

514 4109 683 4149 secus
714 4101 890 4169 atque
918 4100 1130 4157 anilem
1162 4104 1419 4162 fabulam
1452 4111 1752 4169 cachinnis
1796 4115 2035 4186 risuque
2066 4133 2155 4172 so-

513 4185 724 4244 lutiore
752 4191 1157 4263 explodebant.

584 4276 730 4333 Vera
754 4288 943 4337 tamen
975 4289 1101 4339 erat
1148 4284 1271 4343 haec
1328 4289 1783 4349 christianorum
1814 4298 2104 4353 sententia
2136 4316 2149 4353 :

512 4370 613 4422 aut
640 4366 879 4439 ipsimet
907 4373 1157 4442 gentiles
1213 4378 1428 4447 pariter
1478 4381 1802 4455 deridendi,
1851 4403 1884 4440 a
1935 4386 2151 4457 quibus

2281 610 2388 663 Sed
2421 608 2476 664 in
2511 626 2572 665 re
2606 611 2748 667 satis
2781 616 2917 668 nota
2947 612 3204 669 sufﬁciat
3235 615 3516 685 quosdam
3547 615 3710 672 citare
3738 618 3869 675 illius

2284 714 2485 754 VBPSUS
2510 716 2523 755 Ζ

2408 814 2467 863 Di
2503 815 2698 878 quibus
2724 816 3007 879 imperium
3068 821 3147 867 est
3176 820 3472 869 animarum
3504 820 3784 879 umbrasque
3819 825 3874 872 si-

2409 939 2471 988 Et
2500 939 2682 995 chaos,
2715 944 2767 989 et
2794 940 2922 989 Phle
2964 943 3148 1000 ethon,
3173 942 3286 991 loca
3316 947 3469 991 nocte
3501 890 3871 998 silentiauliltlfs’

2652 1004 2859 1054 (Virgil.
2891 957 2982 1054 Ιὶἱ.
3015 1019 3065 1052 vn
3099 1009 3151 1054 et
3176 1005 3370 1054 zfineid
3396 1010 3482 1054 264
3501 1021 3625 1054 seua
3652 1010 3665 1054 )

2652 1004 2859 1066 (Virgil.
2891 1004 2982 1054 lib.
3015 1019 3065 1052 vn
3099 1009 3151 1055 et
3176 1005 3370 1054 zEneid
3396 1010 3482 1056 264
3501 1021 3626 1071 seqq
3652 1010 3665 1069 )

2284 1116 2510 1173 Rursus
2542 1123 2736 1174 autem
2772 1125 2972 1191 postea
2997 1138 3009 1177 :

2374 1242 2607 1308 Respicit
2635 1247 2824 1294 Encas
2855 1246 3054 1308 subito,
3095 1252 3148 1297 et
3177 1248 3275 1296 sub
3305 1262 3439 1308 rupe
3469 1249 3670 1298 sinistra

2372 1306 2568 1384 Iri‘Imnia
2598 1308 2702 1384 lata
2730 1308 2896 1384 videt,
2931 1306 3119 1383 triplici
3142 1306 3487 1384 circumdata
3503 1325 3668 1368 muro,
3717 1375 3725 1384 Ι

2372 1369 2499 1446 Quae
2530 1369 3017 1446 rapidps'tlammis'
3054 1374 3219 1446 ambit
3248 1375 3571 1446 torrentibus
3593 1375 3752 1446 amnis

2372 1432 2653 1482 Tartareus
2684 1433 3039 1494 Phlegethon,
3068 1440 3389 1499 torquetque
3420 1438 3658 1485 sonantia
3680 1451 3803 1487 saxa.

3090 1497 3258 1561 (Ibid,
3288 1497 3338 1547 vi
3370 1502 3459 1549 543
3488 1502 3539 1548 et
3565 1500 3722 1563 seqq.)

2277 1629 2662 1684 Prudentium
2698 1629 2980 1701 aliosque,
3015 1630 3064 1686 si
3096 1629 3275 1699 lubet,
3306 1632 3470 1687 adire
3508 1632 3710 1704 poteris
3735 1632 3872 1701 (Pru-

2279 1717 2439 1772 dent.
2503 1720 2818 1788 Hamartig.
2870 1718 2980 1773 sub
3013 1719 3172 1788 ﬁn.).
3207 1720 3447 1791 Quoque
3495 1725 3681 1776 autem
3734 1721 3874 1776 modo

2279 1806 2400 1860 hinc
2429 1806 2646 1862 ethnici
2679 1814 2781 1862 aut
2812 1808 3218 1874 finxerint,aut
3241 1809 3613 1879 crediderint,
3643 1826 3745 1865 non
3793 1826 3875 1880 po-

2200 1885 2246 1949 B
2275 1896 2470 1951 terant
2500 1897 2703 1967 utique
2762 1896 3004 1953 irridere
3061 1897 3439 1964 christianos,
3496 1899 3595 1967 qui
3640 1915 3671 1953 α
3698 1897 3875 1952 divinis

2279 1984 2404 2039 suis
2435 1984 2836 2055 Scriptoribus
2856 1986 3067 2056 edocti,
3091 1987 3507 2043 asseverabant
3535 1989 3803 2058 profanos,
3831 1990 3873 2040 et

2276 2071 2626 2128 criminibus
2657 2073 3082 2131 contaminatos
3112 2074 3543 2147 homines,post
3569 2075 3866 2132 hancvitam

2277 2160 2615 2233 plectendos
2626 2153 2780 2233 jugis
2809 2163 2952 2233 ignis
2985 2163 3276 2235 supplicio
3310 2165 3573 2235 (Tertull,
3629 2165 3865 2235 Apotoget.

2275 2268 2403 2322 cap.
2437 2253 2527 2322 45,
2552 2270 2681 2325 pag.
2715 2255 2863 2325 497).
2924 2255 2987 2309 In
3048 2254 3241 2327 prima
3285 2272 3422 2311 vero
3472 2255 3706 2326 hujusce
3753 2251 3866 2308 tomi

2276 2341 2688 2398 dissertatione
2717 2343 3036 2399 Minucium
3071 2344 3319 2399 Felicem
3354 2344 3675 2400 audivimus
3702 2342 3865 2399 eodem

2276 2431 2448 2485 modo
2479 2431 2758 2486 adversus
2805 2432 3051 2504 gentiles
3081 2431 3485 2504 disputantem
3521 2434 3794 2501 (Dissertat.
3822 2429 3867 2483 in

2273 2517 2477 2573 Minue.
2511 2518 2688 2574 Octav.
2724 2536 2850 2590 cap.
2883 2521 2939 2585 7,
2968 2524 3077 2576 art.
3099 2521 3177 2591 3).

2343 2609 2414 2662 At
2445 2608 2826 2679 postulabant
2844 2608 3057 2664 ethnici
3092 2626 3208 2681 quo
3253 2611 3495 2665 tandem
3546 2610 3705 2665 modo
3746 2606 3868 2679 ignis

2272 2697 2457 2767 possit
2484 2713 2612 2753 esse
2635 2703 2909 2764 aeternus,
2942 2714 3047 2754 nec
3070 2715 3326 2769 unquam
3360 2698 3660 2771 exstingui.
3695 2699 3868 2764 Quam-

2273 2789 2469 2845 obrem
2500 2789 2898 2846 Tertullianus
2931 2791 3246 2862 respondet
3297 2790 3458 2847 hunc
3491 2791 3678 2845 divina
3705 2793 3867 2860 poten-

2139 2901 2163 2913 -
2271 2878 2354 2932 tia
2376 2877 2589 2934 habere
2604 2879 3176 2935 subministrationem
3195 2877 3869 2951 incorruptibilitatisiTer-

2270 2966 2401 3021 tuli.
2452 2968 2634 3039 ibid.).
2692 2968 2891 3039 Neque
2946 2969 3004 3022 id
3066 2984 3278 3040 negare
3340 2973 3604 3040 poterant
3664 2964 3869 3040 gentiles

2272 3056 2737 3131 philosophi,qui
2767 3057 3060 3129 duplicem
3092 3058 3285 3129 ignem
3324 3058 3868 3130 planequediversum

2272 3151 2653 3220 agnoverunt.
2706 3146 2942 3203 Primus
2998 3146 3179 3210 enim,
3210 3147 3293 3202 uti
3329 3148 3583 3216 aiebant,
3626 3145 3868 3218 ignister-

1791 3224 2156 3292 (Tertullian.

2273 3236 2475 3293 restris
2507 3235 2861 3300 communis,
2893 3240 2950 3290 et
2979 3235 3271 3307 publicus,
3298 3238 3638 3308 quotidiano
3659 3229 3867 3290 homini-

2273 3327 2383 3381 bus
2416 3325 2549 3380 usui
2578 3329 2686 3380 est.
2717 3323 2878 3379 Alter
2904 3341 3037 3379 vero
3071 3341 3347 3391 arcanus,
3380 3332 3438 3381 et
3493 3325 3655 3397 longe
3707 3322 3867 3377 minus

2270 3412 2627 3478 communis,
2657 3413 2722 3467 de
2751 3413 2903 3477 creto,
2962 3413 3156 3485 inquit
3185 3419 3410 3470 Auctor
3432 3420 3643 3480 noster,
3666 3411 3868 3483 fulmina

2265 3506 2563 3572 stringens,
2597 3505 2709 3558 sive
2757 3502 2823 3557 de
2868 3506 3041 3569 terra,
3090 3519 3205 3574 quo
3237 3509 3497 3571 montes,
3527 3504 3686 3557 Etna
3703 3497 3868 3554 videli-

2267 3597 2359 3647 cet
2389 3596 2445 3645 et
2476 3591 2782 3656 Vesuvius,
2815 3595 3057 3646 uruntur
3084 3600 3134 3647 et
3171 3591 3401 3657 durant,
3436 3608 3541 3648 nec
3598 3591 3867 3645 absumun-

2266 3684 2382 3735 tur.
2414 3679 2555 3734 Nam
2594 3679 2703 3734 iste
2732 3682 2901 3749 ignis,
2933 3680 3016 3734 uti
3049 3679 3145 3734 ille
3176 3680 3279 3748 ait,
3340 3698 3453 3737 non
3483 3680 3709 3737 absumit
3754 3674 3867 3747 quod

2264 3771 2471 3833 exurit,
2509 3768 2600 3824 sed
2628 3768 2760 3823 dum
2788 3774 2996 3840 erogat.
3028 3774 3276 3840 reparat,
3337 3771 3470 3827 ideo
3503 3774 3715 3825 montes
3743 3781 3865 3860 sein:

2268 3874 2370 3929 per
2399 3858 2671 3913 ardentes
2723 3861 2982 3912 manent.
3047 3862 3121 3913 De
3179 3858 3287 3913 hoc
3338 3866 3537 3915 autem
3586 3859 3709 3929 igne
3756 3853 3863 3910 alibi

2265 3945 2658 4002 disseruimus
2689 3947 3004 4016 (Dissertat.
3060 3948 3119 4001 in
3174 3947 3382 4004 Minuc.
3447 3949 3622 4005 Octav.
3679 3962 3789 4015 cap.
3819 3942 3862 4005 7,

2266 4041 2375 4092 art.
2408 4037 2472 4101 3;
2508 4039 2566 4089 et
2595 4035 2655 4090 in
2688 4036 2937 4089 Lactant.
2973 4052 3098 4106 cap.
3131 4036 3222 4102 29,
3257 4042 3371 4091 art.
3406 4038 3485 4109 7).

2334 4125 2460 4180 Duo
2492 4126 2693 4195 itaque
2731 4127 2963 4178 tantum
3023 4130 3347 4195 supersunt
3406 4143 3439 4181 a
3497 4127 3660 4181 nobis
3703 4123 3862 4179 obser-

2261 4216 2487 4280 vanda;
2523 4231 2589 4270 ac
2618 4213 2806 4285 primo
2839 4213 3076 4284 quidem
3109 4213 3230 4268 haec
3282 4213 3604 4271 fulminum
3646 4230 3705 4269 ac
3732 4225 3863 4266 mon-

2262 4303 2410 4357 tium
2436 4304 2766 4358 ardentium
2819 4302 3085 4373 exempla
3142 4319 3177 4356 a
3227 4301 3613 4369 Tertulliano,
3660 4305 3710 4356 et
3759 4296 3865 4352 aliis

2262 4391 2651 4463 scriptoribus
2679 4390 2895 4445 nostris
2928 4407 3043 4445 non
3076 4389 3255 4456 sumi,
3317 4395 3601 4464 tanquam
3629 4389 3767 4445 idem
3807 4382 3867 4439 sit

508 4457 995 4530 Pyriphlegethon,
1031 4469 1095 4518 ut
1124 4465 1205 4519 ait
1260 4470 1476 4524 Auctor
1507 4476 1703 4527 noster
1757 4474 1967 4544 (Ibid.),
2000 4477 2152 4546 apud
2260 4457 2485 4547 eorum,
2535 4484 2710 4550 atque
2764 4482 3021 4533 aiternus
3079 4478 3403 4535 inferorum
3445 4457 3636 4553 ignis,
3680 4475 3767 4532 sed
3818 4472 3863 4525 in

506 4555 747 4602 mortuos
795 4552 974 4605 amnis
1005 4553 1445 4622 praedicabatur.
1510 4564 1699 4631 Atque
1755 4560 1837 4617 ita
1893 4562 2010 4630 ille,
2083 4582 2151 4621 ac
2181 4624 2221 4638 ἢ
2258 4569 2649 4633 testimonium,
2681 4566 2875 4638 inquit
2902 4566 3020 4637 ille,
3056 4569 3199 4636 ignis
3228 4572 3457 4637 (merui,
3510 4573 3561 4625 et
3596 4562 3865 4635 exemplum

510 4638 715 4704 postea
742 4637 1037 4696 Arnobius
1068 4641 1189 4713 (lib.
1226 4662 1309 4715 111,
1366 4624 1618 4703 Μίνως.-
1644 4656 1791 4719 gent.
1847 4624 2006 4724 pag;
2035 4654 2147 4724 52),
2179 4624 2226 4687 D
2253 4658 2410 4729 jugis
2431 4624 2648 4729 judicii
2682 4624 2905 4728 paelnam
2952 4624 3254 4713 nutrientis
3312 4624 3600 4754 (Tertull,
3655 4658 3744 4754 too,

510 4723 837 4754 ann:nn‘uum
864 4728 1253 4754 -ι.εΙι;-Α-ι--..-
1288 4741 1362 4754 Μ,
1563 4744 1571 4754 .
1613 4741 1647 4754 .-
1706 4742 1716 4754 .
1896 4746 1904 4754 .
2030 4743 2041 4754 .
2438 4746 2527 4754 ης..
2619 4745 2663 4754 ..
2816 4746 2849 4754 ..
3070 4745 3082 4754 .
3359 4747 3379 4754 -

509 4723 838 4793 conjectum
862 4728 1259 4789 abillistelum
1285 4741 1793 4809 retorquet.Hujus
1812 4723 2009 4797 autem
2028 4723 2148 4799 hinc
2253 4723 2392 4817 pag.
2426 4723 2569 4814 t97).
2606 4723 2693 4800 Ab.
2717 4761 2782 4801 eo
2814 4746 3010 4816 itaque
3070 4745 3189 4837 haec
3241 4723 3618 4837 proteruntur
3654 4745 3707 4837 in
3732 4737 3864 4837 testi:

506 4814 871 4870 suntverba:
907 4840 935 4866 «
986 4821 1220 4877 Audetis
1253 4824 1439 4881 ridere
1496 4844 1623 4895 nos,
1659 4845 1791 4884 cum
1848 4831 2149 4901 gehennae
2259 4814 2523 4890 monium
2553 4835 2858 4903 duntaxat,
2884 4840 2939 4889 et
2969 4834 3297 4906 exemplum
3326 4833 3751 4906 ulteriusignis,
3781 4842 3863 4899 qm

508 4899 1373 4982 dicimus,etinexstinguibiles
1405 4917 1690 4987 quosdam
1725 4899 1978 4991 ignes,in
1999 4937 2148 4992 quos
2257 4923 2453 4979 divina
2485 4926 2772 4994 potestate
2804 4924 3112 4989 excitatus,
3147 4939 3495 4995 semperque
3551 4934 3860 4977 conservan-

505 4991 734 5047 animas
751 4993 921 5064 dejici
940 4996 1012 5052 ab
1035 5013 1234 5055 eorum
1259 4991 2144 5082 hostibusinimicisquecogno-
2257 5014 2389 5078 dus,
2425 5028 2527 5083 per
2556 5016 2741 5067 totam
2773 5012 3153 5067 aeternitatem
3197 5017 3326 5067 uret
3376 5012 3610 5084 impios,
3661 5023 3755 5064 nec
3781 5019 3860 5060 eos

506 5078 697 5135 vimus
729 5082 756 5136 ?
779 5083 925 5149 Quid
951 5085 1111 5144 Plato
1144 5090 1201 5144 in
1224 5107 1290 5147 eo
1320 5093 1634 5165 volumine,
1661 5078 1912 5168 quod‘de
1937 5101 2144 5155 anima:
2258 5118 2520 5173 unquam
2544 5104 2869 5156 consumet.

502 5167 945 5230 immortalitate
1002 5181 1358 5250 composuit,
1408 5200 1521 5239 non
1573 5167 1978 5251 Acheruntem,
2029 5206 2145 5244 non

500 5259 877 5332 Stygem,non
911 5271 1207 5339 Cocytum,
1241 5274 1296 5324 et
1327 5270 1935 5343 Pyriphlegethontem
1956 5277 2143 5331 nomi-

498 5349 684 5419 nat,in
718 5352 934 5423 quibus
962 5364 1183 5413 asserat
1214 5359 1444 5415 animas
1475 5361 2023 5435 solvi,mergi,exuri
2053 5366 2081 5419 ?
2115 5389 2142 5416 »

499 5438 647 5494 Bene
667 5448 863 5497 autem
897 5444 969 5498 ab
1002 5444 1101 5501 illo
1133 5445 1293 5501 Plato
1326 5447 1554 5516 nitatur,
1589 5450 1689 5520 qui
1739 5453 1796 5506 in
1862 5453 2141 5510 Phaedone

497 5529 811 5601 descripsit
839 5532 939 5587 illa
968 5539 1104 5588 nota
1129 5536 1273 5589 satis
1301 5538 1575 5593 omnibus
1623 5544 1876 5609 quatuor
1905 5543 2039 5599 ﬁcta
2069 5546 2141 5600 ab

495 5617 1087 5675 ethnicisinferorum
1150 5624 1587 5695 ﬂumina(Plat.
1625 5627 1874 5684 Phaedon.
1914 5637 2054 5689 tom.
2096 5634 2142 5703 Ι,

495 5722 628 5777 pag.
666 5708 767 5762 112
797 5712 852 5765 et
882 5712 1090 5783 seqq).
1111 5712 1617 5789 Pyriphlegethon
1649 5734 1783 5775 vero
1817 5737 1850 5777 a
1878 5720 2137 5796 Virgilio,

2325 5190 2613 5259 Secundo,
2674 5189 2831 5245 aliud
2890 5188 3007 5256 ille,
3060 5189 3163 5243 sed
3223 5189 3531 5245 obscurius
3564 5181 3857 5256 exemplum

2253 5279 2416 5335 hisce
2445 5279 2639 5335 verbis
2672 5279 2891 5334 ibidem
2917 5279 3191 5351 proponit
3223 5297 3235 5335 :
3270 5302 3298 5329 ‹‹
3331 5279 3439 5342 Qui
3470 5280 3540 5335 de
3582 5274 3716 5332 ccelo
3745 5277 3855 5327 tan-

2254 5368 2430 5442 gitur,
2459 5369 2741 5425 nimirum
2777 5368 3042 5437 fulmine,
3077 5368 3276 5425 salvus
3297 5373 3425 5460 est,
3459 5373 3523 5423 ut
3578 5362 3727 5460 nullo
3750 5362 3855 5460 jam

2252 5459 2371 5528 igni
2407 5458 2802 5514 decinerescat
2831 5480 2858 5507 »
2884 5459 3100 5530 (Ibid)
3132 5458 3254 5514 Non
3288 5457 3531 5548 minima
3553 5457 3853 5548 “autem.”

2255 5546 2363 5615 his,
2397 5547 2739 5603 difﬁcilibus
2770 5546 2975 5619 utique
3029 5547 3221 5604 verbis
3271 5544 3621 5618 explicandis
3650 5543 3730 5596 est
3780 5543 3852 5590 in-

2255 5640 2572 5709 terpretum
2594 5637 2845 5693 varietas
2876 5640 2931 5693 et
2958 5636 3267 5694 dissensio.
3288 5633 3560 5695 Nonnulli
3590 5627 3851 5702 siquidem

2253 5725 2573 5800 opinantur
2604 5726 2693 5786 his
2724 5726 3023 5787 collineari
3054 5728 3125 5785 ad
3156 5730 3404 5786 veterem
3445 5719 3734 5798 gentilium
3785 5712 3849 5770 lo-
