4118 6182
288 286 406 346 993

1202 290 1269 352 D.
1324 295 1415 354 LE
1461 293 1787 357 NOURRY
1834 296 2485 361 OBSERVATIONES
2532 302 2790 365 NOVzE.

3580 319 3699 380 994

283 434 441 490 gem,
475 435 592 489 qua
623 425 856 476 cautum
887 427 1030 493 erat,
1064 439 1135 479 ne
1163 425 1296 495 quis
1330 426 1571 483 fulmine
1596 445 1933 499 percussus,
1965 435 2018 500 Α
2117 429 2330 513 in
2357 431 2659 513 domiciliis
2689 447 3016 509 exspectent,
3062 458 3127 496 ac
3165 460 3274 513 qua
3324 449 3538 505 ratione
3572 450 3692 507 Ter-

283 506 404 562 ullo
435 507 708 580 deinceps
732 510 1020 582 supplicio
1046 512 1446 571 mulctaretur.
1480 517 1542 572 In
1568 516 1735 573 illum
1760 520 1941 590 enim,

282 597 669 667 quantumvis
702 597 972 670 impium,
1018 601 1242 675 Jupiter
1273 604 1416 660 satis
1458 605 1942 664 animadvertisse

280 685 597 743 ferebatur.
620 686 731 743 Alii
762 705 895 745 vero
928 698 1134 762 putant
1155 698 1450 751 auctorem
1481 698 1637 752 904
1670 704 1937 754 nostrum

281 775 358 831 ad
388 775 536 831 illud
569 778 910 849 respexisse,
941 783 1093 852 quod
1129 782 1218 838 his
1241 786 1433 841 verbis
1466 787 1689 843 Plinius
1723 805 1936 843 memo-

280 869 414 921 rat:
451 888 478 915 ‹‹
515 866 818 923 Hominem
869 868 948 924 ita
981 872 1375 929 examinatum
1423 876 1668 932 cremari
1702 878 1786 931 fas
1820 895 1936 933 non

281 958 393 1019 est,
428 955 597 1010 condi
655 956 714 1011 in
749 962 901 1014 terra
951 959 1152 1033 religio
1210 964 1448 1019 tradidit
1482 987 1511 1015 »
1558 965 1723 1037 (Plin.
1758 968 1859 1021 lib.
1895 984 1934 1021 ιι

280 1045 428 1099 Hist.
460 1053 575 1100 nat.
637 1062 761 1118 cap.
821 1048 914 1117 54,
958 1066 1089 1123 pag.
1149 1052 1295 1123 209).
1356 1057 1569 1109 Verum
1618 1056 1756 1126 quid
1788 1055 1933 1123 haec,

280 1148 503 1203 quaeso,
537 1134 607 1189 ad
652 1135 986 1195 institutum
1020 1139 1240 1196 faciunt
1289 1142 1654 1213 Tertulliani,
1692 1144 1788 1215 qui
1824 1144 1933 1199 hoc

278 1222 547 1294 exemplo
592 1223 939 1281 confirmare
997 1226 1205 1283 nititur
1257 1232 1649 1301 quorumdam
1691 1248 1933 1304 corpora

274 1310 608 1378 hominum,
640 1311 756 1367 icta
812 1314 1075 1383 fulmine,
1119 1317 1203 1371 sic
1260 1319 1421 1374 salva
1465 1336 1614 1386 esse,
1676 1325 1740 1375 ut
1770 1320 1931 1377 nullo

275 1400 535 1470 amplius
566 1402 700 1473 igne
731 1402 1178 1461 decinerescant.

349 1488 621 1561 Expende
652 1491 831 1563 igitur
860 1511 933 1548 an
966 1493 1063 1549 ille
1094 1496 1292 1566 potius
1319 1497 1543 1553 alludat
1574 1501 1643 1555 ad
1678 1516 1765 1566 ea,
1800 1518 1927 1572 quae

270 1577 630 1634 Plutarchus
666 1584 962 1637 memoriae
1018 1585 1294 1655 prodidit,
1345 1594 1707 1660 compertum
1750 1590 1927 1645 ferme

270 1668 552 1725 omnibus
585 1684 713 1725 esse
742 1686 987 1744 corpora
1017 1674 1087 1729 de
1139 1674 1281 1730 caelo
1314 1680 1485 1745 tacta,
1519 1696 1552 1735 a
1582 1678 1788 1735 multis
1822 1696 1927 1735 nec

272 1758 547 1827 cremari,
581 1774 684 1813 nec
731 1760 989 1831 sepeliri,
1023 1764 1121 1817 sed
1173 1764 1425 1837 relinqui
1454 1768 1777 1839 sepimento
1809 1769 1921 1825 cir-

272 1847 597 1914 cumdata;
634 1852 697 1903 ut
725 1851 982 1921 expertia
1004 1853 1354 1923 putredinis,
1385 1862 1663 1927 perpetuo
1697 1859 1932 1915 videan-

272 1938 379 1989 tur
410 1933 751 2006 (Plutarcli.,
800 1937 901 1993 lib.
936 1956 993 1993 1v
1039 1940 1307 2013 Sympos.,
1358 1950 1561 2016 quaest.
1604 1950 1659 2015 2,
1694 1964 1747 2018 p.
1781 1948 1929 2019 665).

271 2024 486 2079 Postea
533 2030 764 2081 autem:
815 2026 997 2101 Ὁρᾷς,
1044 2031 1145 2097 ait,
1198 2029 1278 2084 ὅτι
1311 2032 1397 2085 καὶ
1430 2032 1492 2087 τὸ
1522 2034 1792 2110 κεραύνων
1826 2041 1930 2108 πῦρ

274 2110 423 2185 ἱερὸν
474 2112 756 2186 ἡγούμεθα
802 2115 889 2169 καὶ
944 2121 1109 2189 θεῖον,
1160 2120 1243 2173 ὅτι
1296 2121 1364 2174 τὰ
1417 2124 1640 2195 σώματα
1677 2130 1783 2178 τῶν
1819 2122 1930 2179 διο-

274 2194 502 2269 ϐΑήτων
557 2202 770 2273 ἄσηπτα
824 2206 958 2277 πρὸς
990 2206 1163 2261 πολὺν
1197 2207 1492 2284 ἀντέχοντα
1541 2212 1741 2287 χρόνον
1797 2213 1933 2289 6ρῶ-

278 2310 401 2362 μεν.
436 2293 589 2347 Nosti
618 2293 799 2362 ignem
838 2297 1099 2366 fulminis
1138 2315 1361 2355 sacrum
1391 2303 1524 2369 dici,
1581 2313 1631 2359 et
1658 2306 1929 2374 divinum,

272 2380 422 2452 quod
449 2397 675 2453 corpora
703 2382 770 2437 de
816 2385 946 2439 ctylo
992 2391 1262 2443 (actorum
1307 2407 1411 2461 per
1458 2396 1691 2449 multum
1725 2400 1927 2468 tempo-

272 2471 359 2523 ris
407 2474 803 2541 putre/actioni
858 2477 1109 2532 resistere
1168 2479 1414 2536 videmus
1472 2483 1625 2554 (Ibid.
1690 2485 1790 2541 lib.
1850 2505 1928 2556 v1,

274 2564 485 2630 quaest.
522 2561 611 2631 40,
641 2576 771 2632 pag.
830 2564 978 2631 685).
1014 2568 1079 2619 At
1117 2566 1226 2622 hoc
1285 2571 1640 2643 exemplum,
1674 2576 1782 2631 etsi
1815 2594 1930 2632 non

272 2649 456 2721 plane
513 2652 851 2724 perfectum,
884 2672 917 2710 a
972 2657 1325 2715 Tertulliano
1384 2663 1593 2720 adduci
1627 2668 1834 2736 potuit,
1871 2674 1934 2725 ut

274 2739 618 2795 ostenderet
648 2742 1140 2817 conﬁrmaretque
1166 2748 1473 2807 hominum
1499 2770 1739 2826 corpora
1760 2775 1933 2829 posse

279 2833 501 2883 aeterno
532 2829 665 2901 igne
695 2831 877 2899 exuri,
920 2850 1034 2905 quo
1061 2839 1253 2892 tamen
1286 2856 1589 2912 nunquam
1619 2846 1930 2904 absumen-

279 2921 344 2971 tu
356 2935 403 2971 r.

355 3004 416 3059 Si
476 3007 608 3077 quis
660 3011 855 3064 autem
915 3012 1065 3068 scire
1121 3021 1284 3071 aveat
1339 3034 1444 3073 cur
1500 3020 1593 3077 hic
1652 3024 1806 3095 ignis
1859 3028 1931 3083 ab

279 3094 413 3165 ipso
444 3111 690 3151 arcanus
724 3098 1065 3171 appelletur,
1098 3103 1234 3159 huic
1259 3094 1762 3184 respondebimus,
1796 3117 1932 3186 quia

278 3182 451 3237 illum
485 3184 861 3255 occultum,et
892 3188 949 3243 in
983 3190 1304 3248 visceribus
1336 3200 1497 3252 terrae
1523 3199 1931 3261 absconditum
1961 3174 2004 3240 Ο

279 3273 545 3342 putabat.
591 3274 713 3329 Alio
748 3293 999 3348 namque
1031 3279 1088 3335 in
1122 3280 1270 3337 libro
1302 3289 1359 3339 et
1392 3286 1649 3345 Platonis
1680 3298 1736 3348 et
1766 3311 1933 3350 suam

279 3360 354 3415 de
386 3360 533 3429 loco,
569 3363 663 3416 ubi
697 3364 867 3420 inferi
923 3367 1095 3437 positi
1147 3376 1306 3440 sunt,
1340 3379 1690 3434 sententiam
1723 3383 1805 3438 sic
1838 3401 1934 3439 ex-

282 3449 501 3521 plicat:
533 3475 558 3502 ‹‹
594 3452 812 3510 inferos
860 3455 1027 3511 Plato
1076 3458 1231 3514 velut
1287 3465 1575 3533 gremium
1636 3474 1805 3527 terrae
1836 3474 1933 3528 de-

282 3538 494 3593 scribit
523 3539 581 3594 in
616 3540 921 3613 Phaedone,
954 3562 1068 3614 quo
1100 3564 1305 3604 omnes
1351 3550 1514 3609 labes
1546 3560 1936 3617 mundialium

283 3627 551 3682 sordium
583 3630 952 3697 conﬂuendo,
986 3638 1040 3689 et
1072 3635 1150 3690 ibi
1200 3639 1517 3697 desidendo
1560 3646 1849 3719 exhalent,
1882 3655 1939 3706 et

289 3716 462 3787 quasi
520 3734 679 3774 emno
738 3719 1247 3781 immunditiarum
1310 3745 1551 3786 suarum
1592 3737 1937 3795 crassiorem

287 3803 597 3871 haustum,
628 3812 685 3862 et
740 3809 1027 3879 privatum
1059 3812 1176 3867 illic
1228 3831 1418 3872 aerem
1474 3820 1708 3891 stipant.
1760 3828 1939 3883 Nobis

288 3892 463 3948 inferi
514 3912 627 3950 non
679 3898 836 3953 nuda
884 3902 1191 3969 cavositas,
1226 3922 1330 3960 nec
1380 3909 1702 3967 subdivalis
1741 3914 1934 3986 aliqua

287 3970 498 4037 mundi
531 3985 760 4041 sentina
816 3989 1171 4059 creduntur;
1206 3994 1302 4049 sed
1361 3996 1418 4049 in
1467 3998 1621 4055 fossa
1670 4006 1941 4071 terrm,et

283 4077 346 4125 in
381 4070 503 4127 alto
534 4074 799 4143 vastitas,
820 4083 876 4131 et
908 4078 963 4131 in
990 4078 1135 4149 ipsis
1168 4081 1488 4141 visceribus
1506 4089 1632 4157 ejus
1664 4091 1940 4148 abstrusa

282 4161 662 4231 profunditas
722 4186 748 4213 ››
780 4164 1041 4235 (Tertull.
1101 4168 1172 4225 de
1198 4172 1380 4227 Anim.
1441 4179 1712 4248 cap.54).
1777 4182 1939 4238 Unde

278 4266 422 4304 vero
474 4249 624 4307 hanc
676 4254 1004 4325 opinionem
1067 4258 1428 4330 delibaverit,
1465 4264 1514 4319 si
1568 4268 1700 4337 quis
1747 4270 1938 4327 adhuc

281 4339 569 4410 requiret,
599 4341 706 4396 hoc
738 4342 895 4398 illius
928 4346 1141 4401 ibidem
1176 4365 1524 4420 responsum
1555 4357 1668 4411 cito
1702 4359 1938 4416 audiet:

288 4451 312 4475 ι
347 4428 651 4499 Siquidem
686 4431 913 4487 Christo
947 4435 1003 4488 in
1038 4436 1209 4491 corde
1244 4442 1411 4493 terrae
1437 4442 1698 4500 triduum
1734 4449 1938 4504 mortis

281 4515 543 4588 legimus
601 4526 976 4590 expunctum,
1010 4522 1067 4577 id
1101 4529 1210 4593 est,
1270 4527 1327 4581 in
1361 4545 1589 4585 recessu
1645 4533 1856 4591 intimo
1888 4543 1944 4593 et
1972 4546 2017 4610 D

278 4606 542 4675 interno,
576 4614 632 4662 et
687 4608 745 4662 in
778 4610 908 4680 ipsa
965 4616 1115 4667 terra
1163 4620 1384 4687 operto,
1430 4619 1479 4673 ei
1538 4620 1690 4676 intra
1747 4624 1934 4695 ipsam

280 4694 512 4762 clauso,
548 4700 605 4751 et
658 4697 717 4751 in
775 4698 1153 4757 inferioribus
1210 4704 1401 4760 adhuc
1451 4708 1679 4780 abyssis
1733 4694 1936 4785 super-

278 4789 606 4851 etructo...,
640 4790 705 4839 ut
734 4786 849 4841 illic
882 4791 1243 4857 patriarchas
1280 4798 1334 4847 et
1368 4796 1680 4865 prophetas
1713 4817 1939 4873 compo~

280 4876 379 4927 tes
410 4872 501 4927 sui
534 4874 765 4929 faceret.
800 4876 988 4933 Habes
1025 4884 1081 4934 et
1112 4881 1405 4951 regionem
1442 4886 1763 4944 inferorum
1796 4872 1937 4946 sub-

280 4967 616 5018 terraneam
674 4965 908 5021 credere
968 4989 995 5016 »
1054 4970 1210 5036 (Ibid.
1274 4987 1400 5042 cap.
1461 4974 1573 5043 53).
1642 4977 1935 5034 Platonem

280 5056 480 5105 autem
516 5052 592 5106 ibi
626 5070 859 5109 rursum
890 5056 947 5109 in
989 5056 1112 5125 jam
1148 5058 1322 5116 citato
1356 5078 1389 5115 a
1445 5064 1615 5119 nobis
1655 5066 1940 5124 Phaedone

279 5140 512 5207 laudat,
548 5145 614 5196 ut
655 5142 921 5199 ethnicos
970 5144 1078 5200 hac
1123 5147 1407 5219 principis
1456 5152 1941 5227 philosophorum

280 5248 533 5287 suorum
565 5236 908 5291 auctoritate
941 5237 1133 5293 adhuc
1162 5240 1501 5298 revinceret.

901 5380 1219 5423 ABTICULUS
1256 5385 1312 5425 ν.

279 5465 595 5545 Dessterjna
634 5476 946 5545 sanctorum
981 5471 1354 5541 beatitudine;
1413 5491 1515 5545 quo
1556 5477 1617 5531 in
1650 5477 1766 5536 loco
1797 5485 1939 5539 resi-

357 5537 564 5627 deant':
592 5544 779 5627 utrum
829 5558 894 5597 ea
944 5546 1137 5598 statim
1183 5537 1597 5627 post‘mortem
1642 5537 1940 5627 fruantur,

356 5610 445 5665 vel
472 5611 634 5668 illam
664 5613 733 5667 ad
760 5622 1070 5673 extremum
1099 5610 1270 5689 usque
1299 5618 1507 5688 iudicii
1538 5610 1680 5678 diem
1710 5610 1941 5698 quibus:

2120 503 2395 579 tullianus
2441 506 2635 576 probet
2688 503 3009 566 memorata
3051 503 3312 573 hactenus
3369 503 3695 579 Christiane

2121 576 2407 643 religionis
2434 578 2674 659 placita
2695 597 2807 659 non
2832 599 2986 653 posse
3009 586 3096 659 ‘ab
3126 587 3360 645 ethnicis
3388 576 3699 659 reiicifau‘t

2116 657 2349 725 propter
2371 664 2559 725 eorum
2587 652 2961 725 defensionem
2992 655 3335 718 Christianos
3362 652 3473 721 non
3502 652 3698 725 debere

2118 721 2314 774 vexari
2341 729 2392 775 et
2420 722 2716 780 trucidari.

2118 827 2241 887 Qua
2298 825 2524 881 ratione
2580 829 2787 895 malos,
2846 830 2927 886 ait
2982 833 3419 912 Tertullianus,
3478 844 3698 917 impro-

2047 911 2272 983 bosque
2301 914 2451 971 905
2489 914 2757 973 homines
2808 925 3094 977 aeternum
3128 926 3280 997 ignis
3311 911 3695 1006 supplicium,

2046 1001 2249 1055 eadem
2281 1001 2466 1058 bonos
2480 1004 2786 1076 justosquc
2807 1010 3164 1080 sempiterna
3182 1001 3696 1082 manetbonorum

2044 1105 2287 1161 operum
2320 1108 2561 1148 merces.
2614 1093 3000 1167 Posteaquam
3031 1102 3185 1158 enim
3232 1113 3528 1167 mortuum
3561 1130 3694 1169 cor-

2043 1194 2154 1249 pus
2187 1185 2456 1235 nostrum
2514 1182 2584 1236 ad
2616 1183 2795 1239 vitam
2854 1187 3045 1243 denuo
3102 1194 3417 1254 excitatum
3474 1200 3687 1258 fuerit:

2043 1270 2282 1333 Erimus,
2314 1268 2528 1340 inquit,
2562 1271 2751 1335 iidem,
2781 1276 2880 1345 qui
2908 1292 3073 1341 nunc,
3109 1298 3209 1335 nec
3237 1286 3342 1339 alii
3380 1298 3502 1358 post
3528 1290 3691 1363 (Ter-

2039 1356 2272 1412 tullian.
2331 1358 2606 1429 Apologel.
2666 1377 2792 1432 cap.
2855 1365 2942 1431 48,
3002 1384 3059 1437 p.
3116 1371 3281 1442 520);
3343 1356 3481 1446 quia
3535 1356 3689 1439 idem

2041 1449 2258 1517 ipsum,
2292 1449 2377 1503 uti
2428 1450 2700 1519 superius
2759 1452 2980 1509 dictum
3012 1465 3120 1523 est,
3185 1468 3449 1522 nostrum
3481 1486 3694 1543 corpus

2038 1542 2324 1609 resurget.
2359 1538 2509 1593 Tum
2542 1541 2641 1593 Dei
2668 1541 2920 1613 cultores,
2970 1548 3156 1618 pergit
3197 1550 3312 1618 ille,
3346 1557 3493 1627 apud
3524 1538 3694 1617 Deum

2035 1641 2267 1696 semper,
2315 1627 2669 1697 superinduti
2722 1631 3033 1690 substantia
3087 1644 3314 1710 propria
3358 1650 3692 1707 aeternitatis

2034 1713 2240 1800 (Ibid),
2272 1714 2330 1769 id
2364 1719 2472 1784 est,
2507 1719 3009 1798 superinduentur
3042 1725 3504 1791 immortalitatis
3535 1740 3686 1797 dono

1963 1813 2009 1878 Β
2042 1804 2193 1874 quod
2227 1809 2508 1861 aeternum
2542 1808 2825 1865 subsistet
2863 1827 2929 1866 ac
2979 1821 3362 1884 permanebit.
3402 1825 3555 1882 Dixit
3584 1846 3692 1886 au-

2042 1896 2158 1947 tem
2190 1893 2500 1949 substantia
2546 1899 2783 1967 propria
2835 1904 3162 1961 aeternitatis
3219 1908 3378 1979 (Ibid.
3421 1930 3547 1986 cap.
3600 1920 3691 1993 49,

2043 1998 2097 2052 p.
2130 1982 2279 2052 528),
2313 1998 2430 2053 qua
2453 1984 2602 2053 justi
2652 1987 2919 2045 homines
2952 2007 3067 2046 non
3118 1994 3309 2053 solum
3343 1982 3695 2064 immortali;

2044 2073 2180 2139 tate,
2215 2072 2316 2124 sed
2350 2071 2623 2128 felicitate
2655 2083 2953 2146 perpetua,
3004 2082 3089 2135 vel
3136 2085 3292 2141 sicut
3337 2088 3463 2161 ipse
3506 2093 3697 2167 loqui-

2040 2161 2156 2223 tur,
2188 2164 2395 2216 ἐρισι-πο
2420 2164 2743 2233 refrigerio,
2775 2169 2829 2219 el
2856 2166 3045 2224 divina
3075 2178 3391 2233 amoenitate
3428 2161 3697 2241 fruentur

2043 2249 2199 2317 (Ibid.
2233 2264 2358 2320 cap.
2394 2249 2484 2318 47,
2519 2268 2646 2320 pag.
2678 2253 2827 2323 515).

2111 2338 2297 2399 Quam
2342 2346 2499 2393 certe
2558 2348 2755 2396 autem
2812 2348 2871 2399 et
2927 2362 3059 2403 vere
3118 2351 3174 2405 id
3223 2365 3535 2428 asseverat,
3568 2366 3686 2419 tam

2044 2425 2208 2481 facile
2241 2428 2428 2497 ipsius
2460 2428 2530 2483 de
2560 2428 2707 2499 loco,
2742 2432 2841 2487 ubi
2883 2432 3114 2493 illorum
3168 2442 3398 2510 animae,
3430 2425 3689 2521 corpori-

2042 2516 2151 2569 bus
2183 2514 2413 2585 solutae,
2445 2517 2515 2571 ad
2538 2523 2864 2576 extremum
2887 2528 3381 2597 usquejudicium
3408 2514 3691 2609 recipien-

2041 2608 2159 2671 tur,
2192 2604 2439 2659 dubium
2471 2622 2538 2661 ac
2590 2606 2973 2667 ﬂuctuantem
3006 2616 3271 2674 animum
3303 2604 3692 2694 deprehendi-

2042 2710 2196 2747 mus.
2229 2694 2494 2750 Primum
2524 2697 2737 2752 etenim
2790 2699 2848 2755 in
2880 2718 2987 2757 suo
3034 2705 3379 2776 Apologetico
3400 2729 3419 2767 :
3450 2736 3477 2763 «
3512 2716 3690 2774 Para-

2042 2782 2259 2849 disum,
2276 2782 3073 2854 inquit,ncminamuslocum
3087 2795 3296 2852 divinae
3311 2806 3689 2876 amoenitatis,

2042 2871 2392 2941 recipiendis
2421 2878 2758 2931 sanctorum
2790 2879 3098 2949 spiritibus
3142 2885 3522 2962 destinatum,
3558 2871 3689 2950 me;

2041 2960 2195 3014 ceria
2225 2960 2479 3031 quadam
2535 2962 2717 3034 igneae
2776 2966 2933 3023 illius
2990 2987 3169 3042 zonae,
3203 2992 3236 3030 a
3292 2960 3686 3039 notitiaiorbis

2044 3048 2370 3103 communis
2419 3060 2792 3123 segregatum
2841 3075 2866 3106 ιο
2906 3058 3111 3129 (Ibid).
3145 3069 3218 3117 At
3266 3069 3532 3125 nonnulli
3564 3072 3685 3127 exi-

2042 3138 2287 3192 stimant
2314 3137 2395 3193 ibi
2417 3154 2550 3194 eum
2574 3144 2897 3213 respexisse
2922 3148 2992 3202 ad
3026 3149 3146 3205 haec
3164 3156 3453 3212 Genesecs
3473 3160 3684 3217 verba:

2040 3227 2324 3297 Eiecitque
2352 3228 2543 3294 Adam,
2602 3236 2653 3285 et
2706 3233 2989 3290 collocavit
3047 3249 3175 3296 ante
3228 3244 3549 3313 paradisum
3589 3265 3686 3306 vo-

2044 3316 2270 3385 luptatis
2326 3316 2645 3389 cherubim,
2702 3325 2756 3375 et
2806 3324 3127 3392 ﬂammeum
3180 3332 3468 3405 gladium,
3527 3346 3690 3410 atque

2043 3404 2374 3473 versatilem,
2408 3408 2482 3462 ad
2507 3408 2921 3467 custodiendam
2970 3418 3121 3471 viam
3179 3420 3322 3491 ligni
3348 3404 3477 3480 vitm
3537 3404 3688 3497 (Gen.

2047 3508 2212 3551 uno.
2272 3494 2420 3566 ult.).
2482 3495 2594 3551 Alii
2647 3515 2782 3554 vero
2839 3501 2897 3557 id
2957 3512 3192 3577 negant.
3252 3509 3377 3567 Non
3438 3494 3597 3571 enim
3628 3516 3691 3571 in

2048 3582 2311 3637 animum
2368 3584 2643 3642 inducere
2694 3604 2869 3645 suum
2931 3601 3180 3664 possunt
3229 3602 3483 3659 maceria
3512 3603 3693 3676 ignem

2045 3671 2214 3726 Zonae
2241 3671 2396 3727 idem
2430 3678 2605 3745 atque
2646 3676 2919 3736 ﬂammeo
2961 3682 3156 3754 gladio
3203 3671 3696 3760 significat—Pu-

2046 3764 2174 3815 tant
2202 3760 2395 3830 itaque
2422 3762 2684 3819 denotari
2738 3767 2919 3823 alium
2970 3771 3164 3842 ignem
3215 3780 3553 3838 ammnioris
3581 3782 3696 3839 loci

2050 3848 2355 3905 arbitrum.
2380 3849 2596 3906 Verum
2632 3853 2751 3909 haec
2780 3857 2978 3927 opinio
3010 3860 3231 3918 ratione
3262 3866 3470 3924 saltem
3501 3868 3697 3941 aliqua

2050 3936 2241 3991 fulciri
2274 3938 2539 3993 debebat.
2574 3941 2778 4013 Itaque
2831 3945 3015 4001 donec
3044 3963 3171 4004 eam
3229 3953 3545 4023 proferant,
3578 3936 3697 4013 non

2047 4026 2316 4080 videmus
2360 4028 2501 4097 quid
2563 4031 2868 4099 prohibeat
2920 4037 3238 4105 quominus
3295 4042 3697 4100 Tertullianus

2048 4112 2214 4168 illum
2251 4115 2535 4170 vocaverit
2565 4117 2773 4176 divinae
2801 4126 3138 4180 amtcnitatis
3169 4126 3384 4198 locum,
3422 4132 3522 4202 qui
3554 4132 3696 4189 cita-

2048 4202 2125 4257 tis
2168 4203 2679 4276 Geneseosﬂerbie
2728 4211 3036 4279 paradisus
3086 4215 3403 4288 voluptatis
3433 4220 3699 4293 appella-

2047 4296 2145 4346 tur
2165 4292 2192 4346 ?
2223 4292 2369 4359 Quid
2400 4294 2557 4350 enim
2609 4306 2897 4370 repugnat
2952 4302 3001 4357 si
3032 4303 3202 4375 igneo
3254 4307 3451 4377 gladio
3472 4292 3697 4367 ZOnam

2047 4380 2281 4452 igneam
2314 4382 2632 4454 significari
2665 4387 2983 4447 arbitratus
3013 4394 3146 4448 est?
3176 4394 3282 4451 Sed
3318 4398 3389 4453 de
3421 4398 3530 4454 hoc
3558 4397 3695 4454 Ter-

2047 4470 2278 4525 tulliani
2337 4470 2460 4527 loco
2517 4474 2739 4546 aliquid
2819 4480 2876 4534 in
2935 4484 3222 4554 superiori
3282 4486 3701 4544 dissertatione

2052 4560 2589 4632 przeoccupavimus
2642 4565 2947 4627 (Dissertat.
3008 4574 3068 4627 in
3122 4574 3367 4632 Lactant.
3426 4594 3554 4650 cap.
3604 4578 3697 4650 22,

2047 4654 2156 4703 art.
2190 4650 2264 4719 6).

2118 4738 2343 4795 Certius
2373 4744 2571 4798 autem
2603 4760 2670 4799 ea
2700 4745 2771 4801 de
2802 4763 2863 4802 re
2916 4748 3049 4804 ferri
3082 4757 3277 4823 posset
3302 4755 3615 4826 judicium,
3649 4754 3702 4812 si

2048 4832 2301 4884 exstaret
2330 4828 2488 4886 illius
2546 4833 2618 4887 de
2673 4837 2945 4905 paradiso
3000 4838 3256 4910 libellus,
3316 4862 3493 4916 quem
3548 4862 3583 4901 α
3636 4862 3701 4902 se

2049 4918 2439 4987 compositum
2486 4922 2853 4978 testiﬁcatur.
2887 4927 2970 4981 Ad
3027 4944 3161 4984 eum
3204 4933 3420 5005 quippe
3452 4935 3538 4989 sic
3591 4951 3700 4991 nos

2049 5006 2175 5077 ipse
2208 5006 2402 5062 misit:
2438 5030 2466 5058 ‹‹
2503 5010 2688 5066 [labes
2719 5012 2893 5068 etiam
2928 5015 2998 5071 de
3042 5020 3314 5088 paradiso
3366 5040 3400 5078 a
3429 5024 3600 5079 nobis
3629 5023 3700 5078 li-

2050 5093 2290 5163 bellum,
2325 5112 2440 5168 quo
2481 5099 3184 5163 constituimus-omnem
3238 5110 3497 5168 animam
3542 5113 3698 5184 apud

2048 5182 2265 5239 inferos
2295 5190 2651 5257 sequestrari
2695 5190 2753 5245 in
2786 5192 2940 5248 diem
2998 5195 3231 5253 Domini
3279 5222 3307 5249 »
3342 5182 3606 5270 (Tertulli.
3639 5200 3705 5256 de

2049 5273 2248 5328 Anima
2280 5289 2405 5346 cap.
2436 5275 2550 5347 55),
2581 5277 2639 5331 id
2674 5283 2782 5345 est,
2831 5283 3103 5352 generale
3134 5289 3191 5341 et
3239 5288 3515 5345 ultimum
3540 5289 3705 5359 judi—

2052 5360 2229 5417 cium.
2262 5362 2372 5417 Sed
2405 5380 2473 5419 ex
2502 5365 2595 5420 his
2628 5364 2761 5422 licet
2793 5370 3168 5440 paucissimis
3195 5377 3387 5434 verbis
3439 5393 3556 5433 non
3587 5378 3703 5433 mi-

2052 5450 2214 5505 nima
2243 5456 2394 5507 certe
2425 5453 2614 5510 oritur
2642 5456 2980 5515 difficultas.
3020 5461 3161 5519 Nam
3201 5466 3440 5523 tametsi
3470 5466 3701 5537 paradi-

2054 5556 2185 5595 sum
2216 5541 2286 5595 ab
2319 5541 2523 5598 inferis
2569 5545 2909 5604 distinxisse
2955 5550 3285 5623 diceretur;
3333 5552 3703 5626 apertissime

2054 5628 2441 5689 nihilominus
2474 5633 2639 5691 docet
2683 5652 2916 5693 omnem
2949 5638 3206 5698 animam
3239 5647 3357 5699 tam
3397 5643 3699 5714 justorum
