4118 6182
511 301 626 361 995

1048 293 1568 356 TERTULLIANI
1615 296 1937 359 OPERUM
1986 292 2183 355 PARS
2229 295 2279 357 l.
2309 327 2383 339 -—
2425 294 2698 358 SEBIES
2742 295 2791 367 Ι,
2840 294 3394 357 APOLOGETICA.

3754 300 3854 361 996

514 428 801 498 videlicet,
835 444 1013 499 quam
1044 427 1359 499 impiorum
1394 427 1452 482 in
1486 427 1643 483 hisce
1686 430 1887 484 inferis
1918 430 1988 483 ad
2024 427 2164 483 ulti-
2193 429 2246 494 Α
2280 444 2511 500 ρυεηω,
2544 446 2746 484 eorum
2794 444 2930 483 vero
2990 444 3199 500 pugna:
3247 443 3488 497 quorum
3533 432 3584 482 et
3634 430 3859 501 sanguis.

514 533 678 573 mum
710 532 900 588 usque
921 516 1215 587 judicium
1250 516 1603 587 sequestrari
1634 522 1690 572 et
1720 517 2021 573 reservari.
2054 516 2165 572 Sed

511 607 635 663 haec
668 606 935 678 pluribus
985 605 1140 661 haud
1204 606 1379 660 dubie
1418 607 1667 661 obscura
1727 624 1830 662 nec
1861 605 2163 662 intellectu

513 695 708 752 facilia
741 695 1109 751 videbuntur.
1155 696 1541 761 Quamobrem
1569 696 1711 767 quid
1761 697 1820 750 in
1852 695 2002 760 aliis,
2037 711 2168 767 quae

512 789 757 854 restant,
791 784 952 840 illius
974 784 1249 856 operibus
1274 784 1343 838 de
1364 784 1454 839 his
1485 785 1777 852 statuerit,
1811 785 2163 856 investigan-

515 883 657 938 dum
689 887 798 937 est.

584 962 648 1017 In
681 979 786 1017 suo
819 966 1012 1017 autem
1063 962 1127 1017 de
1157 962 1354 1017 Anima
1403 961 1551 1017 libro
1583 962 1704 1017 haac
1744 978 1813 1017 ex
1858 962 2164 1034 Evangelio

511 1051 794 1108 tradidit:
849 1076 875 1100 ‹‹
928 1051 1094 1106 Dolet
1142 1052 1297 1122 apud
1349 1051 1566 1106 inferos
1620 1052 1817 1107 anima
1856 1053 2164 1121 cujusdam

514 1139 746 1211 [famosi
796 1138 1089 1212 videlicet]
1137 1140 1359 1209 divitis,
1415 1145 1472 1195 et
1522 1141 1765 1212 punitur
1812 1142 1871 1196 in
1905 1141 2166 1207 ﬂamma.

512 1229 811 1283 cruciatur
840 1227 899 1282 in
932 1228 1086 1283 906
1130 1227 1354 1300 lingua,
1385 1234 1442 1283 et
1471 1230 1540 1283 de
1590 1229 1770 1302 digito
1803 1230 2010 1286 animas
2042 1229 2165 1286 feli-

516 1316 691 1373 cioris
740 1315 1016 1388 implorat
1063 1317 1345 1372 auxilium
1381 1344 1402 1369 ι
1454 1318 1618 1387 (Ibid.
1672 1337 1797 1391 cap.
1846 1320 1924 1389 7),
1958 1336 2165 1391 nempe

514 1406 791 1479 pauperis
824 1406 1039 1461 Lazari.
1074 1406 1185 1461 Nec
1246 1405 1387 1461 sinit
1438 1407 1551 1462 sibi
1602 1408 1777 1478 objici
1838 1407 1987 1463 hanc
2034 1425 2165 1464 esse

515 1495 876 1567 parabolam.
910 1495 1192 1550 Additum
1225 1495 1519 1552 enimvero
1552 1513 1766 1552 nomen
1813 1496 2009 1553 Lazari
2038 1513 2162 1553 rem

513 1601 711 1641 veram
762 1583 1020 1650 indicat;
1073 1589 1130 1639 et
1178 1584 1447 1655 quamvis
1497 1586 1771 1658 parabola
1827 1591 2003 1656 esset,
2036 1587 2165 1658 ipsa

512 1672 778 1729 veritatis
827 1677 916 1729 est
964 1672 1396 1729 testimonium.
1450 1675 1599 1730 Tum
1649 1676 1860 1731 deinde
1908 1676 2163 1747 adjecit:

2276 516 2387 571 Sed
2423 522 2480 573 et
2510 517 2743 573 interim
2776 518 2885 572 sub
2918 516 3086 573 altari
3132 522 3447 589 martyrum
3491 517 3678 572 anima:
3707 518 3862 589 placi-

2275 606 2417 661 dum
2450 606 2782 678 quiescunt,
2814 612 2872 662 et
2902 606 3118 661 ﬁducia
3164 604 3396 661 ultionis
3428 604 3739 676 patientiam
3778 626 3858 680 pa-

2278 700 2470 764 scunt,
2503 700 2560 751 et
2591 694 2810 750 indutae
2841 695 3030 761 stolis,
3083 696 3391 751 candidam
3434 694 3692 750 claritatis
3720 713 3860 751 usur-

2276 789 2437 856 pant,
2472 786 2655 839 donec
2683 790 2739 839 et
2770 784 2865 839 alii
2900 786 3261 839 consortium
3293 783 3518 838 illarum
3569 784 3743 855 gloria
3770 786 3862 841 im-

2276 873 2530 944 pleant»
2582 875 2787 945 (Idem,
2839 873 3109 944 Srorpz'ac.
3164 890 3290 945 cap.
3335 874 3439 941 12).
3497 872 3684 928 Nonne
3718 874 3864 945 igitur

2274 962 2616 1018 Tertulliani
2645 963 2841 1034 opinio
2875 962 2983 1017 fuit
3010 980 3214 1017 omnes
3237 961 3621 1034 quorumlibet
3648 970 3862 1019 mortuo-

2276 1068 2405 1106 rum
2453 1051 2760 1107 hominum
2819 1052 3068 1118 animas,
3129 1068 3364 1123 corpore
3413 1068 3514 1105 suo
3570 1056 3767 1116 exutas,
3806 1054 3861 1106 ad

2278 1140 2551 1195 ultimum
2584 1157 2771 1212 usque
2810 1140 3022 1211 judicii
3070 1140 3225 1195 diem
3273 1140 3546 1195 reservari
3579 1141 3632 1194 in
3678 1140 3863 1210 inferis,

2276 1230 2547 1301 paradiso
2578 1229 2821 1284 Abrahae
2853 1230 3008 1301 sinu,
3060 1235 3116 1285 et
3159 1230 3269 1284 sub
3320 1228 3505 1298 altari,
3538 1229 3734 1300 quibus
3758 1227 3866 1284 licet

2275 1318 2519 1374 diversis
2553 1318 2891 1373 nominibus
2914 1319 3186 1374 eumdem
3211 1317 3398 1373 locum
3424 1318 3738 1388 designasse
3760 1335 3863 1389 pro-

2275 1406 2367 1462 cul
2401 1407 2577 1462 dubio
2609 1407 2855 1463 videtur.

2346 1514 2456 1569 Sed
2488 1520 2781 1585 exspecta,
2808 1531 3026 1585 quaeso,
3070 1513 3387 1586 paulisper,
3430 1518 3598 1585 teque
3641 1512 3863 1585 aliquau-

2274 1608 2401 1658 tum
2432 1602 2677 1659 sustine.
2732 1604 2862 1658 Mox
2908 1603 3064 1659 enim
3115 1604 3318 1658 audies
3362 1604 3433 1658 ab
3482 1602 3598 1669 illo,
3627 1602 3763 1658 sicut
3784 1602 3864 1657 tri-

2274 1692 2401 1763 plex
2433 1708 2617 1764 genus
2649 1692 3005 1757 animarum,
3038 1693 3158 1748 sive
3193 1696 3551 1747 mortuorum
3582 1690 3866 1761 hominum,

517 1784 539 1865 ξ
576 1762 725 1828 Ουίά
752 1766 852 1865 ‘68}.
878 1767 1075 1865 δυξεῗω
1112 1762 1278 1831 “Ind:
1313 1765 1465 1863 QPOG
1519 1764 2164 1865 a'djn‘férﬂalmnsml‘:
2196 1801 2242 1865 Β
2273 1762 2590 1851 impiorum
2648 1780 2937 1851 videlicet,
2986 1783 3308 1853 justorum,
3358 1790 3413 1835 et
3469 1785 3777 1851 martyrum,
3804 1778 3865 1834 ita

509 1854 609 1907 tur
638 1857 770 1923 post
798 1852 1109 1908 divortium
1143 1854 1423 1924 corporis,
1459 1855 1613 1926 quod
1657 1856 1971 1924 detinetur,
2005 1854 2161 1926 quod

513 1941 573 1997 in
606 1941 758 1996 diem
784 1940 993 2011 judicii
1045 1948 1410 1999 reservatur:
1463 1944 1533 1998 ad
1584 1946 1736 2013 quod
1786 1949 1844 2000 et
1893 1944 2163 1999 Christus

513 2029 816 2084 moriendo
861 2029 1205 2085 descendit?
1239 2035 1385 2086 Puto
1418 2033 1488 2086 ad
1543 2033 1771 2088 animas
1803 2033 2162 2105 patriarcha-

514 2134 643 2173 rum
676 2136 688 2172 :
723 2120 822 2173 sed
856 2119 1262 2190 quamobrem,
1301 2120 1350 2174 si
1385 2120 1526 2175 nihil
1577 2121 1773 2176 anima
1803 2122 1912 2177 sub
1946 2120 2164 2177 terris?

636 2208 692 2263 in
724 2224 950 2263 carcere
981 2208 1091 2263 sub
1144 2209 1460 2264 diversorio
1499 2210 1777 2276 inferum,
1810 2211 1869 2266 in
1903 2212 2048 2283 igni,
2077 2210 2163 2267 vel

513 2297 574 2352 in
608 2297 739 2353 sinu
772 2296 1020 2352 Abrahae
1052 2320 1079 2345 ››
1113 2298 1316 2371 (Ibid)
1363 2298 1540 2355 Docet
1570 2299 1750 2371 igitur
1788 2300 2004 2356 inferos
2035 2316 2165 2355 esse

514 2387 961 2442 subterraneum
995 2385 1211 2455 locum,
1246 2392 1301 2442 et
1334 2388 1529 2442 sinum
1565 2389 1827 2457 Abrahae,
1880 2389 1981 2444 ubi
2012 2389 2165 2444 divi-

517 2475 595 2532 tis
625 2475 879 2547 improbi
912 2476 1111 2531 anima
1154 2478 1557 2547 torquebatur,
1602 2478 1659 2532 in
1694 2495 1867 2549 quem
1899 2479 2166 2535 Christus

518 2569 652 2636 post
698 2569 949 2619 mortem
999 2565 1318 2635 descendit,
1370 2573 1426 2621 et
1476 2567 1573 2621 ubi
1623 2568 1966 2638 patriarchae
1999 2567 2165 2622 illum

517 2653 950 2724 exspectabant.
986 2651 1190 2708 Postea
1232 2670 1387 2721 vero,
1419 2674 1449 2707 α
1500 2654 1593 2711 Sic
1623 2662 1681 2710 et
1712 2656 1896 2725 diviti,
1953 2655 2166 2727 inquit,

519 2742 674 2814 apud
729 2742 945 2796 inferos
1003 2742 1204 2813 lingua
1260 2747 1370 2809 est,
1427 2749 1483 2799 et
1527 2746 1769 2816 pauperi
1837 2745 2078 2816 digitus,
2111 2748 2169 2800 et

521 2831 685 2885 sinus
720 2830 976 2886 Abrahae.
1012 2830 1117 2886 Per
1148 2830 1251 2886 has
1283 2831 1468 2888 lineas
1515 2839 1571 2888 et
1601 2833 1808 2887 animae
1841 2838 2166 2905 martyrum

522 2920 631 2975 sub
681 2919 847 2974 altari
905 2918 1318 2992 intelliguntur
1362 2944 1389 2970 »
1450 2921 1608 2993 (Ibid.
1662 2939 1711 2976 c.
1742 2923 1818 2994 9).
1870 2923 2166 2994 Numquid

519 3026 656 3081 ergo
687 3008 766 3064 ibi
797 3010 972 3064 etiam
1004 3012 1060 3065 et
1098 3008 1306 3064 iisdem
1342 3010 1543 3066 inferis
1583 3010 1692 3065 sub
1724 3010 1915 3078 altari,
1950 3012 2171 3083 degunt

525 3099 735 3155 animas
770 3103 1087 3169 martyrum
1109 3098 1137 3153 ?
1166 3099 1274 3155 Sed
1304 3100 1676 3171 postmodum
1702 3100 1875 3172 paulo
1906 3102 2173 3157 enuclea-

523 3187 643 3244 tius
672 3185 1075 3260 explicabitur.

597 3276 835 3331 Interim
869 3275 1034 3331 illum
1080 3276 1391 3332 audiamus
1441 3277 1634 3333 adhuc
1683 3278 2040 3350 loquentem.
2078 3279 2173 3334 Ait

524 3370 716 3421 autem
749 3365 1043 3419 Christum
1070 3365 1125 3418 in
1150 3364 1427 3420 inferiora
1452 3372 1739 3422 terrarum
1772 3368 2171 3437 descendisse,

530 3481 549 3505 ι
589 3460 651 3508 ut
682 3453 799 3509 illic
844 3453 1205 3525 patriarchas
1254 3458 1309 3509 et
1369 3454 1682 3525 prophetas
1740 3462 2039 3528 compotes
2079 3457 2170 3512 sui

527 3544 757 3598 faceret.
792 3542 979 3597 Habes
1011 3548 1066 3596 et
1097 3542 1391 3613 regionem
1424 3543 1674 3599 inferum
1726 3545 2170 3601 subterraneam

526 3632 780 3698 credere,
811 3637 867 3686 et
898 3629 1028 3685 illos
1073 3629 1269 3685 cubito
1324 3629 1553 3703 pellere,
1587 3634 1686 3703 qui
1736 3633 1880 3689 satis
1921 3635 2170 3705 superbe

526 3736 639 3775 non
678 3722 885 3791 putant
914 3719 1141 3773 animus
1185 3718 1445 3775 fidelium
1487 3721 1688 3776 inferis
1721 3722 1965 3794 dignas;
2020 3723 2172 3778 servi

525 3824 704 3879 super
733 3807 1072 3874 Dominum,
1105 3812 1162 3863 et
1192 3807 1467 3881 discipuli
1498 3827 1673 3881 super
1704 3811 2172 3883 Magistrum,as-

527 3897 753 3968 pernati
788 3897 833 3950 si
870 3896 1013 3952 forte
1058 3896 1115 3953 in
1167 3897 1412 3953 Abrahae
1460 3899 1593 3955 sinu
1644 3904 2046 3974 exspectandae
2080 3920 2170 3958 re-

526 3985 906 4041 surrectionis
937 3985 1212 4041 solatium
1247 4004 1451 4059 capere
1485 4011 1512 4038 ››
1564 3990 1745 4058 (Ibz’d.,
1798 4007 1846 4045 c.
1894 3992 2007 4061 55).
2039 3992 2171 4047 Cer-

529 4074 695 4130 nisne
725 4074 915 4129 adhuc
944 4074 1179 4131 eosdem
1213 4076 1430 4132 inferos
1458 4076 1655 4133 sinum
1691 4078 1931 4135 Abrahae
1956 4080 2171 4147 vocari,

526 4168 585 4221 ct
624 4164 1085 4236 patriarcharum
1132 4165 1669 4238 prophetarumque
1726 4167 2171 4236 habitationem,

531 4254 630 4308 ubi
663 4253 870 4309 animae
903 4270 1005 4324 spe
1034 4253 1479 4310 resurrectionis
1510 4256 1783 4311 solatium
1818 4255 2104 4327 capiunt?

599 4361 717 4416 Sub
748 4359 1011 4433 ejusdem
1046 4359 1282 4415 demum
1314 4358 1449 4415 libri
1489 4362 1665 4416 ﬁnem
1714 4363 2028 4432 quemdam
2061 4362 2173 4419 sibi

531 4448 903 4518 objicientem
930 4447 1191 4503 inducit:
1226 4465 1243 4503 ι
1275 4470 1301 4497 ‹‹
1350 4448 1565 4504 Omnes
1596 4466 1730 4521 ergo
1760 4451 1967 4506 animas
1998 4467 2176 4523 penes

2273 1869 2563 1941 triplicem
2597 1870 2830 1926 illorum
2864 1871 3078 1937 locum,
3111 1876 3285 1942 atque
3319 1870 3535 1926 inferos
3565 1870 3631 1924 ab
3660 1868 3864 1923 Abraba:

2272 1960 2405 2015 sinu
2428 1960 2733 2031 distingui.
2758 1962 2905 2016 907
2934 1960 3235 2015 Marcionis
3259 1959 3475 2032 quippe
3495 1961 3561 2015 de
3575 1959 3861 2014 earumdem

2272 2048 2603 2103 animarum
2636 2048 3017 2120 receptaculis
3051 2065 3306 2104 errorem
3356 2065 3529 2104 sacrm
3572 2047 3757 2103 refellit
3783 2063 3860 2099 au-

2274 2139 2537 2193 ctoritate
2564 2138 2895 2209 Scriptura,
2928 2162 2954 2187 α
3002 2156 3125 2209 quas
3157 2141 3229 2194 ab
3271 2139 3496 2203 inferis,
3546 2138 3739 2208 inquit,
3766 2136 3863 2188 dis-

2274 2228 2459 2283 cernit
2489 2227 2683 2281 sinum
2717 2227 2960 2281 Abrahae
3006 2227 3269 2299 pauperi.
3314 2227 3486 2282 Aliud
3534 2228 3679 2281 enim
3710 2224 3862 2290 inferi,

2277 2322 2340 2372 ut
2395 2321 2559 2387 puto,
2618 2316 2775 2371 aliud
2836 2334 3069 2389 quoque
3129 2316 3374 2372 Abrahae
3433 2316 3613 2371 sinus.
3664 2315 3787 2369 Nam
3822 2316 3863 2365 et

2276 2422 2559 2477 magnum
2591 2405 2671 2461 ait
2699 2406 3053 2461 intercedere
3075 2406 3345 2477 regiones
3368 2407 3513 2461 istas
3542 2403 3861 2477 profundum.

2275 2500 2332 2549 et
2358 2493 2677 2549 transitum
2717 2494 3009 2566 utrimque
3042 2495 3373 2566 prohibere.
3407 2494 3515 2549 Sed
3546 2510 3642 2548 nec
3671 2490 3865 2546 allevas-

2276 2589 2364 2639 set
2396 2583 2554 2638 dives
2587 2582 2806 2651 oculos,
2857 2589 2912 2638 et
2959 2583 3193 2654 quidem
3226 2584 3295 2638 de
3346 2583 3678 2655 longinquo,
3707 2578 3801 2633 nisi
3824 2578 3866 2630 in

2276 2672 2599 2743 superiora,
2634 2676 2691 2727 et
2722 2673 2791 2726 de
2824 2672 3148 2727 altitudinis
3173 2671 3517 2744 longinquo,
3548 2688 3643 2744 per
3668 2669 3869 2723 immen-

2277 2778 2401 2817 sam
2432 2760 2593 2815 illam
2646 2760 2985 2815 distantiam
3039 2760 3426 2816 sublimitatis
3457 2765 3514 2815 et
3561 2754 3868 2831 profundita-

2277 2851 2446 2905 tis....
2481 2850 2620 2903 Eam
2672 2849 2866 2920 itaque
2915 2848 3212 2920 regionem
3253 2849 3455 2904 sinum
3487 2848 3609 2903 dico
3648 2846 3868 2908 Abi-ana,

2276 2940 2385 2995 etsi
2419 2955 2532 2992 non
2566 2937 2855 2993 cmlestem
2883 2954 2897 3005 ;
2931 2936 3339 2993 sublimiorem
3374 2944 3560 2993 tamen
3590 2932 3868 2998 inferis,iu-

2277 3028 2446 3083 terim
2481 3026 2845 3098 refrigerium
2880 3027 3253 3097 praebituram
3280 3027 3866 3096 animabusjustorum.

2279 3119 2463 3171 donec
2482 3116 2912 3170 consummatio
2936 3132 3062 3170 rcru
3074 3134 3126 3171 m
3158 3118 3629 3172 resurrectionem
3650 3111 3867 3168 omnium

2281 3204 2640 3276 plenitudine
2695 3204 2978 3259 mercedis
3035 3211 3331 3277 expunget
3377 3248 3389 3260 .
3435 3249 3447 3261 .
3490 3247 3503 3260 .
3532 3221 3631 3260 cur
3668 3218 3766 3257 non
3793 3214 3869 3253 ca-

2280 3294 2400 3365 piat
2429 3295 2625 3349 sinum
2657 3293 2898 3349 Abrahae
2931 3294 3042 3349 dici
3080 3294 3403 3365 temporale
3434 3292 3657 3364 aliquod
3686 3289 3869 3346 anima-

2280 3400 2409 3437 rum
2445 3382 2707 3437 ﬁdelium
2738 3382 3190 3454 receptaculum,
3225 3384 3281 3437 in
3316 3383 3571 3455 quojam
3603 3379 3873 3434 delineetur

2280 3471 2458 3526 futuri
2492 3471 2703 3541 imago,
2738 3488 2804 3526 ac
2836 3473 3086 3527 candida
3116 3473 3387 3543 quaedam
3442 3464 3871 3540 utriusquejudi-

2279 3561 2350 3616 cii
2384 3560 2819 3632 prospiciatur?
2854 3584 2873 3610 υ
2912 3561 3112 3632 (Idem.
3154 3561 3255 3616 lib.
3308 3579 3387 3633 iv,
3420 3561 3622 3616 advers.
3658 3556 3870 3612 Marcion.

2280 3666 2405 3721 cap.
2438 3650 2551 3721 34.)

2350 3739 2553 3794 Nonne
2576 3740 2701 3809 jam
2762 3740 2923 3795 vides
2973 3756 3146 3810 quam
3199 3739 3511 3811 perspicue
3556 3736 3773 3801 inferos,
3798 3725 3871 3783 ubi

2280 3828 2488 3883 animm
2506 3828 2905 3900 improborum
2928 3828 3234 3883 hominum
3259 3829 3550 3900 deguntet
3569 3823 3870 3883 cruciantur,

2280 3922 2545 3972 secernat
2574 3936 2606 3972 a
2637 3916 2769 3973 sinu
2802 3917 3037 3972 Abrahae
3068 3917 3187 3972 sive
3218 3917 3524 3988 justorum
3568 3906 3872 3971 habitaculo,

2283 4005 2381 4061 ubi
2412 4004 2468 4060 hi
2504 4010 2727 4061 aeternae
2780 4006 3076 4062 felicitatis
3121 4008 3452 4064 mercedem
3484 4004 3871 4079 pragustantee,

2283 4093 2587 4166 temporali
2620 4112 2685 4149 ac
2708 4095 2919 4166 praevia
2937 4095 3270 4150 amoenitate
3300 4103 3355 4150 et
3389 4086 3871 4153 beatitudine,sive.

2284 4188 2348 4237 ut
2386 4182 2480 4238 ille
2513 4184 2612 4250 ait,
2665 4183 2961 4256 refrigerio
3011 4184 3316 4255 potiuntur
3341 4185 3370 4238 ‘?
3413 4189 3551 4239 Eam
3580 4196 3699 4237 vero
3727 4173 3874 4245 regio-

2283 4288 2438 4341 nem,
2472 4272 2578 4328 etsi
2613 4290 2726 4327 non
2757 4274 2835 4327 sit
2882 4272 3154 4339 cmlestis,
3187 4272 3360 4344 longe
3390 4277 3583 4328 tamen
3623 4270 3689 4325 ab
3716 4260 3877 4320 inferis

2286 4360 2502 4416 distare
2562 4367 2889 4429 asseverat,
2943 4366 2999 4417 et
3032 4362 3103 4417 iis
3135 4362 3321 4417 multo
3358 4379 3487 4418 esse
3526 4355 3875 4415 sublimiorem

2357 4470 2519 4535 Quod
2552 4485 2685 4524 vero
2726 4470 2796 4524 ad
2854 4474 3176 4541 martyrum
3230 4468 3463 4525 animas
3522 4463 3879 4540 pertinel,ter-

533 4538 751 4593 inferos
771 4536 859 4629 »
892 4536 995 4593 Cui
1027 4536 1229 4629 statim
1253 4537 1564 4608 respondet
1591 4556 1604 4593 :
1639 4561 1665 4588 «
1702 4538 1856 4595 Velis
1906 4556 1971 4595 ac
2004 4539 2177 4607 nolis,
2213 4539 2255 4604 D
2289 4555 2436 4611 (ium
2468 4559 2553 4613 eis
2574 4557 2789 4625 locum,
2812 4536 3257 4629 ίρευηίεοίιίεθι
3278 4536 3881 4628 ρδιιθάίεῇω,αεοιιίὺθι’θ

534 4630 592 4681 et
622 4623 913 4696 supplicia
936 4626 1056 4693 jam
1101 4624 1219 4680 illic
1267 4630 1324 4680 et
1371 4626 1691 4697 refrigeria.
1739 4628 1928 4683 Habes
1961 4644 2178 4699 paupe-

534 4728 756 4785 perem,
788 4718 846 4768 et
875 4712 1110 4769 divitem
1146 4734 1173 4761 »
1206 4712 1362 4784 (Ibid.
1398 4729 1524 4785 cap.
1573 4715 1687 4785 58).
1720 4714 1966 4771 Omnem
1998 4717 2181 4786 igitur

534 4819 671 4858 cum
697 4802 852 4857 dicat
881 4801 1161 4872 animam,
1191 4802 1416 4858 nullam
1448 4803 1679 4874 excipit.

605 4910 804 4981 Neque
835 4908 934 4964 illo
960 4913 1196 4964 tantum
1229 4910 1285 4964 in
1318 4909 1465 4965 libro
1496 4910 1577 4965 ita
1607 4927 1669 4967 se
1699 4913 1915 4968 sentire
1948 4914 2177 4984 profite-

532 5004 653 5069 tur,
685 4998 785 5057 θιθά
821 5000 877 5053 in
910 4998 1024 5054 alio
1054 4999 1228 5053 etiam
1262 4998 1318 5052 id
1368 4998 1525 5054 haud
1574 5002 1821 5056 obscure
1868 5002 1958 5056 his
1990 5001 2178 5057 verbis

533 5088 878 5146 conﬁrmat:
915 5110 943 5138 «
973 5086 1120 5143 Nam
1152 5092 1209 5143 et
1241 5104 1400 5142 nunc
1431 5088 1658 5143 animas
1680 5091 1933 5161 torqueri
1970 5090 2177 5145 foveri-

535 5192 649 5248 que
680 5193 859 5248 penes
889 5176 1124 5243 inferos,
1158 5174 1292 5231 licet
1313 5176 1525 5245 nudas,
1563 5176 1699 5233 licet
1727 5179 1917 5234 adhuc
1948 5178 2178 5234 exsules

533 5265 1022 5339 carnis,probavit
1046 5265 1241 5321 Lazari
1262 5265 1593 5335 exemplum
1618 5288 1645 5314 ››
1678 5268 1877 5339 (Idem,
1902 5268 1966 5322 de
1988 5269 2182 5322 Resur-

531 5361 665 5413 νισι.
697 5358 901 5425 carnis,
932 5372 1058 5428 cap.
1086 5355 1194 5425 17).
1220 5354 1299 5409 De
1320 5352 1591 5424 ipsismet
1622 5372 1790 5426 porro
1822 5356 2180 5429 martyribus

532 5445 654 5503 hac
680 5446 742 5502 in
774 5446 1061 5517 Srorpiaco
1090 5443 1339 5498 scribere
1371 5457 1485 5495 non
1511 5442 1834 5499 dubitavit:
1868 5469 1895 5494 «
1930 5445 2177 5509 Quinam

535 5535 633 5592 isti
661 5533 943 5603 [Zebedaei
975 5531 1126 5601 ﬁlii],
1158 5534 1278 5586 tam
1315 5529 1469 5585 beati
1501 5530 1771 5600 victores,
1805 5534 1920 5589 nisi
1951 5532 2182 5606 proprie

535 5622 867 5695 martyras?
923 5619 1159 5677 Illorum
1204 5617 1433 5675 etenim
1483 5619 1756 5692 victoriae,
1815 5638 2069 5695 quorum
2124 5626 2184 5680 et

2286 4646 2532 4701 videtur.
2568 4646 2712 4700 Nam
2744 4646 2863 4700 haec
2895 4651 3035 4701 sunt
3064 4647 3135 4701 de
3167 4646 3329 4701 hisce
3360 4649 3672 4716 martyrum
3703 4637 3883 4694 anima-

2287 4735 2398 4789 bus
2446 4736 2688 4790 totidem
2739 4736 2867 4804 ejus
2923 4738 3128 4791 verba:
3183 4757 3211 4784 (‹
3272 4735 3561 4800 Quomodo
3613 4723 3799 4786 Joanni
3833 4720 3879 4773 in

2286 4823 2500 4895 spiritu
2555 4824 2810 4894 paradisi
2871 4823 3027 4895 regio
3084 4822 3374 4891 revelata,
3434 4838 3559 4894 quae
3615 4811 3881 4885 subjicitur

2287 4912 2475 4979 altari,
2512 4911 2704 4967 nullas
2730 4911 2876 4968 alias
2906 4912 3135 4968 animas
3184 4913 3337 4981 apud
3371 4929 3435 4968 sc
3482 4914 3679 4982 prater
3704 4904 3879 4967 marty-

2288 5018 2415 5056 rum
2476 5000 2801 5057 ostendit?
2858 5000 3155 5064 Quomodo
3221 5002 3551 5071 Perpetua,
3608 4987 3881 5075 fortissima

2288 5096 2526 5161 martyr,
2556 5092 2665 5144 sub
2716 5089 2808 5144 die
2853 5089 3144 5161 passionis
3193 5090 3250 5143 in
3298 5088 3639 5144 revelatione
3667 5073 3881 5169 paradl‘fi

2287 5158 2593 5235 solosvillic
2624 5158 3038 5250 commartyres
3069 5193 3209 5232 suos
3229 5177 3413 5245 vidit;
3438 5174 3550 5231 nisi
3583 5170 3711 5243 quia
3739 5158 3883 5255 nullis

2289 5266 2584 5338 romphaea
2613 5266 2871 5339 paradisi
2912 5265 3159 5336 janitrix
3204 5267 3375 5335 cedit,
3409 5264 3523 5321 nisi
3552 5259 3645 5333 qui
3675 5259 3725 5311 in
3754 5252 3883 5306 Chri-

2289 5363 2379 5413 sto
2411 5356 2788 5427 decesserint,
2814 5372 2928 5411 non
2948 5355 3006 5409 in
3027 5356 3212 5410 Adam
3236 5360 3259 5411 Ρ
3279 5356 3433 5411 Nova
3464 5367 3616 5408 mors
3648 5360 3740 5418 pro
3762 5340 3883 5434 D89;

2289 5451 2347 5502 et
2375 5446 2838 5502 extraordinaria
2867 5462 2969 5516 pro
2998 5444 3251 5516 Christo,
3286 5445 3395 5501 alio
3446 5449 3503 5499 et
3532 5440 3737 5513 privato
3762 5440 3885 5521 exct-

2292 5535 2453 5607 pitur
2481 5534 2756 5606 hospitio.
2788 5537 3052 5607 Agnosce
3096 5536 3291 5608 itaque
3334 5529 3701 5589 differentiam
3727 5518 3885 5608 ethnif

2292 5604 2365 5696 ci,
2396 5626 2453 5679 et
2502 5604 2692 5682 fidelis
2750 5624 2809 5681 in
2840 5604 3044 5683 morte.
3103 5623 3159 5680 Si
3196 5604 3316 5699 pro
3346 5623 3459 5681 Deo
3501 5614 3807 5681 occumbas,
3833 5604 3884 5660 ut
