4118 6182
3002 230 3030 248 ,ο

282 250 390 311 997
1188 248 1261 311 D.
1310 251 1402 312 LE
1448 252 1774 315 NOURRY
1819 250 2464 319 OBSERVATIONES
2510 259 2767 321 NOV/‘E.
3575 276 3695 340 998

274 383 609 440 Paracletus
642 388 860 449 monet,
893 399 999 438 non
1040 383 1099 437 in
1151 384 1428 441 mollibus
1458 385 1743 454 febribus,
1776 392 1833 442 et
1862 387 1922 444 in
1952 395 2006 461 Α
2034 395 2485 463 constantesque
2544 396 2799 461 fuerunt,
2850 398 3004 454 sicut
3054 402 3192 456 alibi
3250 408 3686 480 annotavimus,

274 471 528 544 lectulis,
560 473 662 528 sed
695 472 754 527 in
812 472 1141 543 martyriis;
1178 473 1226 528 si
1286 490 1519 531 crucem
1563 480 1724 532 tuam
1754 476 1927 533 tollas
2034 477 2284 535 aliorum
2315 485 2571 537 veterum
2615 482 2882 540 Ecclesiae
2937 491 3172 546 Patrum
3223 495 3524 552 sententiae
3555 471 3688 567 (Ααξ

273 568 331 619 et
358 561 628 634 sequaris
657 561 992 627 Dominum,
1018 567 1083 617 ut
1115 563 1239 634 ipse
1260 564 1551 635 praecepit,
1613 570 1732 620 tota
1763 583 1927 638 para-
2032 570 2207 623 monii
2236 572 2297 625 in
2333 570 2425 625 lib.
2460 572 2708 628 Ambros.
2742 573 2808 629 de
2840 576 2987 633 Bono
3044 582 3257 652 mortis,
3294 586 3437 639 tom.
3471 590 3513 658 Ι,
3548 561 3687 661 pag.

270 650 385 706 disi
420 651 600 706 clavis
634 655 773 705 tuus
795 653 1038 723 sanguis
1068 656 1211 706 est»
1243 653 1450 724 (Idem,
1482 654 1548 709 dc
1577 657 1759 711 Anim.
1795 673 1921 728 cap.
2033 657 2181 728 385).

268 742 383 809 55).
418 740 681 797 Tertium
714 739 915 812 itaque
955 744 1148 795 locum
1182 743 1255 796 ab
1308 747 1575 814 utroque,
1608 745 1725 813 jam
1758 763 1791 799 a
1820 762 1924 800 no-
2104 748 2492 820 Quaecumque
2524 755 2717 807 autem
2770 752 2943 807 fuerit
2991 758 3259 814 Auctoris
3292 763 3474 818 nostri
3515 765 3586 821 de
3616 766 3687 823 iis

267 831 361 886 bis
420 834 763 898 memorato,
822 836 1156 902 separatum
1213 831 1453 901 indicat,
1514 835 1670 904 quod
1729 834 1921 905 priva-
2033 836 2251 906 opinio,
2285 846 2437 893 recte
2469 840 2786 908 contendit,
2821 859 2948 898 eam
2999 861 3113 900 non
3147 848 3424 907 debuisse
3455 854 3615 924 rejici
3650 874 3685 912 a

267 924 398 975 tum
431 924 784 991 martyrum,
816 920 886 974 de
927 920 1142 992 quibus
1195 922 1348 976 intra
1404 922 1689 991 dicemus,
1718 923 1921 996 hospi-
2029 924 2365 997 gentilibus,
2424 944 2672 998 quorum
2754 931 2939 1002 ﬁdem,
2999 934 3214 1007 inquit,
3281 920 3684 1013 occupauerunt

265 1009 418 1065 tium
451 1008 706 1081 appellat
735 1009 896 1081 (lnfr.
932 1026 1058 1081 cap.
1098 1011 1187 1076 15,
1218 1016 1326 1065 art.
1361 1012 1436 1079 4).
2029 1014 2211 1087 Elysii
2252 1018 2434 1088 campi
2474 1018 2738 1088 (Tertull.
2777 1020 3045 1092 Apologel.
3080 1041 3204 1098 cap.
3241 1028 3327 1082 47.
3361 1008 3494 1104 pag.
3525 1034 3680 1104 515),

335 1116 648 1172 Ρτωίνθηι
678 1115 793 1187 ipsi
823 1114 1177 1172 hauddubie
1209 1118 1483 1184 ﬂeamus,
1518 1118 1616 1190 qui
1652 1118 1922 1174 similiter
2029 1104 2128 1159 ubi
2172 1105 2580 1161 defunctorum
2632 1108 2858 1165 animas
2893 1112 3117 1169 deliciis
3167 1116 3281 1170 frui
3311 1119 3681 1180 arbitraban~

260 1207 335 1261 de
392 1205 751 1277 martyribus
807 1222 972 1261 suam
1032 1205 1282 1277 explicat
1330 1208 1716 1263 sententiam:
1758 1229 1783 1260 ιι
1814 1209 1918 1263 Εο-
2026 1196 2140 1248 ίυΓ·
2173 1193 2386 1284 verum
2418 1195 2710 1252 enimvero
2768 1215 2903 1255 cum
2931 1201 3053 1257 hmo
3085 1208 3376 1264 sententia
3404 1209 3477 1279 θῖ»
3503 1228 3680 1284 quam

256 1294 440 1350 clesia
467 1294 652 1362 omni,
684 1294 893 1364 inquit,
926 1294 984 1349 in
1046 1294 1171 1349 loco
1227 1295 1298 1350 ob
1349 1312 1501 1364 eam,
1532 1312 1710 1366 quam
1743 1296 1899 1351 habe

2027 1283 2319 1354 proponit,
2356 1302 2470 1340 non
2504 1286 2581 1341 sit
2611 1287 2941 1356 dissimilis,
2969 1290 3089 1347 haec
3145 1311 3334 1363 suam,
3366 1283 3576 1369 inquit,
3609 1318 3680 1359 ex

254 1400 399 1456 erga
437 1384 617 1439 Deum
649 1382 1044 1449 dilectionem,
1098 1383 1538 1440 multitudinem
1590 1390 1899 1458 martyrum

2026 1370 2127 1426 illa
2158 1373 2324 1428 duxit
2382 1374 2583 1445 procul
2638 1377 2815 1432 dubio
2872 1380 3177 1450 originem.
3212 1384 3356 1441 Nam
3414 1388 3583 1454 illud,
3617 1396 3677 1446 et

252 1473 315 1527 in
372 1471 539 1529 omni
596 1476 853 1543 tempore
914 1471 1218 1544 praemittit
1280 1475 1350 1528 ad
1413 1474 1643 1530 Patrem
1680 1477 1889 1545 »(Iren

2023 1462 2137 1517 alia
2167 1464 2517 1521 documenta
2548 1467 3024 1537 christianorum,
3057 1474 3210 1529 sicut
3268 1481 3435 1533 antea
3466 1481 3678 1551 proba-

252 1562 360 1617 lib.
395 1578 470 1629 Iv,
502 1564 688 1619 Contr.
720 1563 922 1617 haeres.
984 1578 1111 1633 cap.
1146 1562 1296 1631 33,§
1352 1562 1407 1631 9,
1443 1580 1573 1618 nov.
1607 1564 1746 1619 edit.
1783 1581 1910 1635 pag.
2021 1554 2142 1607 tum
2177 1558 2266 1608 est
2293 1554 2485 1625 (δορυ,
2516 1572 2643 1628 cap-
2687 1557 2738 1626 4,
2772 1562 2881 1613 art-
2912 1560 2985 1627 4)»
3038 1562 3402 1623 ethnicorum
3443 1567 3677 1639 placitis

250 1653 407 1720 272),
442 1651 555 1707 Sed
613 1667 738 1718 cur,
797 1652 1038 1706 οδεοοιιο
1086 1656 1164 1719 ιθ,
1223 1652 1297 1707 ad
1327 1653 1480 1708 908
1514 1658 1762 1721 patrem,
1798 1654 1914 1710 nisi
2022 1640 2192 1712 longe
2239 1644 2559 1700 vetustiora
2600 1650 2760 1702 sunt.
2794 1648 3018 1703 Ethnici
3052 1667 3188 1723 ergo
3237 1671 3270 1709 a
3301 1654 3675 1732 Christianis,

254 1745 323 1796 ut
355 1744 581 1795 (eterna)
614 1739 913 1796 felicitatis
937 1740 1247 1812 praemium
1278 1742 1475 1797 statim
1502 1748 1633 1814 post
1662 1748 1899 1798 mortem

2023 1746 2137 1784 non
2168 1747 2301 1787 vero
2338 1732 2656 1789 Christiani
2680 1736 2752 1790 ab
2785 1736 3055 1807 ethnicis,
3081 1740 3295 1812 placita
3326 1762 3433 1801 sua
3463 1746 3674 1806 hause-

2023 1823 2151 1841 .___.L
2207 1819 2435 1841 ειιε-μη-
2504 1840 2524 1841 η
2584 1823 2623 1841 κο
2689 1825 2706 1841 1
3035 1828 3045 1839 ο
3628 1838 3637 1841 -

250 1833 715 1900 consequantur.

2023 1823 2174 1887 rant,
2207 1819 2443 1893 illisque
2500 1823 2743 1895 proinde
2794 1842 2909 1881 non
2970 1828 3276 1902 minorem,
3312 1849 3490 1907 quam
3550 1838 3675 1895 suis

326 1917 646 1989 Utriusque
676 1923 873 1973 autem
906 1919 1167 1991 opinioni
1201 1919 1531 1991 discipulus
1570 1921 1911 1977 Tertulliani
2025 1908 2189 1963 ﬁdem
2224 1908 2440 1966 habere
2470 1912 2777 1969 debebant.

246 2008 577 2078 Cyprianus
615 2006 776 2062 hisce
808 2008 1169 2079 totidemque
1201 2010 1390 2063 verbis
1420 2014 1621 2080 postea
1650 2010 1913 2065 subscri-

247 2095 410 2166 psit:
445 2117 473 2143 ‹‹
517 2095 675 2151 Beati
723 2096 889 2162 satis,
924 2096 1024 2167 qui
1083 2114 1152 2152 ex
1210 2098 1373 2152 vobis
1432 2114 1531 2170 per
1588 2098 1908 2170 gloriarum

244 2184 499 2256 vestigia
539 2189 962 2250 commeantes,
988 2186 1115 2255 jam
1176 2188 1246 2242 de
1277 2186 1489 2242 saeculo
1523 2193 1909 2255 recesserunt,

245 2274 635 2345 confectoque
663 2272 870 2329 itinere
891 2273 1124 2331 virtutis
1144 2292 1211 2331 ac
1242 2276 1397 2344 fidei,
1435 2277 1506 2331 ad
1538 2276 1908 2348 complexum

245 2370 302 2420 et
334 2364 605 2420 osculum
639 2365 894 2433 Domini,
930 2366 1175 2422 Domino
1230 2370 1356 2438 ipso
1390 2368 1703 2438 gaudente,
1736 2384 1906 2423 vene-

2093 2014 2375 2071 Cacterum
2418 2018 2648 2074 tametsi
2681 2020 2821 2075 illud
2857 2026 2914 2077 et
2936 2023 3049 2078 alia
3087 2026 3285 2081 omnia
3314 2045 3438 2100 quae
3471 2031 3676 2091 hacte-

2025 2119 2134 2157 nus
2165 2104 2317 2159 909
2352 2108 2776 2178 recensuimus,
2822 2110 3165 2169 Christianae.
3207 2115 3507 2190 religionis
3550 2123 3674 2195 pla-

2021 2190 2133 2247 cita
2165 2194 2541 2264 opinionibus
2571 2198 2879 2268 gentilium
2913 2200 3401 2276 philosophorum
3434 2190 3676 2269 omnino

2020 2278 2330 2338 dissimilia
2375 2289 2433 2339 et
2499 2286 2789 2342 contraria
2848 2289 3005 2357 sint;
3064 2290 3121 2344 in
3155 2291 3247 2347 his
3288 2294 3675 2357 nihilominus

2018 2368 2406 2444 philosophis,
2454 2374 2535 2429 ait
2581 2376 3001 2446 Tortullianus,
3033 2381 3390 2439 vocabantur
3441 2403 3674 2448 summa

245 2459 433 2508 runt»
493 2454 789 2525 (Cyprian.
848 2455 1023 2527 epist.
1082 2457 1174 2524 37,
1205 2472 1342 2528 pag.
1394 2458 1507 2525 73).
1567 2456 1717 2511 Alibi
1777 2474 1908 2512 vero
2014 2460 2286 2528 scientiae,
2318 2465 2375 2516 et
2405 2463 2650 2533 insignia
2683 2465 2907 2536 ingenia
2940 2468 3207 2538 (Tertull.
3238 2474 3515 2544 Apaloget.
3541 2494 3669 2549 cap.

245 2543 471 2598 diserte
495 2544 751 2599 afﬁrmat
782 2544 1126 2615 martyrium
1166 2562 1295 2602 esse
1324 2546 1648 2602 secundum
1682 2547 1908 2617 baptis-

247 2649 369 2700 ma,
403 2630 545 2703 quod
574 2648 671 2688 nos
727 2633 792 2688 dc
847 2633 1050 2689 mundo
1097 2635 1405 2691 recedentes
1449 2638 1636 2691 statim
1668 2636 1770 2690 Deo
1813 2652 1905 2690 co-

242 2720 428 2791 pulat.
461 2724 643 2775 Suum
689 2720 902 2777 dehinc
960 2722 1179 2778 librum
1240 2722 1331 2778 his
1388 2724 1579 2779 verbis
1611 2722 1900 2779 absolvit:

244 2832 273 2860 ‹‹
306 2810 371 2864 Si
404 2810 581 2865 talem
614 2816 939 2880 persecutio
981 2811 1268 2867 invenerit
1320 2812 1416 2867 Dei
1451 2812 1719 2877 militem,
1749 2812 1905 2867 vinci

244 2916 366 2954 non
400 2898 615 2969 poterit
647 2899 831 2954 virtus
854 2900 925 2954 ad
971 2900 1233 2971 praelium
1268 2907 1558 2973 prompta.
1591 2901 1696 2956 Vel
1727 2903 1773 2956 si
1809 2918 1902 2957 ac-

243 2988 437 3042 cersio
460 2993 594 3043 ante
625 2990 990 3059 pravensrit,
1024 2990 1149 3045 sine
1180 2990 1417 3062 praemio
1451 3008 1566 3045 non
1596 2991 1705 3046 erit
1733 2992 1900 3060 tides,

2016 2548 2102 2600 49.
2139 2565 2196 2619 p.
2228 2549 2396 2621 528):
2449 2567 2641 2608 nonne
2688 2554 2908 2626 potius,
2951 2558 3204 2630 insignia
3260 2562 3492 2634 ingenii,
3550 2548 3671 2625 sive

2016 2638 2330 2709 conspicua
2364 2640 2581 2713 ingenii
2614 2641 2782 2715 signa
2811 2649 2868 2700 et
2898 2646 3134 2715 indicia,
3169 2650 3269 2705 sed
3309 2650 3463 2708 idem
3499 2655 3671 2727 plane

2016 2742 2216 2783 eorum
2251 2729 2360 2783 erit
2390 2746 2623 2786 sensus.
2658 2733 2798 2798 Quis
2857 2750 2993 2808 ergo
3053 2754 3168 2793 non
3204 2739 3517 2799 mirabitur
3548 2745 3668 2803 haec

2013 2815 2318 2873 verissima
2372 2818 2840 2878 Christianorum
2892 2825 3260 2898 documenta,
3292 2830 3363 2886 ab
3393 2833 3666 2905 ethnicis,

2014 2920 2118 2958 nec
2151 2906 2397 2976 ratione,
2430 2925 2534 2964 nec
2592 2910 2828 2982 ingenio
2859 2914 3214 2987 carentibus,
3245 2918 3393 2976 falsa
3422 2921 3557 2989 dici,
3609 2928 3668 2982 et

2010 2992 2260 3065 ineptas,
2282 2996 2377 3065 uti
2401 2998 2592 3053 adhuc
2624 3004 2825 3056 auctor
2853 3006 3051 3058 noster
3078 3003 3360 3077 loquitur,
3386 3025 3660 3081 praesum-
3749 3000 3755 3005 l

240 3093 374 3148 quae
406 3082 533 3131 erat
575 3077 647 3132 ad
710 3079 1055 3148 martyrium
1115 3084 1464 3152 praeparata.
1504 3081 1635 3135 Sine
1684 3080 1899 3135 damno
1938 3150 1973 3165 Α
2004 3082 2220 3151 ptioncs
2250 3084 2340 3154 (de
2397 3086 2610 3142 Testim.
2662 3090 2844 3144 anim.
2905 3106 3028 3163 cap.
3061 3092 3136 3163 4),
3173 3094 3278 3151 hoc
3328 3077 3437 3165 est,
3481 3117 3663 3158 vanas

236 3165 529 3235 temporis
579 3181 824 3233 merces,
858 3166 1061 3236 judice
1114 3150 1253 3234 Deo,
1282 3168 1577 3235 redditur;
1610 3168 1669 3222 in
1703 3184 1898 3239 perse-
1932 3150 1974 3217 (ἶ
2015 3187 2277 3241 prorsus,
2333 3177 2390 3228 et
2447 3174 2734 3233 absurdae
2790 3176 2851 3234 in
2894 3150 3194 3239 reOdubia
3250 3150 3662 3260 divinationes,

239 3253 483 3308 cutione
544 3252 771 3320 militia,
820 3255 876 3309 in
938 3272 1077 3327 pace
1135 3257 1489 3313 conscientia
1541 3262 1896 3313 coronatur»

240 3341 455 3411 (Idem,
491 3341 724 3398 Exhort.
783 3349 1017 3416 martyr.
1054 3362 1185 3418 pag.
1249 3347 1388 3413 168;
1423 3346 1559 3402 Ibid.
1585 3363 1716 3419 pag.
1752 3347 1898 3419 184).

241 3429 373 3483 Non
408 3430 652 3486 dilatam
714 3431 888 3501 igitur
947 3435 1189 3504 putabat
1245 3440 1521 3490 aeternam
1579 3442 1901 3508 martyrum

239 3517 492 3587 gloriam
553 3524 609 3575 et
664 3520 1026 3577 felicitatem.
1059 3522 1260 3579 Nonne
1320 3530 1517 3579 autem
1559 3525 1680 3581 haec
1712 3525 1903 3580 adhuc

241 3606 609 3663 delibaverat
666 3626 734 3664 ex
795 3610 1077 3683 magistro
1136 3630 1242 3667 suo
1302 3617 1358 3668 et
1409 3618 1643 3669 auctore
1700 3620 1901 3670 nostro

241 3695 637 3765 Tertulliano,
671 3698 771 3768 qui
818 3698 1088 3754 similiter
1144 3700 1367 3756 dixerat
1398 3701 1741 3773 martyrium
1775 3718 1901 3758 esse

275 3791 579 3840 ecundum
612 3787 928 3858 baptisma,
954 3805 1068 3859 quo
1100 3793 1386 3862 martyres
1418 3796 1576 3846 recta
1605 3792 1902 3845 ducuntur

239 3872 312 3927 ad
378 3874 636 3929 divinam
687 3876 935 3931 sedem?
986 3880 1255 3934 Asseruit
1310 3879 1467 3933 enim
1526 3878 1903 3935 illosinvicta

237 3962 527 4030 patientia
556 3970 613 4018 et
645 3965 1047 4037 fortitudine,«
1073 3967 1315 4039 produci
1347 3968 1417 4024 ad
1440 3969 1899 4040 experimentum

231 4050 557 4120 felicitatis,
621 4054 691 4109 ad
743 4056 1110 4113 occasionem
1181 4058 1452 4113 secundae
1510 4057 1898 4127 intinctionis,

233 4142 303 4195 ad
341 4142 535 4213 ipsius
567 4144 776 4200 divinae
815 4147 974 4203 sedis
1006 4164 1317 4203 ascensum
1344 4172 1368 4197 ››
1395 4148 1658 4220 (Tertull.
1693 4150 1756 4204 dc
1784 4151 1898 4204 Pa-

232 4234 396 4287 tient.
431 4250 560 4305 pag.
598 4236 705 4305 13).
739 4242 923 4303 Quam
951 4253 1086 4293 vero
1118 4241 1435 4294 secundam
1468 4240 1896 4302 intinctionem,

229 4320 375 4376 alibi
405 4322 486 4376 uti
520 4323 875 4393 videbimus,
901 4327 1227 4383 secundum
1254 4333 1420 4383 vocat
1452 4329 1748 4384 lavacrum
1782 4346 1896 4401 quo

233 4410 438 4465 omnia
470 4411 766 4469 donantur
796 4416 1025 4485 delicta,
1060 4420 1116 4472 et
1146 4422 1268 4472 tota
1297 4417 1398 4472 Dei
1437 4418 1625 4490 gratia
1657 4419 1894 4474 redimi-

232 4503 332 4554 tur
364 4499 532 4571 (Infr.
570 4519 695 4575 cap.
732 4506 817 4576 16,
852 4512 960 4561 art.
994 4508 1070 4575 3).

302 4608 382 4660 At
413 4607 566 4663 sicut
596 4609 778 4680 illius,
809 4610 891 4666 ita
945 4617 1003 4667 et
1058 4614 1261 4669 Irenaei
1294 4630 1407 4669 non
1442 4616 1644 4670 eadem
1672 4616 1897 4671 videtur

230 4694 419 4751 fuisse
452 4699 522 4753 de
554 4699 1120 4772 aliorumjustorum
1146 4704 1458 4760 animabus
1482 4706 1790 4761 sententia.
1816 4706 1895 4761 De

230 4784 351 4840 illis
411 4790 627 4860 quippe
679 4793 930 4846 lrenzeus
988 4792 1108 4846 haec
1156 4793 1432 4849 tradidit:
1468 4794 1605 4848 Post
1635 4795 1895 4865 corporis

229 4878 533 4929 mortem:
577 4878 843 4946 abibunt,
905 4880 1117 4951 inquit,
1170 4880 1230 4935 in
1290 4881 1644 4937 invisibilem
1675 4882 1891 4949 locum,

227 4958 537 5017 deﬁnitum
567 4965 650 5019 eis
682 4982 714 5020 a
772 4972 903 5032 Deo,
938 4970 996 5023 et
1054 4967 1134 5023 ibi
1174 4984 1359 5038 usque
1392 4971 1462 5024 ad
1522 4970 1893 5026 resurrectio-

227 5062 363 5100 nem
400 5055 946 5123 commorabuntur,
979 5056 1349 5113 sustinentes
1381 5059 1890 5126 resurrectionem,

223 5138 514 5206 postquam
544 5142 778 5198 venient
826 5144 896 5199 ad
947 5155 1325 5215 conspectum
1366 5148 1459 5201 Dei
1491 5170 1519 5196 »
1551 5148 1752 5219 (Itren.
1789 5148 1892 5215 lib,

226 5241 281 5294 ν,
318 5242 447 5298 cap.
481 5230 573 5299 31,
631 5250 764 5306 pag.
801 5234 950 5305 331).
986 5234 1185 5306 Neque
1234 5236 1475 5305 mirum,
1534 5256 1753 5310 quicso,
1785 5238 1893 5295 tibi

229 5312 329 5380 sit,
351 5315 402 5369 si
437 5316 1068 5391 Tertullianusnoster,
1102 5328 1890 5397 quemadmodumlrenaaus,

228 5402 443 5459 incerti
476 5410 882 5483 ancipitesque
912 5412 971 5467 in
997 5414 1378 5487 assignandis
1416 5418 1750 5473 animarum
1772 5434 1894 5473 cor-

228 5507 370 5562 pore
427 5498 756 5556 solutarum
825 5501 1141 5558 domiciliis
1194 5503 1473 5573 haereant,
1527 5524 1633 5564 nec
1685 5508 1891 5564 eodem

228 5596 469 5669 semper
502 5589 674 5651 modo
706 5590 1043 5667 loquantur.
1078 5597 1202 5650 Non
1254 5596 1443 5669 magis
1473 5597 1691 5654 etenim
1723 5602 1892 5655 certas

2010 3263 2185 3331 atque
2213 3263 2578 3333 conjecturas
2599 3264 2627 3320 ?

2086 3370 2193 3426 Fac
2224 3376 2444 3441 tamen,
2476 3377 2631 3445 quod
2691 3377 3083 3436 falsissimum
3127 3386 3237 3451 est,
3280 3399 3379 3443 eas
3426 3389 3664 3460 penitus

2013 3458 2190 3515 falsas
2222 3461 2439 3517 fuisse:
2475 3465 2575 3519 sed
2607 3466 2755 3521 nulli
2801 3469 3055 3538 profecto
3106 3472 3286 3527 noxias
3315 3458 3503 3546 erant,
3543 3478 3664 3536 imo

2011 3564 2142 3603 vero
2185 3551 2463 3607 omnibus
2521 3553 2695 3609 utiles
2725 3560 2785 3611 et
2840 3560 3202 3618 necessariae.
3236 3561 3442 3621 Cuncti
3472 3568 3665 3625 enim-

2010 3652 2164 3701 vero,
2197 3647 2346 3694 melu
2373 3644 2573 3697 wtcrni
2600 3646 2884 3715 supplicii,
2909 3650 2961 3702 et
2985 3663 3077 3719 spe
3110 3651 3237 3708 vitae
3276 3661 3511 3713 aeternae
3538 3658 3668 3728 ﬁeri

2008 3726 2264 3819 meliores
2306 3739 2577 3797 coguntur
2618 3732 2820 3801 (Idem.
2879 3736 3163 3810 Apologet.
3197 3756 3247 3796 c.
3277 3742 3365 3809 49,
3398 3761 3457 3816 p.
3488 3726 3663 3819 529,).

2012 3814 2290 3886 Quisquis
2322 3833 2593 3890 namque,
2626 3820 2781 3875 sicut
2837 3828 2989 3879 recte
3037 3827 3206 3882 docet
3232 3814 3663 3905 Athenagoras,

2014 3920 2360 3974 persuasum
2388 3905 2563 3962 habet
2612 3911 2868 3965 animum
2923 3928 3049 3967 cum
3101 3931 3342 3986 corpore,
3373 3920 3540 3977 simul
3571 3924 3666 3978 in-

2008 3994 2325 4059 terituram,
2412 3995 2853 4050 συναπόλλυσθαι
2938 4003 3019 4070 τῷ
3103 4000 3315 4075 σώματι
3392 4006 3482 4063 καὶ
3563 4011 3665 4078 τήν

2009 4081 2213 4154 ψυχὴν,
2246 4084 2293 4137 is
2324 4083 2544 4139 nullum
2574 4101 2683 4141 non
2710 4090 2937 4157 facinus
2965 4090 3144 4159 audet,
3181 4090 3413 4164 μηδενὸς
3443 4095 3501 4150 ἂν
3534 4097 3662 4153 ἀπιο

2008 4180 2199 4245 χεσθαι
2229 4168 2594 4243 τολμήματος
2624 4176 3004 4249 (Athenagor.
3036 4182 3329 4254 Legat.pro
3361 4185 3661 4246 Christian.

2010 4278 2137 4331 pag.
2171 4261 2287 4329 39).
2316 4264 2425 4327 Qui
2455 4280 2587 4319 vero
2644 4265 2830 4320 credit
2877 4267 3019 4334 fore,
3052 4274 3118 4324 ut
3171 4272 3243 4326 ad
3301 4274 3477 4331 vitam
3510 4278 3666 4334 exci-

2005 4356 2186 4416 tatus,
2221 4352 2487 4407 omnium
2520 4360 2890 4423 peccatorum
2920 4355 2980 4411 in
3020 4363 3279 4417 extremo
3306 4362 3409 4419 Dei
3434 4366 3661 4435 judicio

2008 4440 2214 4495 reddat
2261 4441 2569 4509 rationem,
2622 4441 2720 4497 ille
2748 4441 2838 4498 vel
2897 4443 2959 4499 in
3008 4447 3275 4507 minimis
3321 4452 3664 4528 delinquere

1927 4515 1972 4580 D
2005 4534 2257 4583 veretur.

2082 4618 2443 4689 lniquissimi
2490 4619 2673 4691 igitur
2692 4626 2859 4677 erant
2882 4623 3153 4695 gentiles,
3180 4628 3280 4700 qui
3304 4631 3660 4694 christianos

2006 4705 2284 4761 horumce
2314 4707 2657 4779 dogmatum
2695 4709 3053 4777 defensores,
3086 4730 3203 4771 non
3234 4734 3404 4776 secus
3443 4739 3510 4779 ac
3540 4741 3661 4781 sce-

2005 4791 2417 4859 leratissimos,
2439 4799 2496 4849 et
2526 4795 3008 4865 gravissimorum
3032 4802 3349 4863 criminum
3372 4826 3501 4868 reos
3522 4829 3662 4869 con-

2004 4882 2379 4937 demnabant.
2420 4883 2810 4946 Quamobrem
2844 4892 3069 4944 Auctor
3093 4898 3293 4950 noster
3323 4898 3407 4954 sic
3431 4916 3531 4958 eos
3563 4920 3660 4959 ur-

2004 4976 2099 5042 get
2128 4974 2183 5025 et
2215 4970 2576 5026 insectatur:
2610 4972 2717 5027 Sed
2736 4974 2797 5027 in
2827 4975 3092 5041 eiusmodi
3113 4984 3263 5037 cnim
3294 4984 3375 5054 (in
3408 4989 3663 5058 quibus-

2004 5060 2138 5114 dam
2197 5058 2553 5113 editionibus
2602 5060 2838 5115 additur
2908 5079 3085 5133 error,
3149 5070 3354 5127 melius
3415 5075 3657 5135 forsitan

2002 5150 2210 5219 errore)
2240 5150 2292 5204 si
2312 5148 2711 5221 uliqucirrisu,
2737 5166 2839 5205 seu
2866 5149 3138 5212 irrisione
3161 5157 3405 5231 dignum
3434 5166 3656 5238 aliquid

1992 5238 2362 5308 judicandum
2414 5249 2517 5307 est,
2548 5254 2656 5293 non
2686 5238 2911 5308 gladiis,
2943 5249 2995 5297 et
3034 5245 3255 5314 ignibus
3295 5256 3347 5307 et
3374 5258 3656 5323 crucibus,

2001 5331 2056 5381 et
2086 5329 2268 5382 bcslizs
2299 5325 2559 5398 (Tertull.
2596 5328 2694 5383 loc.
2742 5328 2882 5399 cit.),
2916 5329 3130 5389 idcirco
3178 5338 3492 5399 Christiani
3523 5362 3653 5401 oru-

2001 5416 2296 5472 delissime
2344 5416 2677 5471 trucidandi
2711 5422 2896 5472 erant.
2922 5423 2997 5474 At
3043 5429 3197 5481 certe
3227 5432 3456 5487 tantum
3491 5434 3659 5490 abest

2003 5510 2066 5561 ut
2116 5506 2175 5560 in
2207 5505 2440 5561 illorum
2500 5505 2764 5562 doctrina
2818 5507 3010 5565 subsit
3044 5511 3175 5570 falsi
3224 5518 3477 5589 aliquid:
3510 5522 3652 5591 quin

2004 5595 2271 5652 miranda
2303 5611 2544 5669 prorsus
2568 5593 2879 5653 illorumin
2902 5600 2988 5655 tot
3018 5603 3316 5677 tantisque
3348 5612 3657 5675 tormentis
