4118 6182
489 270 605 360 999

1018 294 1546 359 TERTULLIANI
1594 290 1913 359 OPERUM
1960 292 2158 357 PARS
2204 295 2252 357 l.
2285 330 2363 340 —
2394 292 2665 357 SERlES
2712 296 2758 371 Ι,
2804 295 3364 371 APOLOGETICA.

3696 295 3829 364 l000

495 429 777 504 patientia
819 430 1117 485 veritatem
1175 428 1440 500 ejusdem
1498 428 1797 497 doctrinas,
1848 432 1905 484 et
1960 427 2141 484 totius
2170 430 2223 497 Α
2252 429 2473 485 ordinis
2503 429 2677 497 viros,
2711 434 2769 485 et
2802 434 3117 494 matronas,
3148 434 3204 485 et
3254 429 3584 502 principales
3608 447 3836 503 quasque

493 517 839 576 Christianas
872 515 1191 587 religionis,
1227 515 1311 570 uti
1368 515 1526 570 haud
1558 515 1739 571 semel
1770 517 2140 571 observatum

492 612 602 672 est,
662 604 1048 661 invictissime
1096 605 1542 660 demonstraret.
1598 605 1708 660 Sed
1768 604 1914 659 illud
1973 604 2145 677 plane

496 696 883 751 confirmatur
911 710 979 748 ex
1034 692 1255 747 sanctis
1313 693 1649 747 corumdem
1682 691 2144 747 Christianorum

496 785 786 850 moribus,
829 784 1078 855 legibus,
1138 788 1194 838 et
1253 782 1561 849 institutis,
1613 783 1683 837 de
1732 783 1948 854 quibus
1990 798 2147 838 nunc

497 875 785 947 agendum
818 880 929 929 est.

1139 989 1367 1044 CAPUT
1408 988 1527 1044 Xll.

506 1096 839 1165 Ostenditur,
872 1098 967 1167 qui
997 1097 1250 1166 qualesve
1276 1098 1489 1167 fuerint
1521 1097 1848 1163 Christiani,
1884 1094 2152 1167 quomodo

570 1172 638 1224 ab
669 1169 901 1223 ethnicis
924 1170 1214 1233 distincti;
1246 1184 1316 1222 ac
1348 1184 1515 1237 quam
1570 1170 1723 1239 longe
1751 1171 2000 1239 puriores
2028 1170 2150 1236 fue-

573 1243 694 1312 rint
744 1240 997 1306 illorum,
1055 1256 1220 1312 quam
1270 1240 1614 1294 ethnicorum
1669 1256 1868 1305 mores,
1911 1241 2152 1309 legesque

569 1310 750 1367 multo
780 1312 1041 1367 meliores
1066 1310 1134 1366 ac
1160 1313 1481 1366 sanctiores.

1017 1471 1337 1510 ARTICULUS
1397 1471 1635 1510 PRIMUS.

567 1566 676 1626 Qui,
701 1563 982 1629 quales,_et_
1018 1576 1172 1629 quam
1228 1559 1570 1629 multiplicati
1605 1561 1803 1629 fuerint
1816 1540 2169 1629 “Tertulliani

566 1622 791 1694 tempore
847 1622 1169 1694 Christiani,
1230 1638 1297 1694 ac
1347 1622 1612 1694 quomodo
1658 1622 1723 1670 ab
1778 1623 2008 1681 ethnicis,
2046 1628 2155 1685 qui“

568 1686 772 1741 buxeum
805 1688 1064 1741 vivebant,
1092 1691 1213 1736 tunc
1242 1686 1669 1735 discernermtur.

2252 534 2552 590 personas,
2602 524 2659 573 et
2705 518 3027 573 amicorum
3078 524 3311 573 tuorum
3369 518 3451 573 vel
3502 520 3835 590 propinquos,

2250 606 2338 662 vel
2388 607 2643 663 amicos?
2679 631 2698 657 ι
2735 608 2940 677 (Idem,
2992 608 3061 662 ad
3110 608 3262 679 Scep.
3296 624 3420 678 cap.
3477 609 3548 670 4.)
3580 609 3711 672 Quid
3740 609 3840 679 plu-

2254 695 2356 751 ra?
2385 696 2608 752 Tantus
2656 702 2797 751 tunc
2824 698 3078 768 profecto
3123 701 3245 751 erat
3275 713 3385 750 non
3418 696 3594 751 solum
3640 696 3840 753 Carthe-

2254 786 2408 857 gine,
2443 786 2543 842 sed
2592 787 2809 857 ubique
2865 789 3154 840 terrarum
3197 785 3641 839 Christianorum
3671 802 3839 841 nume-

2255 891 2376 930 rus:
2402 898 2429 925 «
2447 874 2519 929 Ut
2548 875 2597 930 si
2619 880 2781 929 tanta
2808 874 2894 927 vis
2914 873 3240 939 hominum,
3269 897 3289 925 ι
3321 874 3446 944 ipsa
3464 874 3709 942 ejusdem
3728 874 3840 927 Ter-

2257 963 2486 1020 tulliani
2511 964 2703 1019 adhuc
2722 968 2863 1019 sunt
2884 963 3080 1029 verba,
3116 963 3221 1016 «in
3240 962 3489 1033 aliquem
3521 962 3666 1016 orbis
3688 978 3843 1017 remo-

2259 1053 2301 1107 ti
2336 1052 2531 1107 sinum
2564 1053 3006 1122 abrupissemus
3042 1068 3076 1106 a
3112 1052 3296 1117 vobis,
3330 1050 3656 1105 suffudisset
3682 1052 3845 1120 utique

2258 1141 2719 1197 dominationem
2751 1146 3003 1196 vestram
3030 1145 3115 1195 tot
3136 1140 3620 1210 qualiumcunque
3649 1140 3845 1193 amissio

2261 1230 2492 1297 civium,
2526 1229 2641 1284 imo
2670 1230 2843 1284 etiam
2899 1234 2955 1284 et
2994 1230 3123 1299 ipsa
3178 1228 3551 1284 destitutione
3593 1229 3846 1298 punisset;

2262 1318 2464 1391 procul
2493 1318 2673 1373 dubio
2701 1318 3083 1389 expavissetis
3113 1319 3185 1372 ad
3207 1318 3577 1373 solitudinem
3616 1322 3849 1384 vestram,

2264 1411 2335 1465 ad
2367 1407 2667 1465 silentium
2699 1422 2893 1461 rerum
2951 1412 3009 1461 et
3057 1410 3357 1477 stuporem
3391 1407 3685 1477 quemdam
3713 1404 3847 1475 quasi

2266 1497 2481 1553 mortui
2500 1496 2657 1552 orbis
2686 1512 2698 1549 :
2726 1496 3086 1566 quaesissetis
3117 1496 3333 1565 quibus
3354 1494 3715 1566 imperaretis.
3741 1492 3849 1546 Plu-

2270 1604 2362 1643 res
2392 1587 2592 1642 hostes
2622 1584 2809 1651 vobis,
2838 1601 3011 1655 quam
3042 1584 3193 1639 cives
3221 1586 3679 1639 remansissent»
3706 1583 3851 1653 (Idem
3882 1614 3885 1615 ν

2266 1677 2535 1749 Apologet.
2568 1692 2696 1746 cap.
2720 1675 2809 1743 37,
2835 1690 2965 1745 pag.
2999 1673 3142 1745 463).

573 1808 710 1865 Post
730 1805 1018 1878 explicata
1040 1820 1071 1859 a
1095 1803 1263 1858 nobis
1286 1807 1511 1857 asserta
1533 1819 1565 1857 a
1582 1801 1939 1857 Tertulliano
1960 1801 2154 1858 Cbris-
2186 1803 2232 1867 B
2332 1784 2439 1838 sed
2465 1780 2853 1878 ﬁnemilium”
2878 1780 3079 1878 ξιυίξ-ίτθ
3129 1780 3297 1835 οοδίε
3355 1780 3631 1878 limina?
3686 1778 3769 1878 ξῐυί
3811 1778 3853 1831 in

501 1898 701 1953 stianse
725 1893 1022 1965 religionis
1055 1893 1425 1955 documenta,
1477 1892 1597 1961 jam
1658 1907 1792 1945 cum
1824 1890 1924 1946 illo
1956 1891 2151 1962 explo-

503 1986 754 2040 randum
788 1989 877 2039 est
905 1982 1144 2053 quinam
1176 1985 1233 2034 et
1281 1978 1483 2049 quales
1536 1980 1754 2034 fuerint
1781 1979 2017 2035 illorum
2049 1981 2154 2035 de-

500 2075 767 2128 fensores
823 2069 1160 2131 Christiani,
1222 2084 1287 2123 ac
1363 2069 1656 2138 quomodo
1712 2085 1845 2123 cum
1905 2068 2155 2124 ethnicis

498 2163 766 2218 vixerint.
800 2161 956 2217 911)
984 2160 1153 2213 Juvat
1178 2157 1378 2228 itaque
1410 2156 1575 2211 illum
1627 2158 1698 2211 de
1744 2174 1804 2213 se
1836 2158 1963 2229 ipso
1996 2157 2155 2211 aliis-

502 2267 616 2323 que
640 2250 852 2305 Christi
882 2246 1270 2304 sectatoribus
1294 2246 1627 2317 loquentem
1656 2246 1858 2301 audire
1883 2264 1896 2300 :
1927 2246 2156 2328 Corpus,

502 2340 698 2411 inquit
728 2335 992 2410 (Tertull.
1030 2336 1307 2406 Apologet.
1330 2351 1457 2406 cap.
1490 2336 1578 2401 39,
1612 2352 1746 2407 pag.
1790 2336 1935 2407 431),
1966 2351 2157 2390 sumus

506 2428 1006 2501 quemadmodum
1038 2431 1209 2479 antea
1254 2425 1588 2495 scripserat.
1626 2425 1940 2496 Apostolus
1967 2442 1978 2481 :
2004 2425 2160 2479 Multi

506 2535 683 2575 unum
736 2532 928 2588 corpus
982 2530 1167 2569 sumus
1221 2516 1280 2567 in
1339 2514 1548 2569 Christo
1605 2514 1777 2584 (Rom.
1833 2532 1937 2583 xu,
1990 2516 2066 2585 5),
2100 2513 2157 2567 id

510 2613 601 2665 est
631 2624 749 2662 una
778 2607 1097 2661 multorum
1148 2602 1323 2658 simul
1369 2609 1852 2675 congregatorum
1888 2607 2157 2672 societas,

512 2695 907 2768 congregatio,
966 2698 1023 2748 et
1077 2692 1491 2747 communitas.
1547 2696 1668 2758 Quo
1729 2699 1922 2749 autem
1986 2696 2158 2750 modo

512 2802 700 2858 quave
756 2784 980 2840 ratione
1036 2782 1369 2853 congregati
1431 2782 1664 2849 fuerint,
1718 2785 1766 2838 si
1826 2801 2014 2856 roges,
2049 2785 2157 2841 tibi

511 2874 923 2947 respondebit:
961 2874 1032 2927 De
1058 2874 1389 2927 conscientia
1447 2874 1736 2943 religionis
1766 2874 2023 2944 (Tertull.
2056 2876 2155 2931 Ioc.

510 2965 654 3035 cit.),
684 2964 740 3018 id
773 2967 881 3029 est,
940 2961 1150 3016 intima
1202 2960 1649 3033 certissimeque
1706 2963 1884 3017 animi
1920 2980 2159 3035 persua-

510 3052 675 3110 sione
693 3051 937 3107 convicti
970 3066 1165 3105 veram
1200 3064 1327 3103 esse
1359 3050 1720 3121 religionem,
1747 3069 1919 3123 quam
1955 3068 2161 3107 omnes

508 3141 957 3213 profitebantur.
996 3140 1071 3195 .id
1129 3138 1251 3192 haec
1294 3155 1441 3235 _vero
1491 3140 1788 3210 conjuncti
1846 3141 2160 3211 disciplina?
2190 3169 2233 3235 α

512 3232 728 3285 unitate
757 3229 961 3299 (lbid.),
995 3244 1096 3282 seu
1156 3227 1371 3281 tradita
1419 3245 1452 3281 a
1507 3227 1734 3282 Christo
1783 3246 1898 3283 una
1927 3231 2159 3284 eadem-

512 3335 627 3389 que
657 3317 755 3372 sed
789 3316 1163 3371 sanctissima
1223 3318 1709 3371 documentorum
1769 3317 2160 3374 institutione.

514 3422 580 3461 ac
612 3421 838 3461 morum
870 3404 1199 3475 disciplina.
1236 3403 1498 3473 Denique
1547 3404 1796 3475 copulati
1828 3408 1942 3477 spei
1968 3407 2165 3477 [radere

512 3494 722 3562 (lbid.),
756 3493 875 3548 sive
908 3492 1167 3547 foederati
1190 3508 1256 3545 ac
1304 3492 1507 3546 sociati
1542 3508 1643 3563 spe
1675 3495 2003 3549 certissima
2033 3495 2164 3549 vitae

512 3588 760 3647 aeternis,
785 3597 961 3652 quam
991 3580 1109 3634 illis
1128 3596 1298 3633 verus
1323 3579 1601 3650 solusque
1623 3583 1992 3653 omnipotens
2016 3586 2164 3638 Deus

512 3674 646 3742 post
678 3670 824 3723 hanc
856 3667 1162 3722 mortalem
1184 3668 1363 3722 vitam
1398 3667 1689 3738 promisit.

584 3762 766 3822 Quam
793 3756 1249 3828 multiplicatum
1269 3761 1464 3811 autem
1492 3758 1688 3821 fuerit,
1708 3758 1836 3829 ipsa
1855 3761 2163 3817 Tertullia-

516 3847 576 3902 ni
598 3845 779 3901 nostri
798 3850 983 3909 estate,
1000 3844 1141 3898 illud
1160 3844 1610 3899 christianorum
1634 3863 1865 3917 corpus,
1892 3850 2166 3905 certiores

515 3953 623 3992 nos
647 3934 902 4007 profecto
933 3935 1059 4005 ipse
1089 3934 1401 4005 fecit(lbid.
1438 3950 1561 4005 cap.
1600 3937 1650 3999 1,
1684 3953 1797 4007 pag
1823 3938 1970 4009 262).
2006 3940 2166 3994 Tunc

515 4024 671 4079 enim
703 4024 923 4086 omnia,
978 4026 1042 4076 ut
1093 4028 1294 4076 narrat
1322 4023 1483 4085 (Ibid.
1529 4040 1655 4095 cap.
1690 4026 1778 4095 37,
1804 4043 1857 4096 p.
1892 4028 2041 4098 462).
2074 4044 2166 4083 re-

513 4113 810 4184 pleverant
840 4111 1045 4165 mundi
1069 4109 1223 4165 loca:
1257 4112 1455 4174 urbes,
1480 4111 1726 4181 insulas,
1758 4115 2014 4181 castella,
2038 4134 2167 4172 mu-

510 4199 1395 4271 nicipia,conciliabula,castra,
1417 4200 1924 4269 tribus,decurias,
1948 4204 2163 4273 forum,

515 4295 811 4353 senatum,
875 4288 1179 4361 palatium,
1232 4288 1518 4358 nihilique
1568 4291 1837 4360 privatim
1896 4293 2167 4362 ethnicis,

518 4379 631 4434 nisi
662 4380 787 4434 sola
816 4394 1018 4433 eorum
1055 4377 1275 4446 templa
1333 4376 1692 4448 reliquerant
1720 4381 1878 4449 (Ibid.
1914 4398 2043 4454 cap.
2080 4384 2167 4451 42,

521 4484 634 4539 pag
664 4468 805 4536 «191).
840 4467 983 4522 Cum
1050 4465 1121 4520 iis
1174 4464 1355 4535 igitur
1406 4466 1625 4537 ubique
1673 4470 2076 4536 versabantur,
2110 4472 2168 4527 in

2262 1890 2433 1930 aures
2462 1872 2796 1927 insusurret
2820 1870 2896 1924 ibi
2929 1869 3187 1941 aliquam
3210 1886 3341 1925 esse
3371 1867 3701 1924 Tertulliani
3720 1880 3853 1937 exag-

2262 1962 2638 2035 gerationem.
2673 1960 2773 2014 Cui
2816 1959 2996 2026 enim,
3057 1958 3304 2029 inquiet,
3366 1956 3588 2028 probari
3643 1970 3856 2027 unquam

2263 2051 2475 2123 poterit
2502 2054 2727 2103 tantam
2758 2054 2897 2103 tunc
2931 2049 3109 2102 fuisse
3139 2047 3604 2102 Christianorum
3635 2043 3855 2099 multitu-

2264 2139 2506 2195 dinem?
2564 2138 2777 2193 Verum
2813 2154 2947 2208 qua,
2983 2154 3199 2207 quaeso,
3253 2137 3444 2191 fronte
3500 2134 3589 2190 hic
3620 2135 3731 2206 ipse
3757 2133 3859 2187 Ter-

2264 2228 2548 2284 tullianus
2583 2227 2835 2297 publicis
2869 2227 2923 2280 in
2985 2225 3169 2291 libris,
3232 2243 3378 2297 quos
3411 2241 3522 2280 non
3553 2224 3645 2278 uni
3675 2226 3856 2276 tantum

2266 2317 2550 2390 Scapulae,
2580 2315 2947 2387 Carthaginis
3001 2315 3149 2369 9“
3196 2314 3451 2385 praesidi,
3484 2314 3581 2368 sed
3611 2309 3843 2367 Romanis

2267 2408 2377 2475 vel,
2412 2408 2457 2464 si
2484 2406 2646 2472 velis,
2680 2405 2878 2459 Africae
2910 2404 3282 2459 antistitibus
3330 2405 3448 2458 imo
3475 2408 3529 2457 et
3558 2399 3858 2465 nationibus,

2271 2498 2375 2552 hoc
2404 2502 2510 2561 est,
2544 2495 2863 2565 gentilibus
2888 2493 3186 2559 omnibus,
3207 2490 3607 2547 infestissimis
3635 2487 3859 2545 Christia-

2268 2602 2477 2641 norum
2513 2583 2805 2647 hostibus,
2836 2582 2984 2637 illud
3017 2589 3135 2637 tam
3181 2582 3482 2649 audacter,
3507 2580 3613 2634 nisi
3642 2578 3690 2632 id
3721 2576 3862 2630 veris-

2267 2678 2485 2733 simum
2510 2679 2684 2740 esset,
2716 2689 3046 2728 asseverare
3098 2672 3338 2744 potuit?
3360 2671 3559 2727 Nonne
3587 2666 3862 2724 timendum

2266 2762 2379 2833 ipsi
2411 2771 2553 2825 erat,
2586 2778 2656 2815 ne
2714 2760 3002 2815 mendacii
3052 2760 3381 2827 convictus,
3416 2775 3588 2814 causa
3641 2772 3739 2811 non
3765 2755 3863 2808 sine

2269 2853 2391 2907 risu
2423 2857 2480 2907 et
2509 2849 2699 2907 sibilis
2722 2848 2995 2904 caderet?
3024 2849 3080 2903 Si
3112 2848 3246 2920 quis
3277 2854 3476 2903 tamen
3508 2845 3746 2919 pertinax
3772 2856 3863 2897 cre-

2269 2943 2405 2997 dere
2438 2940 2549 3011 ipsi
2582 2938 2745 3006 nolit,
2782 2938 2951 2992 ﬁdem
2983 2944 3138 2993 certe
3181 2939 3322 2992 dare
3357 2954 3471 2993 non
3504 2940 3690 2990 renuet
3716 2929 3863 2985 Plinio

2269 3030 2545 3097 secundo,
2579 3027 2676 3098 qui
2712 3028 2780 3082 de
2822 3026 3028 3082 iisdem
3068 3026 3421 3082 Christianis
3472 3026 3587 3080 haec
3641 3027 3788 3078 antea
3809 3017 3864 3073 ad

2268 3120 2584 3188 Trajanum
2613 3116 3019 3186 imperatorem
3078 3115 3430 3185 scripserat:
3464 3138 3491 3165 ‹‹
3540 3111 3692 3169 Multi
3717 3105 3866 3165 omnis

2273 3209 2483 3271 aetatis,
2516 3205 2711 3261 omnis
2758 3205 3001 3271 ordinis,
3036 3205 3347 3274 utriusque
3393 3219 3562 3259 sexus
3610 3199 3765 3256 etiam
3789 3210 3868 3249 v0-

2271 3303 2481 3352 cantur
2512 3297 2568 3349 in
2624 3294 2967 3365 periculum,
3002 3300 3058 3347 et
3105 3297 3489 3348 vocabuntur.
3522 3291 3701 3360 Neque
3745 3286 3866 3341 enim

2271 3386 2535 3441 civitates
2565 3388 2819 3448 tantum,
2854 3382 2954 3436 sed
3016 3382 3173 3436 vicos
3205 3383 3387 3436 etiam
3421 3387 3590 3451 atque
3619 3392 3767 3449 agros
3792 3389 3867 3428 su-

2273 3473 2636 3545 perstitionis
2681 3472 2853 3525 istius
2916 3471 3187 3541 contagio
3243 3476 3555 3541 pervagata
3601 3472 3681 3522 est
3734 3462 3865 3531 (Plin.

2272 3564 2444 3635 epist.
2481 3563 2601 3631 101,
2641 3579 2695 3632 ρ.
2729 3562 2877 3627 376).

2346 3656 2529 3718 Quam
2561 3666 2702 3705 sane
2732 3650 2805 3703 ob
2832 3664 2954 3703 rem
2996 3647 3213 3703 ethnici
3246 3649 3586 3711 mcerebant,
3618 3645 3690 3699 ait
3716 3639 3865 3697 adhuc

2274 3741 2692 3805 Tertullianus,
2725 3743 2952 3793 tantum
2973 3754 3104 3792 esse
3135 3737 3371 3791 illorum
3397 3750 3710 3793 numerum,
3738 3745 3789 3783 ac
3814 3726 3865 3779 de

2276 3829 2375 3885 illo
2428 3828 2619 3899 palam
2672 3826 3207 3896 conquerebantur:
3244 3847 3271 3878 α
3329 3826 3654 3887 Obsessam,
3699 3814 3865 3888 inquit.

2274 3919 2670 3974 vociferantur
2726 3916 3055 3981 civitatem;
3093 3915 3148 3968 in
3210 3915 3391 3985 agris,
3452 3915 3510 3968 in
3556 3908 3799 3967 castellis.
3823 3904 3865 3955 in

2276 4006 2488 4063 insulis
2535 4005 2907 4071 christianos,
2966 4020 3196 4058 omnem
3251 4020 3480 4069 sexum,
3514 4006 3871 4063 aatatem,c0n-

2276 4097 2555 4152 ditionem
2589 4100 2645 4149 et
2675 4096 2799 4165 jam
2832 4093 3180 4164 dignitatem
3213 4091 3542 4163 transgredi
3573 4091 3637 4144 ad
3670 4089 3761 4142 hoc
3782 4097 3869 4135 n0-

2278 4202 2433 4250 men,
2468 4182 2635 4252 quasi
2668 4181 3018 4236 detrimento
3053 4187 3299 4236 moerent
3323 4203 3349 4231 ι»
3392 4176 3738 4253 (Tertullisu.
3764 4174 3871 4241 Apo-

2282 4276 2435 4343 loget.
2468 4288 2598 4344 cap.
2624 4274 2672 4339 1,
2706 4288 2761 4343 p.
2803 4271 2951 4342 263).
2985 4270 3282 4341 Numquid
3329 4288 3467 4343 ergo
3527 4269 3676 4323 dices
3723 4261 3874 4316 adhuc

2278 4364 2475 4419 fictam
2516 4363 2588 4418 ab
2620 4361 2719 4416 illo
2751 4367 2854 4416 aut
2909 4367 3314 4433 exaggeratam
3352 4361 3533 4415 fuisse
3564 4359 3703 4412 hanc
3730 4346 3878 4423 genti-

2281 4454 2423 4509 lium
2447 4449 2920 4522 querimoniam?
2952 4450 3059 4505 Sed
3091 4465 3220 4504 eam
3253 4449 3365 4505 alio
3390 4450 3446 4504 in
3472 4438 3877 4516 libro,ipeosmel

518 4552 665 4619 foro,
701 4551 965 4619 macello,
995 4551 1242 4620 balneis,
1285 4553 1566 4624 tabernis,
1599 4556 1871 4626 ofﬁcinis,
1899 4558 2162 4629 stabulis,

2281 4540 2544 4597 ethnicos
2602 4538 2975 4609 alioquendo,
3009 4538 3249 4594 totidem
3304 4555 3452 4611 pene
3500 4534 3680 4591 verbis
3710 4523 3879 4599 repetit

522 4639 826 4705 nundinis,
867 4644 924 4694 et
977 4639 1367 4705 commerciis,
1398 4642 1469 4695 de
1526 4643 1741 4713 quibus
1796 4645 1947 4701 intra
1977 4646 2174 4702 dicen-

524 4730 689 4784 dum.
720 4727 908 4783 Simul
942 4728 1142 4800 itaque
1190 4730 1461 4801 permixti
1494 4733 1930 4801 cobabitabant,
1965 4735 2176 4791 milita-

523 4819 689 4885 bant,
740 4816 1199 4887 rusticabantur,
1236 4819 1664 4889 mercabantur,
1709 4829 2032 4895 mutuoque
2062 4841 2174 4881 usu

524 4910 679 4963 artes
712 4905 1058 4972 miscebant,
1079 4911 1136 4961 et
1164 4923 1393 4977 Operae.

597 4995 986 5059 Quamobrem
1020 4995 1133 5050 alio
1165 4995 1263 5051 ille
1311 4998 1367 5052 in
1400 4998 1545 5054 libro
1576 5000 1886 5071 Scapulam
1921 5002 2004 5057 sic
2035 5004 2172 5057 atl‘a-

527 5090 657 5141 tur:
690 5106 717 5134 «
754 5084 899 5150 Quid
933 5084 1111 5139 facies
1143 5085 1214 5141 de
1258 5090 1345 5141 tot
1399 5087 1661 5144 millibus
1693 5090 1933 5161 (veteres
1965 5092 2176 5148 editio-

528 5189 632 5232 nes
662 5174 845 5231 decem
874 5172 1149 5245 mittibus)
1179 5173 1507 5242 hominum,
1541 5182 1627 5233 tot
1652 5178 1788 5234 viris
1820 5196 1886 5235 ac
1918 5180 2173 5249 feminis,

528 5263 722 5321 omnis
752 5278 947 5329 sexus,
978 5262 1172 5318 omnis
1214 5264 1427 5332 mtatis,
1480 5266 1673 5322 omnis
1702 5268 2008 5340 dignitatis
2041 5269 2178 5325 otl'e-

529 5353 794 5410 rentibus
825 5367 886 5407 se
916 5351 1064 5407 tibi?
1091 5350 1337 5414 Quantis
1369 5352 1626 5425 ignibus,
1674 5358 1912 5426 quantis
1968 5357 2179 5429 gladiis

527 5460 676 5515 opus
705 5441 852 5499 erit?
880 5440 1028 5505 Quid
1082 5440 1208 5510 ipsa
1251 5440 1541 5513 Carthago
1592 5460 1839 5515 passura
1885 5452 1995 5515 est,
2027 5448 2180 5503 deci-

532 5533 748 5588 manda
778 5548 811 5586 a
851 5534 925 5597 te,
959 5545 1094 5584 cum
1145 5529 1593 5587 contubernales
1645 5550 1783 5590 suos
1823 5536 1945 5592 illic
1994 5554 2181 5593 unus-

532 5620 787 5697 quisque
816 5615 1172 5689 cognoverit,
1204 5631 1337 5673 cum
1360 5617 1569 5679 viderit
1600 5621 1719 5679 illic
1750 5624 1997 5683 fortasse
2022 5631 2081 5684 et
2097 5626 2185 5684 tui

2282 4629 2481 4701 (idem,
2512 4627 2614 4683 lib.
2647 4644 2665 4681 ι
2686 4627 2757 4681 ad
2788 4628 2910 4682 Nat.
2944 4643 3069 4699 cap.
3106 4627 3190 4699 1).

2355 4741 2555 4806 itaque
2576 4750 2711 4789 cum
2745 4734 2888 4789 adeo
2918 4733 3292 4805 multiplicati
3325 4735 3573 4790 fuissent
3590 4717 3878 4787 Christiani,

2285 4824 2485 4879 nullus
2503 4828 2657 4879 certe
2676 4823 2983 4878 dubitandi
3018 4823 3181 4878 locus
3208 4829 3319 4887 est,
3351 4824 3488 4895 quin
3522 4837 3649 4877 cum
3672 4808 3879 4872 ethnicis

2286 4914 2554 4986 permixti
2596 4929 2904 4967 commune
2940 4928 3071 4966 cum
3108 4911 3226 4966 illis
3258 4912 3485 4966 vivendi
3518 4924 3693 4981 genus
3737 4900 3879 4956 habeo

2285 5008 2433 5058 rent.
2467 5007 2609 5057 Cum
2642 5002 2761 5057 illis
2794 5002 3029 5073 quippe,
3063 5006 3127 5054 ut
3179 5002 3260 5056 ait
3290 5000 3698 5061 Tertullianus,
3723 4993 3879 5059 degen-

2285 5095 2385 5161 tes,
2425 5092 2670 5159 eiusdem
2698 5094 2872 5146 victus
2921 5091 3162 5156 habitus,
3190 5090 3246 5145 id
3307 5096 3416 5157 est,
3450 5090 3632 5144 victus
3662 5088 3711 5139 et
3737 5073 3877 5133 vesti-

2284 5182 2406 5247 tus,
2438 5181 2754 5245 instructus,
2785 5179 3025 5247 ejusdem
3055 5180 3125 5233 ad
3158 5180 3327 5233 vitam
3356 5177 3685 5234 necessitatis
3712 5168 3877 5240 (Idem.

2286 5269 2558 5340 Apologet.
2593 5286 2722 5341 cap.
2755 5270 2842 5338 42,
2903 5285 2957 5339 p.
3010 5269 3156 5337 490).
3208 5268 3421 5323 Verum
3478 5280 3662 5322 nonne
3690 5255 3879 5315 melius,

2288 5361 2518 5432 inquiet
2539 5360 2776 5433 aliquis,
2810 5360 2867 5415 in
2891 5359 3039 5415 libro
3064 5360 3134 5415 ad
3163 5360 3437 5417 Nationes
3466 5359 3609 5414 dixit
3633 5352 3879 5424 apparat“.

2289 5450 2344 5504 id
2380 5456 2490 5518 est,
2525 5450 2684 5506 cultu
2738 5455 2795 5506 et
2849 5448 3106 5506 ornatu?
3162 5450 3364 5520 (Idem.
3399 5448 3499 5502 lib.
3542 5446 3561 5501 Ι
3614 5442 3679 5497 ad
3700 5436 3881 5520 Νιιιίοζιο

2290 5554 2419 5606 οειρο
2455 5539 2565 5610 10.)
2596 5544 2672 5593 At
2701 5540 2748 5593 si
2781 5538 2902 5592 hmc
2932 5537 3011 5593 sit
3068 5518 3327 5594 nominis
3376 5537 3665 5607 apparatus
3692 5518 3882 5595 signiﬁ-

2293 5626 2468 5700 catio,
2496 5634 2555 5685 et
2602 5630 2901 5684 instructus
2930 5626 3004 5684 ab
3041 5624 3141 5684 illo
3172 5627 3326 5685 sicut
3370 5643 3403 5683 a
3456 5622 3711 5682 Cicerone
3736 5610 3883 5691 (Gloe-

3999 422 4001 549 l
