4118 6182
310 314 457 375 1001

308 465 432 503 ron.
465 447 569 502 lib.
605 464 668 505 lu
698 447 764 504 de
823 450 1007 520 Orat,
1069 466 1126 521 p.

305 554 408 608 pro
442 539 675 605 ornatu,
708 539 1001 609 quomodo
1032 536 1130 594 ille
1163 555 1498 594 asseverare
1558 539 1746 610 potuit
1785 555 1947 594 eum-

304 626 435 681 dem
467 643 595 681 esse
628 626 1082 683 christianorum
1108 628 1465 685 instructum
1486 631 1720 684 PNonne
1750 629 1951 684 eodem

304 714 361 769 in
386 717 736 789 Apolegetico
756 716 1342 774 ethnicorumluxum
1367 718 1668 789 arguendo
1690 718 1947 773 dixerat:

303 827 330 853 ‹‹
365 805 604 874 Habitu,
637 810 815 879 victu,
848 808 1165 875 instructu,
1211 824 1391 865 censu
1452 807 1681 878 proavis
1733 824 1949 863 renun-

301 894 496 950 tiastis
518 896 545 950 ‘I
579 920 598 943 ι
639 896 840 967 (Idem,
873 897 1127 968 Apologct
1154 914 1281 968 cap.
1315 898 1368 964 6,
1404 914 1459 968 p.
1517 897 1665 967 305.)
1714 899 1952 951 Constat

299 990 524 1051 autem,
587 990 650 1040 ut
693 985 816 1056 ipse
864 990 1130 1053 testatur,
1190 986 1361 1057 longe
1423 986 1707 1055 majorem
1771 984 1951 1040 fuisse

298 1072 758 1129 christionorum
799 1073 857 1128 in
888 1073 981 1129 his
1012 1075 1287 1131 omnibus
1319 1073 1735 1146 frugalitatem.
1770 1072 1949 1128 Nobis

304 1160 507 1233 itaque
539 1162 694 1217 haud
718 1178 867 1235 aegre
897 1163 1348 1234 persuadebitur
1378 1162 1547 1217 illum
1596 1162 1774 1235 priori
1824 1161 1950 1217 loco

296 1249 370 1305 de
418 1249 593 1306 rebus
633 1249 895 1306 locutum
944 1268 1093 1321 esse,
1126 1268 1251 1323 qua
1283 1251 1354 1306 ad
1383 1252 1833 1307 sustentandam
1865 1250 1950 1304 vi-

297 1343 420 1393 tam
453 1340 789 1396 necessariae
822 1344 982 1406 sunt,
1017 1344 1072 1396 et
1103 1339 1318 1412 quibus
1360 1340 1687 1409 christiani,
1744 1356 1949 1412 quem-

293 1428 619 1483 admodum
677 1428 890 1501 plebeii
948 1433 1048 1485 aut
1098 1430 1481 1487 modestiores
1541 1429 1758 1486 ethnici
1819 1433 1947 1485 ute-

299 1516 542 1573 bantur.

367 1608 439 1661 At
467 1610 620 1662 certe
653 1607 925 1679 quamvis
959 1608 1113 1663 idem
1160 1612 1316 1664 esset
1372 1608 1829 1665 Christianorum
1890 1612 1951 1664 et

292 1695 608 1768 gentilium
631 1698 840 1763 victus,
868 1702 923 1753 et
952 1698 1222 1769 vestitus,
1245 1699 1570 1770 eademque
1610 1700 1667 1754 in
1714 1697 1947 1771 publico

293 1785 549 1857 vivendi,
582 1790 755 1858 atque
787 1787 996 1859 agendi
1031 1787 1178 1844 ratio
1206 1806 1219 1857 ;
1253 1789 1326 1844 ab
1374 1787 1467 1843 his
1526 1792 1723 1843 tamen
1790 1787 1948 1843 Chri-

291 1875 475 1931 stiani
504 1874 1043 1948 distinguebantur,
1076 1881 1131 1932 et
1152 1877 1393 1950 agnosci
1447 1876 1618 1933 facile
1673 1880 1943 1948 poterant

292 1963 584 2036 singulari
614 1965 925 2034 modestia,
960 1965 1261 2037 patientia,
1297 1970 1353 2022 et
1376 1965 1760 2038 pristinorum
1785 1965 1945 2021 vitio.

292 2070 429 2109 rum
487 2054 913 2111 emendatione.
971 2055 1169 2126 Neque
1215 2054 1274 2111 id
1334 2055 1763 2127 incompertum
1822 2058 1946 2114 erat

290 2143 639 2214 gentilibus,
672 2161 819 2215 quos
854 2144 1068 2200 idcirco
1103 2151 1306 2201 auctor
1346 2149 1546 2201 noster
1593 2143 1755 2199 hisce
1786 2160 1944 2199 com-

290 2232 477 2303 pellat
525 2233 758 2288 verbis:
793 2256 819 2284 ‹‹
880 2234 961 2289 Ea
1016 2232 1330 2306 disciplina
1387 2232 1683 2305 patientiae
1736 2232 1945 2289 divina

288 2336 464 2391 agere
494 2337 601 2377 nos
633 2321 780 2377 satis
812 2322 1195 2378 manifestum
1222 2338 1352 2377 esse
1380 2321 1544 2377 vobis
1576 2324 1788 2393 potest,
1808 2339 1941 2377 cum

288 2414 459 2465 tanta
493 2410 796 2466 hominum
830 2411 1171 2481 multitudo,
1203 2429 1340 2483 pars
1371 2427 1518 2483 pene
1568 2412 1755 2481 major
1799 2410 1942 2469 civi-

288 2499 437 2554 tatls
468 2499 780 2571 cujusque,
812 2500 871 2555 in
932 2498 1167 2556 silentio
1218 2505 1274 2556 et
1340 2500 1632 2557 modestia
1684 2499 1938 2571 agimus,

287 2587 513 2660 singuli
545 2588 692 2644 forte
724 2588 847 2644 noti
879 2589 1089 2661 magis,
1111 2606 1288 2661 quam
1312 2605 1516 2644 omnes
1543 2607 1555 2645 :
1578 2604 1681 2643 nec
1704 2586 1942 2643 aliunde

285 2676 447 2733 912
481 2679 670 2750 magis
712 2678 1044 2746 noscibiles,
1080 2694 1257 2749 quam
1289 2679 1360 2734 de
1417 2677 1827 2734 emendatione
1857 2676 1938 2735 vi-

284 2767 509 2823 tiorum
543 2790 571 2817 ››
601 2767 857 2837 (Tertull.
893 2767 967 2823 ad
995 2766 1218 2839 Scapul.
1253 2784 1379 2839 cap.
1411 2768 1490 2839 2).

360 2854 531 2910 Tales
555 2854 738 2927 igitur
765 2859 893 2911 tum
917 2861 1083 2911 erant
1113 2855 1443 2924 christiani,
1475 2871 1726 2927 quorum
1756 2852 1940 2923 major

282 2948 437 3009 erat,
473 2960 648 3016 quam
682 2943 991 3015 gentilium
1024 2960 1328 3000 numerus.
1360 2943 1473 2999 Nec
1529 2944 1745 2999 mirum
1772 2958 1934 3013 sane,

282 3032 339 3088 si
374 3037 494 3089 tam
527 3032 691 3105 pium
723 3038 1113 3106 sanctumque
1142 3033 1369 3089 vivendi
1415 3048 1623 3106 genus,
1657 3031 1766 3087 etsi
1801 3047 1934 3087 cum

280 3121 539 3177 ethnicis
563 3120 853 3194 permisti,
882 3126 1400 3192 consectarentur;
1454 3120 1933 3193 quandoquidem

1220 317 1294 375 ι).
1340 316 1437 376 LE
1482 317 1803 379 nouaev
1848 316 2497 379 OBSERVATIONES
2546 296 2805 381 novis.

3561 324 3716 387 1002

1186 448 1309 519 181,
1339 449 1419 505 lin
1481 450 1593 521 37),
1626 450 1948 522 accipiatur
1975 460 2030 525 Α
2064 450 2253 523 pergit
2277 451 2693 518 Tertullianus,
2725 451 2867 520 sive,
2902 455 2966 507 ut
3006 453 3063 507 in
3123 454 3342 510 nostris
3402 455 3707 513 codicibus

2060 541 2301 615 legitur,
2336 546 2509 613 tanta,
2544 542 2599 598 id
2633 547 2741 612 est,
2781 547 2899 599 tam
2934 561 3110 616 parva
3147 549 3203 601 et
3254 545 3463 618 exigua
3492 551 3581 604 est
3608 565 3709 604 au-

2060 632 2279 687 ctoritas
2310 632 2570 688 hominis
2603 634 2671 687 ad
2692 633 3019 702 exigendum
3050 634 3255 704 (Ibid),
3299 636 3478 692 fidam
3508 636 3706 709 legum

2062 738 2093 775 a
2123 737 2186 777 se
2216 721 2471 776 latarum
2503 724 2853 791 custodiam,
2900 728 2961 778 ut
2990 727 3108 778 tam
3145 725 3310 780 facile
3340 724 3461 780 falli
3497 728 3703 797 possit,

2061 827 2231 881 quam
2256 813 2325 865 ab
2357 812 2631 866 omnibus
2664 814 2980 868 contemni.
3014 816 3091 867 Ea
3114 817 3203 869 est
3249 814 3401 869 enim
3460 816 3705 871 humani

2059 901 2277 972 ingenii
2311 901 2645 970 infirmitas,
2677 900 2953 972 utnullus
2985 902 3277 960 homoilla
3297 903 3497 960 omnia
3517 904 3707 976 possit

2057 990 2386 1061 praevidere,
2437 1007 2563 1061 quas
2595 990 2816 1045 caeteris
2872 992 3150 1048 omnibus
3211 994 3366 1049 bona
3418 997 3475 1048 et
3524 992 3701 1060 mala,

2058 1086 2158 1134 aut
2187 1095 2420 1150 semper
2442 1095 2723 1135 mansura
2744 1084 2901 1135 sunt.
2928 1082 3115 1137 Tanta
3138 1082 3694 1155 veroimproborum

2057 1172 2146 1223 est
2171 1168 2416 1234 malitia,
2451 1174 2514 1223 ut
2544 1168 2781 1239 plurimi
2816 1186 3018 1240 poenas
3048 1171 3608 1242 praevaricatoribus,
3666 1188 3701 1227 a

2059 1273 2411 1329 quacunque
2444 1257 2702 1313 humana
2730 1257 2857 1330 lege
2887 1257 3160 1328 indictas,
3194 1260 3351 1316 haud
3383 1260 3702 1317 difficiliter

2058 1348 2376 1405 declinent.

2129 1481 2403 1538 Pluribus
2426 1488 2704 1555 praeterea
2720 1482 3003 1555 exemplis
3023 1483 3424 1541 Tertullianus
3447 1488 3707 1545 ostendit

2058 1569 2230 1642 longe
2260 1571 2631 1643 perfectiores
2662 1587 2790 1628 esse
2819 1572 3311 1640 Christianorum,
3345 1591 3521 1646 quam
3555 1592 3704 1647 gen-

2057 1659 2272 1716 tillium
2300 1660 2478 1732 leges.
2514 1659 2772 1716 Primum
2788 1662 2975 1717 enim:
3016 1684 3036 1710 α
3064 1663 3206 1729 Quid
3232 1663 3487 1735 plenius,
3513 1665 3707 1737 inquit

2059 1749 2261 1819 (Ibid),
2321 1756 2407 1805 est
2459 1749 2682 1819 dicere;
2751 1750 2865 1807 Non
2923 1751 3160 1814 occides;
3218 1768 3292 1807 an
3352 1753 3595 1809 docere:
3628 1755 3708 1810 Ne

1976 1833 2023 1898 B
2057 1840 2324 1895 irascaris
2353 1840 2593 1911 quidem
2615 1839 2643 1894 ?
2675 1862 2704 1889 »
2738 1840 2944 1909 (Matth.
3005 1857 3061 1910 v,
3083 1840 3147 1896 31
3182 1844 3240 1896 et
3288 1842 3479 1913 seqq.)
3515 1844 3704 1915 Atque

2054 1928 2135 1984 ita
2166 1928 2226 1984 in
2256 1928 2527 1985 omnibus
2561 1929 2779 1985 nostris
2811 1928 3110 1985 codicibus
3131 1934 3190 1985 et
3221 1930 3700 1987 editionibusan-

2052 2018 2265 2089 tiquis:
2301 2019 2399 2074 sed
2436 2018 2631 2089 priora
2663 2019 2836 2073 verba
2879 2017 3130 2090 Rigaltio
3180 2036 3297 2075 non
3329 2018 3699 2092 placuerunt,

2055 2107 2355 2179 scribique
2393 2106 2603 2179 jussit:
2641 2107 2783 2176 Quid
2835 2106 3058 2179 plenius
3088 2107 3297 2163 dictum
3343 2120 3445 2165 est.
3499 2108 3699 2167 Voluit

2054 2195 2226 2267 pocul
2259 2195 2436 2251 dubio
2459 2197 2665 2268 purius
2696 2201 2753 2252 et
2803 2197 3175 2253 emendatius
3215 2196 3549 2269 loquentem
3604 2201 3693 2256 fa-

2053 2300 2180 2339 cere
2218 2284 2668 2340 Tertullianum.
2704 2287 2769 2339 At
2799 2285 2849 2341 si
2879 2284 2971 2340 lex
2992 2285 3274 2353 humana,
3310 2287 3503 2357 inquit
3561 2287 3693 2357 iste,

2052 2373 2323 2443 prohibet
2351 2372 2723 2441 adulterium,
2776 2372 2868 2428 lex
2926 2372 3123 2427 divina
3181 2379 3339 2430 arcet
3387 2375 3564 2431 etiam
3623 2377 3694 2432 ab

2054 2461 2361 2517 oculorum
2391 2462 2656 2518 solitaria
2686 2463 3130 2533 concupiscentia
3160 2463 3365 2533 (Ibid).
3398 2463 3555 2519 Dixit
3608 2480 3695 2520 so-

2053 2550 2266 2615 litaria,
2297 2550 2353 2604 id
2415 2554 2523 2615 est,
2558 2549 2705 2615 sola,
2728 2555 2952 2606 secreta
2970 2554 3029 2606 et
3051 2552 3296 2607 occulta.
3351 2552 3448 2608 Sic
3495 2553 3694 2610 Cicero

2050 2640 2327 2694 virtutem
2359 2637 2680 2694 solitariam
2713 2654 2842 2694 esse
2872 2656 2990 2694 non
3017 2656 3190 2710 posse
3220 2641 3452 2712 asserit,
3484 2646 3543 2697 et
3585 2659 3693 2699 na-

2047 2732 2241 2784 turam
2275 2727 2419 2783 nihil
2449 2744 2647 2783 amare
2703 2728 3037 2783 solitarium
3092 2728 3298 2800 (Cicer.
3339 2729 3406 2785 de
3468 2731 3688 2788 Amicit.

2047 2835 2103 2888 p.
2127 2818 2217 2888 43,
2248 2816 2351 2872 lin.
2381 2817 2414 2869 7
2448 2821 2505 2872 et
2534 2817 2644 2887 42).
2678 2817 2791 2873 Lex
2846 2817 3049 2890 itaque
3096 2818 3293 2874 divina
3350 2836 3466 2875 non
3516 2822 3692 2878 modo

2047 2905 2423 2973 adulterium,
2491 2905 2645 2961 sicut
2694 2905 2975 2972 humana,
3035 2906 3138 2962 sed
3197 2911 3483 2963 secretam
3532 2908 3690 2965 918

2046 3012 2279 3068 quoque
2304 3002 2360 3051 et
2424 2994 2715 3051 occultam
2774 2995 3083 3051 oculorum
3142 2996 3686 3068 concupiscentiam

2045 3085 2339 3158 prohibet.

281 3211 753 3283 nihilantiquius
773 3211 1122 3284 chariusque
1143 3212 1458 3279 habebant,
1482 3209 1746 3282 quamiis
1763 3225 1932 3264 sanc-
1965 3204 2008 3271 C
2116 3220 2202 3273 Ad
2235 3218 2357 3273 haec
2388 3234 2541 3281 vero,
2572 3216 2664 3272 lex
2693 3216 2951 3273 humana
2980 3235 3095 3273 non
3143 3219 3495 3275 maleﬁcium
3555 3222 3687 3294 qui-

279 3301 539 3358 tissimis
569 3302 814 3375 obsequi
846 3302 1097 3375 legibus,
1131 3319 1278 3375 quas
1311 3299 1723 3358 noverantsibi
1755 3316 1788 3355 α
1816 3298 1933 3354 Deo

278 3394 343 3446 et
398 3390 629 3446 Christo
684 3389 927 3447 Domino
960 3392 1151 3459 datas,
1209 3396 1266 3447 et
1324 3390 1602 3447 omnibus
1654 3386 1934 3444 humanis

277 3478 459 3551 longe
491 3480 948 3552 praestantiores.
977 3481 1136 3546 Quod
1174 3480 1407 3552 quidem
1431 3480 1556 3550 jam
1579 3477 1749 3533 nobis
1778 3479 1932 3547 jcum

280 3572 525 3625 auctore
559 3574 756 3624 nostro
789 3570 1159 3641 probandum
1186 3569 1499 3624 incumbit.

904 3729 1222 3768 ARTICULUS
1250 3730 1312 3768 Il.

282 3822 566 3891 Quantum
619 3820 1063 3874 Christianorum
1123 3820 1261 3889 leges
1312 3818 1655 3891 perfectione,
1690 3833 1789 3871 sua
1846 3824 1929 3870 at-

358 3910 460 3965 que
488 3896 819 3949 auctoritate
846 3893 994 3965 alias
1024 3906 1209 3945 omnes
1240 3906 1274 3944 a
1292 3889 1591 3960 gentilibus
1641 3889 1784 3965 latas
1834 3904 1929 3965 su-

352 3959 564 4035 perent,
625 3980 735 4034 qua
789 3963 1093 4019 sedulitate
1138 3959 1558 4017 observarentur
1614 3960 1701 4035 ab,
1736 3959 1932 4015 iisdem

362 4032 711 4091 Christianis
740 4036 836 4104 qui
881 4034 1087 4091 idcirco
1148 4034 1353 4089 botulos
1406 4048 1599 4090 cruore
1642 4032 1926 4104 distentos,

355 4108 467 4162 sibi
494 4108 565 4162 ab
620 4102 850 4162 ethnicis
879 4107 1104 4177 oblatos,
1138 4107 1250 4177 ipso
1272 4107 1395 4161 vitae
1451 4104 1716 4175 periculo,
1774 4102 1930 4159 edere

357 4180 716 4236 recusabant.

350 4324 494 4377 Cum
531 4320 732 4392 religio
753 4319 1087 4376 Christiana
1116 4338 1148 4375 a
1176 4337 1312 4376 vero
1342 4325 1475 4387 Deo,
1507 4321 1754 4392 ejusque
1783 4317 1928 4374 Filio

275 4410 531 4465 fundata
560 4409 998 4480 constitutaque
1029 4409 1124 4478 sit,
1158 4425 1364 4464 omnes
1393 4408 1594 4480 procul
1650 4408 1827 4465 dubio
1856 4406 1927 4462 il-

274 4498 399 4554 lius
430 4499 589 4570 leges
621 4497 1062 4570 perfectissima:
1094 4513 1221 4553 esse
1268 4498 1500 4553 debent.
1536 4498 1925 4564 Quamobrem

2044 3310 2200 3379 dein,
2233 3307 2335 3363 sed
2383 3306 2611 3378 injuriae
2671 3304 2957 3378 permittit
3013 3306 3345 3364 ultionem:
3416 3307 3507 3364 lex
3553 3328 3686 3368 vero

2046 3398 2241 3453 divina
2269 3399 2423 3452 vetat
2478 3395 2800 3467 ipsummet
2856 3394 3299 3468 maleloquium,
3348 3402 3405 3452 et
3458 3398 3688 3468 injuria)

2042 3489 2225 3545 vicem
2276 3488 2516 3543 reddere
2574 3486 2944 3558 (Tcrtullian.,
2979 3488 3063 3543 Ioc
3099 3490 3239 3557 cit).
3280 3492 3352 3545 At
3398 3495 3686 3562 quantum

2044 3594 2109 3634 ea
2143 3578 2236 3632 lex
2257 3577 2532 3631 humanas
2562 3575 2854 3648 praecellat
2875 3577 3001 3647 jam
3026 3594 3059 3632 a
3079 3578 3249 3634 nobis
3279 3578 3419 3634 alibi
3442 3584 3688 3637 annota-

2044 3672 2170 3722 tum
2229 3670 2318 3721 est
2351 3666 2649 3735 (Dissertat
2695 3667 2753 3720 in
2810 3665 3005 3720 Minut.
3038 3682 3165 3738 cap.
3212 3668 3296 3737 13,
3353 3673 3442 3723 art
3490 3668 3581 3737 IV,
3631 3672 3689 3725 et

2042 3758 2317 3812 Dissertat
2364 3753 2423 3808 in
2472 3755 2742 3818 Lactant,
2812 3770 2937 3826 cap.
2986 3755 3078 3825 56,
3131 3760 3238 3810 art.
3303 3756 3326 3811 I
3366 3762 3422 3813 et
3472 3760 3685 3832 seqq).

2040 3846 2164 3903 Non
2201 3843 2485 3898 diffitetur
2514 3848 2706 3897 tamen
2740 3843 3133 3898 Tertullianus
3166 3846 3349 3899 bonas
3371 3863 3689 3919 essequee-

2040 3936 2176 3991 dam
2210 3933 2515 3987 hominum
2546 3930 2724 4003 leges,
2758 3932 2858 3985 sed
2884 3932 3183 3987 contendit
3214 3933 3319 3987 has
3341 3935 3682 4007 desumptas

2040 4024 2223 4078 fuisse
2258 4037 2326 4076 ex
2355 4020 2568 4075 divinis
2594 4020 2810 4091 Moysis
2832 4018 3201 4091 aliorumque
3258 4022 3680 4094 prophetarum

2038 4111 2225 4179 libris,
2250 4124 2502 4182 quorum
2556 4108 2996 4179 antiquitatem,
3054 4114 3119 4163 ut
3166 4126 3346 4180 supra
3399 4112 3677 4184 vidimus,

2037 4204 2207 4256 antea
2238 4198 2585 4270 probaverat
2609 4196 2787 4267 (Supr.
2823 4211 2950 4267 cap.
2985 4196 3037 4267 4,
3068 4199 3177 4251 art.
3203 4196 3277 4267 4).

2109 4342 2233 4400 Non
2268 4339 2460 4397 solum
2492 4342 2686 4395 autem
2721 4337 2928 4393 divinae
2959 4336 3106 4410 legis
3137 4338 3326 4408 major
3355 4341 3464 4402 est,
3499 4354 3678 4410 quam

2038 4432 2309 4487 humana;
2339 4428 2636 4498 perfectio,
2687 4443 2889 4482 verum
2939 4426 3115 4482 etiam
3163 4426 3502 4483 auctoritas.
3560 4428 3677 4486 Deo

2039 4504 2254 4576 quippe
2280 4498 2423 4557 nihil
2455 4500 2690 4573 penitus
2722 4499 2897 4565 latet;
2958 4502 3016 4554 et
3071 4499 3291 4555 violata:
3348 4498 3495 4571 legis
3559 4517 3679 4558 suis

274 4586 631 4644 Tertulliani
662 4594 929 4659 tempore
958 4586 1075 4642 illis
1105 4586 1420 4643 Christiani
1453 4604 1518 4643 eo
1550 4588 1758 4657 majori
1790 4604 1930 4643 cura
1960 4577 2009 4642 D
2040 4609 2191 4660 reos,
2224 4590 2373 4647 sicut
2406 4588 2577 4661 paulo
2599 4592 2736 4644 ante
2767 4587 3099 4656 docuimus,
3132 4587 3363 4644 aeternis
3393 4604 3496 4660 pro
3558 4606 3680 4646 me.

275 4676 793 4750 obtemperabant,
814 4693 930 4749 quo
961 4676 1180 4731 certius
1204 4682 1486 4733 noverant
1505 4692 1604 4732 eas
1628 4676 1926 4733 esselatas

275 4766 352 4820 ab
387 4765 585 4821 omnia
612 4765 866 4833 vidente,
890 4770 948 4821 et
977 4766 1397 4837 omnipotente,
1460 4766 1557 4836 qui
1620 4765 1832 4822 idcirco
1892 4784 1927 4821 a

279 4855 517 4909 nenime
549 4871 795 4926 prorsus
838 4870 943 4909 nec
999 4853 1139 4917 falli,
1177 4868 1281 4909 nec
1336 4853 1579 4926 impune
1628 4856 1923 4912 contemni

276 4947 492 5013 potest.
546 4942 744 4998 Palam
775 4942 972 5014 itaque
1004 4947 1204 4997 auctor
1234 4946 1431 4998 noster
1477 4943 1764 5000 universis
1824 4947 1921 5001 de-

278 5032 559 5087 nuntiat:
595 5055 620 5081 «
648 5032 1047 5087 Innocentiam
1081 5049 1114 5087 a
1170 5032 1287 5087 Deo
1344 5032 1553 5100 edocti,
1605 5034 1919 5106 perfectam

274 5133 408 5173 eam
445 5120 736 5187 novimus,
772 5124 835 5175 ut
874 5137 907 5175 a
947 5119 1201 5191 perfecto
1253 5121 1534 5193 magistro
1583 5124 1919 5193 revelatam,

272 5211 333 5263 et
367 5206 619 5264 ﬁdeliter
644 5210 1037 5277 custodimus,
1074 5214 1139 5265 ut
1170 5210 1241 5265 ab
1271 5210 1781 5285 incomtemptibili
1833 5213 1918 5269 di-

273 5302 543 5367 spectore
602 5298 1005 5354 mandatum»
1054 5298 1294 5370 (Tertul.
1346 5300 1614 5372 Apologet.
1668 5320 1792 5375 cap.
1853 5305 1921 5359 46

273 5400 335 5455 p.
370 5386 517 5457 498).

340 5475 416 5530 At
446 5475 689 5531 sancite:
722 5493 756 5532 a
786 5475 929 5532 solis
982 5475 1325 5533 hominibus
1380 5476 1538 5552 leges
1596 5481 1919 5540 ethicorum

270 5562 448 5633 plane
498 5568 640 5621 sunt
686 5565 1043 5638 imperfectae
1091 5570 1455 5639 possuntque
1515 5568 1587 5624 ab
1645 5574 1923 5631 omnibus

268 5650 518 5726 impune
578 5657 799 5728 sperni,
856 5656 1216 5727 labefactari,
1247 5656 1483 5716 violari:
1527 5663 1669 5717 Nam
1691 5667 1919 5737 quanta,

565 5783 832 5853 Panos.
877 5782 929 5848 Ι.

2037 4682 2146 4737 rito
2178 4678 2487 4751 suppliciis
2535 4677 2784 4747 castigat
2815 4676 3019 4749 (Ibid).
3052 4679 3125 4732 At
3172 4676 3418 4747 homini,
3477 4683 3681 4736 contra

2035 4772 2191 4842 leges
2222 4768 2511 4824 humanas
2543 4765 2759 4838 agenti,
2786 4764 3088 4837 contingit,
3119 4769 3182 4820 ut
3223 4766 3563 4839 plerumque,
3599 4767 3682 4824 ait

2034 4862 2252 4915 Auctor
2278 4862 2495 4927 noster,
2520 4857 2579 4911 in
2607 4856 2861 4910 admissis
2895 4853 3218 4923 delitescat,
3250 4855 3336 4911 vel
3359 4855 3492 4912 illas
3514 4873 3678 4929 sper-

2038 4953 2139 5005 nat
2163 4965 2233 5003 cJ:
2285 4947 2581 5013 voluntate,
2614 4942 2705 4999 vel
2733 4945 3050 4998 necessitate
3090 4944 3451 5015 delinquendi
3506 4946 3675 5016 (Ter-

2035 5037 2269 5094 tullian.
2305 5036 2603 5108 Apologct.,
2650 5049 2774 5104 cap.
2804 5032 2891 5102 :15,
2926 5049 2982 5104 p.
3017 5032 3163 5102 497).
3198 5034 3266 5087 Et
3290 5033 3405 5088 haec
3436 5035 3677 5106 quidem

2036 5127 2301 5184 codicum
2337 5130 2666 5180 nostrorum
2691 5126 2746 5176 et
2773 5121 3063 5176 editorum
3120 5122 3296 5178 verba
3326 5123 3411 5178 sic
3463 5124 3678 5181 immu-

2035 5218 2180 5273 tavit
2212 5215 2499 5289 Rigaltius
2526 5229 2537 5266 :
2566 5212 2648 5266 Ex
2705 5210 3045 5265 involuntate
3094 5212 3176 5265 vel
3234 5213 3552 5270 necessitate
3587 5214 3678 5271 de-

2037 5308 2326 5379 linquenti.
2349 5304 2455 5359 Sed
2480 5302 2559 5357 ibi
2584 5300 2743 5356 nulla
2766 5300 3022 5355 indicata
3058 5299 3236 5355 ullius
3270 5301 3487 5358 codicis
3522 5305 3681 5360 varia

2035 5396 2303 5463 lectione,
2337 5392 2607 5448 observat
2663 5393 2928 5444 tantum:
2991 5389 3071 5443 Ex
3126 5391 3471 5447 involuntate
3524 5392 3679 5448 idem

2032 5501 2162 5542 esse
2196 5500 2261 5540 ac
2294 5498 2454 5538 casu.
2490 5480 2639 5547 Quid
2662 5494 2821 5550 ergo,
2854 5477 2904 5533 si
2949 5478 3346 5535 Tertullianus
3381 5481 3496 5536 haac
3554 5497 3682 5536 ver-

2031 5577 2127 5641 ba,
2168 5590 2238 5630 ex
2297 5572 2576 5628 voluntate
2626 5568 2741 5624 illis
2780 5571 3059 5640 opponat,
3118 5568 3210 5624 vel
3264 5583 3334 5625 ex
3362 5570 3685 5625 necessitate

2032 5660 2261 5737 (Ibid)?
2289 5660 2493 5721 Nonne
2524 5659 2619 5719 hic
2650 5659 2808 5718 illius
2840 5672 3053 5717 sensus
3084 5672 3211 5715 esse
3241 5661 3463 5731 potest:
3501 5658 3682 5717 Homo

3337 5784 3415 5847 32
