4118 6182
314 260 464 321 1008

300 944 433 1000 pere
467 928 563 983 hic
594 932 783 983 totum
814 928 1035 982 victum
1068 942 1241 981 suum
1274 925 1538 980 mittente
1572 924 1630 979 in
1661 924 1947 996 gazophy-

298 1017 517 1072 tacium
553 1018 701 1072 Dei»
727 1018 900 1088 (lren.
933 1016 1036 1071 lib.
1086 1032 1142 1071 IV
1202 1016 1385 1071 Contr.
1438 1014 1630 1071 haeres.
1678 1030 1804 1085 cap.
1858 1014 1944 1082 18,

295 1124 427 1178 pag.
462 1108 587 1177 250,
621 1121 743 1161 nov.
776 1106 950 1175 edit).

364 1196 694 1268 Cyprianus
727 1200 945 1265 tamen,
980 1194 1328 1250 Tertulliani
1364 1191 1790 1265 discipulus,de
1814 1193 1942 1263 jam

291 1286 611 1340 imminuta
638 1284 837 1348 illa,de
868 1302 983 1356 qua
1020 1284 1211 1340 adhuc
1243 1283 1941 1356 postea,Christianorum

285 1373 576 1430 charitate
599 1374 691 1429 his
722 1374 914 1429 verbis
947 1373 1362 1445 conqueritur;
1392 1396 1418 1422 «
1446 1373 1659 1427 Domos
1690 1376 1829 1427 tunc
1888 1376 1943 1427 et

285 1464 505 1519 fundos
532 1464 971 1531 venundabant,
1003 1467 1059 1519 et
1088 1463 1393 1519 thesauros
1424 1461 1535 1518 sibi
1567 1461 1624 1516 in
1658 1461 1801 1517 coelo
1854 1478 1940 1516 re-

284 1558 594 1626 ponentes,
625 1553 1037 1609 distribuenda
1069 1554 1125 1608 in
1159 1571 1303 1609 usus
1333 1552 1723 1623 indigentium
1754 1550 1942 1623 pretia

282 1642 572 1715 apostolis
598 1643 942 1699 offerebant.
965 1645 1234 1698 Atnunc
1292 1643 1364 1698 de
1424 1642 1775 1714 patrimonio
1835 1656 1939 1695 nec

280 1732 542 1788 decimas
575 1733 817 1801 damus;
854 1736 910 1788 et
940 1749 1073 1788 cum
1098 1733 1349 1789 vendere
1372 1732 1581 1803 jubeat
1630 1730 1934 1799 Dominus,

278 1822 538 1877 emimus
567 1822 787 1893 potius,
819 1827 875 1877 et
905 1838 1213 1893 augemus.
1247 1823 1337 1876 Sic
1360 1821 1419 1876 in
1453 1820 1622 1876 nobis
1656 1819 1936 1876 emarcuit

278 1910 477 1983 virgor
506 1910 662 1978 ﬁdei,
696 1911 780 1966 sic
812 1911 1173 1966 credentium
1204 1910 1384 1966 robur
1435 1908 1748 1982 elanguit»
1808 1907 1933 1979 (Cy-

278 2000 471 2070 prian.
505 2001 570 2055 de
598 2002 743 2055 unit.
779 2000 976 2055 Eccles.
1012 2016 1142 2071 pag.
1180 1999 1284 2055 119
1312 2004 1367 2055 et
1398 2016 1560 2071 seqq.
1588 1999 1725 2054 Infr.
1801 2015 1928 2070 cap.

270 2089 360 2159 15,
399 2093 513 2145 art.
543 2092 621 2161 2).
654 2090 779 2145 Alio
812 2094 1007 2145 autem
1040 2090 1098 2144 in
1156 2088 1305 2144 libro
1366 2106 1571 2145 rursus
1631 2087 1930 2161 proposito

270 2178 601 2250 primorum
666 2178 1129 2235 Christianorum
1191 2178 1453 2251 exemplo
1512 2195 1627 2234 non
1695 2178 1842 2250 petit
1899 2194 1932 2231 a

274 2268 428 2335 suis,
461 2273 525 2323 ut
553 2269 910 2341 patrimonia
943 2270 1429 2341 fundosquesuos
1476 2269 1766 2324 vendant:
1828 2268 1929 2323 sed

274 2356 431 2428 «qui
462 2373 786 2429 possessor,
838 2358 1052 2430 inquit,
1105 2359 1330 2414 reditus
1382 2374 1446 2414 ac
1500 2358 1723 2414 fructus
1790 2374 1929 2414 suos

278 2460 419 2501 cum
450 2446 813 2503 fraternitate
846 2448 1120 2518 partitur,
1170 2448 1313 2503 dum
1356 2446 1771 2519 largitionibus
1796 2464 1929 2519 gra-

277 2534 452 2590 tuitis
484 2536 818 2592 communis
849 2552 915 2591 ac
938 2537 1144 2607 justus
1173 2540 1282 2605 est,
1316 2536 1413 2592 Dei
1436 2536 1640 2607 .Patris
1671 2536 1931 2592 imitator

278 2628 391 2679 est.
433 2624 687 2695 -(Idern,
745 2625 810 2681 de
878 2629 1046 2697 Oper,
1082 2630 1133 2681 et
1186 2626 1526 2698 Eteemosyn.
1588 2642 1720 2699 pag.
1779 2626 1928 2697 208).

275 2712 485 2769 Nonne
519 2730 655 2786 ergo
689 2718 747 2770 et
778 2714 905 2787 ipse
939 2732 1173 2787 quoque
1201 2714 1597 2771 Tertullianus
1622 2718 1820 2771 noster
1860 2716 1932 2771 de

272 2802 489 2858 iisdem
521 2803 682 2876 loqui
713 2804 944 2860 videtur
975 2805 1262 2861 bonorum
1296 2805 1728 2877 fundorumque
1778 2804 1928 2859 redi-

273 2892 459 2959 tibus,
493 2909 640 2964 quos
656 2892 833 2949 sinon
859 2893 1340 2965 omnes,plurimi
1371 2894 1581 2949 saltem
1614 2893 1931 2949 Christiani

277 2998 417 3035 cum
454 2980 582 3036 aliis
613 2982 870 3038 maxime
901 2982 1253 3040 liberalitate
1284 2983 1821 3039 communicabant.

350 3070 446 3125 Ab
471 3086 539 3126 ea
567 3087 699 3127 vero
717 3088 999 3144 perquam
1026 3072 1370 3145 longissime
1391 3073 1636 3128 aberant
1664 3071 1932 3144 gentiles,

279 3160 384 3232 qui
410 3166 645 3233 propter
675 3180 782 3218 sua
808 3164 962 3219 bona
983 3164 1407 3220 fraternitatem
1426 3181 1659 3219 omnem
1691 3164 1931 3220 dirime-
1964 3155 2007 3223 C

280 3250 450 3321 bant,
485 3257 658 3326 atque
688 3253 906 3310 idcirco
941 3272 1295 3328 magnopere
1327 3256 1713 3326 mirabantur,
1784 3259 1935 3328 quod

278 3343 465 3409 nulla,
499 3343 580 3397 ait
610 3343 821 3399 iterum
855 3345 1277 3415 Tertullianus,
1328 3346 1392 3402 de
1432 3355 1617 3402 nostra
1667 3348 1937 3417 fraterni-

278 3436 395 3486 tate
445 3433 598 3486 916
658 3435 920 3503 tragcedia
970 3436 1245 3491 exclamat
1318 3435 1580 3507 (Tertull.
1655 3438 1935 3509 Apoloyet.

280 3538 412 3593 cap.
446 3520 539 3589 39,
583 3539 640 3594 p.
675 3523 820 3594 431).
854 3523 999 3588 Quid
1032 3524 1189 3581 enim
1225 3527 1592 3597 frequentius
1619 3527 1676 3581 in
1726 3532 1935 3598 tragoe-

282 3611 423 3681 diis,
459 3628 636 3682 quam
670 3611 740 3667 de
790 3615 1080 3684 perfracta
1138 3615 1210 3669 ab
1263 3616 1515 3671 ethnicis
1575 3618 1939 3672 fraternitate

282 3701 751 3757 exclamationes
774 3702 883 3758 ?At
900 3709 1108 3775 praeter
1129 3708 1366 3760 caeteras
1384 3705 1441 3759 in
1467 3722 1534 3761 ea
1564 3706 1937 3777 potissimum

283 3791 833 3863 deprehenduntur,
868 3809 1045 3863 quam
1078 3794 1298 3849 Seneca
1331 3794 1400 3849 de
1417 3797 1588 3849 Atreo
1620 3795 1940 3866 et'l‘hyeste

282 3880 642 3950 composuit.
670 3881 809 3946 Quis
843 3881 999 3937 enim
1032 3882 1255 3937 nesciat
1304 3884 1361 3937 in
1421 3900 1488 3938 ea
1536 3883 1939 3955 repraesentari

284 3969 547 4025 fabulam
578 3970 652 4025 ab
682 3971 938 4041 Horatio,
973 3972 1455 4043 Ovidio,aliisque
1483 3973 1699 4045 saepius
1729 3973 1939 4028 deean-

282 4060 495 4127 tatam,
530 4074 646 4129 qua
708 4058 1000 4115 tinxerant
1059 4060 1369 4133 Thyestem
1416 4062 1490 4115 ab
1545 4062 1716 4116 Atreo
1765 4060 1943 4115 fratre

282 4162 417 4216 suo,
451 4148 621 4216 cujus
653 4165 891 4203 uxorem
915 4153 1297 4220 stupraverat,
1364 4167 1539 4221 regno
1598 4150 1939 4222 spoliatum,

283 4236 580 4307 datosque
610 4237 661 4293 ei
687 4237 837 4293 ﬁlios
866 4238 922 4292 in
952 4239 1211 4294 convivio
1235 4241 1645 4296 comedendos.
1698 4240 1777 4295 De
1835 4240 1943 4295 hac

286 4326 451 4380 enim
487 4326 751 4382 horribili
775 4328 1059 4400 tragoedia
1087 4328 1361 4384 Horatius
1383 4331 1626 4385 canebat
1650 4346 1663 4384 :

508 4462 621 4527 Nec
645 4476 839 4524 pueros
870 4476 1051 4527 coram
1086 4463 1288 4527 popufo
1308 4463 1493 4512 Medea
1525 4464 1766 4513 trucidet.

475 4524 580 4574 Aut
610 4524 849 4574 humana
880 4526 1068 4617 palam‘
1087 4524 1281 4617 503m}:
1302 4532 1433 4617 [exta
1463 4528 1713 4617 pefarilqs‘
1730 4528 1941 4617 atreus.
1969 4531 2017 4595 D
2051 4524 2417 4617 Quap—mpter
2454 4524 2887 4616 Hieron—ﬁnus}

884 4590 1108 4651 (Horat.,
1142 4589 1205 4638 de
1223 4589 1335 4637 Art.
1366 4592 1499 4652 poet.
1530 4604 1578 4639 v.
1626 4590 1756 4652 185.)

283 4724 360 4775 At
401 4718 619 4775 belluis
647 4721 790 4793 ipsis
823 4723 1070 4779 diriores
1129 4721 1347 4779 ethnici
1388 4722 1538 4778 hanc
1595 4723 1937 4795 tragoediam

280 4826 526 4867 summa
555 4827 686 4865 cum
712 4812 1008 4883 voluptate
1039 4813 1409 4886 spectabant.

360 4900 574 4956 Verum
606 4900 927 4956 Christiani
958 4904 1029 4958 ab
1061 4903 1222 4958 hisce
1276 4900 1647 4974 spectaculis,
1707 4900 1937 4957 sceleri-

283 4990 423 5059 bus,
457 4994 517 5044 et
548 4989 871 5045 alienorum
903 4991 1188 5047 bonorum
1216 4992 1512 5057 aviditate,
1536 4994 1617 5046 ita
1664 4990 1935 5046 abhorre~

282 5077 451 5145 bant,
484 5082 547 5132 ut
569 5078 717 5133 nihil
771 5079 942 5151 plane
993 5081 1400 5151 indiscretum,
1452 5082 1604 5136 sicut
1661 5080 1935 5152 diximus,

285 5166 591 5234 haberent,
649 5177 853 5240 praeter
899 5186 1117 5227 uxores.
1185 5172 1329 5230 Nam
1381 5170 1494 5225 «in
1554 5171 1687 5237 isto,
1746 5170 1941 5241 inquit

278 5253 710 5325 Tertullianus,
751 5259 875 5315 solo
917 5260 1280 5317 consortium
1336 5259 1642 5331 solvimus,
1700 5260 1757 5315 in
1820 5277 1935 5332 quo

276 5343 410 5400 solo
442 5347 633 5401 caeteri
679 5347 948 5405 homines
991 5350 1355 5405 consortium
1414 5354 1732 5406 exercent»
1774 5351 1937 5420 (Ter-

274 5432 416 5488 tull.
451 5434 724 5506 Apologet.
761 5454 890 5510 cap.
922 5439 1011 5506 39,
1072 5456 1203 5511 pag.
1264 5440 1409 5510 431),
1476 5457 1616 5495 suas
1674 5439 1941 5495 videlicet

284 5539 502 5578 uxores
551 5524 682 5582 aliis
737 5528 1043 5600 tradendo,
1104 5533 1204 5585 aut
1271 5528 1415 5585 alias
1486 5530 1935 5601 corrumpendo.

285 5611 408 5672 Sed
438 5612 560 5671 haec
585 5614 646 5672 in
663 5618 1049 5690 sequentibus
1080 5617 1345 5677 articulis
1375 5619 1864 5678 examinabimus.

1226 254 1298 313 D.
1348 254 1443 314 LE
1489 253 1811 315 NOURRY
1858 254 2512 325 OBSERVATIONES
2559 265 2819 326 NOV/E.

304 391 543 464 scripsit
570 390 632 445 in
666 390 908 446 modum
939 404 951 443 :
979 410 1006 439 «
1030 387 1117 443 Illi
1141 386 1405 459 quidem,
1436 386 1644 458 Judaei,
1697 387 1956 443 decimas
1985 404 2039 469 Α

303 497 546 538 suorum
582 483 957 536 consecratas
989 478 1321 534 habebant:
1358 476 1457 548 qui
1516 481 1709 531 autem
1758 492 1952 547 perce-

302 574 517 643 perunt
546 568 899 635 libertatem,
937 568 993 623 id
1047 572 1135 623 est
1192 566 1528 633 Christiani,
1581 566 1779 621 omnia
1826 582 1953 637 quas

299 664 443 716 sunt
475 659 759 732 ipsorum,
795 659 865 714 ad
888 656 1226 713 Dominicos
1259 657 1579 711 decernunt
1636 672 1802 722 usus,
1862 655 1952 709 hi-

301 747 502 805 lariter
531 752 589 805 et
622 748 805 804 libere
834 750 1041 804 dantes
1072 762 1159 814 ea,
1190 762 1305 802 non
1342 762 1472 818 quae
1502 749 1643 802 sunt
1702 745 1950 812 minora,

300 842 499 910 utpote
530 840 817 910 majorum
860 854 1024 910 spem
1056 836 1361 903 habentes,
1396 835 1569 890 vidua
1598 833 1697 890 illa
1724 840 1782 889 et
1812 851 1950 905 pau-

3566 269 3718 330 1006

2676 414 2996 454 ARTICULUS
3027 414 3101 453 IV.

2067 480 2382 561 Ostenditur
2426 491 2631 559 quanta
2682 490 2853 559 fuerit
2902 488 3343 544 Christianorum
3419 490 3716 561 conjugam

2133 558 2381 623 castitas,
2414 558 2465 613 et
2495 576 2657 629 quam
2684 568 2894 616 certam
2920 563 2994 616 sit
3022 561 3210 631 plures
3258 561 3317 615 in
3370 558 3716 630 virginitatis

2132 630 2292 705 st_at_u_
2328 631 2406 685 ad
2462 636 2690 687 mortem
2750 649 2918 703 usque
2966 630 3381 705 perseverasse:
3445 638 3714 704 quantum

2134 699 2201 776 ab
2225 700 2316 776 [iis
2343 705 2587 759 moribus
2616 699 2861 759 abessent
2907 699 3129 772 ethnici,
3188 706 3335 760 inter
3384 699 3514 776 quos
3579 706 3713 763 Cato

2131 775 2182 897 fit
2199 771 2457 897 ἇςοίτναίθδ
2486 793 2615 830 suas
2663 793 2864 833 uxores
2920 771 3120 834 amicis
3178 779 3237 832 in
3283 771 3711 835 matrimonium

2169 859 2196 897 e
2235 854 2411 897 erunt.

2169 854 2411 900 ederunt.

2128 966 2252 1029 Qua
2274 970 2545 1025 severiori
2577 971 2704 1044 lege
2746 972 3101 1028 adulterium
3163 973 3273 1028 sibi
3330 972 3710 1032 interdictum

2057 1052 2240 1111 fuisse
2271 1064 2552 1115 noverant
2580 1060 2917 1124 Christiani,
2960 1078 3025 1116 eo
3061 1061 3272 1132 majori
3331 1077 3472 1117 cura
3510 1063 3709 1118 datam

2056 1145 2329 1217 conjugio
2382 1148 2556 1204 ﬁdem
2626 1152 2958 1206 servabant.
3028 1150 3417 1217 Quamobrem
3503 1168 3707 1209 omnes

2055 1231 2415 1293 Christianos
2446 1239 2725 1309 conjuges
2758 1240 3207 1311 diligentissima,
3237 1241 3431 1312 inquit
3476 1240 3707 1297 Tertul-

2052 1320 2339 1390 lianus,et
2368 1328 2691 1396 ﬁdelissima
2719 1330 2943 1385 castitas
2974 1366 2989 1384 .
3042 1371 3052 1382 .
3091 1372 3103 1385 .
3145 1372 3156 1386 .
3200 1371 3211 1384 .
3246 1331 3313 1386 ab
3365 1333 3590 1403 stupris,
3651 1340 3705 1387 et

2052 1412 2118 1466 ab
2150 1418 2301 1469 omni
2319 1427 2446 1486 post
2479 1420 2899 1474 matrimonium
2929 1434 3151 1474 excessu
3208 1419 3466 1491 sapiebat
3524 1420 3692 1490 (Ibid.

2051 1502 2253 1571 cap.9,
2289 1521 2422 1576 pag.
2455 1507 2601 1577 314).
2634 1507 2834 1579 Neque
2894 1507 2952 1561 id
3002 1524 3035 1562 a
3093 1507 3265 1564 nobis
3309 1525 3467 1564 nunc
3508 1508 3700 1564 fusius

2050 1591 2439 1660 probandum,
2494 1598 2645 1665 quod
2707 1613 2775 1651 ex
2831 1595 2971 1652 alibi
3023 1596 3196 1654 dictis
3256 1598 3579 1668 (Dissertat.
3639 1601 3700 1654 in

2048 1679 2292 1737 Lactant.
2326 1700 2454 1757 cap.
2486 1686 2577 1753 27,
2610 1690 2718 1742 art.
2751 1688 2786 1740 5
2807 1691 2863 1742 et
2883 1687 2961 1757 6),
2988 1691 3163 1758 atque
3193 1687 3347 1744 infra
3406 1688 3695 1760 dicendis,

1965 1784 2014 1851 Β
2047 1768 2193 1824 nulli
2225 1771 2475 1829 dubium
2496 1790 2624 1830 esse
2654 1778 2863 1846 potest.

2110 1860 2183 1914 At
2206 1876 2321 1916 non
2354 1863 2523 1933 pauci
2555 1864 2793 1934 quidem
2825 1881 3007 1937 supra
3033 1864 3298 1921 divinum
3351 1864 3496 1921 illud
3548 1882 3694 1938 prie-

2041 1952 2276 2019 ceptum
2309 1968 2479 2023 agere
2500 1952 2723 2023 aliquid
2783 1952 3108 2025 cupientes,
3168 1970 3271 2024 per
3326 1953 3509 2011 totius
3567 1956 3691 2012 vitae

2041 2052 2161 2092 suae
2181 2040 2537 2097 curriculum
2556 2042 2614 2097 in
2629 2042 2896 2099 caelibatu
2915 2048 2973 2099 et
2997 2043 3327 2115 virginitate
3350 2060 3691 2115 permanere

2039 2132 2595 2186 consueverant.8ed
2614 2132 3384 2204 andias,quaaeo,Auctorem
3418 2138 3685 2190 nostrum

2039 2214 2159 2271 haec
2211 2218 2337 2273 suis
2399 2221 2591 2276 verbis
2640 2228 3055 2279 enarrantem:
3108 2222 3415 2286 «Quidam
3502 2222 3689 2278 multo

2040 2306 2364 2363 securiores
2396 2312 2577 2365 totam
2608 2310 2724 2366 vim
2749 2311 2928 2383 hujus
2952 2311 3400 2381 erroris,contra
3430 2310 3694 2382 conjugii

2033 2394 2192 2464 jura,
2217 2396 2438 2469 virgine
2469 2400 2833 2456 continentia
2864 2400 3189 2473 depellunt,
3249 2416 3419 2456 senes
3477 2399 3643 2473 pueri
3664 2419 3695 2451 »

2041 2483 2296 2553 (Tertull.
2328 2486 2439 2543 loc.
2466 2488 2616 2559 oit.),
2648 2489 2708 2544 id
2741 2494 2851 2559 est,
2884 2507 2917 2545 a
2976 2488 3168 2561 prima
3224 2489 3485 2561 pueritiae
3531 2492 3702 2545 aetate

2040 2573 2111 2627 ad
2135 2590 2429 2631 summam
2459 2594 2649 2650 usque
2690 2582 3074 2647 senectutem,
3121 2582 3178 2633 et
3234 2577 3508 2634 ultimum
3562 2578 3695 2633 vita

2040 2661 2313 2733 spiritum
2333 2664 2620 2723 illibatam
2644 2668 3069 2724 conservabant
3100 2666 3696 2739 virginitatem.Veraa

2041 2751 2196 2806 enim
2230 2752 2612 2826 philosophiae
2646 2760 2992 2822 sectatores,
3028 2757 3115 2812 ait
3147 2755 3433 2812 Eusebius
3463 2755 3693 2819 (Euseb.

2043 2840 2191 2896 Orat.
2224 2842 2289 2897 de
2308 2844 2480 2899 Laud.
2506 2844 2851 2901 Constantia.
2890 2861 3015 2917 cap.
3052 2846 3138 2915 17,
3176 2861 3307 2917 pag.
3352 2845 3501 2914 661),
3562 2844 3693 2900 Dei-

2042 2946 2156 3000 que
2195 2931 2449 2989 cultores
2503 2934 2632 3003 viri,
2683 2952 2858 2991 sacra:
2919 2933 3222 3003 mulieres,
3280 2938 3336 2989 et
3390 2934 3686 3005 virginum

2043 3019 2225 3090 chori,
2260 3022 2544 3080 aChristo
2576 3024 2900 3079 didicerant
2931 3040 3060 3079 sese
3106 3022 3283 3078 etiam
3337 3038 3440 3094 per
3495 3022 3690 3078 borri-

2046 3108 2191 3165 biles
2216 3114 2691 3182 persecutionum
2735 3112 3022 3186 procellas
3083 3112 3351 3168 addicere
3397 3116 3688 3184 perpetuas

2046 3199 2226 3254 animi
2258 3202 2637 3274 corporisque
2667 3202 3030 3258 castitati.De
3052 3202 3159 3256 hac
3183 3205 3379 3257 autem
3413 3203 3698 3272 perpetua

2048 3288 2433 3359 plurimorum
2467 3292 2931 3348 Christianorum
2963 3292 3231 3348 castitate
3254 3294 3312 3346 et
3362 3288 3703 3361 virginitate

2048 3379 2439 3437 disseruimus
2470 3383 2529 3437 in
2563 3384 2969 3455 superioribus
3000 3381 3517 3439 dissertationibus
3545 3380 3701 3435 917

2050 3469 2267 3526 nostris
2297 3473 2554 3540 (Dissert.
2588 3475 2648 3528 in
2680 3474 2874 3529 Minut.
2908 3490 3034 3545 cap.
3072 3474 3163 3539 10,
3185 3471 3337 3527 art.l
3365 3488 3378 3538 ;
3416 3472 3705 3526 Dissertat.

2049 3560 2108 3614 in
2131 3560 2377 3617 Lactant.
2405 3578 2531 3633 cap.
2557 3563 2648 3629 27,
2682 3567 2793 3617 art.
2827 3564 2905 3632 6).

2126 3648 2341 3705 Verum
2372 3651 2444 3705 ab
2478 3651 2587 3707 hac
2638 3652 2903 3723 corporis
2964 3650 3315 3707 castimonia
3363 3647 3709 3721 longissime

2050 3740 2260 3796 remoti
2292 3744 2457 3796 erant
2489 3740 2761 3812 gentiles.
2794 3741 2919 3797 Non
2946 3739 3140 3796 solum
3165 3739 3322 3795 enim
3379 3740 3707 3808 amicorum,

2050 3829 2690 3900 inquitTertullianus,
2740 3832 3101 3886 matrimonia
3159 3839 3454 3901 usurpant,
3508 3830 3599 3883 sed
3651 3831 3707 3882 et

2048 3934 2150 3973 sua
2206 3919 2401 3974 amicis
2457 3921 2860 3988 patientissime
2932 3919 3367 3974 subministrant
3434 3913 3701 3988 (Tertull.

2050 4006 2328 4078 Apotoget.
2363 4024 2489 4079 cap.
2523 4010 2771 4079 39,pag.
2832 4009 2976 4078 467).
3034 4008 3157 4062 Duo
3204 4010 3401 4061 autem
3457 4004 3537 4059 ibi
3598 4020 3696 4059 no-

2049 4098 2134 4150 tat
2162 4095 2385 4151 violatae
2410 4114 2442 4151 a
2465 4095 2784 4167 gentilibus
2807 4095 3096 4151 castitatis
3145 4093 3384 4166 ﬂagitia.
3437 4092 3699 4148 Primum

2050 4189 2140 4240 est
2170 4184 2591 4240 adulterorum.
2627 4185 2727 4256 qui
2759 4184 3017 4257 geniales
3049 4183 3371 4239 amicorum
3412 4181 3701 4237 aliorum-

2052 4291 2164 4345 que
2196 4278 2352 4330 toros
2385 4276 2877 4331 contemerabant.
2912 4278 2983 4329 At
3013 4272 3561 4345 frequentissimum
3580 4273 3706 4326 erat

2049 4363 2193 4419 illud
2218 4364 2432 4431 scelus,
2467 4364 2525 4419 in
2557 4365 2708 4436 quod
2732 4364 3051 4432 Juvenalis,
3079 4362 3294 4434 aliique
3344 4360 3523 4416 etiam
3574 4376 3708 4433 gen-

2050 4454 2184 4510 tiles
2206 4460 2384 4527 poetae
2418 4460 2537 4511 tam
2588 4472 2763 4526 saepe,
2826 4470 3004 4526 quam
3052 4453 3259 4508 merito
3319 4449 3698 4507 invehuntur.

2951 4566 2978 4593 ‹‹
3012 4540 3305 4613 Quidquid
3381 4540 3703 4627 tragoediae,

2052 4634 2266 4705 inquit,
2300 4638 2530 4690 tument
2563 4651 2578 4701 ;
2610 4637 2667 4688 et
2696 4633 2922 4702 domos,
2958 4632 3155 4700 urbes,
3214 4645 3513 4703 regnaque
3557 4628 3702 4685 sub-

2050 4724 2243 4795 vertit,
2286 4739 2533 4779 uxorum
2572 4720 2967 4793 pellicumque
3023 4718 3316 4775 contentio
3374 4721 3504 4774 est»
3545 4717 3699 4790 (Ilie-

2051 4830 2278 4884 ronym.
2306 4812 2406 4868 lib.
2440 4829 2480 4867 u
2510 4811 2639 4867 adv.
2670 4812 2949 4867 Jovinian.
2983 4826 3117 4882 pag.
3153 4808 3299 4879 191).

2121 4901 2291 4957 Aliud
2326 4902 2544 4956 crimen
2581 4901 2771 4973 priore
2804 4916 2919 4954 non
2950 4899 3135 4954 levius
3167 4897 3402 4954 illorum
3432 4895 3561 4964 fuit,
3600 4896 3701 4969 qui

2052 5007 2296 5047 uxorum
2329 5007 2570 5045 suarum
2604 4987 2950 5061 pudicitiam
2975 4987 3181 5043 amicis
3246 4986 3701 5059 prostituebant.

2052 5082 2289 5136 Duobus
2312 5083 2508 5135 autem
2561 5078 2614 5133 id
2678 5078 2888 5150 probat
2942 5076 3338 5133 Tertullianus
3393 5074 3700 5147 exemplis.

2051 5168 2305 5225 Socratis
2364 5168 2564 5235 Grazci,
2613 5171 2669 5222 et
2718 5166 2964 5222 Romani
3019 5166 3277 5234 Catonis,
3344 5165 3445 5236 qui
3502 5168 3700 5221 tamen

2049 5257 2472 5329 sapientissimi
2506 5258 2659 5328 apud
2685 5258 2792 5314 has
2845 5257 3111 5312 nationes
3170 5255 3699 5311 existimabantur:

2048 5348 2242 5402 «Nam
2274 5346 2335 5400 hi
2371 5361 2578 5401 uxores
2620 5363 2781 5417 suas,
2841 5345 3057 5417 inquit,
3114 5344 3320 5401 amicis
3368 5340 3701 5399 communi-

2049 5440 2345 5503 caverunt,
2372 5452 2517 5507 qnas
2549 5435 2608 5489 in
2668 5435 3113 5491 matrimonium
3163 5435 3449 5490 duxerant
3488 5434 3700 5488 libero-

2049 5542 2178 5580 rum
2214 5541 2410 5596 causa,
2444 5529 2499 5580 et
2520 5524 2681 5591 alibi,
2717 5548 2744 5576 ››
2769 5525 2825 5580 id
2851 5528 2959 5593 est,
2994 5523 3200 5591 altero,
3233 5524 3332 5579 sed
3375 5522 3545 5593 plane
3581 5519 3698 5574 illi-

2048 5614 2162 5673 cito
2184 5614 2510 5687 infamique
2532 5614 3369 5683 matrimonio,«creandorum
3396 5631 3424 5662 n
3452 5607 3694 5684 (Tertulo
