4118 6182
444 284 593 348 1007

965 288 1490 350 TER'I‘ULLIANI
1538 289 1864 352 OPEIlUM
1916 292 2111 351 PARS
2158 289 2202 350 Ι.
2232 325 2306 334 -
2339 290 2611 352 SERIES
2661 293 2703 365 Ι,
2752 290 3319 355 APOLOGETICA.

3668 299 3806 361 1008

442 421 581 477 liau.
616 422 888 492 Apologet.
914 438 1040 493 cap.
1069 423 1156 492 39,
1200 438 1329 494 pag.
1384 422 1529 492 431.)
1581 422 1935 479 Plutarchus
1967 441 2072 479 au-
2107 429 2162 494 Α
2195 423 2379 479 litiam
2441 424 2665 497 legerit,
2714 429 2772 481 et
2821 425 3064 481 Catonis
3143 432 3418 499 sequatur
3485 430 3809 502 exemplum,

442 516 558 566 tem
592 510 651 567 in
682 510 813 566 Vita
834 511 1067 567 Catonis
1100 511 1337 566 Minoris
1382 516 1577 567 narrat
1602 530 1663 568 se
1712 530 1745 567 a
1802 513 2083 581 Thrasea,

444 605 500 656 et
538 600 692 655 hunc
714 616 747 655 a
777 600 1061 670 Munatio,
1086 602 1349 671 ejusdem
1376 602 1610 657 Catonis
1655 602 2084 672 contubernali,

445 689 739 762 accepisse
760 688 1193 757 Horthensium,
1229 691 1487 746 amicitia
1519 708 1636 763 prae
1667 692 1889 747 czeteris
1919 694 2086 746 Cato-

447 779 507 834 ni
538 780 938 849 conjunctum,
972 781 1045 834 ab
1077 796 1140 836 eo
1165 780 1463 852 petivisse,
1495 785 1560 835 ut
1607 798 1783 851 quam
1844 782 2090 835 duxerat

448 884 689 925 uxorem
721 868 986 924 Martiam
1026 868 1277 941 Philippi
1314 868 1593 938 tiliam,ex
1626 887 1742 942 qua
1772 874 1943 925 antea
1967 869 2089 941 plu-

446 975 539 1015 res
571 958 723 1014 filios
744 963 1102 1030 susceperat,
1136 964 1193 1013 et
1221 967 1341 1013 tum
1374 958 1565 1014 adhuc
1623 959 1863 1031 gravida
1942 962 2085 1026 erat,

442 1048 504 1104 in
537 1048 977 1105 matrimonium
1013 1048 1122 1104 sibi
1157 1049 1320 1103 daret
1349 1049 1663 1116 (Plutarch.
1705 1049 1765 1103 in
1821 1050 1923 1104 Vit.
1986 1049 2085 1103 Cu-

440 1142 555 1196 ton.
584 1141 835 1195 minor...
872 1156 997 1209 pag.
1030 1139 1135 1190 770
1166 1144 1222 1192 et
1254 1145 1468 1207 seqq.).
1505 1138 1687 1192 Amici
1711 1154 1842 1193 vero
1903 1138 2087 1209 preci-

438 1231 551 1285 bus
585 1228 753 1284 facile
786 1229 971 1286 victus
1004 1228 1161 1297 Cato,
1195 1226 1353 1280 illam
1389 1228 1463 1297 oi,
1502 1232 1785 1299 prmsente
1834 1244 1897 1280 uc
1956 1244 2088 1298 pro-

441 1319 615 1375 bante
645 1318 913 1389 Philippo
947 1316 1103 1371 illius
1136 1320 1319 1387 patre,
1346 1317 1658 1371 concessit.
1713 1317 1817 1369 Sed
1859 1320 2089 1370 mortuo

438 1412 638 1479 postea
671 1407 1000 1463 Hortensio.
1032 1408 1173 1461 Cato
1197 1406 1465 1459 Martium
1502 1420 1666 1458 suum
1720 1405 1933 1476 iturum
1993 1421 2086 1457 uc-

440 1498 795 1569 cepit,quam
832 1496 1176 1551 Hortensius
1208 1496 1498 1549 bonorum
1531 1511 1772 1548 suorum
1799 1493 2088 1548 haeredem

440 1586 776 1658 reliquerat.
809 1586 1198 1650 Quamobrem
1250 1582 1525 1639 Czesaruti
1582 1582 1839 1653 loquitur
1871 1582 2091 1637 Plutar-

440 1676 613 1743 chus,
669 1675 755 1730 illi
805 1670 1203 1752 φιλοπλουτίαν
1265 1672 1558 1747 προσφέρει
1626 1669 1713 1723 καὶ
1777 1669 2087 1745 μισθαρνίαν

442 1763 635 1837 ἐπὶτῷ
660 1765 1233 1838 γάμῳξΕωρνοὺναυίι
1291 1764 1613 1825 avaritiam,
1671 1766 1720 1816 et
1778 1763 1837 1816 in
1892 1762 2083 1832 conju-

441 1857 534 1925 gio
562 1855 825 1911 mercedis
852 1855 1214 1926 acceptionem
1245 1852 1423 1922 (Ibid..
1459 1867 1589 1922 pag.
1621 1850 1768 1920 784).

514 1944 753 2000 Brevius
801 1944 1039 2015 quidem
1124 1943 1334 2013 hisque
1390 1940 1584 1995 verbis
1640 1940 1943 2011 Appianus
2024 1939 2079 1993 id

436 2033 731 2089 retulit:«
766 2032 1034 2087 Martium
1059 2031 1305 2103 Philippi
1359 2030 1537 2084 tiliam
1606 2046 1741 2084 cum
1797 2029 2083 2101 virginem

438 2124 577 2179 Cato
601 2122 883 2189 duxisset,
916 2120 1080 2175 valde
1112 2120 1473 2189 dilectam,et
1501 2119 1906 2175 communium
1941 2118 2083 2172 libe-

420 2228 635 2287 rorum
660 2211 783 2282 jam
811 2215 1084 2278 matrem,
1113 2211 1416 2265 Hortensio
1448 2211 1625 2265 cessit
1672 2208 1879 2275 amico,
1940 2207 2083 2261 libe-

437 2317 657 2371 rorum,
688 2304 745 2356 et
775 2300 1034 2356 fecundae
1069 2298 1287 2363 uxoris,
1317 2298 1550 2369 'quibus
1601 2302 1845 2353 eatenus
1884 2311 2084 2351 carue-

440 2395 549 2463 rat,
573 2390 809 2463 cupido,
844 2391 1025 2445 donec
1043 2406 1111 2444 ex
1140 2388 1239 2443 illo
1272 2404 1504 2459 quoque
1564 2392 1810 2442 matrem
1870 2386 2087 2440 factam

441 2482 682 2537 domum
715 2479 935 2552 recepit
966 2479 1135 2549 quasi
1168 2477 1469 2533 usuariam
1490 2498 1517 2526 ››
1552 2476 1821 2547 (Appian.
1878 2474 1978 2528 lib.
2022 2490 2085 2543 ιι,

443 2570 508 2627 de
560 2570 682 2625 bell.
744 2569 895 2624 civil.
934 2573 1055 2639 post
1114 2567 1281 2637 med.,
1339 2582 1470 2638 pag.
1556 2566 1704 2635 266).
1792 2564 2087 2635 Scriptum

445 2675 680 2731 quoque
718 2676 767 2713 .a
821 2658 1103 2712 Strabone
1154 2655 1405 2727 legimus
1452 2654 1575 2727 lege
1624 2654 1779 2726 apud
1831 2654 2087 2724 Tapyros

445 2753 766 2821 receptum,
796 2752 860 2802 ut
877 2748 980 2801 viri
1014 2764 1220 2801 uxores
1252 2762 1411 2815 suas,
1446 2749 1759 2815 postquam
1792 2744 1940 2797 duos
1988 2743 2091 2796 aut

443 2844 561 2896 tres
606 2838 821 2893 liberos
862 2839 1263 2908 susceperant,
1323 2833 1452 2889 aliis
1484 2834 1742 2889 locarent
1786 2832 1844 2886 in
1889 2829 2089 2885 matri-

444 2928 679 2984 mouio:
748 2925 1005 2999 Καθάπερ
1064 2924 1149 2978 καὶ
1206 2922 1387 2979 Κάτων
1480 2922 1754 2995 ⁴Ορτησίῳ
1850 2916 2085 2989 δεηθέντι

442 3013 667 3089 ἐξέδωκε
736 3015 834 3083 τὴν
890 3014 1132 3089 Μαρκίαν
1207 3014 1287 3089 ,φ’
1372 3014 1532 3084 ἡμῶν
1618 3010 1753 3065 κατὰ
1828 3008 2084 3062 ’παλαιὸν

444 3104 731 3178 Ῥωμαίων
790 3101 928 3165 ἔθος·
986 3106 1145 3159 Sicut
1201 3106 1367 3159 etiam
1411 3106 1546 3159 Cato
1606 3100 1939 3157 Horthensio
1995 3114 2085 3153 ro-

441 3197 599 3267 ganti
629 3195 893 3252 Martium
922 3211 1080 3249 suam
1108 3199 1301 3248 nostra
1348 3196 1505 3247 aetate
1560 3190 1817 3257 tradidit,
1873 3192 2087 3243 secutus
2118 3182 2160 3248 C

442 3288 681 3339 veterem
712 3284 1078 3338 Romanorum
1106 3281 1558 3337 consuetudinem
1607 3278 1823 3349 (Strab.
1876 3277 1955 3332 lib
2037 3294 2093 3330 χι

2118 1809 2164 1873 Β

2196 512 2363 568 nulla
2422 515 2574 585 apud
2606 530 2704 569 eos
2738 515 2956 585 conjux
2979 515 3212 587 propria
3242 519 3347 585 est,
3380 517 3476 571 sed
3532 522 3594 573 ut
3623 520 3812 592 cuique

2196 601 2430 656 libitum
2466 602 2662 670 fuerit,
2684 603 2979 675 pecudum
3012 602 3500 661 morelasciviunt
3525 630 3550 656 ››
3571 608 3811 679 (August.

2198 691 2262 746 de
2291 692 2404 762 ﬁde
2434 702 2485 748 et
2514 693 2720 763 operz'b.
2755 709 2881 764 cap.
2914 694 2989 761 6;
3024 693 3087 749 de
3123 695 3255 749 Bon.
3287 695 3505 768 conjug.
3552 712 3670 768 cap.
3725 698 3815 763 18;

2200 780 2535 853 Hieronym.
2568 780 2669 836 lib.
2734 800 2773 847 ι,
2822 782 2952 837 adv.
3003 784 3193 840 Jovz'n.
3255 799 3383 856 pag.
3444 784 3576 852 188;
3610 784 3705 841 lib.
3760 805 3812 857 ιι,

2198 887 2330 943 pag.
2366 872 2515 942 201).

2272 963 2621 1033 Quanquam
2652 964 2848 1017 autem
2880 959 3080 1032 plures
3114 961 3329 1017 fuerint
3357 961 3587 1018 Catonis
3606 964 3817 1019 nomine

2199 1050 2485 1122 insigniti,
2528 1066 2779 1121 quorum
2811 1049 3154 1123 genealogis
3185 1051 3255 1105 ab
3291 1054 3355 1105 A.
3396 1050 3577 1106 Gellio
3606 1051 3815 1108 exhibe-

2198 1144 2295 1194 tur
2323 1138 2491 1207 (Gell.
2526 1138 2626 1193 lib.
2660 1156 2763 1193 XIII
2796 1140 2944 1194 Noct.
2976 1141 3143 1195 Attio.
3177 1155 3304 1211 cap.
3343 1139 3430 1210 19)
3462 1158 3475 1206 ;
3534 1157 3599 1196 ex
3651 1142 3819 1198 citatis

2199 1234 2391 1283 tamen
2435 1228 2826 1298 scriptoribus
2852 1234 3080 1282 constat
3109 1228 3296 1297 illum,
3332 1230 3403 1281 de
3434 1246 3549 1300 quo
3592 1231 3816 1301 agimus,

2200 1317 2478 1373 Catonem
2506 1317 2687 1371 fuisse
2721 1317 3071 1387 Uticensem,
3099 1318 3199 1388 qui
3230 1317 3359 1372 ideo
3419 1318 3607 1373 Minor
3650 1319 3819 1392 appel-

2200 1407 2370 1473 latur,
2405 1408 2542 1477 quia
2571 1406 2806 1461 Catonis
2837 1407 3093 1461 Censorii
3123 1423 3190 1461 ex
3249 1407 3391 1471 tilio,
3454 1413 3519 1462 ut
3566 1409 3642 1463 ait
3684 1411 3817 1465 idem

2200 1495 2442 1561 Gellius,
2474 1512 2654 1567 nepos
2677 1501 2821 1551 erat.
2856 1495 2973 1550 Cur
3024 1512 3184 1568 ergo,
3232 1496 3465 1567 inquiet
3519 1497 3742 1570 aliquis,
3791 1516 3819 1554 a

2197 1584 2554 1641 Tertulliauo
2587 1588 2786 1639 nostro
2817 1586 3029 1639 Censor
3078 1586 3365 1640 vocatur?
3398 1585 3692 1642 Enimvero
3744 1588 3818 1643 di-

2198 1679 2351 1731 serte
2407 1674 2625 1728 ibidem
2685 1674 2961 1745 scripsit:
3010 1695 3039 1723 «
3091 1674 3353 1731 Lenones
3440 1676 3817 1748 (manuscripti

2204 1763 2386 1819 nostri
2418 1761 2664 1828 codices,
2697 1762 2891 1816 Leuou
2924 1763 3034 1833 est)
3056 1762 3449 1835 philosophus
3478 1767 3746 1833 Socrates,
3774 1770 3821 1821 et

2194 1853 2409 1907 Censor
2433 1853 2573 1907 Cato
2598 1872 2624 1899 ››
2654 1850 3017 1920 (Tertullian.
3052 1852 3334 1923 Apotoget.
3372 1870 3500 1925 cap.
3563 1853 3646 1918 39,
3704 1869 3816 1926 pag.

2193 1942 2338 2011 467).
2389 1938 2665 2010 Nunquid
2719 1938 2902 2010 igitur
2956 1938 3034 1994 ibi
3092 1940 3389 1995 memoriae
3448 1941 3605 1997 illius
3640 1938 3816 2013 ’ἀμάρ-

2192 2050 2364 2101 τημα.
2421 2033 2479 2084 et
2536 2044 2696 2084 error
2752 2027 2882 2083 est?
2924 2031 2998 2084 At
3056 2028 3191 2083 huic
3244 2030 3589 2100 responderi
3647 2034 3815 2102 potest

2195 2124 2468 2175 Catonem
2503 2135 2535 2172 a
2565 2115 2929 2172 Tertulliano
2962 2132 3077 2171 non
3112 2116 3420 2189 dignitate,
3487 2120 3587 2174 sed
3644 2118 3815 2175 animo

2198 2224 2548 2278 morumque
2578 2206 2886 2262 severitate
2909 2208 3216 2262 Censorem
3252 2208 3558 2278 appellari.
3618 2207 3813 2264 Etenim

2189 2300 2315 2369 jam
2348 2297 2608 2352 citatusa
2645 2295 2811 2351 nobis
2844 2295 3117 2351 Lucanus
3138 2297 3417 2352 canebat:

2357 2458 2367 2469 .
2439 2458 2452 2469 .
2523 2459 2534 2469 .
2604 2421 2665 2469 Hi
2699 2434 2892 2480 mores,
2915 2420 3029 2470 haec
3057 2418 3175 2470 duri
3210 2421 3437 2472 immota
3457 2423 3660 2474 Catonis

2355 2485 2508 2534 Secta
2528 2483 2642 2545 fuit,
2852 2488 2860 2498 ‘

3194 2546 3395 2596 Lucan.
3425 2548 3516 2599 lib.
3546 2563 3595 2608 ιι,
3626 2562 3673 2600 v.
3702 2550 3809 2598 379.)

2199 2661 2688 2719 videlicetstoica.
2724 2664 2799 2715 Eo
2839 2660 3014 2715 etiam
3074 2677 3250 2716 sensu
3309 2678 3528 2718 nomen
3585 2662 3820 2719 Censoris

2200 2753 2271 2807 ab
2300 2750 2532 2805 Horatio
2564 2748 2849 2821 accipitur
2874 2765 2885 2803 :

2353 2868 2417 2915 At
2444 2866 2536 2930 qui
2566 2865 2863 2930 legitimum
2894 2866 3071 2928 cupiet
3105 2865 3293 2916 fecisse
3321 2880 3546 2929 poema.

2352 2928 2485 2978 Cum
2519 2928 2716 2978 tabulis
2749 2929 2987 2976 animum
3017 2930 3254 2978 censoris
3284 2928 3467 2980 sumet
3499 2932 3710 2980 honesti.

2635 2992 2833 3054 (Horat.
2873 2991 2963 3040 lib.
2996 3005 3047 3053 ιι,
3082 2993 3237 3054 epist.
3266 2994 3313 3052 2,
3342 3006 3397 3043 v.
3430 2996 3563 3056 379.)

2200 3102 2266 3157 Et
2286 3100 2423 3155 alibi
2456 3100 2527 3154 dc
2559 3104 2680 3153 arte
2711 3098 2969 3170 poetica:

2438 3244 2449 3254 .
2522 3243 2532 3253 .
2569 3207 2771 3255 Censor
2800 3206 3194 3269 castigatorqne
3224 3206 3520 3258 minorum.

2918 3270 2999 3324 (de
3020 3269 3135 3326 Art,
3164 3272 3299 3331 poet.
3325 3283 3381 3320 γ.
3418 3276 3524 3322 174.
3555 3282 3568 3333 )

450 3370 638 3440 Georg.
668 3386 800 3442 pag.
824 3371 978 3441 265).
1022 3370 1136 3425 Nec
1196 3370 1510 3425 defuerunt
1565 3371 1767 3438 poetas,
1828 3366 1927 3436 qui
1986 3366 2095 3419 hoc
2204 3373 2339 3425 Cato
2369 3373 2562 3423 autem
2625 3366 2745 3431 ille,
2798 3364 3061 3437 Appiano
3119 3366 3309 3422 adhuc
3355 3373 3529 3437 teste,
3588 3369 3812 3424 «habitu

450 3459 685 3517 Catonis
717 3460 931 3513 factum
966 3458 1088 3513 suis
1120 3457 1456 3513 cecinerunt
1485 3454 2097 3525 carminibus,hisque
2205 3458 2316 3513 fuit
2342 3457 2431 3511 vir
2450 3454 2712 3510 omnium
2744 3452 3681 3529 gravissimus,tenacissimusque
3708 3472 3816 3528 pro-

454 3548 824 3619 potissimum
860 3548 1169 3602 Lucanus:

552 3679 766 3729 Interea
797 3680 997 3728 Phoebo
1026 3678 1226 3741 gelidas
1256 3679 1489 3741 pellente
1520 3679 1785 3738 tenebras,

552 3742 776 3791 Pulsatae
812 3756 1039 3791 sonuere
1071 3743 1225 3804 fores,
1258 3756 1391 3804 quas
1419 3746 1601 3791 sancta
1630 3743 1816 3790 relicto

552 3804 797 3853 Hortensi
821 3818 1053 3853 mmrens
1082 3806 1273 3866 irrupit
1298 3806 1481 3854 Martia
1514 3805 1689 3865 busto,

548 3866 830 3930 Quondam
860 3867 1010 3930 virgo
1027 3869 1157 3917 toris
1184 3868 1421 3916 melioris
1444 3868 1631 3930 juncta
1658 3866 1846 3915 mariti.

545 3928 667 3979 Mox
696 3930 786 3980 ubi
817 3928 1071 3979 connubii
1102 3932 1328 3991 pretium
1366 3928 1671 3992 mercesque
1703 3930 1875 3978 soluta
1899 3933 1996 3989 est,

542 3993 717 4042 Tertia
738 3993 845 4054 jam
878 3994 1091 4041 soboles
1120 3994 1254 4041 alios
1276 3994 1525 4041 foecunda
1560 3996 1781 4055 penates

543 4056 828 4119 Impletura
858 4056 1016 4105 datur
1032 4070 1050 4103 :
1080 4057 1321 4119 geminas
1343 4071 1372 4104 a
1394 4057 1652 4117 sanguine
1675 4054 1859 4104 matris

540 4116 865 4168 Permistura
894 4116 1099 4167 domos:

911 4227 1127 4287 (Lucan.
1162 4225 1252 4273 lib.
1277 4240 1330 4283 ιι,
1353 4239 1400 4274 v.
1426 4226 1515 4274 326
1537 4230 1588 4273 et
1608 4228 1777 4287 seqq.)

509 4304 659 4360 Tum
713 4306 923 4361 deinde
980 4306 1133 4361 918
1194 4304 1471 4360 describit
1529 4305 1818 4374 quomodo
1880 4322 2086 4361 rursus

438 4391 575 4448 Cato
598 4398 734 4465 post
784 4395 1073 4449 Hortensii
1136 4400 1381 4449 mortem
1441 4394 1600 4447 illam
1651 4393 1909 4448 secundo
1969 4410 2086 4449 ma-

435 4480 710 4538 trimonio
739 4481 1012 4538 habuerit
1044 4499 1056 4537 :

525 4620 643 4670 Non
680 4623 817 4671 soliti
840 4623 1012 4673 lusere
1044 4624 1202 4681 sales,
1224 4638 1322 4672 nec
1344 4638 1487 4673 mere
1518 4625 1713 4673 Sabino

524 4684 742 4747 Excepit
760 4686 922 4735 tristis
951 4689 1165 4736 comitia
1188 4688 1319 4735 festa
1344 4688 1485 4734 nutri;
1502 4700 1576 4734 us.

524 4742 757 4811 Pignora
779 4750 921 4797 nulla
942 4750 1151 4810 domus,
1178 4750 1304 4797 nulli
1329 4752 1499 4797 coiere
1534 4750 1813 4811 propinqui
1840 4766 1849 4796 :

519 4808 1008 4873 ggunguuturtaciti,
1029 4808 1368 4873 contentique
1395 4808 1606 4872 auspice
1630 4808 1786 4859 Bruto
1811 4828 1820 4859 :

519 4870 611 4919 Ille
634 4870 734 4921 nec
755 4873 1057 4923 horrificam
1083 4882 1267 4923 sancto
1288 4870 1511 4922 dimovit
1542 4876 1605 4922 ab
1628 4889 1720 4922 ore

518 4932 818 4992 Caesariem,
838 4936 1077 5001 dumque
1099 4938 1333 5001 admovit
1364 4938 1555 4999 gaudia
1577 4937 1748 4985 vultu.

1170 5000 1324 5053 (Ibid.
1362 4998 1406 5047 ὑ.
1442 5003 1527 5048 367
1561 5004 1610 5047 et
1638 4998 1806 5062 ser/r1.)

496 5099 752 5175 Denique
786 5112 848 5161 ut
879 5109 1270 5179 Augustinum
1296 5107 1557 5178 aliosque
1620 5108 1832 5161 missos
1890 5106 2065 5161 facia-

416 5206 572 5259 mus,
608 5192 997 5268 Hieronymus
1028 5199 1307 5251 advm'sus
1342 5197 1717 5250 Juvinianum
1757 5196 1837 5251 sic
1868 5197 2065 5267 dispu-

411 5281 591 5335 tat:«
633 5283 799 5339 Duxit
830 5302 1068 5341 uxorem
1106 5286 1375 5340 Martium
1412 5285 1557 5338 Cato
1594 5303 1699 5339 non
1752 5285 2058 5357 virginem,

409 5368 512 5423 sed
546 5372 755 5428 Martia
788 5374 939 5429 inter
970 5375 1344 5430 Hortensium
1391 5375 1788 5444 Catonemque
1834 5375 2057 5429 discur-

408 5457 487 5513 rit
516 5464 573 5514 et
596 5461 721 5517 sine
746 5463 962 5519 Catone
992 5464 1179 5517 vivere
1239 5463 1445 5516 Martia
1514 5464 1771 5532 potuit.»
1828 5464 1894 5518 Et
1953 5465 2056 5519 ite-

408 5560 538 5601 rum
579 5548 635 5602 in
669 5552 937 5620 sequenti
974 5551 1154 5606 libro:
1199 5575 1217 5599 «
1260 5552 1591 5617 Scotorum,
1640 5552 1852 5623 inquit,
1900 5555 2057 5608 natio

407 5648 618 5692 uxores
644 5640 910 5711 pr0prias
940 5658 1054 5696 non
1088 5642 1281 5713 habet,
1310 5645 1367 5696 et
1425 5641 1595 5712 quasi
1646 5641 1901 5699 Platonis
1951 5660 2053 5715 po-

2208 3546 2402 3619 positi,
2438 3549 2501 3599 ut
2531 3543 2628 3615 qui
2652 3544 2887 3613 justum
2939 3559 3004 3597 ac
3060 3542 3380 3601 honestum
3414 3563 3527 3601 non
3578 3564 3640 3602 ex
3681 3544 3813 3615 vulgi

2208 3637 2471 3692 moribus
2503 3634 2825 3699 metiretur,
2858 3632 2960 3686 sed
2992 3631 3164 3686 rectis
3212 3649 3279 3688 ac
3330 3636 3633 3706 generosis
3666 3635 3815 3691 ratio-

2206 3726 2402 3793 nibus,
2422 3748 2449 3775 »
2470 3726 2569 3778 aut
2597 3722 2749 3777 sicut
2782 3726 3046 3775 Lucanus
3068 3737 3304 3777 rursum
3337 3726 3591 3781 cecinit:

2387 3848 2613 3899 Justitiaa
2635 3845 2819 3906 cultor,
2852 3843 3008 3907 rigidi
3039 3849 3281 3895 servator
3314 3845 3550 3899 honesti.

2913 3908 3125 3969 (Lucan.
3161 3908 3248 3958 lib.
3284 3922 3337 3967 ιι,
3374 3925 3428 3961 v.
3459 3911 3585 3970 388.)

2198 4035 2270 4088 At
2292 4032 2337 4087 is
2365 4025 2737 4100 quantumvis
2769 4021 3074 4079 severioris
3124 4023 3450 4097 disciplina:
3483 4026 3810 4099 predicator,

2201 4136 2438 4177 uxorem
2471 4114 2854 4173 nihilominus
2883 4128 3053 4168 luam
3084 4114 3417 4186 Hortensio,
3471 4116 3651 4172 amico
3702 4129 3811 4181 suo,

2198 4212 2349 4267 919
2374 4215 2571 4264 contra
2624 4201 2882 4275 conjugii
2932 4202 3069 4272 jura
3114 4202 3436 4275 ﬁdemque,
3484 4204 3635 4278 turpi
3680 4203 3812 4259 leno-

2196 4300 2348 4357 cinio
2370 4294 2691 4354 collocavit.

2267 4388 2539 4460 Ejusdem
2580 4382 2847 4441 criminis
2894 4383 3111 4437 Auctor
3152 4385 3355 4437 uoster
3403 4383 3686 4439 Socratem
3732 4396 3808 4437 ac.

2194 4478 2464 4535 cusat.At
2495 4478 2719 4530 certum
2752 4470 2989 4542 quidem
3059 4474 3150 4525 est
3208 4470 3408 4541 ipsum
3469 4471 3610 4527 duas
3656 4466 3808 4526 simul

2108 4555 2154 4618 D
2190 4568 2464 4624 habuisse
2496 4578 2735 4619 uxores:
2795 4558 3171 4630 Xanthippen
3233 4558 3526 4628 videlicet,
3584 4565 3637 4617 et
3686 4564 3807 4630 Ityr-

2187 4658 2453 4725 rhonem,
2479 4651 2750 4708 Aristidis
2781 4648 3091 4718 cujusdam
3124 4647 3333 4716 tiliam,
3364 4649 3455 4705 vel
3488 4666 3555 4705 ex
3586 4649 3695 4705 tilia
3722 4663 3804 4703 ne-

2185 4753 2360 4819 ptem.
2396 4745 2517 4808 Quo
2551 4746 2745 4796 autem
2768 4738 2911 4793 illud
2946 4736 3215 4809 pluribus
3246 4737 3499 4793 testibus
3533 4738 3801 4796 Athenaeo,

2185 4835 2431 4899 Laertio,
2484 4829 2814 4898 Plutarcho,
2880 4826 3249 4897 Hieronymo,
3308 4826 3519 4897 Cyrillo
3583 4826 3801 4881 Alexan-

2181 4924 2371 4990 drino,
2403 4920 2765 4975 Theadoreto
2796 4916 3252 4981 demonstratur,
3287 4930 3352 4971 eo
3385 4915 3630 4985 probatu
3666 4911 3799 4969 ditii-

2179 5013 2349 5068 cilius
2379 5016 2466 5065 est
2499 5014 2695 5064 utrum
2728 5004 2825 5061 ille
2851 5007 3139 5071 Socrates,
3166 5019 3281 5059 non
3326 5020 3497 5059 secus
3546 5021 3610 5059 ac
3661 5000 3797 5067 Calo,

2176 5119 2413 5159 uxorem
2448 5114 2613 5154 suam
2641 5112 2775 5151 cum
2815 5093 3021 5149 amicis
3078 5092 3204 5148 suis
3244 5108 3445 5149 revera
3496 5087 3799 5148 communi-

2175 5190 2405 5247 caverit.
2440 5184 2799 5258 (Athenlib.
2846 5198 2948 5237 xm
3010 5182 3243 5252 Deipno:
3292 5182 3419 5236 init.
3477 5197 3606 5253 pag.
3670 5177 3794 5242 555;

2175 5282 2359 5336 Laert.
2392 5279 2494 5333 lib.
2529 5276 2682 5332 xuin
2740 5274 2850 5327 Vit.
2894 5275 3108 5327 Sacrat.
3143 5270 3172 5342 §
3212 5271 3287 5325 26
3337 5288 3350 5335 ;
3404 5267 3690 5325 Plutarch.
3745 5265 3795 5318 in

2170 5372 2271 5425 lin.
2338 5370 2438 5423 th.
2473 5363 2693 5421 Aristid.
2730 5377 2860 5433 pag.
2883 5359 2990 5414 355
3022 5384 3037 5427 ;
3078 5357 3409 5430 Hieronym.
3463 5357 3562 5412 lib.
3596 5373 3634 5411 ιι
3685 5354 3791 5409 abv.

2165 5460 2454 5518 Jorim’an.
2490 5470 2621 5526 pag.
2647 5452 2782 5520 190;
2816 5447 3014 5521 CyrilI.
3058 5446 3161 5502 lib.
3213 5464 3290 5515 vr,
3337 5446 3544 5502 advers.
3600 5443 3789 5500 Julian.

2168 5565 2299 5620 pag.
2336 5547 2457 5614 186,
2488 5550 2544 5600 et
2574 5543 2673 5598 lib.
2724 5558 2823 5609 vn,
2895 5552 3031 5609 pag.
3084 5536 3226 5605 226;
3287 5535 3625 5591 Theodoret.
3661 5537 3788 5587 tom.

2167 5640 2256 5709 IV,
2290 5651 2466 5694 serm.
2495 5636 2579 5689 12.
2616 5633 2684 5689 de
2716 5630 2910 5687 νέηαι.
2942 5629 3051 5683 act.
3094 5641 3228 5698 pag.
3288 5624 3436 5698 673).
3497 5622 3631 5679 Vide
3700 5633 3788 5674 au-
