4118 6182
314 358 467 424 1009

1229 365 1299 425 Ι).
1348 368 1445 426 LE
1489 368 1812 428 NOUltRY
1859 367 2506 429 OBSERVATIONES
2553 368 2811 430 NOV/E.

3571 371 3721 433 t0l0

311 499 427 551 tem
462 497 662 550 utrum
692 496 763 551 ad
797 495 1142 553 solvendum
1177 496 1423 567 hujusce
1466 498 1832 555 difficultatis
1864 516 1963 554 no-
1991 497 2047 567 Α
2076 502 2251 553 mutat
2273 499 2638 568 Christianus,
2662 499 2771 556 hoc
2792 474 2910 569 est,
2974 503 3036 556 ut
3067 499 3328 571 Apostoli
3361 500 3553 557 verbis
3592 506 3719 560 uta-

311 585 451 640 dum
484 600 551 639 ea
574 584 893 652 sufﬁciant,
940 603 1066 657 quas
1126 587 1371 659 Cyrillus
1427 580 1856 645 Alexandrinus
1903 595 1959 644 et

311 673 714 731 Theodoretus
762 676 1155 732 tradiderunt.
1216 677 1426 750 (Cyrill.
1499 682 1555 734 et
1609 678 1955 734 Theodoret.

310 759 423 817 loc.
458 761 602 834 cit.),
636 763 874 820 ductam
907 782 941 820 a
969 764 1207 821 Socrate
1236 767 1607 840 Xanthippen
1630 766 1955 839 κοινωτὲρὰν

311 872 430 914 πως
465 872 519 923 ;,
554 854 871 927 aliquando
902 856 1312 930 vulgatiorem,
1364 875 1495 914 cum
1533 876 1647 930 qua
1680 859 1828 914 clam
1861 858 1961 917 ille

311 960 665 1016 congressus
698 945 1099 1018 Lamproclem
1132 947 1319 1003 tilium
1362 949 1644 1022 suscepit.

387 1032 463 1085 De
487 1035 735 1104 utroque
758 1050 930 1105 porro
986 1040 1043 1090 et
1091 1036 1325 1092 Socrate
1385 1044 1439 1091 et
1488 1037 1703 1093 Catone
1736 1038 1959 1093 addidit

306 1120 704 1177 Tertullianus
736 1125 962 1180 :Nescio
983 1126 1200 1196 quidem
1237 1142 1313 1183 an
1344 1129 1550 1182 invitas
1582 1144 1787 1183 uxores
1820 1144 1958 1182 suas

309 1209 518 1265 amicis
551 1210 674 1266 suis
728 1212 786 1267 in
847 1215 1223 1270 matrimonio
1282 1215 1615 1271 locaverint.
1650 1218 1771 1290 Quo
1801 1217 1957 1272 enim

309 1301 482 1369 pacto
514 1298 638 1354 ﬁeri
665 1301 856 1371 potuit
876 1306 939 1356 ut
981 1301 1101 1357 haec
1159 1303 1287 1357 duae
1348 1320 1553 1358 uxores
1585 1322 1617 1358 a
1665 1305 1803 1359 viris
1834 1304 1957 1360 suis

305 1392 560 1459 nuptum
590 1389 769 1445 invite
799 1390 931 1446 aliis
953 1392 1099 1446 datae
1133 1392 1253 1446 sint
1276 1392 1303 1447 ?
1335 1392 1536 1447 Nonne
1586 1410 1721 1465 ergo
1755 1398 1960 1449 auctor

308 1480 512 1532 noster
533 1478 604 1533 ad
666 1479 884 1534 Lucani
910 1481 1087 1536 verba
1127 1480 1401 1536 allusisse
1430 1482 1680 1550 videtur,
1742 1483 1957 1553 quibus

311 1565 519 1621 Martia
576 1567 876 1639 Catonem,
939 1570 1023 1624 uti
1073 1570 1351 1636 diximus,
1402 1572 1593 1625 virum
1652 1588 1825 1626 suum
1873 1572 1957 1627 sic

312 1655 568 1712 allocuta
597 1658 780 1715 fuisse
812 1659 1155 1732 perhibetur
1182 1661 1209 1714 ?

408 1762 543 1841 pum
573 1765 792 1841 sanguis
822 1766 1010 1841 inerat,
1042 1764 1169 1813 dum
1214 1766 1588 1841 vis'materua,
1618 1770 1799 1841 peregi

406 1826 754 1892 guesa,r_Cato,
787 1832 840 1877 et
865 1829 1109 1891 geminos
1139 1830 1316 1891 accepi
1348 1831 1473 1878 foeta
1502 1826 1739 1892 maritos,

407 1888 710 1953 Yisceribus
740 1888 894 1940 lassis
929 1895 1189 1953 partuque
1226 1888 1489 1941 eihausta
1514 1888 1765 1953 revertor,

405 1950 523 2019 {am
556 1953 685 2019 nulli
716 1950 980 2019 tradenda
1013 1950 1128 2003 viro
1157 1969 1168 2002 :
1201 1954 1269 2003 da
1298 1954 1501 2004 foedera
1533 1958 1690 2019 prisci

408 2013 617 2064 Illibata
638 2016 757 2073 tori,
782 2016 849 2065 da
880 2021 1087 2065 tantum
1119 2030 1316 2065 nomen
1350 2019 1506 2066 inane

406 2076 693 2141 Connubii,
724 2078 879 2128 liceat
900 2080 1108 2128 tumulo
1150 2080 1442 2141 scripsisse,
1469 2081 1682 2130 Catonis

404 2138 616 2205 Martia,
651 2153 749 2190 nec
762 2141 992 2205 dubium
1022 2143 1183 2205 longo
1213 2138 1487 2205 quaeratur
1515 2145 1568 2192 in
1591 2157 1707 2193 aevo

405 2200 656 2252 Mutarim
692 2204 907 2268 primas,
935 2200 1159 2268 expuls‘a
1188 2200 1254 2253 an
1287 2206 1495 2265 tradita,
1529 2207 1709 2255 taedas.

1155 2286 1367 2344 (Lucan.
1398 2285 1491 2335 lib.
1523 2300 1579 2349 ιι,
1612 2302 1663 2336 v.
1695 2289 1827 2352 234.)

385 2392 531 2447 Nam
558 2392 638 2448 ibi
670 2392 909 2464 quidem
964 2393 1295 2465 postulasse
1326 2394 1565 2462 dicitur,
1610 2401 1676 2451 ut
1731 2400 1960 2452 mortuo

306 2481 648 2549 Hortensio,
708 2483 768 2537 in
822 2482 1142 2555 pristinum
1202 2484 1648 2540 matrimonium
1690 2490 1961 2542 aCatone

305 2571 651 2642 recipiatur.
693 2572 801 2627 Sed
832 2572 983 2628 hane
1024 2571 1327 2643 petitionis
1390 2589 1509 2628 suae
1568 2575 1734 2629 affert
1785 2575 1959 2631 ratio-

305 2676 475 2729 nem,
508 2666 569 2715 ut
602 2661 820 2733 posteri
852 2661 1041 2717 sciant
1066 2678 1128 2717 se
1159 2678 1272 2717 non
1332 2662 1628 2734 repulsam
1688 2669 1743 2719 et
1792 2681 1959 2735 repu—

305 2749 539 2805 diatam
572 2750 644 2805 ab
676 2750 802 2822 ipso
860 2753 1093 2821 Catone,
1143 2768 1177 2805 a
1224 2768 1339 2822 quo
1396 2753 1613 2807 tradita
1654 2753 1961 2809 Hortensio

305 2839 522 2895 fuerat.
557 2840 639 2895 Ab
672 2838 770 2894 illo
801 2844 996 2895 autem
1046 2839 1196 2896 tradi
1228 2840 1419 2910 potuit
1475 2859 1580 2896 nec
1626 2841 1825 2905 invita,
1858 2859 1962 2898 nec

304 2944 672 3000 repugnans.
707 2929 855 2992 Quia
885 2934 1081 2984 tamen
1115 2929 1279 3001 prius
1310 2929 1535 2985 dixerat
1570 2933 1960 3004 peregijussa,

304 3016 509 3088 colligi
543 3020 872 3088 potesteam
899 3020 1103 3071 contra
1124 3015 1481 3072 voluntatem
1514 3034 1680 3072 suam
1703 3018 1960 3089 primum

305 3106 628 3178 reliquisse
660 3105 963 3173 maritum,
997 3109 1054 3161 et
1078 3106 1407 3160 secundum
1465 3105 1779 3177 accepisse.
1834 3111 1960 3162 Non

306 3195 469 3252 male
492 3194 674 3268 igitur
702 3194 1106 3251 Tertullianus
1148 3195 1365 3250 fatetur
1395 3194 1450 3249 id
1486 3194 1598 3249 sibi
1620 3211 1747 3250 esse
1778 3195 1961 3251 incer-

2070 604 2220 657 mur,
2253 591 2627 645 masculorum
2649 590 2965 647 concubitor
3004 607 3116 645 non
3152 598 3239 645 est
3261 590 3330 661 (II
3360 591 3479 647 Cor.
3515 591 3717 661 v1,10;

2067 679 2322 749 ITim.1,
2360 680 2471 750 10).
2506 680 2651 735 Nam
2713 680 2791 735 ibi
2855 684 3056 734 auctor
3106 683 3305 735 noster
3353 678 3718 737 Christianos

2068 768 2302 839 opponit
2338 771 2579 835 Socrati,
2633 770 2701 824 de
2759 786 2871 839 quo
2903 769 3024 823 hinc
3072 769 3313 825 scribit:
3341 792 3365 818 ‹‹
3401 770 3552 841 Lego
3584 786 3721 841 par-

2069 862 2185 912 tem
2218 859 2518 913 sententiis
2549 860 2751 914 Atticae
2783 861 2835 914 in
2872 859 3167 914 Socratem
3205 877 3216 913 :
3243 864 3550 931 corruptor
3580 860 3717 914 ado-

2069 945 2414 1002 lescentium
2450 948 2940 1019 pronuntiatur.»
2994 949 3103 1003 Sed
3166 947 3258 1003 hic
3289 948 3719 1004 adhucimmu-

2067 1040 2223 1091 tatus
2255 1054 2288 1091 a
2320 1037 2569 1109 ltigaltio
2599 1037 2940 1092 Tertulliani
2994 1042 3211 1103 textus,
3246 1038 3347 1109 qui
3408 1037 3467 1092 in
3500 1037 3718 1103 nostris

2069 1126 2369 1181 codicibus
2403 1131 2458 1182 et
2488 1126 2618 1182 aliis
2669 1126 2899 1182 excusis
2958 1127 3234 1182 omnibus
3286 1127 3369 1183 sic
3420 1127 3717 1185 habetur:

2074 1234 2095 1261 α
2131 1215 2351 1286 Lego...
2388 1216 2443 1270 in
2477 1216 2774 1271 Socratem
2821 1222 3222 1286 corruptorem
3256 1216 3717 1273 adolescentium

2069 1306 2512 1377 pronuntiatum
2574 1328 2600 1353 ››
2659 1304 2921 1373 (Tertull.
2958 1306 3058 1360 loc.
3083 1307 3225 1376 cit).
3274 1306 3420 1373 Quid
3453 1322 3591 1379 ergo
3639 1289 3723 1362 ibi

2069 1394 2292 1464 absque
2348 1393 2526 1449 ullius
2586 1394 2756 1466 plane
2798 1394 3017 1449 codicis
3076 1394 3433 1464 testimonio,
3466 1400 3525 1450 et
3574 1412 3722 1450 con-

2066 1488 2155 1538 tra
2181 1486 2526 1538 concordem
2579 1484 2844 1539 omnium
2933 1483 3216 1538 librorum
3265 1483 3438 1539 ﬁdem
3500 1485 3717 1540 mutari

2066 1573 2313 1628 debebat
2344 1573 2370 1627 ?
2393 1573 2592 1627 Nonne
2625 1572 2733 1627 hoc
2758 1572 3037 1645 loquendi
3080 1573 3252 1627 modo
3298 1572 3445 1628 satis
3476 1573 3630 1629 clare
3661 1578 3719 1630 et

2068 1663 2271 1718 Latine
2292 1662 2642 1733 exprimitur
2671 1679 2841 1717 verus
2901 1662 3010 1717 iste
3075 1661 3423 1717 Tertulliani
3458 1678 3670 1719 sensus
3700 1682 3712 1719 :

2069 1751 2150 1805 Ab
2181 1751 2635 1806 Atheniensibus
2670 1751 2796 1806 ideo
2833 1751 3012 1806 latam
3036 1768 3102 1806 ex
3133 1756 3293 1823 parte
3328 1752 3383 1806 in
3410 1753 3712 1809 Socratem

2068 1841 2271 1895 mortis
2295 1841 2669 1907 sententiam,
2690 1841 2827 1911 quia
2850 1858 2964 1895 non
2998 1840 3190 1895 solum
3215 1840 3354 1896 deos
3387 1842 3712 1913 negavisse,

2070 1929 2171 1984 sed
2203 1929 2606 1985 adolescentes
2636 1929 2811 1984 etiam
2845 1929 3178 2001 corrupisse
3210 1932 3617 1987 accusabatur.
3646 1935 3718 1987 At

2070 2023 2220 2073 certe
2252 2018 2432 2088 hujus
2466 2018 2701 2074 nefandi
2735 2017 2970 2074 sceleris
3020 2035 3135 2073 non
3171 2018 3351 2073 semel
3382 2019 3718 2091 postulatur

2070 2125 2103 2163 a
2136 2108 2412 2171 Luciano,
2438 2109 2535 2178 qui
2580 2108 2747 2163 illum
2781 2107 2995 2163 alicubi
3028 2108 3308 2163 fatentem
3340 2126 3503 2163 reum
3542 2111 3715 2165 indu-

2070 2197 2146 2252 cit
2177 2198 2439 2265 (Lucian.
2483 2200 2648 2253 Vitar.
2711 2198 2955 2253 Auctior.
3015 2214 3149 2269 pag.
3206 2198 3329 2269 493)
3363 2199 3543 2265 ;alibi
3584 2217 3714 2255 vero

2070 2286 2310 2358 perjurii
2362 2286 2687 2357 insimulat,
2747 2291 2948 2358 utpote
2990 2287 3088 2358 qui
3134 2287 3421 2356 juraverit
3452 2305 3515 2344 se
3576 2286 3711 2344 cum

2062 2374 2380 2445 juvenibus
2410 2374 2751 2430 innocenter
2769 2375 2988 2430 versari
3020 2374 3224 2445 (Idem,
3260 2375 3359 2429 lib.
3397 2393 3458 2444 11,
3516 2381 3714 2432 Verar.

2070 2463 2284 2530 histor.,
2314 2463 2473 2536 397);
2502 2464 2769 2534 quamvis
2797 2463 3151 2536 Hyacinthus
3176 2470 3231 2519 et
3274 2464 3581 2520 Narcissus
3655 2483 3718 2522 se

2072 2553 2141 2607 ab
2175 2568 2241 2607 eo
2272 2552 2519 2624 turpiter
2543 2553 2846 2607 adamatos
2866 2552 3057 2623 palam
3084 2553 3717 2611 testiﬁcarenturPrte-

2070 2644 2225 2696 terea
2255 2641 2566 2697 Athenteus
2594 2641 2763 2696 illum
2828 2641 3020 2713 arguit
3056 2641 3498 2711 flagitiosissimi
3530 2644 3587 2698 in
3618 2644 3720 2699 Al-

2072 2730 2359 2786 cibiadem
2389 2732 2628 2801 amoris,
2677 2730 2830 2786 sicut
2860 2735 3061 2802 postea
3092 2732 3340 2803 Cyrillus
3375 2732 3719 2790 Alexandri-

2072 2836 2183 2874 nus
2215 2821 2696 2876 etTheodoretus
2755 2820 3034 2890 (Athenis.
3091 2819 3193 2874 lib.
3244 2838 3298 2887 ν,
3351 2823 3718 2892 Deipnosoph.

2072 2927 2196 2981 cap.
2235 2910 2319 2974 19,
2355 2927 2485 2982 pag.
2517 2911 2656 2977 219;
2707 2908 2899 2981 Cyrill.
2954 2908 3055 2964 lib.
3109 2926 3157 2964 Vl
3210 2912 3266 2965 in
3324 2912 3532 2965 Julian.
3580 2929 3714 2984 pag.

2072 2998 2577 3067 l37;Theodoret.
2607 3016 2781 3054 serm.
2819 3000 2883 3052 12
2940 2998 3005 3053 de
3062 3000 3188 3053 virt.
3252 2999 3364 3056 Act.
3400 3018 3533 3072 pag.
3563 3002 3714 3070 672).

2072 3089 2219 3152 Quin
2254 3088 2427 3144 etiam
2452 3088 2511 3142 hi
2541 3089 2656 3143 duo
2690 3089 3041 3159 posteriores
3104 3088 3299 3159 ipsum
3351 3090 3717 3147 detestandis

2072 3176 2419 3233 libidinibus
2442 3177 2732 3232 exarsisse
2764 3177 3081 3231 afﬁrmant.

302 3247 465 3340 {ut};
494 3247 1449 3355 sissesisse;usuusu,
1476 3247 1957 3340 eiussu...
1993 3247 2035 3323 C
2141 3287 2212 3338 At
2242 3285 2476 3355 quibus,
2508 3284 2760 3355 inquies,
2798 3282 3047 3338 testibus
3078 3283 3312 3354 probari
3361 3288 3551 3355 potest
3582 3302 3717 3341 eum

304 3372 649 3446 corruptela
704 3372 878 3445 longe
938 3372 1185 3429 aberant
1231 3371 1570 3437 Christiani,
1642 3373 1743 3445 qui
1798 3391 1964 3429 sacra

306 3461 595 3519 connubii
645 3463 804 3533 jura,
846 3478 880 3517 a
938 3466 1050 3516 Deo
1101 3460 1382 3532 stabilita,
1440 3478 1674 3517 summe
1732 3480 1966 3535 semper

304 3552 510 3609 studio
541 3556 699 3607 sarta
722 3556 874 3607 tecta
902 3550 1233 3607 servabant.
1290 3551 1399 3606 Sed
1432 3552 1726 3621 quomodo
1777 3552 1834 3607 id
1867 3552 1963 3608 ille

302 3643 643 3709 conﬁrmet,
670 3641 730 3696 in
761 3640 1143 3713 subsequenti
1202 3638 1469 3707 articulo,
1504 3639 1552 3694 si
1610 3638 1792 3708 lubet,
1824 3658 1961 3697 exa-

298 3730 689 3787 minabimus.

914 3842 1233 3882 ARTICULUS
1263 3842 1314 3880 V.

302 3917 594 3989 Quomodo
624 3918 999 3972 Tertullianus
1056 3916 1388 3970 demonstret
1432 3916 1743 3989 mam-ritum
1789 3916 1962 3989 fuisse

382 3990 829 4045 Christianorum
860 3990 1179 4043 castitatem
1210 3992 1260 4043 et
1290 3988 1581 4055 gentilium
1612 3988 1958 4041 incontinen-

376 4064 568 4118 tiam:
631 4062 754 4117 illos
807 4076 1001 4115 sexum
1058 4060 1357 4130 femineum
1408 4074 1517 4113 non
1548 4067 1793 4123 mutasse,
1842 4074 1958 4112 cor-

375 4139 574 4205 rupto:
620 4149 744 4189 vero
793 4150 827 4187 a
878 4131 1554 4205 Socrateiadolescentes:
1616 4130 1961 4205 Christianos

373 4202 648 4261 uaion'bus
676 4206 792 4259 suis
843 4205 1031 4259 datam
1088 4202 1249 4274 ﬁdem
1294 4217 1536 4259 servasse
1564 4221 1586 4266 ;
1623 4203 1961 4272 Aristippum

374 4277 594 4351 perdite
632 4278 900 4332 amovisse
928 4276 1206 4351 Phrynem
1248 4276 1614 4351 meretricem,
1662 4290 1732 4329 ac
1788 4274 1961 4351 Speu-

380 4346 611 4421 sippum
647 4350 877 4419 periisse
926 4351 987 4403 in
1041 4346 1749 4421 adulterz'oAzﬁhristianos
1796 4348 1961 4400 salvis

376 4419 564 4477 oculis
593 4432 646 4475 et
675 4436 816 4477 caeco
836 4421 1023 4475 animo
1052 4420 1258 4474 vidisse
1313 4419 1468 4474 920
1512 4419 1791 4486 mulieres,
1828 4434 1961 4487 quas

377 4494 747 4559 Democritus,
824 4508 895 4546 ne
976 4492 1396 4561 concupisceret,
1474 4505 1529 4543 se
1603 4492 1956 4545 excwcavit:

378 4565 633 4622 ethnicos
657 4564 1035 4619 Christianam
1066 4563 1337 4633 feminam
1364 4561 1443 4615 ad
1474 4561 1720 4633 lenonem
1757 4561 1958 4632 potius,

2073 3390 2185 3429 non
2220 3375 2392 3429 modo
2424 3374 2495 3428 ob
2524 3378 2748 3444 spretos
2771 3376 2828 3428 et
2858 3373 3189 3443 repudiatos
3222 3373 3532 3444 gentilium
3557 3375 3719 3443 deos,

2072 3464 2173 3517 sed
2206 3468 2277 3518 ob
2310 3464 2465 3517 hunc
2490 3480 2723 3534 quoque
2774 3478 3073 3531 nunquam
3115 3462 3259 3516 satis
3290 3464 3716 3519 exsecrandum

2072 3550 2531 3607 adolescentium
2590 3568 2849 3606 amorem
2899 3551 2969 3605 ab
3033 3550 3480 3606 Atheniensibus
3533 3552 3718 3608 luisse

2072 3642 2483 3697 condcmatum
2520 3645 2541 3695 Ρ
2573 3641 2834 3695 Primum
2890 3640 3071 3695 habes
3102 3638 3423 3711 Platonem,
3459 3641 3559 3712 qui
3594 3658 3712 3697 me-

2074 3731 2268 3785 moria
2328 3730 2627 3785 mandavit
2708 3730 2982 3785 eumdem
3054 3733 3348 3785 Socratem
3422 3748 3456 3786 a
3516 3730 3714 3787 Melito

2071 3818 2505 3885 insimulatum,
2562 3820 2713 3889 quod
2769 3822 2974 3889 printer
3033 3820 3133 3888 jus
3183 3822 3239 3873 et
3310 3819 3397 3874 fas
3459 3837 3715 3875 corrum-

2072 3910 2634 3980 peretjuventutem,
2697 3906 2925 3977 diisque
2984 3906 3229 3977 negatis,
3292 3924 3469 3962 novos
3528 3908 3714 3964 intro-

2072 3999 2326 4052 duceret.
2389 3997 2605 4052 Eadem
2664 4012 2797 4050 vero
2862 3996 3126 4050 Laertius
3174 3995 3401 4067 repetit.
3464 3996 3715 4051 Verum-

2069 4091 2262 4142 tamen
2299 4086 2613 4157 Xenophon
2676 4088 2921 4138 conatus
2955 4088 3043 4138 est
3074 4101 3205 4138 eum
3245 4088 3493 4155 utroque
3519 4084 3713 4140 crimi-

2070 4193 2162 4241 ne,
2196 4193 2259 4229 uc
2293 4176 2663 4246 potissimum
2710 4174 2895 4244 primo
2926 4172 3174 4227 liberare
3232 4173 3514 4245 (Xenoph.
3549 4172 3654 4229 lib.
3696 4192 3713 4229 ι

2073 4265 2408 4321 Memorabil.
2462 4280 2591 4334 pag.
2635 4264 2728 4317 7ll
2786 4268 2839 4316 et
2871 4263 3059 4333 seqq.)
3097 4280 3107 4329 ;
3169 4267 3294 4315 tum
3338 4262 3474 4333 quia
3524 4262 3715 4317 conti-

2072 4354 2329 4410 nentiam
2352 4370 2585 4408 summo
2618 4352 2810 4406 studio
2844 4351 3039 4417 coluit,
3073 4356 3194 4404 tum
3248 4350 3384 4421 quia
3414 4350 3565 4406 hanc
3595 4351 3711 4407 vir-

2069 4446 2254 4498 tutem
2292 4442 2525 4497 assidue
2558 4440 2880 4512 discipulos
2913 4457 3052 4495 suos
3102 4440 3363 4494 docebat.
3408 4440 3531 4495 Non
3566 4441 3716 4496 diffi-

2072 4537 2226 4587 tetur
2256 4537 2449 4587 tamen
2487 4530 2867 4595 Alcibiadem,
2918 4529 3415 4599 quemadmodum
3455 4530 3715 4597 Critiam,

384 4618 556 4708 and",
584 4618 796 4691 ισοηεγη
823 4618 1161 4699 αατηηωίάο,
1209 4649 1365 4688 suam
1404 4632 1711 4708 ρνοάίάίδδε
1757 4618 1959 4688 ’ίηιεηιῖ
1992 4618 2039 4681 D
2074 4622 2131 4676 in
2162 4621 2319 4676 illius
2350 4620 2597 4675 traditos
2643 4618 3038 4690 disciplinam,
3071 4618 3329 4689 perditos
3363 4618 3544 4674 fuisse
3576 4621 3715 4675 ado-

379 4706 704 4782 perantiam
735 4716 787 4763 et
819 4706 1261 4762 Christianorum
1291 4707 1616 4760 castitatem.

383 4824 670 4880 Nostrum
702 4824 1141 4895 subsequamur
1170 4824 1500 4886 Auctorem,
1546 4837 1612 4876 ac
1662 4820 1967 4875 videamus

297 4913 616 4988 quomodo
645 4912 979 4968 inchoatam
1005 4909 1549 4967 deChristianorum
1568 4909 1963 4964 ethnicorum-

297 5019 430 5075 que
462 5002 732 5058 castitate
760 5000 1259 5072 comparationem
1287 5003 1710 5069 prosequatur:
1746 5020 1773 5047 ‹‹
1806 4996 1960 5051 Chri-

294 5090 875 5163 stianus,inquit,ad
907 5105 1107 5145 sexum
1134 5104 1236 5143 nec
1269 5088 1496 5142 feminae
1528 5090 1716 5141 mutat
1746 5107 1773 5137 ››
1806 5089 1963 5159 (Ter—

296 5180 555 5238 tullian.
587 5180 835 5251 Aploget.
869 5196 996 5251 cap.
1025 5179 1115 5245 46,
1140 5194 1271 5249 pag.
1331 5177 1481 5248 500).
1518 5178 1603 5231 Ita
1634 5175 1872 5247 quidem
1905 5176 1963 5231 in

298 5271 580 5329 editione
612 5269 869 5342 Rigaltii,
905 5269 1004 5341 qui
1053 5267 1322 5322 observat
1355 5264 1442 5321 bis
1490 5266 1722 5321 duobus
1753 5264 1963 5334 verbis,

299 5361 390 5417 ad
426 5375 634 5416 sexum
658 5358 907 5430 feminae,
933 5358 1087 5413 idem
1139 5372 1265 5412 esse
1325 5371 1391 5411 ac
1444 5356 1745 5427 [cmineum
1774 5370 1968 5409 sexum

294 5457 517 5506 mutat.
554 5447 665 5504 Sed
711 5447 864 5503 unde
911 5447 1061 5503 hanc
1110 5445 1419 5502 lectionem
1465 5444 1805 5516 sumpserit,
1866 5458 1968 5498 nec

295 5542 467 5613 ipse,
503 5554 609 5593 nec
641 5536 738 5593 alii
770 5538 896 5609 ejus
940 5552 1221 5606 sequaces
1254 5535 1420 5589 nobis
1455 5534 1876 5588 indicaverunt.
1904 5532 1965 5586 In

292 5629 540 5685 nostris
595 5631 789 5683 autem
850 5625 1150 5681 codicibus
1212 5623 1651 5694 manuscriptis,
1718 5621 1967 5692 aliisque

298 5718 603 5777 omnibus
659 5716 835 5773 editis
889 5714 1143 5788 legimus
1195 5728 1209 5767 :
1267 5712 1472 5767 Serum
1526 5727 1624 5766 nec
1668 5712 1969 5783 femineum

2077 4712 2360 4766 lescentes
2386 4710 2533 4765 921
2574 4726 2639 4764 ac
2662 4708 3173 4777 dissolutissimos,
3204 4708 3304 4762 sed
3366 4725 3480 4763 non
3533 4710 3716 4781 prius,

2076 4801 2289 4871 inquit,
2323 4815 2498 4870 quam
2533 4799 2603 4853 ab
2635 4797 2735 4851 illo
2766 4796 3197 4851 discessissent.

2147 4912 2362 4963 Verum
2396 4906 2515 4961 haec
2548 4904 2644 4961 ille
2672 4903 2876 4975 majori
2900 4902 3139 4958 forsitan
3164 4903 3219 4957 in
3254 4903 3546 4960 Socratem
3581 4922 3719 4978 pro-

2078 4996 2563 5069 pensione,quam
2595 4993 2857 5049 veritatis
2883 4991 3169 5048 studio.Si
3203 4992 3361 5048 enim
3393 5006 3559 5050 veros
3591 5011 3718 5053 esse

2076 5085 2384 5158 gentilium
2419 5086 2556 5139 deos
2589 5083 3003 5152 arbitrabatur,
3024 5087 3081 5137 et
3111 5080 3358 5148 colebat,
3382 5099 3485 5138 cur
3514 5100 3718 5141 eorum

2078 5175 2229 5230 facta
2285 5180 2342 5230 et
2394 5172 2612 5244 flagitia
2662 5170 2876 5226 imitari
2920 5170 3274 5226 verebatur?
3326 5171 3539 5228 Deinde
3588 5190 3720 5231 vero

2077 5263 2340 5333 quamvis
2364 5263 2455 5317 ille
2489 5260 2737 5333 publicis
2765 5261 2821 5314 in
2836 5259 3052 5315 scholis
3074 5261 3494 5318 continentiam
3515 5262 3722 5335 praedi-

2078 5352 2364 5419 cavisset;
2400 5368 2589 5406 nonne
2623 5350 2955 5423 philosophi
2987 5349 3253 5421 gentiles,
3308 5357 3371 5405 ut
3420 5351 3559 5406 alibi
3583 5351 3723 5408 dixi-

2078 5457 2210 5495 mus
2241 5441 2561 5510 (Dissertat.
2598 5441 2655 5493 in
2707 5440 2950 5494 Lactant.
3013 5455 3138 5509 cap.
3199 5438 3288 5507 35,
3348 5444 3456 5495 art.
3518 5440 3591 5511 4),
3651 5456 3717 5496 ea

2076 5528 2786 5601 consueverantprivatim
2818 5534 2873 5584 et
2917 5527 3072 5583 domi
3130 5543 3319 5599 agere,
3368 5544 3493 5599 qua:
3526 5527 3719 5599 palam

2079 5623 2135 5675 et
2164 5617 2221 5673 iu
2254 5618 2469 5675 scholis
2486 5618 2612 5674 suis
2636 5618 3106 5675 condemnabant
3134 5617 3437 5687 ?Denique
3468 5616 3594 5688 ipse
3614 5616 3720 5673 Xe-

2080 5706 2313 5780 nophon
2351 5725 2562 5781 negare
2593 5725 2707 5767 non
2741 5709 2930 5781 potuit
2959 5709 3253 5763 Socratem
3291 5706 3620 5777 turpissimi
3662 5709 3721 5764 in
