4118 6182
496 373 648 433 1011

1018 374 1545 435 TERTULLIANI
1593 373 1916 435 OPERUM
1961 370 2159 431 PARS
2204 370 2252 431 Ι.
2279 402 2356 415 -
2383 370 2656 431 SERIES
2700 372 2748 447 Ι,
2796 372 3358 434 APOLOGETICA.

3697 379 3822 439 1012

494 506 894 562 adolescentes
927 505 1145 561 amoris
1167 510 1531 576 accusatum,
1557 507 1728 577 cujus
1759 506 1953 577 reipsa
1972 519 2137 559 reum
2170 505 2224 569 Α
2254 502 2591 573 significare
2628 504 2876 575 videtur,
2911 508 2975 559 ut
2999 505 3238 576 quidam
3268 509 3485 578 putant,
3506 508 3558 563 in
3582 509 3819 567 adulterio

496 594 680 651 fuisse
712 594 954 667 plurimi
986 594 1158 649 sicuti
1218 595 1609 663 ostendimus,
1658 611 2005 667 persuasum
2041 593 2141 647 ha-

494 684 771 742 buerunt.
799 684 940 749 Quis
972 688 1168 740 autem
1203 684 1368 740 facile
1392 684 1504 740 sibi
1528 702 1643 740 non
1676 683 2053 756 persuadebit
2084 683 2143 737 in

496 772 626 829 latae
657 775 941 829 adversus
1000 773 1165 829 illum
1221 774 1527 829 sententiae
1579 778 1739 846 parte
1775 774 1983 827 factam
2016 787 2143 827 esse

496 861 679 933 hujus
710 862 890 918 etiam
925 862 1163 917 sceleris
1196 863 1555 917 mentionem
1588 862 1613 916 ‘I

566 970 848 1026 Praeterea
879 968 1359 1035 Christianus,ait
1380 974 1585 1026 auctor
1616 968 2003 1035 noster,uxori
2024 986 2142 1024 suae

497 1059 606 1116 soli
635 1059 932 1116 masculus
990 1058 1250 1114 noscitur
1280 1057 1543 1130 (Tertull.
1579 1058 1858 1131 Apologet.
1892 1076 2018 1130 cap.
2053 1059 2140 1126 46,

495 1165 630 1222 pag.
662 1148 1197 1220 500).Prohibitum
1236 1148 1529 1219 siquidem
1564 1164 1735 1202 omne
1764 1148 2142 1219 impudicitiae

496 1254 684 1312 genus
717 1254 1071 1311 magnopere
1103 1238 1681 1309 aversabatur,atque
1713 1237 1875 1293 uxori
1901 1255 2041 1306 sum,
2062 1239 2141 1293 si-

499 1330 598 1383 cut
624 1326 906 1394 vidimus,
933 1327 1106 1382 fidem
1165 1341 1391 1397 semper
1423 1328 1713 1382 servabat.
1768 1328 1983 1383 Contra
2010 1344 2142 1383 vero

497 1417 652 1472 inter
681 1417 967 1488 ethnicos,
1002 1416 1197 1488 inquit
1228 1416 1358 1471 ille:
1394 1416 1581 1471 «Novi
1614 1422 1669 1471 et
1702 1416 1988 1488 Phrynem
2022 1434 2141 1471 me-

499 1506 796 1575 retricem,
828 1506 1098 1578 Diogenis
1130 1522 1307 1577 supra
1366 1505 1761 1561 recumbentis
1819 1506 2007 1560 ardori
2051 1524 2144 1560 su-

498 1594 756 1651 bantem.
791 1616 818 1643 »
853 1596 915 1650 In
947 1593 1380 1666 antiquioribus
1438 1593 1687 1667 Rigaltio
1736 1594 2094 1650 editionibus
2125 1613 2137 1650 ξ

498 1704 527 1735 ‹‹
547 1688 735 1755 Supra
756 1684 1092 1740 recubantis
1126 1685 1392 1739 ardorem
1417 1684 1748 1739 subantem.
1787 1706 1813 1733 ››
1838 1685 1900 1739 In
1925 1686 2141 1740 nostris

493 1790 627 1829 vero
661 1773 1081 1845 manuscriptis
1124 1773 1425 1829 codicibus
1460 1790 1472 1828 :
1507 1795 1535 1822 «
1558 1779 1745 1844 Supra
1794 1775 2140 1828 recumben-

494 1863 572 1919 tis
604 1864 869 1918 ardorem
900 1864 1235 1919 subantem.
1268 1884 1295 1913 »
1321 1863 1400 1918 Ibi
1435 1867 1632 1919 autem
1662 1863 1915 1935 exagitat
1935 1864 2140 1937 Dioge-
2173 1881 2219 1944 B

495 1951 609 2017 nis,
647 1951 931 2024 Phrynem
980 1952 1202 2023 perdite
1234 1952 1509 2021 amantis,
1571 1952 1742 2023 plane
1791 1952 2137 2009 indomitam

494 2039 821 2096 libidinem.
853 2040 1151 2111 Scriptum
1186 2045 1381 2096 autem
1436 2041 1507 2096 ab
1556 2043 1834 2097 Athenaeo
1887 2042 2139 2113 legimus

493 2128 863 2201 Aristippum
897 2146 930 2184 a
960 2145 1125 2186 servo
1149 2146 1254 2185 suo
1282 2129 1816 2203 increpitum,quod
1843 2133 2139 2204 ingentem

494 2217 832 2290 percuniam
866 2218 1107 2290 Pbrynae
1132 2218 1440 2290 conferret,
1464 2237 1590 2291 quas
1614 2236 1746 2277 cum
1779 2222 2029 2291 Diogene
2042 2238 2139 2294 cy-

494 2306 625 2363 nico
656 2306 839 2380 gratis
858 2307 1236 2363 volutabatur
1265 2309 1499 2380 (Athan.
1554 2308 1654 2364 lib.
1716 2327 1839 2376 xm,
1888 2311 2141 2381 Deipno-

496 2397 663 2467 soph.
697 2414 830 2470 pag.
853 2397 1003 2469 588).
1038 2397 1117 2453 De
1175 2397 1277 2453 illa
1333 2402 1528 2453 autem
1578 2398 1808 2472 Phryne
1865 2401 2142 2455 famosis-

493 2485 646 2543 sima
676 2486 977 2542 meretrice
1012 2503 1115 2542 nos
1140 2485 1359 2557 aliquid
1386 2487 1524 2542 alibi
1560 2505 1662 2542 nec
1688 2489 1863 2544 semel
1883 2490 2140 2545 diximus

492 2575 705 2646 (tom.I
763 2576 1026 2647 Apparet.
1089 2591 1222 2648 pag.
1253 2577 1359 2631 744
1408 2594 1421 2644 ;
1471 2578 1760 2634 Disseruit.
1822 2581 1880 2633 in
1936 2580 2137 2635 Arnob.

491 2680 619 2736 cap.
651 2665 742 2735 20,
772 2669 881 2720 art.
915 2665 988 2735 3).

560 2770 823 2826 Posthac
852 2787 984 2826 vero
1017 2771 1455 2827 Tertullianus:
1492 2793 1521 2823 ‹‹
1582 2773 1784 2842 Audio,
1839 2773 2051 2847 inquit,
2085 2780 2141 2832 et

492 2860 805 2933 quemdam
836 2860 1227 2933 Speusippum
1260 2863 1328 2915 de
1354 2861 1611 2918 Platonis
1642 2863 1839 2919 schola
1873 2865 1931 2920 in
1974 2866 2137 2920 adul-

488 2950 637 3006 terio
663 2950 911 3022 periisse
968 2970 995 3003 ιι
1050 2951 1318 3023 (Tertull.
1383 2952 1652 3022 Apologet.
1702 2969 1828 3024 cap.
1864 2955 1951 3022 46,
2004 2971 2134 3026 pag.

487 3039 688 3113 500).A
708 3040 877 3096 nobis
908 3043 1101 3096 autem
1127 3040 1265 3095 alibi
1297 3042 1641 3097 adnotatum
1672 3042 1933 3098 esthunc
1955 3046 2137 3116 Speu-

491 3129 729 3201 sippum
761 3128 941 3185 fuisse
976 3128 1232 3185 Platonis
1263 3146 1330 3185 ex
1364 3147 1579 3197 sorore,
1611 3132 1879 3189 videlicet
1899 3133 2134 3204 Potens,

491 3223 557 3273 ut
588 3218 669 3272 ait
702 3218 1451 3289 Laertius,ﬁlium,cjusque
1481 3220 1539 3274 in
1575 3222 1919 3277 Academlca
1936 3223 2138 3279 schola
2168 3251 2210 3318 ρ

491 3322 892 3363 successorem
918 3309 1081 3375 (tem.
1118 3309 1138 3361 Ι
1170 3308 1437 3379 Apparat.
1498 3326 1631 3381 pag.
1686 3312 1816 3366 1131
1862 3317 1919 3368 et
1950 3314 2086 3366 1134
2120 3331 2133 3381 ;

489 3396 684 3452 Laert.
724 3395 826 3451 lib.
888 3413 941 3451 ιν
975 3398 1033 3451 ίη
1096 3396 1194 3450 Vit.
1258 3396 1448 3468 Speus.
1483 3400 1510 3466 §
1543 3400 1615 3467 1).
1664 3402 1738 3454 At
1766 3400 1883 3466 ille,
1933 3403 2135 3458 eodem

484 3484 709 3540 Laertio
733 3488 901 3550 teste,
950 3484 1165 3539 dicitur
1228 3482 1473 3558 ὀργίλος,
1532 3484 1619 3540 καὶ
1679 3484 1896 3556 ἡδονῶν
1956 3490 2134 3559 ἥττων

485 3572 575 3640 ἦν,
604 3577 730 3629 erat
779 3573 1100 3639 iracundus,
1157 3577 1210 3628 et
1232 3576 1607 3647 voluptatibus
1663 3579 1881 3634 deditus
1929 3581 2133 3654 (Ibid).

486 3664 792 3715 Testatum
827 3678 1055 3732 quoque
1084 3662 1397 3719 Athenaeus
1448 3665 1584 3721 fecit
1625 3665 1792 3722 illum
1852 3670 1923 3723 ab
1972 3670 2133 3726 volu-

490 3748 698 3822 ptariis
734 3750 1121 3821 Epicureis,et
1140 3751 1469 3824 Cyrenaicis
1501 3771 1613 3810 non
1638 3757 1838 3826 procul
1858 3758 2135 3831 abfuisse,

474 3838 661 3917 eique
693 3839 1106 3911 exprobratum
1141 3858 1174 3895 a
1223 3840 1497 3913 Dionysio
1542 3847 1784 3916 tyranno
1822 3848 2134 3904 Lastheniae

491 3928 817 3985 meretricis
849 3945 1106 3985 amorem
1167 3930 1291 4001 (lib.
1336 3949 1439 3997 xu,
1498 3950 1622 4005 cap.
1657 3935 1745 4003 12,
1798 3953 1927 4009 pag.
1957 3938 2082 4009 546)
2120 3956 2131 3993 :

493 4013 802 4087 Φιλήδονος
850 4016 915 4085 ἧν
957 4017 1045 4071 καὶ
1097 4016 1470 4090 Σπεύσιππος,
1530 4022 1557 4075 ὁ
1613 4019 1904 4088 Πλάτωνος
1949 4046 2136 4101 συγγε-

489 4107 611 4176 νὴς,
673 4105 762 4161 καὶ
818 4103 1079 4181 διάδοχος
1132 4115 1233 4177 τῆς
1293 4106 1542 4183 σχολῆς.
1608 4112 1883 4177 Διονύσιος
1934 4119 2062 4189 γοῦν
2106 4118 2133 4170 ὁ

487 4202 585 4265 τῆς
635 4193 888 4257 Σικελίας
945 4194 1227 4270 τύραννος,
1289 4197 1339 4251 ἐν
1388 4204 1455 4272 τῇ
1484 4200 1618 4273 πρὸς
1648 4201 1811 4257 αὐτὸν
1867 4203 2131 4279 ἐπιστολῇ

485 4283 620 4340 κατὰ
665 4291 764 4355 τῆς
817 4282 1142 4363 φιληδονίας
1190 4286 1355 4340 αὐτοῦ
1395 4287 1584 4356 εἷ’πὼν,
1633 4290 1721 4344 καὶ
1772 4291 2129 4368 φιλαργυρίαν

485 4373 632 4446 αὖτῷ
682 4372 952 4446 ὀνειδίζει,
999 4374 1087 4428 καὶ
1132 4377 1221 4429 τὸν
1268 4378 1587 4441 Λασθενείας
1642 4386 1739 4448 τῆς
1803 4380 2130 4456 Ἀρκαδικῆς

484 4461 681 4537 ἔρωτα,
713 4461 835 4531 ἥτις
890 4461 1183 4526 Πλάτωνος
1215 4465 1463 4535 ἠκηκόει.
1505 4468 1894 4541 Voluptuarius
1923 4490 2134 4546 quoque

486 4554 825 4625 Speusippus
850 4555 984 4622 fuit,
1015 4555 1261 4610 Platonis
1282 4572 1558 4613 successor
1604 4568 1655 4615 et
1706 4567 1990 4632 cognatus.
2028 4565 2131 4620 Ita-

2255 592 2686 663 deprehensum
2720 594 2979 649 animam
3012 596 3223 667 egisse,
3253 596 3349 651 sed
3380 597 3445 652 ad
3491 615 3640 654 suam
3673 618 3824 672 usque

2254 686 2501 737 mortem
2536 683 2591 737 in
2625 683 2912 739 adulterio
2942 684 3288 739 volutatum.

2325 772 2517 843 Pergit
2546 778 2750 828 auctor
2780 778 2977 830 noster
3012 790 3022 829 :
3056 796 3086 824 «
3109 774 3472 831 Christianus
3492 776 3649 833 salvis
3675 778 3828 835 oculis

2255 860 2501 916 feminas
2535 878 2650 917 non
2683 862 2837 918 videt
2882 883 2911 913 »
2965 863 3227 935 (Tertull.
3279 866 3536 937 Apotoget.
3583 883 3694 937 cap.
3754 869 3824 935 46,

2254 968 2386 1022 pag.
2419 952 2566 1023 200).
2599 952 2691 1008 Sic
2724 953 2874 1008 enim
2907 953 3029 1008 haec
3061 954 3117 1008 in
3140 956 3541 1027 manuscriptis
3570 957 3824 1012 codicibus

2252 1044 2308 1095 et
2340 1040 2595 1113 Rigaltii,
2625 1059 2691 1097 ac
2722 1044 3113 1114 posteriorum
3145 1044 3491 1100 editionibus
3519 1045 3831 1117 legimus;in

2253 1128 2425 1184 editis
2455 1147 2586 1186 vero
2616 1132 3045 1203 antiquioribus
3074 1150 3086 1189 :
3126 1158 3144 1181 σι
3177 1133 3532 1189 Christianus
3554 1135 3827 1189 salvisocu-

2250 1216 2323 1272 lis
2356 1218 2631 1275 feminam
2663 1220 2891 1276 videt.»
2925 1222 2997 1276 At
3026 1221 3193 1278 facile
3215 1222 3552 1294 intelligitur
3578 1223 3716 1278 hunc
3731 1238 3833 1278 esse

2252 1308 2595 1363 Tertulliani
2627 1326 2868 1365 sensum
2895 1326 2909 1366 :
2940 1310 3564 1368 TametsiChristianus
3586 1312 3747 1368 salvos
3766 1329 3837 1366 sa-

2254 1413 2478 1469 nosque
2511 1399 2772 1472 corporis
2829 1399 3027 1455 oculos
3076 1400 3310 1470 habeat,
3369 1401 3603 1457 feminas
3654 1405 3833 1466 tamen,

2254 1506 2400 1561 quas
2424 1490 2618 1543 animo
2649 1489 3045 1558 concupiscat,
3109 1505 3223 1543 non
3250 1489 3413 1545 videt.
3474 1488 3566 1544 Ille
3604 1488 3834 1543 continuo

2252 1579 2466 1649 adjecit
2500 1594 2510 1632 :
2548 1600 2573 1627 «
2612 1576 2812 1632 Animo
2844 1578 3120 1633 adversus
3170 1577 3469 1633 libidinem
3526 1594 3695 1633 caecus
3721 1582 3835 1631 est»

2253 1668 2436 1741 (Ibid).
2465 1666 2633 1721 Novit
2664 1666 2879 1737 quippe
2908 1666 3089 1721 latam
3120 1684 3153 1722 a
3176 1666 3405 1723 Christo
3438 1666 3615 1739 legem
3641 1684 3653 1721 :
3685 1668 3838 1722 Omnis

2251 1760 2348 1829 qui
2376 1756 2583 1812 viderit
2611 1757 2903 1811 mulierem
2932 1757 3008 1812 ad
3063 1758 3557 1829 concupiscendam
3602 1773 3726 1823 eam,
3745 1757 3838 1827 jam

2250 1845 2549 1904 masc/tatus
2571 1850 2649 1901 est
2676 1862 2805 1901 eam
2838 1845 2895 1899 in
2924 1845 3083 1901 corde
3112 1862 3211 1903 suo
3244 1846 3457 1917 (Matth.
3488 1864 3542 1914 v,
3561 1846 3838 1917 28).Itaque

2252 1940 2315 1992 ut
2344 1952 2516 1990 verus
2547 1934 2759 1991 Christi
2817 1934 3147 2007 discipulus
3178 1935 3317 1991 huic
3349 1940 3625 2008 praecepto
3653 1934 3840 1990 satisfa-

2249 2025 2382 2094 ciat,
2413 2023 2609 2095 salvis,
2642 2024 2880 2094 quidem
2904 2025 3197 2096 corporeis
3227 2026 3402 2081 oculis
3429 2026 3653 2097 feminas
3680 2021 3838 2088 videt;

2250 2116 2351 2171 sed
2384 2115 2602 2184 animo,
2637 2132 2750 2186 quo
2772 2130 2871 2171 eas
2901 2115 3490 2187 concupiscat,caacus
3519 2120 3574 2171 et
3600 2115 3837 2170 immotus

2250 2210 2360 2261 est.

2322 2295 2550 2358 Quanta
2579 2296 2773 2349 autem
2807 2310 2837 2348 e
2859 2292 3148 2349 contrario
3178 2297 3333 2350 esset
3356 2293 3648 2364 gentilium
3684 2287 3838 2345 homi-

2250 2401 2391 2440 num
2424 2385 2597 2440 etiam
2659 2383 3145 2456 philosophorum
3182 2384 3623 2451 incontinentis,
3653 2378 3839 2437 Tertul-

2252 2473 2445 2528 lianus
2477 2473 2733 2528 ostendit
2767 2473 3073 2528 Democriti
3104 2474 3408 2545 exemplo:
3443 2495 3471 2524 «
3506 2469 3839 2531 Democritus,

2250 2563 2465 2635 inquit,
2498 2564 2836 2619 excaecando
2852 2563 3426 2635 semetipsum,quod
3450 2561 3731 2618 mulierem
3747 2558 3844 2615 sine

2250 2653 2724 2724 concupiscentia
2783 2653 3044 2724 aspicere
3074 2670 3189 2708 non
3221 2657 3446 2725 posset,
3476 2656 3531 2708 et
3569 2650 3779 2717 doleret,
3806 2645 3843 2700 si

2251 2760 2366 2798 non
2399 2747 2556 2798 esset
2573 2742 3312 2814 potitus,incontinentiam
3348 2739 3847 2808 emendationepro-

2248 2834 2502 2888 ﬁtetur»
2538 2833 2805 2900 (Tertull.
2869 2832 3051 2903 ibid.).
3112 2832 3225 2887 Sed
3280 2832 3355 2887 de
3418 2831 3524 2887 hac
3569 2824 3845 2884 voluntaria

2248 2918 2559 2975 Democriti
2590 2920 2864 2989 caecitate,
2916 2921 3162 2991 ejusque
3195 2935 3381 2975 causa
3410 2922 3595 2989 potest
3621 2930 3733 2972 esse
3754 2927 3845 2967 non

2248 3009 2489 3066 minima
2544 3009 2851 3065 dubitandi
2903 3010 3070 3065 ratio.
3132 3015 3275 3065 Nam
3333 3007 3672 3065 Plutarchus
3708 3002 3845 3075 plane

2250 3099 2600 3171 penitusque
2633 3102 2805 3170 negat
2836 3097 3002 3154 illum
3064 3117 3203 3155 suos
3236 3104 3452 3171 sponte
3491 3115 3592 3155 sua
3636 3095 3748 3151 ideo
3773 3106 3848 3146 ex-

2249 3188 2522 3244 stinxisse
2552 3187 2773 3256 oculos,
2807 3204 2879 3244 ne
2923 3188 3186 3244 animum
3217 3195 3615 3258 avocaret,nec
3634 3180 3849 3240 sinerent

2250 3279 2424 3333 rebus
2474 3276 2600 3332 sola
2629 3280 2821 3332 mente
2867 3279 3173 3333 cernendis
3230 3277 3537 3336 immorari
3580 3266 3847 3347 (Plutarch.

2246 3367 2312 3423 de
2340 3368 2591 3423 curiosit.
2625 3382 2757 3437 pag.
2789 3367 2914 3435 521,
2940 3371 3081 3422 tom.
3104 3368 3195 3435 ll).
3221 3367 3385 3424 Nihil
3417 3371 3609 3423 autem
3641 3357 3848 3417 deilllus

2246 3456 2504 3512 caecitate
2536 3455 2729 3509 Cicero
2779 3464 2930 3511 certo
2985 3457 3366 3527 pronuntiare
3417 3456 3678 3512 videtur:
3708 3471 3731 3498 α
3765 3446 3848 3502 De-

2248 3544 2551 3611 mocritus,
2586 3544 2907 3617 inquit,qui
2938 3562 3069 3601 vere
3110 3546 3336 3601 falsone
3372 3555 3759 3618 quaereremus,
3788 3533 3852 3588 di-

2247 3635 2398 3689 citur
2426 3633 2612 3690 oculis
2644 3650 2705 3689 se
2738 3634 2998 3706 privasse
3033 3651 3047 3693 :
3077 3639 3231 3691 certe
3292 3641 3364 3690 ut
3422 3649 3597 3707 quam
3648 3624 3849 3684 minime

2246 3727 2482 3783 animus
2506 3744 2539 3781 a
2595 3726 3048 3798 cogitationibus
3080 3727 3527 3782 abduceretur»
3554 3723 3741 3794 (Cicer.
3769 3714 3846 3769 lib.

2243 3835 2278 3872 v
2308 3818 2375 3873 de
2392 3818 2548 3888 ﬁnib.
2584 3832 2715 3888 pag.
2753 3817 2877 3881 113,
2909 3816 3013 3871 lin.
3044 3817 3155 3888 43).
3190 3816 3251 3872 Si
3282 3817 3446 3872 enim
3506 3814 3605 3883 ibi,
3656 3814 3716 3866 ut
3748 3802 3849 3879 qui-

2245 3909 2380 3964 dam
2415 3906 3079 3978 opinantur,delendum
3114 3907 3187 3962 sit
3217 3908 3469 3962 verbum
3502 3910 3847 3977 quaereremus,

2244 4014 2310 4053 ac
2341 3996 2654 4069 legendum
2683 3996 2918 4067 falsone,
2950 3995 3121 4067 plane
3167 3997 3237 4051 de
3268 3995 3375 4052 illa
3406 3990 3705 4052 Democriti
3726 3982 3851 4043 caeci-

2243 4090 2362 4143 tate
2409 4085 2655 4140 dubium
2736 4090 2792 4140 et
2846 4086 3159 4157 ancipitem
3220 4102 3282 4141 se
3344 4086 3531 4141 fuisse
3582 4076 3849 4153 signiﬁcat.

2242 4175 2518 4241 Quamvis
2548 4180 2741 4230 autem
2776 4176 3017 4232 verbum
3049 4191 3453 4248 quaereremus,
3480 4175 3550 4231 ab
3583 4189 3645 4229 eo
3667 4165 3851 4241 profec-

2243 4270 2367 4321 tum
2395 4264 2593 4331 luerit,
2634 4263 2750 4319 alio
2784 4267 2981 4320 tamen
3023 4265 3196 4320 verbo
3240 4263 3475 4331 dicitur,
3519 4262 3659 4318 satis
3693 4256 3854 4328 aperte

2241 4355 2497 4410 declarat
2519 4354 2574 4408 id
2610 4372 2642 4409 a
2675 4371 2735 4408 se
2771 4370 2885 4408 non
2918 4370 3090 4424 posse
3121 4356 3276 4410 certe
3338 4350 3644 4409 afﬁrmari.
3674 4346 3852 4400 Verum

2240 4444 2420 4500 Aulus
2452 4442 2672 4499 Gellius
2704 4442 3054 4498 testificatur
3112 4444 3170 4497 in
3219 4443 3484 4499 historiae
3524 4442 3718 4497 Graecae
3762 4447 3858 4489 mo-

2240 4535 2538 4591 numentis
2569 4534 2776 4589 factam
2810 4534 3162 4589 mentionem
3186 4532 3629 4603 Democriti,qul
3651 4545 3707 4584 se
3732 4523 3855 4580 ultro

489 4658 593 4713 que
616 4644 914 4714 Dionysius
971 4642 1187 4700 Siciliae
1213 4651 1492 4716 tyrannus
1524 4650 1579 4702 in
1610 4666 1710 4705 sua
1740 4612 1810 4706 ali
1841 4668 1967 4707 eum
2007 4657 2126 4725 epi-
2162 4625 2205 4688 Β
2239 4624 2565 4725 ξυῖηίηίιδυε
2589 4622 3180 4725 ἥουῖῗονυηῖιονῦἃνίξὶ
3201 4623 3679 4725 lit-pogitationes
3708 4612 3856 4725 animi

488 4732 629 4787 stola
658 4733 952 4804 voluptatis
982 4734 1235 4789 studium
1265 4737 1637 4808 reprehendit,
1697 4744 1998 4798 avaritiam
2031 4760 2130 4799 ea:-

487 4820 731 4892 probrat,
764 4828 816 4876 et
844 4837 1092 4877 amorem
1123 4824 1371 4882 Arcadiae
1394 4828 1753 4896 Lastheneiaz,
1789 4848 1913 4902 quae
1944 4836 2132 4889 Plato-

489 4925 616 4964 nem
648 4908 920 4987 audiebat.
947 4910 1110 4966 Prius
1142 4915 1337 4969 tamen
1375 4915 1496 4972 haec
1557 4919 1899 4976 Lastheneia
1929 4922 2000 4977 ab
2032 4922 2131 4979 illo

488 5002 732 5056 vocatur
763 4995 1028 5075 Σαρδικὴ,
1065 5001 1420 5074 Sardicensis,
1456 5012 1512 5062 et
1544 5025 1576 5062 a
1625 5009 1855 5066 Laertio
1878 5014 2130 5065 Μαντινι-

487 5089 557 5156 κὴ
593 5091 879 5146 Mantinea
912 5091 1123 5163 (Laert.
1167 5094 1264 5148 Vit.
1292 5094 1570 5170 Platon,§
1605 5100 1691 5167 45,
1724 5104 1780 5155 et
1810 5100 1911 5157 lib.
1947 5119 1999 5156 ιν
2028 5104 2127 5158 Vit.

489 5180 703 5253 Speus.,
736 5182 763 5249 §
792 5181 869 5253 2).

557 5271 711 5327 922
737 5269 894 5326 Duas
927 5288 1099 5343 porro
1132 5272 1241 5326 iste
1267 5272 1337 5326 de
1388 5279 1576 5331 morte
1618 5278 1925 5352 Speusippi
1959 5282 2135 5338 refert

484 5360 790 5433 opiniones
821 5360 977 5431 (Ibid.
1012 5363 1039 5428 §
1068 5361 1101 5414 3
1124 5364 1180 5415 et
1207 5361 1255 5430 4)
1286 5376 1298 5415 :
1333 5365 1389 5416 et
1419 5363 1672 5434 primam
1699 5369 2132 5439 quidem,illum

488 5448 765 5522 paralysi,
826 5464 1091 5515 moerere,
1152 5465 1217 5503 ac
1276 5450 1437 5506 senio
1496 5454 1849 5526 confectum,
1885 5466 2132 5516 mortem

492 5542 601 5595 sibi
638 5543 843 5610 Sponte
875 5537 1261 5605 conscivisse;
1311 5544 1628 5599 secundam
1662 5565 1816 5619 vero,
1850 5551 2135 5623 pediculis

494 5627 1005 5684 effervescentibus
1064 5627 1241 5683 vitam
1293 5630 1376 5687 illi
1410 5639 1689 5706 ereptam.
1750 5644 1890 5696 Cum
1938 5643 2135 5714 itaque

492 5714 892 5773 Tertullianus
951 5714 1031 5773 ait
1078 5732 1213 5774 eum
1259 5721 1318 5775 in
1377 5723 1644 5784 adulterio
1694 5732 1947 5799 periisse,
2018 5749 2135 5793 non

2240 4712 2300 4768 in
2333 4711 2799 4783 contemplandis
2818 4716 3037 4767 naturas
3072 4711 3403 4767 rationibus
3434 4700 3859 4774 essentvcgetio-

2243 4819 2355 4872 res,
2387 4803 2820 4873 exactioresque
2850 4801 3015 4870 (Gell.
3048 4801 3149 4857 lib.
3181 4801 3389 4857 xNoct.
3424 4802 3587 4857 Attio.
3620 4812 3737 4867 cap.
3789 4785 3859 4857 1⁷,

2240 4908 2373 4965 pag.
2407 4894 2554 4963 541).
2602 4893 2749 4947 Tum
2801 4892 3169 4948 continenter
3209 4892 3437 4947 Laberii
3498 4891 3639 4946 citat
3662 4896 3858 4942 verem.

2242 4982 2456 5053 quibus
2487 4981 2767 5035 describit
2790 4980 3037 5051 hujusce
3062 4981 3363 5047 caecitatis,
3385 4980 3502 5036 sibi
3535 4980 3607 5035 ab
3638 4975 3729 5032 illo
3750 4986 3860 5029 con-

2241 5071 2420 5137 scitae,
2454 5070 2627 5125 aliam
2666 5070 2846 5125 fuisse
2878 5071 3373 5142 rationem,quam
3408 5069 3522 5125 hoc
3542 5083 3703 5124 versu
3724 5062 3863 5135 poeta

2244 5160 2531 5232 expressit
2559 5178 2571 5215 :

2496 5312 2643 5362 Malis
2679 5312 2818 5361 bene
2841 5324 2955 5361 esse
2977 5324 3047 5361 ne
3076 5311 3279 5362 videret
3296 5310 3524 5361 civibus.

2242 5468 2398 5524 923
2434 5466 2821 5538 Hieronymus
2853 5468 3073 5533 autem,
3107 5464 3337 5521 nemine
3360 5460 3666 5535 sigillatim
3705 5447 3869 5526 appel-

2241 5557 2586 5624 1ato,narrat
2603 5554 2887 5627 quosdam
2904 5553 3286 5627 philosophos
3301 5553 3413 5610 sibi
3428 5549 3632 5609 oculos
3649 5542 3866 5607 eruisse,

2249 5663 2323 5703 ne
2357 5663 2390 5702 a
2420 5645 2913 5717 contemplatione
2940 5644 3323 5718 philosophia:
3381 5642 3777 5699 avocarentur,
3822 5630 3869 5718 et

2244 5737 2428 5793 totam
2452 5713 2859 5805 cogitationem
2918 5713 2990 5788 ad
3024 5713 3238 5791 ment-is
3268 5732 3592 5807 puritatem
3623 5713 3868 5795 cogerent
