4118 6182
313 368 467 431 1013

1255 367 1328 426 D.
1374 369 1473 428 LE
1516 369 1841 430 NOURRY
1886 365 2525 433 OBSERVATIONES
2570 368 2832 431 NOVE.

3564 371 3719 433 1014

304 502 660 575 (Hieronym.
694 500 799 556 lib.
831 517 872 557 ιι
906 500 1026 557 adv.
1063 502 1127 557 Jo
1174 502 1292 557 vin.
1348 516 1482 574 pag.
1532 501 1660 572 203,
1693 504 1751 556 et
1776 501 1954 573 epist.
1987 501 2039 568 Α
2072 517 2189 573 quo
2222 500 2622 574 importunius
2654 500 2871 558 ethnici
2903 499 3205 559 clamitare
3232 501 3499 573 solebant
3526 502 3721 577 philo-

302 593 392 661 55,
425 591 496 647 ad
525 591 815 660 Abigaum.
854 608 981 664 pag.
1015 589 1164 662 589).
1217 590 1359 654 Quis
1413 595 1610 646 autem
1643 590 1813 647 facile
1845 590 1959 647 sibi

306 680 649 756 persuaderi
683 697 797 737 non
829 680 984 736 sinet
1013 680 1408 737 Democritum
1462 695 1645 736 unum
1680 681 1863 737 fuisse
1891 695 1960 736 ex

307 771 402 828 his
433 769 822 844 philosophis,
855 786 924 826 ac
954 769 1200 825 forsitan
1241 768 1645 841 praecipuum?

377 860 654 926 Quamvis
685 860 883 931 itaque
915 859 1157 931 quidam
1205 860 1278 915 de
1318 859 1651 916 voluntaria
1689 861 1819 931 ejus
1850 876 1957 915 caa-

306 952 481 1006 oitate
513 949 815 1005 dubitasse
842 949 1169 1018 videantur,
1204 948 1401 1020 plures
1432 953 1629 1005 tamen
1679 948 1840 1004 illius
1872 953 1957 1004 te-

303 1044 424 1096 stes
456 1038 788 1095 citavimus.
821 1042 897 1093 At
920 1042 1073 1094 certe
1095 1037 1265 1111 longe
1290 1038 1595 1111 pauciores
1620 1042 1954 1109 occurrunt,

300 1129 404 1202 qui
434 1130 706 1185 eumdem
758 1128 1158 1184 Democritum
1191 1126 1400 1193 oculis,
1434 1144 1507 1184 ne
1538 1128 1790 1184 feminas
1820 1145 1956 1184 con-

305 1218 656 1291 cupisceret,
687 1218 949 1290 seipsum
985 1217 1245 1289 privasse
1289 1217 1616 1289 perhibent.
1651 1218 1956 1289 Expendas

303 1312 502 1365 tamen
534 1308 705 1364 velim
739 1312 939 1363 utrum
971 1307 1248 1379 Sophista
1292 1307 1584 1364 Himerius
1617 1309 1770 1379 apud
1806 1308 1954 1363 Pho-

302 1397 453 1453 tium
487 1396 632 1452 illud
692 1396 853 1453 hisce
903 1397 1095 1452 verbis
1137 1413 1251 1451 non
1284 1396 1659 1453 indicaverit:
1693 1396 1863 1451 Ἐκὼν
1898 1393 1955 1450 δὲ

299 1484 472 1540 ἐνόσει
506 1490 665 1557 σῶμα
696 1483 1045 1559 Δημόκριτος
1100 1485 1192 1539 ἳνα
1253 1483 1464 1559 ὑγιαίνῃ
1522 1484 1590 1539 τὰ
1644 1486 1948 1561 κριίττονα’

299 1577 624 1632 Voluntaria
655 1577 996 1631 Demcritus
1039 1576 1225 1631 morbo
1270 1592 1467 1646 corpus
1508 1576 1708 1647 affecit,
1753 1580 1813 1631 ut
1855 1592 1952 1648 po-

286 1667 411 1721 tior
434 1682 568 1737 pars
590 1682 729 1721 sana
758 1672 893 1721 esset
921 1665 1171 1736 (Photius
1200 1665 1461 1720 Biblioth.
1497 1666 1623 1721 cod.
1656 1666 1783 1734 243,
1817 1682 1948 1737 pag.

298 1754 485 1826 1087).
520 1755 721 1811 Nonne
770 1755 927 1810 enim
987 1754 1096 1810 hoc
1152 1754 1407 1825 generali
1469 1754 1747 1825 loquendi
1778 1756 1950 1811 modo

299 1849 692 1916 spontaneam
725 1843 1055 1915 designavit
1105 1842 1264 1898 illius
1320 1845 1659 1911 caecitatem,
1693 1860 1820 1916 qua:
1848 1860 1949 1900 vo-

297 1932 492 1989 luerat
519 1934 803 2002 animum,
838 1933 1121 2004 potiorem
1142 1933 1233 1988 sui
1261 1937 1506 2005 partem,
1530 1932 1781 1988 sanare?
1812 1934 1952 1990 Utut

292 2023 393 2089 sit,
424 2027 578 2079 certe
608 2023 929 2079 Christiani
962 2021 1288 2079 voluntaria
1318 2023 1660 2094 hujusmodi
1692 2024 1951 2080 cmcitate

297 2130 453 2185 opus
480 2128 595 2168 non
626 2112 941 2183 habebant,
968 2111 1069 2183 qui
1091 2112 1287 2168 animo
1310 2113 1381 2167 ad
1412 2112 1949 2185 concupiscendum

296 2201 457 2267 caeci,
482 2218 598 2257 non
621 2201 812 2258 solum
833 2200 1232 2273 proscriptum
1255 2200 1377 2271 lege
1398 2202 1598 2258 divina
1615 2203 1949 2259 castitatem

294 2307 536 2348 summo
565 2290 759 2347 studio
790 2290 1077 2359 colebant,
1111 2291 1213 2347 sed
1247 2290 1484 2363 plurimi
1514 2292 1712 2362 etiam,
1745 2308 1949 2365 quem-

294 2381 620 2438 admodum
653 2379 829 2453 paulo
876 2384 1011 2437 ante
1062 2380 1405 2437 dicebamus
1460 2381 1645 2453 (supr.
1679 2382 1788 2437 hoc
1819 2399 1947 2454 cap.

294 2473 407 2525 art.
442 2471 518 2540 4),
550 2473 671 2526 toto
701 2469 833 2525 vitae
862 2485 981 2524 suae
1012 2473 1276 2541 tempore
1304 2469 1362 2524 in
1406 2469 1762 2541 virginitatis
1793 2474 1948 2527 statu

294 2575 675 2632 perseverare
707 2562 1153 2614 consueverant.

366 2648 634 2720 Denique
691 2646 1089 2704 Tertullianus
1148 2647 1365 2703 recenti
1434 2646 1629 2702 adhuc
1683 2648 1948 2721 exemplo

293 2738 513 2795 evincit
566 2738 930 2794 Christianos
990 2737 1062 2792 de
1120 2736 1410 2793 servanda
1465 2736 1731 2794 castitate
1785 2742 1948 2795 tanto

296 2827 490 2899 magis
509 2826 788 2883 sollicitos
812 2826 1246 2897 fuisse,quanto
1271 2825 1680 2897 impudentius
1701 2827 1821 2882 haec
1842 2827 1950 2883 vir-

295 2922 398 2972 tus
432 2917 505 2972 ab
536 2916 786 2973 ethnicis
809 2915 1148 2972 laedebatur.
1171 2915 1342 2982 Audi,
1366 2931 1583 2986 quaeso,
1608 2916 1824 2987 quibus
1852 2916 1949 2974 ille

294 3006 496 3062 verbis
528 3006 635 3062 hos
666 3005 954 3061 castitatis
985 3021 1186 3060 osores
1216 3003 1565 3077 alloquatur,
1598 3009 1654 3060 et
1678 3006 1948 3077 exagitet.

306 3115 327 3144 ι
364 3096 653 3165 Proxime,
686 3094 899 3167 inquit,
958 3096 1029 3150 ad
1080 3094 1349 3150 lenonem
1402 3095 1739 3151 damnando
1782 3096 1948 3151 Chri-

296 3186 579 3253 stianam,
606 3184 805 3256 potius
855 3200 1034 3257 quam
1092 3185 1163 3238 ad
1216 3183 1464 3250 leonem,
1524 3185 1775 3241 confessi
1807 3186 1948 3242 estis

2070 590 2290 663 sophos
2322 607 2522 663 parem
2556 595 2731 663 atque
2770 590 3134 648 Christianos
3181 594 3428 664 proﬁteri
3455 593 3719 651 innocen-

2072 683 2231 747 tiam,
2283 680 2576 752 iustitiam,
2639 683 2998 753 patientiam,
3058 681 3409 738 sobrietatem
3455 682 3715 755 (Tertull.

2070 771 2341 842 Apologet.
2377 787 2503 843 cap.
2537 771 2626 837 46,
2660 786 2794 841 pag.
2824 770 2972 841 500).
3006 770 3151 826 Nam
3177 774 3241 826 ut
3262 770 3462 843 plures
3491 773 3720 831 omitta-

2070 875 2226 927 mus,
2258 860 2461 916 ecdem
2492 860 2691 915 Celsus
2724 859 2897 914 modo
2947 863 3150 915 contra
3195 858 3558 918 Christianos
3595 862 3715 920 dis-

2069 948 2314 1020 putabat
2341 947 2522 1022 (Orig.
2554 948 2654 1004 lib.
2688 965 2707 1004 ι
2740 949 2924 1005 Contr.
2959 948 3095 1005 Cels.
3128 966 3260 1022 pag.
3291 950 3367 1022 6).
3394 949 3549 1006 Nihil
3582 953 3715 1009 novi

2067 1037 2435 1103 aiebat,nihil
2459 1038 2655 1110 magni
2678 1039 2747 1094 de
2772 1039 3038 1094 moribus
3060 1037 3382 1095 christiana
3404 1040 3715 1113 disciplina

2067 1126 2289 1199 attulit,
2320 1128 2475 1199 quod
2508 1143 2642 1182 cum
2696 1125 2825 1183 aliis
2886 1126 3145 1199 antiquis
3199 1126 3566 1203 philosophis
3596 1146 3713 1187 non

2065 1217 2241 1274 fuerit
2271 1234 2604 1288 commune,
2637 1222 2694 1273 et
2723 1218 2796 1272 ab
2829 1217 2912 1273 eis
2945 1218 3245 1273 traditum.

2133 1307 2531 1364 Tertullianus
2561 1307 2743 1380 igitur
2770 1306 3037 1364 ethnicos
3066 1306 3125 1362 id
3166 1306 3508 1379 objicientes
3537 1325 3711 1383 gene-

2065 1397 2171 1452 rali
2202 1399 2457 1469 primum
2490 1397 2714 1452 ratione
2745 1395 2956 1451 refellit
2982 1400 3040 1451 et
3071 1400 3385 1469 expugnat.
3418 1398 3477 1453 Si
3506 1398 3707 1471 iidem,

2062 1486 2279 1558 inquit,
2312 1486 2430 1542 sint
2462 1485 2948 1558 philosophorum
2981 1502 3047 1541 ac
3084 1485 3551 1544 Christianorum
3584 1505 3711 1544 mo-

2063 1591 2177 1645 res,
2210 1577 2547 1648 emdemque
2576 1578 2845 1644 virtutes,
2898 1576 3132 1647 utrique
3188 1577 3444 1647 profecto
3496 1577 3712 1635 debent

2061 1665 2328 1720 eamdem
2360 1665 2575 1721 habere
2606 1664 2941 1737 proﬁtendae
2988 1664 3288 1737 religionis
3312 1683 3430 1722 suae
3465 1666 3708 1724 faculta-

2060 1757 2201 1809 tem.
2236 1753 2352 1809 Cur
2384 1770 2520 1827 ergo
2577 1753 2915 1823 Christiani,
2968 1771 3084 1809 non
3116 1758 3312 1810 autem
3344 1754 3701 1829 philosophi,

2060 1844 2197 1915 diis,
2230 1843 2385 1900 sicut
2439 1842 2593 1899 infra
2649 1842 3036 1916 explicabitur
3088 1842 3351 1915 (Tertull.
3412 1845 3520 1900 Ioc.
3555 1846 3703 1919 cit.),

2058 1934 2372 2004 sacriﬁcare
2406 1939 2504 1989 aut
2533 1933 2801 2006 dejerare,
2850 1941 2949 1989 aut
2995 1933 3250 1989 lucernas
3277 1934 3510 1990 meridie
3538 1952 3708 1992 vanas

2055 2025 2303 2095 proferre
2333 2022 2645 2095 (Rigaltius
2675 2025 2879 2079 contra
2908 2021 3446 2095 manuscriptorum
3478 2028 3536 2081 et
3579 2024 3703 2082 edi-

2057 2116 2253 2168 torum
2285 2112 2556 2168 codicum
2610 2112 2785 2168 ﬁdem
2835 2112 3196 2185 prostituere)
3247 2113 3705 2185 compelluntur?

2060 2224 2089 2251 ‹‹
2120 2203 2236 2258 Cur
2276 2201 2632 2274 philoscphi,
2686 2202 2877 2274 pergit
2924 2205 3129 2257 auctor
3174 2207 3392 2272 noster,
3443 2205 3582 2261 deos
3610 2221 3704 2261 ve-

2059 2293 2213 2345 stros
2243 2288 2437 2361 palam
2487 2291 2821 2358 destruunt,
2860 2293 2917 2346 et
2950 2291 3450 2362 superstititiones
3478 2297 3705 2349 vestras

2059 2378 2497 2434 commentariis
2520 2394 2754 2451 quoque
2770 2379 3457 2445 accusant,laudantibus
3471 2381 3705 2439 vobis?»

2058 2467 2226 2523 Tales
2259 2468 2476 2540 quippe
2507 2468 2748 2523 fuerunt
2775 2468 3078 2540 Diagoras,
3120 2468 3485 2541 Theodorus,
3518 2475 3575 2528 et
3603 2472 3706 2528 Ni-

2059 2574 2321 2629 cagoras,
2354 2558 2424 2613 de
2456 2557 2671 2629 quibus
2698 2556 2837 2613 alibi
2868 2556 3097 2629 egimus
3123 2558 3490 2628 (Dissertat.in
3513 2561 3706 2617 Minui.

2060 2663 2185 2718 cap.
2218 2647 2309 2711 23,
2344 2650 2452 2702 art.
2484 2649 2539 2713 2,
2571 2650 2631 2702 et
2659 2647 2950 2703 Dissertat.
2981 2662 3161 2718 super.
3196 2664 3323 2720 cap.
3358 2649 3444 2712 14,
3479 2653 3589 2706 art.
3624 2652 3699 2722 1).

2058 2736 2168 2792 Sed
2202 2736 2341 2807 quia
2372 2735 2469 2792 ille
2528 2736 2764 2808 adjecit,
2820 2736 3207 2792 Laudantibus
3263 2738 3413 2795 vobis
3439 2739 3703 2809 (Tertull.

2058 2827 2342 2899 Apologet.
2374 2842 2498 2897 cap.
2536 2826 2621 2891 14,
2671 2841 2806 2898 pag.
2855 2825 3003 2898 348),
3048 2826 3238 2898 magis
3271 2826 3513 2884 forsitan
3544 2829 3703 2886 indi-

2059 2932 2191 2972 care
2218 2916 2451 2972 videtur
2478 2919 2773 2971 Socratem
2805 2915 2878 2971 ab
2909 2931 2974 2971 eo
2997 2915 3280 2988 proxime,
3306 2920 3364 2974 et
3382 2922 3574 2990 antea,
3605 2936 3706 2977 no-

2058 3006 2213 3062 mine
2262 3023 2367 3061 suo
2416 3004 2799 3077 appellatum,
2849 3008 3026 3076 atque
3073 3005 3414 3077 Epicurum,
3459 3009 3705 3082 ejusque

2059 3096 2369 3166 asseclam,
2402 3100 2458 3152 et
2486 3094 2901 3151 admiratorem
2937 3095 3293 3166 Lucretium,
3339 3100 3513 3170 atque
3542 3098 3701 3157 Cice-

2059 3202 2283 3252 ronem,
2326 3201 2360 3241 a
2390 3201 2504 3257 quo
2533 3183 2843 3256 gentilium
2873 3184 2954 3239 dii
2984 3183 3045 3239 in
3067 3184 3192 3240 suis
3223 3185 3295 3241 de
3328 3184 3565 3243 illorum
3600 3204 3703 3245 na-

292 3275 489 3331 labem
520 3251 813 3346 pudicitiae
843 3251 999 3345 apud
1029 3290 1136 3329 nos
1186 3273 1526 3329 atrociorem
1561 3274 1721 3329 omni
1754 3293 1945 3346 paena,
1979 3251 2022 3318 (ἶ
2060 3280 2192 3332 tura
2210 3273 2379 3330 libris
2407 3251 2672 3329 iunditus
2698 3272 3004 3328 tolluntur.

292 3369 353 3420 et
382 3364 543 3420 omni
598 3369 784 3419 morte
813 3361 1132 3435 reputari»
1181 3362 1445 3430 (Tertull.
1495 3363 1775 3434 Apologet.
1818 3382 1943 3437 cap.

291 3455 387 3520 50,
424 3470 561 3526 pag.
590 3454 739 3523 530).
773 3453 1144 3523 Quamquam
1193 3456 1390 3507 autem
1449 3452 1618 3508 nobis
1650 3454 1948 3525 incognita

291 3543 373 3599 sit
404 3542 510 3597 illa
541 3541 750 3597 mulier
773 3540 1127 3610 Christiana,
1157 3540 1215 3594 in
1242 3540 1487 3597 dubium
1518 3545 1711 3597 tamen
1745 3542 1944 3600 nullus

288 3646 566 3689 revocare
597 3634 809 3704 potest,
844 3630 986 3701 quin
1009 3647 1096 3699 ea,
1122 3629 1296 3702 paulo
1322 3635 1454 3685 ante
1478 3630 1849 3701 iniquissimo
1879 3651 1944 3689 ac

286 3707 642 3794 turpissimo
669 3720 893 3791 judicio
926 3721 997 3775 ad
1048 3718 1319 3791 lupanar,
1370 3719 1469 3775 ubi
1502 3720 1785 3791 pudicitia
1815 3723 1943 3792 ejus

284 3815 750 3884 expugnaretur,
784 3810 1062 3865 damnata
1091 3809 1285 3865 fuerit.
1331 3810 1404 3863 At
1452 3825 1567 3863 non
1601 3809 1778 3865 unius
1807 3814 1942 3866 tan-

287 3906 421 3958 tum
456 3898 743 3970 mulieris,
769 3900 870 3954 sed
902 3898 1148 3954 aliarum
1180 3897 1441 3969 plurium
1474 3897 1806 3953 castitatem
1837 3899 1943 3955 im-

285 3989 637 4065 probissimi
668 3988 941 4044 homines
971 3988 1224 4043 ludibrio
1258 3987 1611 4042 habuerunt.
1636 3986 1941 4043 Neminem

286 4085 491 4138 autem
524 4096 652 4136 esse
681 4083 984 4151 putamus,
1018 4077 1117 4148 qui
1150 4077 1211 4131 in
1235 4076 1395 4133 Actis
1420 4080 1742 4147 martyrum
1774 4076 1944 4149 plura

278 4172 525 4228 illarum
550 4167 816 4241 exempla
845 4184 961 4225 non
992 4165 1215 4238 legerit.

904 4310 1135 4367 CAPUT
1174 4308 1319 4364 XIII.

277 4408 464 4475 Quam
512 4402 741 4475 absurde
791 4400 1001 4457 ethnici
1056 4399 1395 4475 iactaverint
1443 4414 1602 4475 pares
1656 4414 1768 4454 esse
1797 4399 1939 4475 alias

346 4474 808 4549 philosophorum
855 4487 1084 4549 suorum
1126 4474 1285 4549 atque
1336 4470 1775 4549 Christianorum
1824 4473 1938 4526 vir-

348 4542 540 4617 tutes;
571 4542 637 4602 ac
664 4544 925 4618 quomodo
971 4543 1336 4618 Tertullianus
1368 4546 1479 4597 tam
1526 4542 1730 4599 horum
1760 4558 1935 4614 veras,

346 4616 532 4693 quam
560 4616 787 4674 illorum
815 4619 983 4687 falsas
1014 4631 1133 4670 esse
1159 4616 1521 4671 demonstret.

810 4746 1131 4789 ARTICULUS
1172 4746 1357 4786 PRIMO
1366 4746 1415 4784 8.

275 4831 459 4899 Quam
492 4824 785 4899 immeritis
816 4821 1097 4899 laudibus,
1142 4821 1358 4899 statuis,
1394 4826 1445 4874 et
1471 4819 1937 4899 salariis_etlmici

349 4898 789 4955 remunerarunt
817 4892 1176 4966 philosophos,
1212 4893 1308 4966 qui
1342 4900 1528 4966 sponte
1556 4908 1658 4966 sua
1686 4891 1935 4947 destrue-

352 4971 493 5027 bant
521 4968 744 5023 deorum
773 4964 1001 5031 cultum,
1030 4964 1035 4965 “
1061 4965 1124 5019 in
1177 4964 1450 5035 principes
1494 4964 1792 5031 latrabant,
1824 4980 1935 5019 non

350 5041 660 5115 ejiciebant
678 5041 1115 5115 dzmonesﬂuos
1136 5035 1623 5115 secundumdeos
1646 5037 1934 5115 essearbi-

350 5109 671 5181 trabantur,
706 5110 929 5167 tametsi
964 5109 1296 5164 christianos
1354 5112 1544 5163 contra
1600 5110 1775 5181 iusdet
1826 5109 1931 5177 fas,

342 5193 576 5259 propter
597 5178 760 5239 suum
791 5182 1067 5238 duntaxat
1096 5197 1314 5248 nomen,
1347 5181 1499 5235 omni
1535 5178 1933 5249 suppliciorum

349 5273 555 5327 genere
582 5262 889 5312 enecarent.

350 5374 485 5430 Non
518 5371 703 5427 solam
737 5370 1205 5426 Christianorum
1237 5367 1724 5439 ethnicorumque
1755 5366 1930 5422 casti-

264 5469 462 5523 tatem
492 5460 893 5518 Tertullianus
924 5464 1141 5527 noster,
1176 5460 1277 5515 sed
1309 5474 1513 5513 omnes
1546 5462 1932 5529 utrorumque

261 5555 527 5614 virtutes
565 5551 721 5608 θαι
773 5552 928 5607 inter
984 5566 1045 5606 se
1103 5547 1400 5620 componit
1456 5563 1520 5601 ac
1564 5547 1774 5603 horum
1808 5551 1927 5601 tam

262 5647 610 5715 corruptas,
634 5658 812 5715 quam
833 5640 1067 5696 illorum
1091 5639 1376 5710 perfectas
1393 5654 1521 5692 esse
1542 5638 1927 5692 demonstrat.

262 5736 425 5794 Eam
456 5748 588 5791 vero
619 5729 1115 5805 comparationem
1166 5744 1231 5784 eo
1288 5726 1617 5783 accuratius
1648 5724 1929 5797 instituit,

2126 3388 2268 3438 Cum
2298 3397 2434 3437 vero
2492 3384 2694 3436 auctor
2742 3388 2939 3436 noster
2987 3380 3215 3436 addidit
3259 3382 3420 3449 (Ibid.
3450 3398 3578 3455 cap.
3612 3385 3702 3452 46,

2054 3489 2187 3546 pag.
2221 3472 2395 3544 500):
2430 3493 2457 3521 ‹‹
2492 3469 2953 3542 Superstitiones
2985 3473 3210 3526 vestras
3239 3476 3540 3539 accusant,
3569 3495 3594 3521 »
3627 3473 3699 3529 ad

2054 3562 2361 3626 Senecam,
2414 3575 2590 3631 quem
2642 3558 2806 3630 prius
2854 3557 3150 3623 citaverat,
3199 3558 3355 3615 haud
3405 3560 3582 3616 dubie
3612 3578 3703 3617 re-

2053 3649 2260 3721 spexit.
2295 3648 2379 3704 Ibi
2414 3648 2629 3719 quippe
2658 3646 2858 3713 iidem,
2884 3646 3078 3718 inquit
3098 3647 3282 3719 (Ibid.)
3312 3665 3436 3721 cap.
3477 3651 3696 3724 12,pag.

2050 3740 2198 3809 337),
2230 3759 2252 3787 α
2275 3738 2439 3805 estis,
2466 3736 2565 3809 qui
2593 3737 2873 3792 Senecam
2896 3735 3150 3808 aliquem
3175 3736 3444 3808 pluribus
3464 3742 3523 3794 et
3541 3755 3701 3796 ama-

2054 3828 2307 3884 rioribus
2341 3828 2410 3882 de
2442 3830 2635 3881 vestra
2681 3825 3097 3897 superstitione
3144 3831 3514 3897 perorantem
3557 3846 3694 3900 pro-

2051 3918 2224 3973 batis.
2256 3936 2287 3969 υ
2319 3917 2453 3981 Quae
2484 3914 2721 3986 quidem
2748 3914 2980 3969 Senecae
3008 3915 3184 3970 verba
3213 3915 3351 3971 alibi
3383 3916 3696 3975 retulimus

2051 4011 2224 4078 atque
2256 4006 2409 4060 infra
2436 4003 2629 4059 adhuc
2662 4019 2888 4075 suoque
2917 4002 3042 4058 loco
3074 4003 3419 4073 proferenda
3449 4008 3609 4060 sunt.

2120 4112 2269 4178 Quin
2318 4112 2517 4181 etiam,
2552 4110 2703 4180 quod
2736 4109 3000 4180 plerique,
3054 4108 3135 4164 ait
3165 4109 3356 4165 adhuc
3382 4109 3697 4167 Tertullia-

2048 4220 2161 4258 nus
2192 4201 2361 4270 (Ibid.
2397 4217 2525 4271 cap.
2562 4200 2649 4269 46,
2692 4215 2824 4270 pag.
2869 4199 3021 4269 500),
3049 4198 3361 4270 philosophi
3390 4201 3446 4254 in
3473 4199 3696 4271 princi-

2046 4309 2138 4364 pes
2171 4293 2402 4346 latrant.
2454 4294 2517 4344 1n
2550 4288 2807 4360 quodam
2834 4286 3118 4344 Vaticano
3176 4286 3372 4344 codice
3403 4288 3691 4360 scriptum

2047 4383 2326 4436 notarunt
2354 4379 2637 4444 lacerant,-
2677 4376 2777 4431 sed
2818 4377 3015 4431 minus
3044 4376 3211 4430 bene.
3244 4375 3390 4430 Nam
3422 4376 3493 4432 de
3522 4376 3695 4432 indu-

2045 4471 2189 4527 stria
2237 4468 2455 4524 dixisse
2503 4467 2735 4522 videtur
2785 4464 3017 4531 latrant,
3071 4464 3297 4536 hocque
3345 4464 3519 4522 verbo
3560 4481 3692 4537 per-

2045 4559 2331 4632 stringere
2353 4556 2941 4630 cynicos.1mperator
2956 4554 3250 4625 siquidem
3268 4554 3690 4628 Vespasianus,

1963 4625 2010 4691 D
2047 4625 2519 4717 testevSueto'nic,
2575 4667 2602 4695 «
2651 4625 3012 4700 Demetrium
3061 4643 3360 4716 Cynicum,
3386 4625 3452 4699 in
3483 4644 3691 4702 itinere

2046 4737 2279 4793 obvium
2338 4735 2450 4792 sibi
2527 4739 2661 4805 post
2731 4734 3194 4802 damnationem,
3254 4748 3320 4790 ac
3377 4736 3443 4788 ut
3498 4748 3689 4806 neque

2044 4841 2371 4897 assurgere,
2425 4839 2612 4893 neque
2671 4821 2930 4878 salutare
2986 4837 3049 4877 se
3108 4821 3468 4895 dignantem,
3526 4820 3689 4879 obla-

2042 4919 2295 4971 trantem
2327 4914 2503 4969 etiam
2534 4912 2732 4967 nescio
2765 4911 2926 4984 quid,
2959 4911 3101 4967 satis
3131 4910 3337 4966 habuit
3364 4926 3569 4968 canem
3594 4929 3690 4984 ap-

2043 5004 2261 5078 pellare
2293 5026 2320 5053 »
2369 5006 2629 5074 (Sueton.
2683 5000 2785 5056 lib.
2830 5017 2954 5067 vm,
3008 5002 3070 5056 in
3118 5002 3228 5057 Vit.
3276 5001 3488 5073 Vespas.
3521 5002 3549 5070 §
3578 5001 3688 5074 13).

2041 5098 2253 5150 Narrat
2280 5110 2411 5149 vero
2436 5090 2774 5164 Xiphilinus
2792 5090 3064 5146 eumdem
3085 5089 3518 5162 Vespasianum
3540 5090 3692 5146 Mar-

2043 5183 2193 5240 ciani
2224 5183 2459 5237 hortatu
2491 5182 2549 5236 in
2583 5180 2855 5236 exsilium
2890 5178 3123 5236 misisse
3145 5177 3692 5253 philoscphos,pro-

2040 5278 2243 5346 pterea
2264 5271 2419 5342 quod
2443 5288 2555 5325 non
2581 5273 2811 5325 tantum
2838 5269 3168 5325 Demetrius
3189 5267 3288 5324 ille
3308 5268 3691 5341 Cynicus,sed

2041 5363 2138 5421 alii
2167 5377 2397 5434 quoque
2427 5360 2758 5432 philosophi
2802 5358 2986 5413 multa
3030 5357 3426 5430 ignominiosa
3456 5359 3691 5431 publice

2041 5453 2298 5508 dicerent
2315 5448 2619 5520 (Xiphilin.
2644 5450 2887 5519 Epitom.
2912 5446 3014 5501 lib.
3033 5464 3089 5515 x,
3108 5462 3243 5521 pag.
3263 5446 3372 5502 220
3393 5449 3451 5503 et
3470 5452 3682 5519 seqq.).

2039 5541 2310 5597 Privatim
2371 5542 2565 5594 autem
2617 5538 2805 5593 eidem
2864 5536 3157 5593 Demetrio
3217 5553 3333 5592 non
3391 5536 3681 5608 quiscenti

2038 5630 2215 5687 scribi
2238 5628 2457 5699 jussit:
2493 5627 2786 5683 «Etiamsi
2811 5625 2992 5682 multa
3012 5641 3152 5698 agas
3184 5629 3370 5682 morte
3394 5624 3594 5697 digna,
3614 5641 3681 5682 ac

2029 5720 2236 5794 jubere
2265 5720 2415 5777 ε)πῦ
2472 5717 2698 5791 possim
2729 5720 2784 5774 te
2814 5715 3030 5774 idcirco
3075 5715 3283 5781 occidi,
3318 5711 3426 5789 ἐγὼ
3458 5708 3516 5770 δὶ
3546 5713 3680 5771 κύνα
