4118 6182
484 328 640 410 icis

1002 348 1534 410 TERTULLIANI
1582 348 1899 409 OPERUM
1953 347 2149 407 PARS
2196 347 2241 406 l.
2281 381 2353 389 -—
2386 346 2657 408 SERIES
2701 347 2750 420 Ι,
2797 345 3344 410 APOLOGETICA.

3685 355 3808 415 1016

484 480 822 551 ὑλακτοῦντα
878 477 937 533 οὐ
988 478 1218 556 φονιύω.
1267 481 1376 550 Ego
1424 495 1552 535 vero
1598 495 1792 535 canem
1842 482 2136 535 latrantem
2164 480 2218 547 Α
2248 477 2469 533 dictum
2496 483 2605 547 est,
2640 494 2817 534 suum
2850 494 3059 534 nomen
3107 477 3331 549 publico
3376 479 3496 536 odio
3532 480 3726 554 dignos,
3753 502 3807 541 ac

478 590 586 630 non
618 570 825 629 occido.

556 662 756 732 Neque
787 659 933 715 satis
972 656 1297 731 gentilibus
1342 658 1451 712 fuit
1499 657 1843 728 hujusmodi
1879 657 2134 729 philoso-

480 751 628 825 phos
657 754 715 805 et
746 749 894 804 ferre
924 748 1235 820 patienter,
1270 751 1327 802 et
1358 746 1636 802 laudare:
1674 769 1701 797 α
1734 747 1844 802 Sed
1881 745 2133 811 facilius,

474 840 675 912 inquit
705 842 910 894 auctor
942 841 1159 904 noster,
1196 836 1409 892 statuis
1442 841 1498 892 et
1529 836 1762 892 salariis
1794 851 2133 891 remunera-

477 931 762 986 bantur»
822 926 1091 999 (Tertull.
1155 927 1436 999 Apologet.
1471 941 1596 997 cap.
1654 926 1739 994 [ἦ
1798 942 1928 997 pag.
1989 925 2132 991 497;

477 1017 613 1075 Ibid.
649 1032 776 1088 cap.
831 1017 917 1082 14,
969 1032 1102 1087 pag.
1153 1015 1300 1083 3/18).
1335 1015 1537 1070 Nonne
1588 1019 1781 1069 autem
1821 1013 1925 1081 ibi,
1957 1012 2134 1068 tacito

478 1106 730 1164 Socratis
762 1105 1021 1170 nomine,
1054 1121 1291 1159 auream
1316 1103 1476 1159 illius
1504 1104 2134 1176 designatimaginem,

483 1213 657 1270 quam
690 1196 861 1252 sicuti
898 1195 1173 1267 superius
1219 1194 1655 1260 animadvertit,
1691 1194 1930 1265 ipsimct
1958 1196 2134 1248 Athe-

479 1287 737 1353 nienses,
772 1302 805 1340 a
838 1284 1056 1356 quibus
1090 1288 1277 1338 morte
1309 1283 1596 1337 multatus
1620 1284 1894 1353 fuerat,in
1916 1281 2133 1354 templo

478 1379 683 1449 postea
732 1373 1142 1429 collocarunt?
1184 1373 1448 1427 Aliorum
1482 1388 1616 1428 vero
1648 1371 2131 1443 philosophorum

480 1470 706 1521 statuas
738 1462 787 1518 si
845 1462 951 1518 tibi
1010 1462 1256 1517 indicari
1314 1462 1573 1534 petieris,
1607 1461 1741 1516 audi
1793 1460 2131 1516 Juvenalem

479 1555 748 1610 indoctos
781 1552 1165 1624 castigantem
1220 1551 1512 1623 homines,
1546 1550 1645 1623 qui
1697 1550 1905 1605 falsam
1939 1549 2132 1605 erudi-

482 1644 727 1707 tionem,
763 1642 971 1714 positis
1002 1641 1059 1695 in
1094 1658 1201 1695 sua
1233 1657 1464 1712 quaque
1496 1640 1851 1695 bibliotheca
1880 1639 2134 1711 philoso-

484 1733 738 1806 phorum
769 1731 1003 1802 statuis,
1037 1733 1094 1785 et
1141 1729 1526 1801 imaginibus,
1564 1744 1626 1785 se
1678 1728 1823 1785 satis
1855 1728 2134 1799 probasse

485 1822 949 1879 arbitrabantur.
982 1821 1067 1875 En
1098 1818 1258 1874 illius
1288 1818 1587 1874 carmina:

582 1965 790 2016 Indocti
819 1967 1068 2028 primum,
1101 1977 1411 2027 quanquam
1438 1964 1597 2028 plena
1623 1963 1806 2028 omnia
1844 1976 2034 2026 gypso.

579 2026 861 2091 Chrysippi
886 2026 1149 2091 invenias.
1181 2026 1309 2091 Nam
1339 2026 1760 2091 perfectissimus
1789 2026 1980 2091 horum

579 2092 632 2140 Si
662 2088 787 2153 quis
808 2088 1141 2139 Aristotelem
1173 2090 1400 2153 similem
1431 2088 1514 2136 vel
1547 2090 1780 2138 Pittacon
1808 2089 1952 2153 emit,

578 2155 642 2203 Et
663 2149 817 2216 j'ubet
843 2152 1165 2215 archetypos
1195 2152 1265 2213 (1)
1297 2152 1536 2213 pluteum
1580 2165 1792 2200 servare
1820 2149 2124 2199 Cloanthus.

978 2223 1222 2273 Juvenal.
1254 2223 1407 2273 Satir.
1440 2238 1490 2282 ιι,
1523 2238 1574 2272 v.
1610 2226 1637 2273 4
1667 2227 1720 2272 et
1747 2228 1918 2285 seqq.)

549 2357 754 2414 Plures
785 2373 954 2430 porro
985 2356 1473 2429 philosophorum
1505 2355 1793 2428 imagines
1820 2353 2124 2427 Menagius

479 2446 536 2503 in
570 2463 680 2503 sua
711 2447 1020 2502 Laertiana
1049 2445 1301 2502 editione
1338 2446 1590 2501 exhibet.

550 2534 812 2591 Dabatur
842 2536 1086 2607 insuper
1115 2535 1485 2608 philosophis
1533 2535 1837 2605 salarium,
1873 2533 1991 2589 sive
2021 2551 2125 2589 an-

478 2641 635 2680 nona
664 2628 721 2680 et
749 2640 992 2694 merces,
1044 2642 1077 2679 a
1120 2624 1261 2691 sale,
1324 2626 1407 2679 uti
1442 2630 1639 2680 monet
1692 2623 1917 2679 Plinius
1952 2621 2123 2694 (Plin.

477 2712 578 2769 lib.
612 2731 749 2769 xxxi
778 2716 971 2770 Natur.
1002 2714 1133 2769 hist.
1170 2731 1298 2786 cap.
1347 2714 1402 2780 7,
1436 2730 1568 2786 pag.
1600 2714 1748 2784 809),
1785 2713 1869 2767 sic
1913 2727 2125 2782 cogno-

478 2802 723 2858 minata.
756 2804 1057 2858 Testatum
1114 2803 1407 2858 enimvero
1465 2801 1829 2873 Capitolinus
1887 2801 2024 2855 facit
2053 2802 2124 2855 ab

477 2892 782 2948 Antonino
812 2892 1163 2963 imperatore
1203 2892 1568 2958 mandatum,
1603 2896 1667 2945 ut
1710 2890 2041 2945 rhetoribus
2071 2894 2129 2944 et

472 2980 847 3053 philosophis
879 2997 982 3052 per
1010 2976 1212 3036 omnes
1244 2980 1574 3051 provincias
1612 2980 1826 3036 salaria
1855 2985 1914 3035 et
1945 2979 2125 3034 bono.

478 3086 573 3127 res
606 3070 972 3126 deferrentur
992 3066 1263 3142 (Capitol.
1298 3069 1355 3124 in
1393 3072 1502 3125 Vit.
1537 3070 1801 3125 Antoniu.
1836 3070 1944 3124 sub
1976 3068 2125 3141 ﬂn.).

474 3162 550 3214 At
585 3158 874 3214 Lucianus
905 3159 1201 3214 memoria;
1233 3158 1493 3230 prodidit
1516 3158 1775 3229 (Lucian.
1811 3159 2123 3225 Eunuchus,

2165 1861 2214 1926 B

2245 567 2609 639 quibuslibet
2666 568 3001 640 plectendos
3057 568 3211 624 926
3266 568 3566 640 suppliciis.
3616 570 3811 645 Propter

2246 673 2421 712 suum
2457 658 2670 712 etenim
2705 657 3040 730 piissimum
3065 657 3291 713 vivendi
3313 659 3811 732 genusiisdem,qui-

2245 745 2355 800 bus
2383 745 2718 818 philosophi
2750 744 3227 813 cumulabantur,
3250 746 3489 818 praemiis
3529 752 3579 803 et
3606 748 3811 819 salariis,

2245 850 2312 890 eo
2344 835 2644 906 digniores
2675 839 2859 904 erant,
2888 852 3003 907 quo
3034 835 3247 907 szepius
3275 835 3547 891 daemones
3574 854 3632 892 ex
3657 840 3814 894 obses-

2246 940 2444 980 sorum
2479 924 2785 979 hominum
2818 924 3161 997 corporibus
3192 924 3310 980 solo
3340 925 3811 990 Cbristi,utiosten-

2246 1013 2465 1086 dimus,
2501 1014 2724 1070 nullius
2753 1031 2887 1070 vero
2920 1013 3257 1087 philosophi
3289 1015 3508 1069 nomine
3536 1015 3813 1085 ejiciebant.

2315 1107 2384 1159 Et
2413 1107 2567 1159 certe
2598 1108 2888 1176 quomodo
2921 1104 3216 1159 daemones
3266 1104 3445 1176 fugari
3476 1108 3714 1176 poterant
3736 1122 3813 1160 no-

2246 1191 2401 1248 mine
2432 1192 2938 1265 philosOphorum,
2972 1194 3071 1264 qui
3104 1193 3531 1249 arbitrabantur
3557 1209 3661 1259 eos,
3680 1199 3733 1249 ut
3756 1195 3818 1249 ait

2244 1282 2434 1337 adhuc
2465 1283 2882 1351 Tertullianus,
2916 1300 3047 1339 esse
3076 1283 3367 1339 secundum
3394 1282 3527 1352 deos,
3552 1283 3601 1337 id
3646 1287 3736 1351 est,
3756 1284 3816 1338 si-

2244 1372 2360 1426 cuti
2394 1373 2634 1444 quidem
2686 1371 2908 1443 volunt,
2964 1373 3077 1429 diis
3126 1374 3436 1445 proximos,
3468 1378 3583 1441 aut,
3637 1378 3689 1427 ut
3714 1372 3818 1428 aliis

2244 1459 2451 1531 placet,
2484 1466 2767 1534 tanquam
2799 1463 2959 1530 deos,
2992 1462 3306 1518 habebant.
3340 1461 3479 1519 Nam
3517 1461 3724 1532 scripsit
3748 1460 3819 1515 Ci-

2244 1565 2374 1605 cero
2400 1567 2413 1604 :
2447 1572 2466 1600 α
2492 1552 2572 1607 De
2589 1552 2827 1607 absente
2850 1553 3174 1607 secundum
3196 1554 3526 1623 praesentem
3541 1549 3783 1621 judicare.
3799 1572 3820 1599 ι)

2244 1639 2560 1695 Suetonius
2591 1657 2723 1696 vero
2754 1641 2823 1697 de
2868 1640 3108 1697 Claudio
3156 1641 3495 1712 imperatore
3526 1656 3538 1695 :
3598 1659 3618 1687 ι
3645 1639 3821 1693 Absen-

2245 1728 2402 1785 tibus
2433 1732 2758 1787 secundum
2792 1735 3109 1803 praesentes
3139 1730 3317 1785 dabat
3363 1752 3389 1780 n
3420 1732 3659 1799 (Sueten.
3688 1726 3770 1782 lib.
3794 1742 3821 1780 ν

2248 1820 2349 1875 Vit.
2388 1819 2578 1875 Ctaud.
2636 1823 2664 1888 §
2714 1821 2823 1893 15),
2882 1819 2990 1875 hoc
3038 1824 3147 1889 est,
3207 1820 3443 1892 perinde
3472 1836 3534 1874 ac
3584 1822 3817 1888 tanquam

2243 1913 2441 1965 essent
2472 1913 2808 1981 praesentes.
2839 1910 2947 1963 Sed
2997 1913 3240 1979 utraque
3284 1907 3573 1981 explicatio
3610 1906 3663 1961 in
3690 1920 3819 1961 eum-

2237 1998 2368 2053 dem
2404 1999 2583 2054 ferme
2613 2015 2853 2054 sensum
2886 1998 3112 2069 recidit,
3146 1997 3416 2070 quamvis
3461 1996 3575 2051 haso
3602 1994 3815 2051 secunda

2235 2086 2425 2159 potior
2453 2087 2742 2143 videatur.

2306 2176 2602 2248 Quidquid
2633 2176 2731 2247 sit,
2762 2175 3161 2232 Tertullianus
3204 2180 3403 2249 aperte
3432 2174 3667 2231 declarat
3690 2174 3814 2243 (Ter-

2236 2265 2365 2321 tull.
2400 2266 2509 2321 loc.
2567 2265 2693 2338 cit.)
2742 2265 3125 2338 philosophos
3157 2265 3522 2322 existimasse
3573 2264 3813 2318 demones

2237 2351 2347 2408 sibi
2373 2368 2501 2408 esse
2549 2352 2880 2425 superiores
2932 2369 2999 2410 ac
3047 2354 3363 2409 dominari.
3413 2357 3605 2425 Itaque
3630 2355 3817 2406 tantum

2236 2441 2400 2498 abest
2428 2444 2491 2497 ut
2523 2447 2762 2514 possent
2790 2441 2924 2498 illos
2957 2442 3181 2515 fugare,
3233 2443 3375 2515 quin
3417 2442 3558 2515 ipsis
3588 2441 3817 2508 obseque-

2236 2531 2471 2586 bantur.
2506 2532 2649 2585 Nam
2711 2531 2999 2600 Socrates,
3064 2532 3151 2587 uti
3200 2537 3405 2587 auctor
3436 2535 3622 2587 noster
3664 2542 3822 2601 prose-

2236 2620 2703 2692 quitur,tametsi
2726 2620 3057 2693 Appollinis
3079 2622 3495 2689 oraculo,sicut
3514 2618 3640 2674 alibi
3667 2618 3820 2672 obser-

2235 2714 2429 2766 vatum
2456 2726 2487 2763 a
2505 2706 2680 2765 nobis
2709 2709 2816 2765 fuit
2837 2710 3149 2782 (Dissertat.
3169 2711 3227 2765 in
3249 2711 3448 2767 Minut.
3477 2710 3765 2777 Octav.cap.
3781 2705 3821 2772 3,

2237 2804 2345 2855 art.
2379 2801 2413 2853 2
2461 2806 2517 2854 et
2545 2801 2616 2868 3;
2677 2800 2811 2856 Ibid.
2846 2805 2903 2855 et
2959 2804 3102 2855 tom.
3148 2800 3169 2854 Ι
3228 2802 3497 2872 Apparet.
3552 2814 3669 2870 pag.
3698 2794 3823 2858 1115)

2237 2889 2501 2944 omnium
2533 2889 3008 2961 sapientissimus
3036 2890 3411 2945 renuntiatus
3442 2888 3623 2955 fuerit,
3646 2883 3826 2941 solebat

2236 2978 2444 3033 dicere.
2478 2978 2541 3034 Si
2568 2979 2905 3036 daemonium
2956 2978 3189 3051 (supple
3224 2980 3433 3050 nicum)
3474 2975 3749 3050 permittat,
3775 2974 3823 3025 ut

2236 3067 2345 3122 hoc
2375 3067 2463 3123 vel
2520 3067 2665 3123 illud
2696 3069 2907 3124 faciam
2967 3068 3230 3139 (Tertull.
3281 3068 3395 3125 loc.
3460 3066 3549 3123 cit.
3603 3069 3655 3121 et
3694 3076 3821 3133 supr.

2238 3173 2363 3228 cap.
2397 3158 2508 3228 22).
2572 3158 2633 3212 In
2686 3157 2795 3213 hac
2852 3156 3007 3212 enim
3065 3161 3123 3212 et
3177 3156 3315 3213 aliis
3373 3150 3824 3213 dissertationibus

471 3263 568 3304 seu
592 3249 899 3317 Pamphit.,
934 3263 1066 3319 pag.
1100 3249 1223 3315 535)
1248 3248 1637 3304 constitutum
1670 3248 1740 3302 ab
1773 3248 2127 3319 imperatore
2157 3232 2200 3300 C
2239 3246 2602 3301 ostendimus
2651 3247 2944 3317 quomodo
2994 3251 3358 3303 asseveraret
3408 3246 3519 3302 sibi
3566 3262 3596 3300 ι
3622 3237 3826 3316 pueritia

480 3336 789 3411 μισθοφορά
844 3355 927 3396 τις
984 3334 1045 3390 οὐ
1099 3332 1281 3411 φαύλη
1335 3353 1446 3393 non
1502 3338 1764 3407 exiguum
1821 3337 2123 3405 salarium,

473 3422 622 3480 ἀλλὰ
653 3425 867 3500 μυρίαι,
899 3424 1072 3481 decies
1114 3427 1268 3481 mitte
1312 3442 1684 3496 nummorum,
1736 3426 1959 3492 stoicis,
2002 3426 2124 3497 pla-

471 3513 707 3579 tonicis,
742 3514 1051 3585 epicureis,
1100 3514 1517 3585 peripateticis,
1569 3514 1817 3586 aliisque
1866 3514 2126 3586 philoso-

478 3602 610 3674 phis
667 3601 1143 3657 distribuendum
1180 3644 1194 3668 ,
1254 3608 1318 3657 ut
1392 3601 1759 3675 iuventutem
1828 3604 2124 3659 docerent.

478 3690 683 3745 Nonne
714 3690 891 3745 etiam
952 3691 1313 3763 Augustinus
1356 3692 1427 3747 de
1484 3692 1693 3747 iisdem
1737 3692 2127 3764 philosophis,

481 3777 652 3834 sicuti
685 3781 742 3833 et
772 3778 925 3845 aliis,
957 3778 1079 3834 hinc
1137 3796 1266 3852 quas
1317 3781 1386 3834 ad
1449 3781 1812 3851 propositum
1859 3786 2126 3837 nostrum

484 3885 600 3923 non
632 3884 839 3939 parum
872 3869 1227 3936 conducunt,
1254 3870 1430 3925 verba
1460 3870 1599 3925 facit
1625 3873 1647 3924 ?
1674 3871 1944 3943 (August.
1978 3871 2080 3925 lib.
2111 3890 2129 3926 ι

481 3957 547 4013 de
572 3957 738 4013 Givit.
774 3973 901 4028 cap.
936 3958 989 4024 3,
1025 3974 1156 4029 pag.
1212 3958 1289 4029 4.)
1322 3980 1349 4007 ‹‹
1402 3958 1580 4014 Nobis
1610 3958 1827 4015 ethnici
1887 3977 2129 4016 succen-

480 4049 631 4112 sent,
665 4062 797 4101 cum
848 4047 919 4101 de
949 4046 1063 4102 diis
1111 4063 1312 4103 eorum
1342 4046 1482 4102 talia
1540 4048 1815 4118 dicimus,
1859 4066 1960 4105 nec
1992 4066 2130 4105 suc-

479 4140 722 4192 censent
753 4135 1093 4191 auctoribus
1137 4136 1283 4205 suis,
1335 4154 1483 4208 quos
1516 4142 1580 4192 ut
1626 4138 1941 4206 edicerent,
1977 4155 2127 4194 mer-

476 4225 679 4282 cedem
714 4225 1022 4293 dederunt,
1048 4226 1433 4297 doctoresque
1462 4226 1623 4297 ipsos
1643 4226 1886 4298 insuper
1905 4232 1961 4282 et
1982 4227 2130 4283 sala-

478 4313 564 4370 rio
596 4312 832 4386 publico
865 4317 921 4369 et
950 4314 1274 4369 honoribus
1304 4315 1686 4387 dignissimos
1715 4315 2068 4372 habuerunt.
2102 4339 2123 4366 ι

550 4403 674 4466 Qua
725 4417 860 4474 ergo
920 4401 979 4455 hi
1031 4403 1220 4457 fronte
1276 4420 1461 4476 quove
1518 4404 1712 4460 furore
1762 4404 2129 4462 Christianos

482 4488 745 4560 quolibet
774 4489 1199 4561 suppliciorum
1233 4508 1443 4562 genere
1480 4493 1833 4564 torquebant
1860 4499 1918 4548 et
1949 4494 2128 4548 truci-

2237 3336 2494 3393 astitiese
2524 3337 2874 3403 daemonem,
2924 3353 3039 3408 quo
3083 3353 3189 3392 nec
3237 3335 3505 3393 consulto
3535 3348 3633 3389 nec
3658 3343 3824 3401 appro-

2236 3426 2412 3482 bante
2435 3426 2576 3481 nihil
2603 3444 2863 3498 unquam
2887 3426 3096 3498 agebat
3113 3426 3325 3499 (Idem,
3350 3426 3612 3498 Apotoget.
3631 3437 3739 3492 cap.
3756 3416 3823 3480 46,

2236 3531 2365 3587 pag.
2413 3516 2560 3586 500).
2611 3518 2681 3570 At
2711 3515 2761 3570 is
2820 3515 2946 3587 ipso
2981 3514 3373 3571 nihilominus
3421 3515 3568 3570 idem
3607 3510 3825 3566 Socrates

2237 3604 2495 3659 moriens
2547 3604 2808 3677 prazcipit
2863 3602 3079 3677 gallum
3132 3604 3510 3673 gallinaceum
3562 3594 3825 3666 .‘Esculapio

2234 3695 2533 3765 prosecari,
2566 3710 2669 3748 seu
2719 3692 2982 3749 mactari.
3035 3693 3141 3748 Sed
3174 3694 3316 3764 quia
3365 3691 3581 3764 aliquid
3626 3689 3689 3743 de
3711 3682 3825 3739 veri-

2238 3788 2357 3838 tate
2414 3783 2696 3854 sapiebat,
2730 3784 2870 3838 deos
2927 3799 3057 3838 esse
3104 3783 3360 3854 negavit.
3419 3783 3546 3846 Quae
3575 3776 3826 3850 quidemn

2240 3871 2410 3928 nobis
2442 3872 2556 3926 alia
2582 3871 2637 3926 in
2661 3870 3072 3928 dissertatione
3100 3871 3391 3944 explicata
3411 3876 3547 3927 sunt
3574 3863 3824 3937 (Disseruit.

2238 3964 2297 4017 in
2328 3964 2569 4017 Lactant.
2604 3978 2729 4031 cap.
2780 3960 2869 4032 39,
2920 3964 3029 4017 art.
3065 3961 3115 4028 1,
3164 3965 3217 4015 et
3270 3962 3552 4017 Dissertat.
3593 3959 3643 4011 in
3672 3952 3823 4009 Minui.

2241 4053 2421 4108 Octav.
2456 4050 2564 4105 loc.
2599 4050 2743 4118 cit.).

2310 4143 2380 4196 At
2410 4156 2577 4212 porro
2608 4140 2876 4195 Socrates
2926 4139 3046 4195 sive
3087 4140 3228 4195 deos
3280 4137 3593 4213 agnoverit,
3622 4134 3725 4191 sive
3749 4144 3827 4183 ne-

2240 4228 2483 4302 gaverit,
2514 4245 2626 4283 non
2662 4231 2887 4299 poterat
2927 4228 3132 4300 utique
3162 4228 3481 4296 daemones,
3531 4241 3684 4299 quos,
3712 4217 3830 4275 sicut

2238 4317 2337 4374 alii
2367 4316 2603 4387 ethnici,
2637 4317 2774 4373 deos
2806 4321 2907 4372 aut
2949 4316 3043 4372 his
3092 4317 3395 4388 proximos
3439 4332 3563 4372 esse
3605 4321 3829 4369 auluma-

2240 4408 2357 4477 bat,
2393 4407 2613 4479 fugare,
2649 4410 2750 4461 aut
2793 4423 2861 4461 ex
2892 4405 3269 4461 obsessorum
3314 4404 3594 4478 expellere
3622 4393 3829 4469 corpori-

2238 4497 2370 4551 bus.
2405 4496 2577 4566 Atqui
2611 4495 2659 4550 si
2692 4494 2941 4551 facultas
2993 4498 3221 4550 tantum
3257 4494 3601 4551 beneficium
3626 4481 3831 4545 ethnicis

483 4578 743 4667 dabant:
776 4577 1160 4650 philosophos
1189 4597 1323 4636 vero
1364 4598 1503 4636 suos
1552 4581 1793 4653 impune
1846 4583 2127 4649 ferebant,
2161 4603 2207 4667 Β
2242 4585 2552 4658 praestandi
2611 4584 2957 4639 Christianis
3013 4600 3292 4639 concessa
3344 4584 3475 4649 fuit,
3531 4580 3577 4637 si
3606 4575 3831 4634 meliores

482 4666 828 4733 laudabant,
862 4669 1207 4739 magnisque
1239 4672 1692 4727 remunerabant
1721 4672 2041 4735 beneﬁciis.
2073 4677 2130 4728 et

484 4755 760 4826 praemiis,
814 4758 1050 4813 tametsi
1109 4758 1329 4815 similes
1387 4765 1775 4833 utrorumque
1832 4778 2024 4817 mores
2063 4778 2130 4818 ac

482 4843 729 4899 virtutes
777 4843 1001 4899 similes
1061 4862 1190 4901 esse
1244 4849 1661 4905 vcnditarent?
1716 4852 1781 4904 At
1811 4849 2127 4906 Christiani

483 4930 737 4987 ethnicis
769 4947 883 4986 non
917 4930 1126 4987 virtute
1150 4950 1320 5004 pares
1352 4940 1579 4991 tantum
1613 4940 1798 5003 erant,
1832 4938 1931 4992 scd
1959 4935 2129 5009 longe

480 5019 804 5077 sanctiores
858 5021 1429 5095 prmstantioresque,
1480 5026 1979 5098 quemadmodum
2038 5026 2124 5080 in-

476 5109 796 5166 victissime
830 5110 1384 5168 demonstravimus.

548 5199 711 5253 Unde
740 5197 920 5270 igitur
948 5202 1111 5254 tanta
1128 5200 1487 5270 judiciorum
1513 5202 1950 5275 discrepantia?
1981 5203 2129 5269 Quia

471 5287 824 5359 philosophi,
886 5291 947 5342 ut
1007 5291 1160 5341 recte
1217 5289 1466 5345 advertit
1518 5290 1958 5361 Tertullianus,
2016 5308 2127 5347 non

478 5376 782 5433 Christiani
826 5378 1301 5447 cognominantur
1347 5378 1608 5445 (Tertull.
1660 5381 1942 5451 Apotoget.
1995 5398 2121 5453 cap.

485 5469 566 5536 ’16,
600 5483 732 5539 pag.
764 5468 910 5535 500).
952 5464 1182 5518 Ethnici
1215 5464 1369 5519 enim
1405 5483 1520 5521 non
1573 5485 1807 5523 summa
1856 5470 1982 5524 sine
2014 5470 2123 5525 ini-

477 5556 700 5626 quitate
730 5552 1175 5610 conclamabant
1199 5553 1565 5611 Christianos
1606 5558 1677 5613 ob
1723 5558 1935 5626 solum,
1969 5560 2124 5616 sicut

551 5679 632 5752 (1)
663 5678 726 5737 Id
756 5681 866 5750 est,
899 5675 1311 5737 Bibliothecam.

2238 4679 2403 4731 erant
2434 4673 2689 4742 illorum,
2724 4689 2902 4744 quam
2942 4671 3251 4745 gentilium
3287 4688 3479 4727 mores
3526 4686 3588 4725 ac
3613 4667 3829 4723 virtutes,

2239 4782 2355 4820 non
2388 4767 2658 4836 poterant
2692 4763 2896 4834 utique
2926 4761 3103 4816 iidem
3134 4758 3524 4834 gentiles,nisi
3553 4751 3830 4821 contrajus

2237 4870 2411 4910 omne
2457 4859 2513 4908 et
2569 4853 2677 4917 fas,
2731 4850 2863 4906 illos
2908 4850 3093 4921 pmnis
3144 4850 3566 4921 tormentisque
3602 4840 3831 4901 omnibus

2237 4959 2496 5010 enecare,
2529 4942 2634 4996 hos
2657 4956 2792 4997 vero
2811 4939 3042 5012 magnis
3064 4939 3126 4993 af
3128 4940 3294 4995 ﬁcere
3324 4937 3595 4994 laudibus
3619 4950 3677 4989 ac
3694 4931 3832 4985 bene-

2238 5033 2400 5088 ficiis.
2434 5032 2537 5088 Sed
2572 5046 2892 5101 sequamur
2917 5028 3104 5084 adhuc
3126 5027 3553 5084 Tertullianum
3583 5028 3831 5080 utrorum-

2237 5138 2349 5192 que
2382 5122 2624 5176 virtutes
2655 5118 2995 5191 singulatim
3026 5121 3488 5190 comparantem.

2851 5321 3169 5361 ARTICULUS
3210 5322 3270 5360 ιι.

2236 5425 2415 5492 Quam
2446 5422 2679 5477 absurde
2709 5420 3039 5476 Christianis
3066 5422 3293 5477 scientia
3314 5425 3364 5476 et
3393 5408 3833 5492 ἀιὶςσίρζίῖιιὲέείιαξ·

2302 5498 2578 5566 parentur
2624 5492 2949 5564 philosophi
3001 5492 3267 5562 gentiles,
3322 5486 3828 5566 glori'ae'titiidinosii

2302 5562 2638 5637 aﬁectantes'
2672 5581 2727 5620 se
2785 5565 2972 5621 docere
3019 5562 3335 5634 veritatem,
3388 5580 3550 5635 quam
3601 5562 3657 5614 in
3696 5566 3831 5611 sacra
