4118 6182
327 315 482 376 1017

1251 312 1324 371 D.
1370 311 1466 370 LE
1509 308 1849 370 NOURIIY'
1886 303 2532 366 OBSERVATIONES
2578 301 2830 363 NOVIE.

3588 298 3742 361 1018

318 449 610 526 Scriptura
638 449 943 513 inventam,
974 444 1269 526 captandas
1311 444 1595 526 popularis
1645 455 1814 526 auarae.
1848 456 1977 508 gra-
2010 440 2062 505 Α
2098 436 2255 492 tione
2304 436 2498 508 pravis
2545 434 2917 507 epinionibus
2980 431 3140 487 illam
3204 430 3633 502 adulterabant,
3672 449 3741 487 ne

393 512 476 576 tia
530 512 937 596 corruperant,
976 512 1172 589 et'qu'i
1222 534 1258 571 a
1302 512 1631 596 Spartiatis,
1692 512 1975 579 Thebanis,

395 594 625 661 Argivis
653 589 835 647 sOlum
859 599 1068 646 vertere
1098 589 1365 659 compulsi
1392 594 1544 641 sunt.

395 717 608 771 Mirum
642 732 784 770 sane
813 731 989 787 quam
1039 730 1188 769 vana
1218 718 1274 767 et
1306 712 1536 767 insulsa
1584 711 1979 767 ostentatione

317 808 473 862 027
522 804 743 860 ethnici
792 805 1153 874 objectarent
1198 820 1398 874 parem
1432 819 1560 857 esse
1594 800 1976 873 philosopho-

318 912 452 949 rum
483 898 929 964 suorum,atque
953 892 1420 947 Christianorum
1454 891 1976 957 scientiam,disci-

316 984 564 1056 plinam,
606 988 664 1038 et
712 982 1060 1054 sapienliam
1108 980 1475 1049 (Tertullian.
1509 980 1610 1035 lib.
1647 998 1684 1035 ιι
1744 981 1813 1035 ad
1842 984 1968 1037 Nat.

316 1088 451 1146 pag.
515 1072 664 1143 585).
718 1072 864 1127 Nam
924 1071 1123 1140 hujus,
1174 1079 1237 1125 ut
1286 1070 1499 1125 citatus
1552 1070 1972 1126 aTerlulliano

314 1162 591 1219 Salomon
626 1161 950 1216 rectissime
981 1160 1146 1214 docet
1179 1175 1191 1213 :
1228 1161 1455 1215 Initium
1481 1162 1767 1229 sapientia
1797 1163 1973 1213 metus

312 1254 375 1307 in
412 1253 575 1306 Deum
608 1251 800 1319 (Ecclz'.
836 1268 873 1315 ι,
911 1249 1017 1314 l6).
1058 1250 1127 1303 Et
1175 1248 1293 1304 hac
1354 1249 1592 1321 quidem
1648 1250 1824 1304 verba
1869 1250 1972 1305 de-

317 1344 559 1411 sumpta
619 1344 757 1394 sunt
810 1356 877 1394 ex
926 1338 1315 1394 Ecelesiastici
1364 1339 1738 1411 libro,quem
1772 1344 1975 1395 auctor

314 1438 539 1495 noster,
572 1433 747 1500 atque
778 1428 896 1493 alii,
930 1428 1083 1483 sicut
1112 1427 1250 1483 alibi
1268 1428 1631 1484 ostendimus
1654 1430 1969 1500 (Dissertat.

310 1521 375 1574 in
404 1522 659 1575 Lactant.
694 1534 818 1589 cap.
856 1519 945 1585 11,
988 1522 1098 1573 art.
1149 1518 1227 1587 3),
1275 1516 1571 1572 Salomoni
1624 1518 1972 1573 nominatim

308 1608 605 1663 tribuunt.
642 1607 794 1661 Licet
825 1609 1020 1661 autem
1056 1606 1107 1661 ei
1139 1606 1597 1677 abjudicaretur,
1631 1625 1744 1661 non
1777 1607 1972 1663 minus

311 1714 453 1753 vera
482 1701 607 1752 erat
639 1695 760 1751 hac
810 1696 1123 1751 sententia.
1172 1700 1243 1751 At
1300 1697 1592 1767 quomodo
1638 1697 1972 1768 philosophi

314 1785 571 1859 gentiles
602 1790 869 1857 poterant
905 1785 1140 1840 initium
1188 1786 1402 1840 habere
1452 1786 1754 1857 sapientia
1786 1786 1969 1841 Deum
2003 1818 2051 1883 Β

312 1874 601 1943 timendo,
633 1891 806 1945 quem
867 1891 1173 1947 nunquam
1222 1875 1630 1946 agnoverunt?
1660 1875 1974 1931 Christiani

326 1969 528 2019 autem
589 1978 723 2018 eum
780 1980 977 2020 revera
1033 1963 1484 2033 cognoscebant,
1537 1981 1601 2019 ac
1667 1965 1976 2034 timebant,

328 2056 506 2124 atque
535 2052 750 2108 idcirco
789 2052 899 2108 hoc
933 2051 1157 2124 praditi
1188 2057 1353 2108 erant
1383 2052 1683 2124 sapientia
1714 2052 1902 2109 initio.

396 2165 683 2216 Praeterea
711 2160 771 2216 hi
830 2177 944 2216 non
976 2159 1167 2216 solum
1199 2176 1267 2215 ex
1295 2159 1425 2228 hoc,
1457 2161 1559 2215 sed
1593 2160 1723 2217 aliis
1749 2177 1979 2233 quoque

326 2266 507 2306 sacra
541 2250 855 2322 Scriptura
901 2248 1092 2316 libris,
1139 2253 1422 2321 tanquam
1467 2249 1679 2305 divinis
1729 2250 1981 2322 purissi-

328 2339 559 2408 misque
593 2339 850 2395 fontibus
882 2338 1155 2395 haustam
1187 2338 1489 2395 veritatem
1541 2339 1693 2395 hanc
1747 2340 1977 2411 sapien-

325 2430 472 2485 tiam
507 2430 858 2496 necessario,
892 2430 973 2483 ait
1005 2427 1425 2499 Tertullianus,
1458 2435 1891 2500 consectantur,
1918 2436 1981 2486 ut

325 2524 555 2575 aterna
586 2518 762 2575 saluti
794 2536 915 2577 sua
946 2517 1257 2573 consulant
1306 2517 1666 2590 (Tertullian.
1701 2522 1976 2591 Apologet-

325 2624 458 2680 cap.
492 2609 580 2673 46,
614 2623 743 2679 pag.
776 2608 926 2677 500).
975 2606 1229 2661 Gentiles
1264 2623 1396 2661 vero
1449 2606 1782 2679 philosophi
1834 2609 1978 2664 veri-

326 2702 535 2765 tatem,
572 2697 783 2768 inquit,
818 2696 1095 2768 affectant,
1145 2701 1199 2750 et
1249 2696 1546 2767 affectando
1595 2703 1976 2769 corrumpunt,

327 2792 388 2842 ut
421 2788 517 2857 qui
562 2785 809 2855 gloriam
856 2788 1078 2857 captant
1128 2784 1286 2857 (Ibid.
1340 2802 1466 2857 cap.
1502 2786 1590 2853 47,
1642 2802 1779 2858 pag.
1827 2788 1976 2857 515).

330 2875 491 2933 Nihil
519 2876 736 2948 quippe
761 2875 846 2931 eis
876 2874 1063 2946 magis
1104 2874 1262 2929 cordi
1311 2879 1454 2939 erat,
1488 2892 1662 2946 quam
1698 2880 1760 2931 ut
1791 2876 1980 2931 nomi-

328 2966 451 3033 nis,
509 2966 698 3033 fama,
732 2982 797 3020 ac
846 2980 1003 3019 vana
1053 2963 1248 3036 gloria
1296 2963 1692 3019 celebritatem
1749 2982 1981 3037 quoquo

332 3056 509 3111 modo
561 3058 1015 3126 aucuparentur.
1058 3054 1419 3125 Quapropter
1484 3054 1554 3109 ab
1613 3054 1711 3109 illo
1782 3060 1984 3126 postea

328 3148 611 3201 vocantur
626 3145 824 3213 gloria
844 3150 895 3199 et
926 3145 1251 3214 eloquentia
1273 3143 1441 3198 solius
1464 3144 1753 3199 libidinosi
1773 3145 1979 3214 (Idem,

326 3235 395 3289 de
428 3235 606 3288 Anim.
639 3250 763 3304 cap.
801 3234 878 3303 7),
912 3234 967 3287 id
1002 3236 1108 3300 est,
1142 3231 1487 3287 avidissimi.
1520 3233 1645 3288 Alio
1678 3239 1873 3289 antem
1921 3234 1982 3289 in

328 3323 483 3379 libro
531 3322 926 3393 Philosophus,
976 3322 1191 3394 inquit,
1248 3322 1441 3393 gloria
1500 3324 1731 3377 animal.
1790 3324 1985 3394 Atque

328 3412 455 3467 hac
486 3411 743 3467 auctoris
777 3411 961 3467 nostri
991 3411 1166 3466 verba
1196 3411 1587 3483 Hieronymus
1619 3412 1771 3467 haud
1809 3412 1985 3468 dubie

330 3505 661 3569 mutuatus,
712 3501 901 3573 ipsius
954 3501 1254 3557 sententia
1296 3501 1646 3572 subscripsit
1680 3518 1692 3557 :
1730 3524 1755 3551 ‹‹
1788 3502 1983 3557 Philo-

330 3592 557 3664 sophus
607 3590 803 3663 gloria
852 3590 1092 3658 animal,
1139 3594 1195 3646 et
1243 3590 1546 3663 popularis
1599 3609 1753 3646 aura
1813 3596 1986 3663 atque

330 3697 637 3735 rumorum
704 3679 814 3734 vile
848 3679 1205 3751 mancipium
1243 3702 1269 3728 ››
1300 3681 1659 3753 (Hieronym,
1692 3681 1861 3753 epist.
1893 3682 1983 3751 54,

328 3771 405 3825 ad
433 3769 757 3825 Pammach.
786 3784 916 3841 pag.
950 3769 1096 3840 585).
1132 3771 1201 3823 At
1227 3769 1534 3833 Lucianus,
1556 3768 1663 3823 etsi
1690 3769 1983 3837 ethnicus,

329 3860 443 3915 hos
500 3858 882 3931 philosophos
932 3859 1101 3931 longe
1149 3858 1341 3913 acrius
1388 3858 1727 3913 insectatur.
1783 3857 1984 3914 Palam

332 3950 556 4022 quippe
588 3952 883 4004 asseverat
921 3947 1052 4003 illos
1087 3964 1272 4019 genus
1303 3964 1429 4003 esse
1460 3944 1983 4022 hominumﬁpybv,

330 4041 666 4120 φιλόνεικον,
699 4037 1003 4111 κενόδοξον,
1063 4040 1354 4115 ὀξύχολον,
1394 4035 1721 4114 ὑπόλιχνον,
1759 4040 1982 4113 ὑπόμω-

329 4153 447 4207 ρον,
498 4128 899 4209 τετυφωμένον,
951 4125 1161 4205 ὕϐριως
1221 4127 1524 4197 ἀνάπλεων,
1585 4128 1672 4183 καὶ
1724 4128 1816 4183 ’ἕνα
1867 4131 1985 4194 καθ’

323 4222 580 4296 (Όμηρον
628 4217 787 4293 εἴπω,
838 4221 1009 4295 ἄχθος
1062 4218 1321 4294 ἀρούρης.
1383 4222 1645 4287 Otiosum,
1677 4222 1984 4276 contentio—

324 4328 475 4380 sum,
536 4312 729 4382 gloria
782 4311 1027 4376 avidum,
1062 4311 1413 4378 iracundum,
1464 4311 1613 4379 gulae
1659 4311 1983 4380 studiosum,

324 4402 581 4471 stultum,
641 4403 969 4470 fastuosum,
1028 4401 1498 4464 contumeliosum,
1562 4408 1615 4454 et
1690 4404 1751 4453 ut
1806 4400 1985 4456 verbis

328 4492 643 4547 Homericis
678 4490 889 4558 dicam,
934 4491 1166 4545 Telluris
1214 4490 1418 4545 inutile
1464 4487 1671 4559 pondus
1717 4488 1983 4558 (Lucian.

2092 527 2379 598 patefacta
2426 525 2635 596 vulgus
2677 526 2953 579 insanum
3020 522 3357 587 offenderet,
3400 526 3456 575 et
3504 525 3566 576 ut
3624 522 3735 593 ipsi

2094 616 2301 670 falsam
2336 632 2493 669 vana
2527 614 2873 667 eruditionis
2904 612 3146 683 gloriam
3201 611 3309 665 sibi
3346 614 3635 681 parerent,
3668 628 3733 666 ac

2086 710 2454 759 venarentur.
2503 702 3041 765 Verumenimvero,
3086 722 3115 747 «
3174 703 3235 752 In
3282 704 3593 769 quantum,
3654 699 3736 753 ait

2085 794 2502 857 Tertullianus,
2538 793 2737 846 odium
2774 792 2973 855 flagrat
3010 788 3241 852 veritas,
3275 787 3333 841 in
3366 791 3596 841 tantum
3633 789 3731 859 qui

2085 898 2208 936 eam
2254 899 2321 935 ex
2359 882 2466 935 lide
2497 885 2755 952 prastat,
2796 877 3057 934 offendit.
3110 877 3213 940 Qui
3270 880 3459 930 autem
3504 876 3730 931 adulte-

2082 974 2194 1036 rat,
2243 970 2349 1025 hoc
2402 969 2649 1024 maxime
2704 968 2939 1023 nomine
3010 966 3259 1038 gratiam
3317 964 3470 1021 928
3532 966 3734 1037 pangit

2083 1061 2235 1131 apud
2272 1059 2652 1113 insectatores
2684 1056 2943 1112 veritatis
2978 1078 3003 1103 ››
3049 1053 3417 1127 (Tertullian.
3456 1055 3728 1126 Apologet.

2082 1166 2205 1218 cap.
2243 1150 2327 1217 46,
2368 1164 2494 1217 pag.
2528 1149 2670 1216 500).
2709 1148 2777 1200 Et
2826 1146 2946 1201 hac
2994 1144 3254 1215 quidem,
3306 1158 3408 1197 nec
3460 1142 3626 1215 plura
3671 1144 3728 1199 in

2082 1237 2335 1310 Rigaltii,
2386 1244 2442 1293 et
2478 1236 2811 1292 subsccutis
2860 1234 2991 1289 aliis
3038 1232 3415 1287 editionibus.
3467 1237 3529 1286 In
3586 1234 3731 1289 anti-

2082 1328 2389 1398 quioribus
2420 1343 2573 1391 vero,
2613 1342 2714 1380 nec
2746 1342 2858 1379 non
2900 1324 2958 1378 in
2992 1322 3211 1377 nostris
3259 1322 3560 1377 codicibus
3600 1339 3729 1377 ma-

2082 1417 2426 1486 nuscriptis,
2464 1421 2594 1486 post
2626 1414 2864 1467 verbum
2900 1413 3175 1467 adulterat
3207 1410 3475 1465 additum
3532 1416 3638 1477 est,
3674 1415 3731 1466 et

2082 1508 2317 1576 affectat,
2371 1522 2435 1577 ac
2484 1510 2617 1575 post
2662 1520 2870 1558 nomen
2940 1503 3208 1566 veritatis,
3270 1498 3503 1571 legitur,
3564 1517 3729 1571 quam

2082 1596 2245 1669 (editi
2271 1596 2402 1666 qua)
2462 1596 2738 1659 illusores,
2796 1599 2847 1649 et
2891 1601 3237 1665 corruptores
3293 1596 3515 1650 inimice
3570 1591 3729 1663 (editi

2085 1686 2326 1757 mimice)
2354 1684 2664 1755 philosophi
2712 1685 2988 1755 aﬂerfant.
3041 1685 3155 1740 Cur
3198 1690 3392 1741 autem
3442 1682 3729 1755 Rigaltius

2084 1775 2283 1830 omnia
2330 1773 2449 1828 hac
2503 1772 2865 1835 resecaverit,
2901 1773 3179 1828 rationem
3214 1774 3262 1829 si
3318 1790 3564 1845 quaras,
3601 1770 3728 1826 nul-

2082 1864 2199 1920 lam
2248 1864 2320 1918 ab
2365 1879 2429 1917 eo
2481 1863 2675 1916 datam
2708 1861 2989 1916 invenies.
3040 1863 3186 1925 Quid
3220 1863 3401 1930 ergo?
3448 1861 3727 1932 Nunquid

2085 1952 2425 2007 obscuriora
2446 1967 2512 2007 ea
2541 1967 2669 2006 esse
2700 1950 2944 2021 putavit,
2974 1954 3030 2005 et
3059 1951 3186 2007 ideo
3217 1950 3517 2006 tollenda?
3558 1951 3730 2005 Recte

2087 2042 2346 2114 quidem,
2379 2041 2427 2095 si
2474 2040 2679 2112 ipsius.
2725 2056 2837 2095 non
2875 2040 3102 2111 antiqui
3136 2041 3403 2097 Auctoris
3432 2040 3606 2095 verba
3636 2055 3727 2094 es-

2086 2136 2238 2196 sent,
2271 2148 2395 2203 qua
2437 2129 2842 2202 supprimendi
2887 2129 3086 2184 nullus
3117 2131 3322 2197 editor,
3359 2129 3466 2186 nisi
3502 2128 3732 2184 reddita

2090 2223 2331 2284 ratione,
2353 2220 2454 2290 jus
2478 2236 2738 2289 unquam
2763 2218 3063 2275 hatmit.At
3088 2236 3280 2274 nonne
3303 2234 3540 2274 sensum
3574 2217 3732 2275 hunc

2090 2310 2379 2381 optimum
2412 2309 2677 2364 efficiunt
2696 2309 2722 2362 ?
2753 2310 3047 2372 Quantum
3074 2308 3287 2363 veritas
3310 2307 3442 2362 odio
3460 2307 3729 2373 habetur,

2088 2404 2317 2455 tantum
2350 2400 2448 2470 qui
2480 2414 2608 2453 eam
2641 2398 2865 2452 sincere
2897 2398 3082 2467 docet,
3116 2398 3164 2453 is
3187 2396 3332 2453 alios
3354 2396 3731 2458 oll'endit.Qui

2089 2495 2282 2544 autem
2316 2506 2444 2543 eam
2494 2487 2817 2543 affectando
2852 2486 3158 2556 adulterat,
3192 2488 3289 2541 hoc
3336 2488 3457 2557 ipso
3507 2486 3735 2540 nomine

2089 2580 2349 2635 eamdem
2382 2577 2629 2651 gratiam
2656 2578 2806 2647 apud
2836 2575 2993 2632 illius
3017 2575 3395 2631 insectatores
3420 2575 3734 2646 init,quam

2091 2671 2362 2726 illusores
2390 2674 2447 2725 et
2478 2674 2867 2740 corruptores.
2904 2668 3291 2733 Quamobrem
3324 2665 3571 2739 gentiles
3604 2665 3734 2738 phi-

2090 2760 2319 2831 losophi
2350 2759 2607 2830 agnitam
2645 2758 2940 2813 veritatem
2976 2762 3256 2828 tanquam
3294 2756 3453 2810 mimi
3486 2756 3734 2811 aliorum

2089 2851 2265 2917 dicta,
2301 2850 2468 2909 facta,
2513 2854 2568 2903 et
2600 2863 2900 2918 personas,
2936 2846 3203 2901 atiectant
3230 2863 3295 2901 ac
3329 2848 3734 2916 corrumpunt.

2091 2939 2319 2995 Dixisse
2368 2943 2562 2992 autem
2613 2936 3013 2991 'l‘ertullianus
3056 2936 3307 2998 videtur,
3355 2934 3736 3006 philosophos

2092 3029 2395 3083 affectasse
2440 3026 2740 3080 veritatem
2794 3041 2908 3079 non
2966 3025 3203 3095 quidem
3253 3025 3499 3087 inimice,
3558 3027 3623 3076 ut
3676 3022 3738 3077 in

2092 3117 2394 3173 codicibus
2449 3114 2865 3184 manuscriptis
2924 3114 3201 3185 scriptum
3262 3116 3352 3168 est
3409 3112 3738 3168 scribarum

2014 3191 2056 3257 C
2094 3205 2422 3269 oscitantis,
2459 3204 2558 3275 qui
2593 3219 2659 3257 ex
2690 3202 2876 3273 prima
2922 3201 3115 3257 littera
3146 3219 3195 3257 νη
3246 3202 3393 3257 duas
3429 3203 3489 3255 in
3537 3200 3737 3256 etface—

2094 3299 2231 3351 runt
2263 3312 2275 3351 :
2311 3295 2413 3349 sed
2447 3293 2637 3364 potius
2667 3292 2904 3359 mimice,
2966 3291 3465 3361 quemadmodum
3512 3290 3568 3343 in
3625 3288 3738 3343 alio

2094 3384 2243 3438 libro
2274 3383 2439 3445 dixit,
2465 3381 2689 3436 Mithrae
2723 3380 2967 3435 militem
3001 3396 3129 3435 esse
3159 3378 3320 3446 quasi
3337 3381 3575 3433 mimum
3597 3394 3738 3432 mar-

2096 3475 2232 3544 tyrii
2262 3474 2468 3543 (Idem,
2502 3472 2574 3525 de
2604 3471 2800 3524 Coron.
2835 3472 2895 3524 in
2925 3470 3021 3537 ﬁn.
3056 3485 3187 3540 pag.
3222 3469 3368 3539 131).

2167 3600 2404 3653 Fatetur
2430 3597 2627 3667 itaque
2659 3596 2731 3649 ab
2762 3594 2966 3649 iisdem
3005 3593 3371 3665 phiIOSOphis
3402 3593 3615 3666 sapius
3639 3609 3739 3649 co-

2095 3689 2317 3761 gnitam
2339 3686 2642 3741 veritatem
2677 3701 2689 3739 :
2726 3708 2753 3733 ι‹
2788 3683 2927 3749 Quis
2958 3683 3135 3750 enim,
3170 3682 3379 3753 inquit,
3415 3687 3739 3753 poetarum,

2096 3777 2230 3849 quis
2263 3775 2681 3845 sophistarum,
2717 3773 2813 3844 qui
2848 3789 2958 3826 non
3012 3773 3082 3825 de
3133 3772 3548 3842 prophetarum
3586 3772 3744 3827 fonte

2095 3865 2421 3937 potaverit?
2451 3864 2587 3917 Inde
2614 3863 2794 3934 igitur
2842 3866 2898 3915 et
2939 3860 3270 3931 philosophi
3316 3860 3474 3915 sitim
3521 3860 3742 3933 ingenii

2097 3954 2187 4010 sui
2221 3956 2553 4025 rigaverunt
2576 3974 2601 3999 ››
2634 3949 2893 4021 (Tertull.
2920 3950 3140 4019 Apoloy.
3164 3966 3291 4019 cap.
3323 3950 3407 4010 47,
3435 3966 3565 4020 pag.
3589 3949 3737 4020 5l5).

2096 4050 2387 4099 Hactenus
2419 4041 2594 4094 editio
2628 4037 2955 4109 Rigaltiana
2987 4054 3117 4091 cum
3181 4036 3313 4091 aliis
3365 4040 3536 4108 atque
3564 4036 3741 4091 etiam

2099 4130 2517 4201 manuscriptis
2566 4126 2781 4181 nostris
2829 4126 3128 4180 codicibus
3178 4126 3275 4179 sed
3330 4125 3386 4178 in
3438 4124 3567 4179 istis
3597 4124 3741 4194 hac,

2096 4224 2395 4291 amputata
2447 4236 2480 4274 a
2532 4214 2804 4288 Rigaltio,
2839 4215 3063 4286 adjecta
3109 4221 3248 4269 sunt
3305 4230 3317 4268 :
3378 4213 3449 4268 Ut
3504 4230 3633 4283 qua
3672 4212 3744 4267 de

2096 4312 2316 4367 nostris
2346 4308 2581 4370 habent,
2608 4324 2674 4361 ea
2706 4308 3043 4375 comparent
3073 4303 3211 4358 illis.
3248 4326 3274 4352 ››
3308 4303 3519 4355 Verum
3550 4302 3597 4356 si
3621 4301 3745 4357 hac

2097 4400 2373 4473 Rigaltio,
2406 4403 2506 4453 aut
2554 4395 2886 4452 errantibus
2936 4393 3319 4464 typographis
3382 4391 3741 4461 exciderunt,

2096 4492 2229 4562 quis
2263 4490 2539 4557 majorem
2573 4486 2699 4555 eius
2724 4483 3085 4554 diligentiam
3119 4499 3233 4536 non
3258 4480 3657 4535 desiderabit?
3686 4480 3743 4534 Si

328 4581 645 4636 lcaromeni
692 4596 822 4651 pag.
869 4579 976 4633 739
1008 4582 1063 4633 et
1113 4579 1317 4650 seqq.).
1360 4576 1533 4633 Plura
1582 4577 1771 4633 adhuc
1804 4577 1898 4633 ille
1927 4578 1986 4632 in
2018 4569 2065 4632 D
2096 4598 2227 4636 vero
2259 4579 2305 4633 is
2351 4576 2509 4632 solus
2545 4573 2778 4645 proprio
2832 4576 3014 4626 marte
3053 4588 3119 4626 ea
3170 4569 3435 4638 abstulit,
3472 4569 3605 4641 quis
3636 4586 3742 4623 au-

330 4687 441 4725 suo
473 4669 545 4724 de
593 4667 767 4724 sectis
816 4668 1045 4741 dialogo
1089 4668 1274 4740 (Idem
1304 4667 1637 4737 Hieronym.
1672 4683 1803 4738 pag.
1837 4667 1986 4735 284),

331 4759 435 4814 ubi
470 4764 625 4813 certo
656 4774 717 4813 se
764 4758 835 4812 ad
897 4758 1174 4812 omnibus
1228 4757 1521 4827 accepisse
1570 4760 1822 4811 testatur
1853 4756 1986 4826 Epi-

330 4862 541 4902 cureos
571 4851 877 4917 corruptos
908 4843 1134 4899 deliciis
1165 4860 1230 4899 ac
1258 4842 1660 4914 voluptatibus
1687 4859 1700 4909 ;
1753 4842 1987 4913 Peripa-

325 4936 542 4992 teticos
577 4934 856 5008 parandis
902 4932 1397 5003 cumulandisque
1430 4930 1651 4986 divitiis
1682 4930 1985 4998 inservire,

327 5031 391 5083 et
423 5025 713 5097 quosdam
746 5041 814 5078 ex
845 5021 961 5078 illis
989 5021 1303 5077 immodice
1334 5021 1761 5087 contentiosos;
1793 5019 1984 5073 Plato-

329 5115 498 5170 nicos
538 5117 900 5183 arrogantes,
937 5109 1203 5181 turgidos
1251 5111 1402 5165 fastu
1451 5108 1655 5178 nimio,
1689 5114 1744 5163 et
1788 5107 1986 5179 gloria

327 5202 820 5276 cupientissimos
852 5222 865 5259 ξ
903 5200 969 5256 Οἱ
1003 5196 1371 5265 Πλατωνικοὶ,
1406 5198 1620 5269 inquit,
1654 5195 1984 5273 τετύφωνται

324 5293 417 5347 καὶ
456 5288 742 5368 φιλόδοξοί
778 5288 898 5344 εἶσι.
951 5292 1086 5353 Qua
1137 5290 1369 5360 quidem
1417 5287 1531 5343 huc
1579 5287 1985 5358 congessimus

326 5384 403 5439 ad
436 5398 665 5447 eorum,
697 5398 822 5451 qua
873 5396 1005 5435 mox
1057 5381 1268 5433 Auctor
1318 5382 1515 5433 noster
1561 5378 1829 5432 dicturus
1871 5379 1983 5444 est,

328 5472 834 5544 anticipationem.
883 5470 994 5523 Sed
1047 5470 1116 5525 de
1173 5470 1267 5535 his
1290 5469 1415 5538 jam
1466 5466 1685 5539 aliquid
1720 5467 1779 5521 in
1812 5482 1983 5536 supe-

330 5561 474 5618 riori
506 5558 913 5616 dissertatisne
944 5557 1350 5614 delibavimus.

405 5665 746 5740 Philosophi
775 5665 959 5739 igitur
1006 5664 1380 5722 fraudulenta
1427 5662 1689 5719 veritatis
1728 5664 1986 5719 ostenta-

2098 4669 2323 4724 daciam
2356 4665 2515 4719 illius
2562 4662 2769 4734 poterit
2804 4661 3123 4716 excusare?
3178 4665 3322 4714 Nam
3356 4660 3474 4714 hac
3504 4659 3571 4713 ad
3604 4660 3743 4713 Tor-

2096 4757 2329 4813 tulliani
2381 4754 2717 4809 institutum
2771 4749 3019 4805 maxime
3070 4750 3309 4804 faciunt.
3374 4749 3743 4803 Probandum

2095 4846 2387 4918 siquidem
2419 4844 2757 4912 susceperat
2785 4839 3033 4911 gentiles
3063 4838 3444 4911 philosophos
3475 4837 3748 4892 Christia-

2097 4941 2187 4995 nis
2222 4937 2463 4993 scientia
2495 4933 2735 4989 omnino
2770 4937 3115 5004 prapostere
3142 4932 3460 5003 adaquari.
3494 4933 3565 4985 At
3601 4930 3742 4985 illud

2096 5034 2247 5084 recte
2286 5043 2351 5081 eo
2400 5026 2785 5086 demonstrat,
2820 5023 2974 5093 quod
3026 5026 3089 5076 ut
3140 5038 3308 5077 suam
3360 5037 3491 5076 cum
3548 5025 3746 5075 nostra

2095 5116 2419 5173 doctrinam
2486 5116 2929 5183 compararent,
2979 5129 3045 5167 ex
3089 5128 3254 5166 sacro
3324 5109 3741 5182 prophetarum

2096 5208 2251 5262 fonte
2282 5202 2547 5259 hortulos
2597 5218 2756 5268 suos,
2792 5206 2855 5255 ut
2902 5203 3193 5256 Ciceronis
3247 5199 3439 5254 verbis
3482 5205 3739 5265 utamur,

2094 5297 2477 5367 irrigaverant
2507 5291 2711 5363 (Idem,
2745 5291 2848 5346 loc.
2900 5291 2999 5346 cit.
3053 5307 3213 5360 supr.
3268 5306 3395 5361 cap.
3432 5290 3485 5356 4,
3518 5294 3626 5343 art.
3663 5290 3737 5355 4).

2092 5391 2290 5456 Neque
2345 5382 2401 5436 id
2452 5380 2617 5435 valde
2649 5378 2886 5433 difﬁcile
2929 5378 3075 5449 ipsis
3122 5381 3263 5435 erat.
3310 5379 3479 5433 Sacra
3526 5376 3743 5447 quippe

2091 5474 2314 5531 Veteris
2343 5470 2695 5526 Testamenti
2731 5469 3034 5540 Scriptura
3075 5468 3349 5523 omnibus
3382 5466 3739 5521 ethnicorum

2093 5559 2705 5623 commentationibus,
2740 5559 2821 5613 uti
2857 5560 2979 5628 ipse
3006 5558 3104 5627 ait,
3149 5562 3205 5613 et
3237 5574 3341 5611 nos
3373 5553 3527 5607 haud
3561 5553 3737 5608 semel

2094 5653 2478 5722 ostendimus,
2502 5654 2593 5706 est
2614 5648 2781 5718 longe
2804 5648 3117 5719 antiquior.
3144 5646 3319 5702 Plura
3340 5644 3533 5714 itaque
3562 5643 3737 5698 docu-
