  <div class='ocr_page' id='page_1' title='image "/cluster/home/n/w/nwhite01/storage/ocr_20150623/1/hvd.32044096580337/517.png"; bbox 0 0 4118 6182; ppageno 0'>
   <div class='ocr_carea' id='block_1_1' title="bbox 512 314 669 411">
    <p class='ocr_par' dir='ltr' id='par_1_1' title="bbox 512 314 669 411">
     <span class='ocr_line' id='line_1_1' title="bbox 512 314 669 411; baseline 0 0"><span class='ocrx_word' id='word_1_1' title='bbox 512 314 669 411; x_wconf 69' lang='lat' dir='ltr'>i019</span> 
     </span>
    </p>
   </div>
   <div class='ocr_carea' id='block_1_2' title="bbox 1017 356 3390 444">
    <p class='ocr_par' dir='ltr' id='par_1_2' title="bbox 1017 356 3390 444">
     <span class='ocr_line' id='line_1_2' title="bbox 1017 356 3390 444; baseline 0.007 -29"><span class='ocrx_word' id='word_1_2' title='bbox 1017 356 1544 420; x_wconf 83' lang='lat' dir='ltr'>TERTULLIANI</span> <span class='ocrx_word' id='word_1_3' title='bbox 1590 363 1915 426; x_wconf 82' lang='lat' dir='ltr'>OPERUM</span> <span class='ocrx_word' id='word_1_4' title='bbox 1960 364 2165 427; x_wconf 81' lang='lat' dir='ltr'>PARS</span> <span class='ocrx_word' id='word_1_5' title='bbox 2210 367 2257 426; x_wconf 88' lang='lat' dir='ltr'>l.</span> <span class='ocrx_word' id='word_1_6' title='bbox 2304 401 2381 412; x_wconf 91' lang='lat'><strong>——</strong></span> <span class='ocrx_word' id='word_1_7' title='bbox 2425 367 2700 431; x_wconf 78' lang='lat' dir='ltr'>SERIES</span> <span class='ocrx_word' id='word_1_8' title='bbox 2743 371 2793 444; x_wconf 87' lang='grc' dir='ltr'>Ι,</span> <span class='ocrx_word' id='word_1_9' title='bbox 2838 372 3390 434; x_wconf 81' lang='lat' dir='ltr'>APOLOGETICA.</span> 
     </span>
    </p>
   </div>
   <div class='ocr_carea' id='block_1_3' title="bbox 3721 381 3850 441">
    <p class='ocr_par' dir='ltr' id='par_1_3' title="bbox 3721 381 3850 441">
     <span class='ocr_line' id='line_1_3' title="bbox 3721 381 3850 441; baseline 0.016 -2"><span class='ocrx_word' id='word_1_10' title='bbox 3721 381 3850 441; x_wconf 75' lang='lat'>1020</span> 
     </span>
    </p>
   </div>
   <div class='ocr_carea' id='block_1_4' title="bbox 506 487 3846 581">
    <p class='ocr_par' dir='ltr' id='par_1_4' title="bbox 506 487 3846 581">
     <span class='ocr_line' id='line_1_4' title="bbox 506 487 3846 581; baseline 0.008 -41"><span class='ocrx_word' id='word_1_11' title='bbox 506 489 702 581; x_wconf 81' lang='lat' dir='ltr'>menta</span> <span class='ocrx_word' id='word_1_12' title='bbox 731 499 799 541; x_wconf 87' lang='lat' dir='ltr'>ex</span> <span class='ocrx_word' id='word_1_13' title='bbox 828 487 1011 543; x_wconf 89' lang='lat' dir='ltr'>sacris</span> <span class='ocrx_word' id='word_1_14' title='bbox 1045 489 1262 545; x_wconf 80' lang='lat' dir='ltr'>nostris</span> <span class='ocrx_word' id='word_1_15' title='bbox 1294 491 1483 565; x_wconf 81' lang='lat' dir='ltr'>libris,</span> <span class='ocrx_word' id='word_1_16' title='bbox 1517 494 1669 549; x_wconf 89' lang='lat' dir='ltr'>sicut</span> <span class='ocrx_word' id='word_1_17' title='bbox 1721 494 1860 551; x_wconf 83' lang='lat' dir='ltr'>alibi</span> <span class='ocrx_word' id='word_1_18' title='bbox 1905 514 1937 551; x_wconf 92' lang='lat' dir='ltr'>a</span> <span class='ocrx_word' id='word_1_19' title='bbox 1984 497 2154 553; x_wconf 89' lang='lat' dir='ltr'>nobis</span> <span class='ocrx_word' id='word_1_20' title='bbox 2185 500 2234 567; x_wconf 81' lang='grc' dir='ltr'><strong>Α</strong></span> <span class='ocrx_word' id='word_1_21' title='bbox 2338 500 2530 558; x_wconf 88' lang='lat' dir='ltr'>Variis</span> <span class='ocrx_word' id='word_1_22' title='bbox 2588 520 2759 575; x_wconf 92' lang='lat' dir='ltr'>porro</span> <span class='ocrx_word' id='word_1_23' title='bbox 2818 504 2877 560; x_wconf 89' lang='lat' dir='ltr'>id</span> <span class='ocrx_word' id='word_1_24' title='bbox 2935 502 3332 563; x_wconf 88' lang='lat' dir='ltr'>Tertullianus</span> <span class='ocrx_word' id='word_1_25' title='bbox 3380 509 3573 579; x_wconf 88' lang='lat' dir='ltr'>probat</span> <span class='ocrx_word' id='word_1_26' title='bbox 3624 511 3846 581; x_wconf 79' lang='lat' dir='ltr'>(Tertull.</span> 
     </span>
    </p>
   </div>
   <div class='ocr_carea' id='block_1_5' title="bbox 503 570 2155 659">
    <p class='ocr_par' dir='ltr' id='par_1_5' title="bbox 503 570 2155 659">
     <span class='ocr_line' id='line_1_5' title="bbox 503 570 2155 659; baseline 0.009 -31"><span class='ocrx_word' id='word_1_27' title='bbox 503 570 813 646; x_wconf 75' lang='lat' dir='ltr'>probatum</span> <span class='ocrx_word' id='word_1_28' title='bbox 870 580 978 645; x_wconf 91' lang='lat' dir='ltr'>est,</span> <span class='ocrx_word' id='word_1_29' title='bbox 1030 579 1203 634; x_wconf 88' lang='lat' dir='ltr'>furati</span> <span class='ocrx_word' id='word_1_30' title='bbox 1252 585 1410 650; x_wconf 89' lang='lat' dir='ltr'>sunt,</span> <span class='ocrx_word' id='word_1_31' title='bbox 1467 587 1531 638; x_wconf 88' lang='lat' dir='ltr'>ut</span> <span class='ocrx_word' id='word_1_32' title='bbox 1573 584 1923 643; x_wconf 82' lang='lat' dir='ltr'>Christianis</span> <span class='ocrx_word' id='word_1_33' title='bbox 1984 603 2155 659; x_wconf 84' lang='lat' dir='ltr'>pares</span> 
     </span>
    </p>
   </div>
   <div class='ocr_carea' id='block_1_6' title="bbox 502 663 2152 748">
    <p class='ocr_par' dir='ltr' id='par_1_6' title="bbox 502 663 2152 748">
     <span class='ocr_line' id='line_1_6' title="bbox 502 663 2152 748; baseline 0.007 -28"><span class='ocrx_word' id='word_1_34' title='bbox 502 663 749 720; x_wconf 88' lang='lat' dir='ltr'>scientia</span> <span class='ocrx_word' id='word_1_35' title='bbox 780 666 1154 723; x_wconf 77' lang='lat' dir='ltr'>crederentur</span> <span class='ocrx_word' id='word_1_36' title='bbox 1179 668 1374 742; x_wconf 89' lang='lat' dir='ltr'>(Supr.</span> <span class='ocrx_word' id='word_1_37' title='bbox 1409 688 1535 744; x_wconf 88' lang='lat' dir='ltr'>cap.</span> <span class='ocrx_word' id='word_1_38' title='bbox 1568 674 1624 739; x_wconf 86' lang='lat'>6,</span> <span class='ocrx_word' id='word_1_39' title='bbox 1656 679 1765 730; x_wconf 89' lang='lat' dir='ltr'>art.</span> <span class='ocrx_word' id='word_1_40' title='bbox 1812 676 1843 729; x_wconf 79' lang='grc'>4</span> <span class='ocrx_word' id='word_1_41' title='bbox 1892 680 1948 731; x_wconf 91' lang='lat' dir='ltr'>et</span> <span class='ocrx_word' id='word_1_42' title='bbox 1993 692 2152 748; x_wconf 89' lang='lat' dir='ltr'>seqq.</span> 
     </span>
    </p>
   </div>
   <div class='ocr_carea' id='block_1_7' title="bbox 504 756 2158 833">
    <p class='ocr_par' dir='ltr' id='par_1_7' title="bbox 504 756 2158 833">
     <span class='ocr_line' id='line_1_7' title="bbox 504 756 2158 833; baseline 0.008 -25"><span class='ocrx_word' id='word_1_43' title='bbox 504 757 649 809; x_wconf 80' lang='lat' dir='ltr'>tom.</span> <span class='ocrx_word' id='word_1_44' title='bbox 708 756 731 809; x_wconf 96' lang='grc' dir='ltr'>Ι</span> <span class='ocrx_word' id='word_1_45' title='bbox 789 756 1048 827; x_wconf 83' lang='lat' dir='ltr'>Apparat.</span> <span class='ocrx_word' id='word_1_46' title='bbox 1111 774 1244 830; x_wconf 86' lang='lat' dir='ltr'>pag.</span> <span class='ocrx_word' id='word_1_47' title='bbox 1303 761 1431 829; x_wconf 83' lang='grc'>384,</span> <span class='ocrx_word' id='word_1_48' title='bbox 1486 763 1611 833; x_wconf 85' lang='grc'>531,</span> <span class='ocrx_word' id='word_1_49' title='bbox 1670 764 1775 817; x_wconf 81' lang='lat'>909</span> <span class='ocrx_word' id='word_1_50' title='bbox 1807 770 1863 820; x_wconf 90' lang='lat' dir='ltr'>et</span> <span class='ocrx_word' id='word_1_51' title='bbox 1908 766 2045 819; x_wconf 84' lang='lat'>1112</span> <span class='ocrx_word' id='word_1_52' title='bbox 2101 770 2158 822; x_wconf 90' lang='lat' dir='ltr'>et</span> 
     </span>
    </p>
   </div>
   <div class='ocr_carea' id='block_1_8' title="bbox 506 844 698 916">
    <p class='ocr_par' dir='ltr' id='par_1_8' title="bbox 506 844 698 916">
     <span class='ocr_line' id='line_1_8' title="bbox 506 844 698 916; baseline -0.01 -16"><span class='ocrx_word' id='word_1_53' title='bbox 506 844 698 916; x_wconf 88' lang='lat' dir='ltr'>seqq.)</span> 
     </span>
    </p>
   </div>
   <div class='ocr_carea' id='block_1_9' title="bbox 576 933 2157 1015">
    <p class='ocr_par' dir='ltr' id='par_1_9' title="bbox 576 933 2157 1015">
     <span class='ocr_line' id='line_1_9' title="bbox 576 933 2157 1015; baseline 0.009 -27"><span class='ocrx_word' id='word_1_54' title='bbox 576 935 680 989; x_wconf 82' lang='lat' dir='ltr'>Ast</span> <span class='ocrx_word' id='word_1_55' title='bbox 706 933 1038 1007; x_wconf 80' lang='lat' dir='ltr'>philosophi</span> <span class='ocrx_word' id='word_1_56' title='bbox 1074 936 1154 992; x_wconf 84' lang='lat' dir='ltr'>illi</span> <span class='ocrx_word' id='word_1_57' title='bbox 1187 961 1214 989; x_wconf 88' lang='lat'>«</span> <span class='ocrx_word' id='word_1_58' title='bbox 1248 939 1467 1010; x_wconf 83' lang='lat' dir='ltr'>gloriae,</span> <span class='ocrx_word' id='word_1_59' title='bbox 1499 942 1578 997; x_wconf 91' lang='lat' dir='ltr'>ait</span> <span class='ocrx_word' id='word_1_60' title='bbox 1632 944 2050 1015; x_wconf 87' lang='lat' dir='ltr'>Tertullianus,</span> <span class='ocrx_word' id='word_1_61' title='bbox 2102 951 2157 1001; x_wconf 89' lang='lat' dir='ltr'>et</span> 
     </span>
    </p>
   </div>
   <div class='ocr_carea' id='block_1_10' title="bbox 505 1021 2152 1103">
    <p class='ocr_par' dir='ltr' id='par_1_10' title="bbox 505 1021 2152 1103">
     <span class='ocr_line' id='line_1_10' title="bbox 505 1021 2152 1103; baseline 0.008 -26"><span class='ocrx_word' id='word_1_62' title='bbox 505 1021 846 1093; x_wconf 70' lang='lat' dir='ltr'>eloquentiae</span> <span class='ocrx_word' id='word_1_63' title='bbox 880 1024 1058 1082; x_wconf 90' lang='lat' dir='ltr'>solius</span> <span class='ocrx_word' id='word_1_64' title='bbox 1087 1025 1409 1099; x_wconf 86' lang='lat' dir='ltr'>libidinosi,</span> <span class='ocrx_word' id='word_1_65' title='bbox 1444 1031 1490 1085; x_wconf 87' lang='lat' dir='ltr'>si</span> <span class='ocrx_word' id='word_1_66' title='bbox 1525 1030 1664 1103; x_wconf 89' lang='lat' dir='ltr'>quid</span> <span class='ocrx_word' id='word_1_67' title='bbox 1701 1032 1755 1087; x_wconf 91' lang='lat' dir='ltr'>in</span> <span class='ocrx_word' id='word_1_68' title='bbox 1789 1034 1970 1089; x_wconf 89' lang='lat' dir='ltr'>sacris</span> <span class='ocrx_word' id='word_1_69' title='bbox 2002 1035 2152 1090; x_wconf 91' lang='lat' dir='ltr'>Scri-</span> 
     </span>
    </p>
   </div>
   <div class='ocr_carea' id='block_1_11' title="bbox 504 1111 2153 1192">
    <p class='ocr_par' dir='ltr' id='par_1_11' title="bbox 504 1111 2153 1192">
     <span class='ocr_line' id='line_1_11' title="bbox 504 1111 2153 1192; baseline 0.007 -26"><span class='ocrx_word' id='word_1_70' title='bbox 504 1111 693 1185; x_wconf 90' lang='lat' dir='ltr'>pturis</span> <span class='ocrx_word' id='word_1_71' title='bbox 725 1113 1111 1184; x_wconf 72' lang='lat' dir='ltr'>offenderunt,</span> <span class='ocrx_word' id='word_1_72' title='bbox 1145 1117 1388 1188; x_wconf 85' lang='lat' dir='ltr'>digestis</span> <span class='ocrx_word' id='word_1_73' title='bbox 1418 1136 1484 1175; x_wconf 90' lang='lat' dir='ltr'>ex</span> <span class='ocrx_word' id='word_1_74' title='bbox 1526 1138 1629 1192; x_wconf 90' lang='lat' dir='ltr'>pro</span> <span class='ocrx_word' id='word_1_75' title='bbox 1668 1122 1937 1178; x_wconf 88' lang='lat' dir='ltr'>instituto</span> <span class='ocrx_word' id='word_1_76' title='bbox 1963 1124 2153 1179; x_wconf 91' lang='lat' dir='ltr'>curio-</span> 
     </span>
    </p>
   </div>
   <div class='ocr_carea' id='block_1_12' title="bbox 504 1201 2150 1279">
    <p class='ocr_par' dir='ltr' id='par_1_12' title="bbox 504 1201 2150 1279">
     <span class='ocr_line' id='line_1_12' title="bbox 504 1201 2150 1279; baseline 0.005 -21"><span class='ocrx_word' id='word_1_77' title='bbox 504 1201 704 1258; x_wconf 90' lang='lat' dir='ltr'>sitaris</span> <span class='ocrx_word' id='word_1_78' title='bbox 752 1203 825 1258; x_wconf 90' lang='lat' dir='ltr'>ad</span> <span class='ocrx_word' id='word_1_79' title='bbox 875 1204 1112 1277; x_wconf 88' lang='lat' dir='ltr'>propria</span> <span class='ocrx_word' id='word_1_80' title='bbox 1160 1223 1332 1279; x_wconf 80' lang='lat' dir='ltr'>opera</span> <span class='ocrx_word' id='word_1_81' title='bbox 1378 1214 1732 1266; x_wconf 86' lang='lat' dir='ltr'>verterunt»</span> <span class='ocrx_word' id='word_1_82' title='bbox 1787 1213 2150 1279; x_wconf 90' lang='lat' dir='ltr'>(Tertullian.</span> 
     </span>
    </p>
   </div>
   <div class='ocr_carea' id='block_1_13' title="bbox 505 1290 2149 1373">
    <p class='ocr_par' dir='ltr' id='par_1_13' title="bbox 505 1290 2149 1373">
     <span class='ocr_line' id='line_1_13' title="bbox 505 1290 2149 1373; baseline 0.008 -27"><span class='ocrx_word' id='word_1_83' title='bbox 505 1290 791 1364; x_wconf 75' lang='lat' dir='ltr'>Apologet.</span> <span class='ocrx_word' id='word_1_84' title='bbox 825 1309 951 1364; x_wconf 90' lang='lat' dir='ltr'>cap.</span> <span class='ocrx_word' id='word_1_85' title='bbox 984 1295 1074 1366; x_wconf 85' lang='grc'>47,</span> <span class='ocrx_word' id='word_1_86' title='bbox 1106 1312 1237 1368; x_wconf 87' lang='lat' dir='ltr'>pag.</span> <span class='ocrx_word' id='word_1_87' title='bbox 1269 1298 1416 1369; x_wconf 88' lang='lat'>515).</span> <span class='ocrx_word' id='word_1_88' title='bbox 1471 1300 1576 1355; x_wconf 84' lang='lat' dir='ltr'>Sed</span> <span class='ocrx_word' id='word_1_89' title='bbox 1631 1301 1920 1373; x_wconf 81' lang='lat' dir='ltr'>Rigaltius</span> <span class='ocrx_word' id='word_1_90' title='bbox 1953 1303 2034 1358; x_wconf 88' lang='lat' dir='ltr'>ibi</span> <span class='ocrx_word' id='word_1_91' title='bbox 2063 1320 2149 1359; x_wconf 89' lang='lat' dir='ltr'>re-</span> 
     </span>
    </p>
   </div>
   <div class='ocr_carea' id='block_1_14' title="bbox 504 1380 2149 1462">
    <p class='ocr_par' dir='ltr' id='par_1_14' title="bbox 504 1380 2149 1462">
     <span class='ocr_line' id='line_1_14' title="bbox 504 1380 2149 1462; baseline 0.008 -27"><span class='ocrx_word' id='word_1_92' title='bbox 504 1380 863 1437; x_wconf 89' lang='lat' dir='ltr'>luctantibus</span> <span class='ocrx_word' id='word_1_93' title='bbox 895 1384 1131 1455; x_wconf 80' lang='lat' dir='ltr'>scriptis</span> <span class='ocrx_word' id='word_1_94' title='bbox 1161 1386 1451 1461; x_wconf 86' lang='lat' dir='ltr'>editisque</span> <span class='ocrx_word' id='word_1_95' title='bbox 1502 1391 1653 1445; x_wconf 74' lang='lat'>029</span> <span class='ocrx_word' id='word_1_96' title='bbox 1697 1392 2019 1462; x_wconf 88' lang='lat' dir='ltr'>codicibus,</span> <span class='ocrx_word' id='word_1_97' title='bbox 2053 1394 2149 1449; x_wconf 81' lang='lat' dir='ltr'>de-</span> 
     </span>
    </p>
   </div>
   <div class='ocr_carea' id='block_1_15' title="bbox 502 1470 2150 1550">
    <p class='ocr_par' dir='ltr' id='par_1_15' title="bbox 502 1470 2150 1550">
     <span class='ocr_line' id='line_1_15' title="bbox 502 1470 2150 1550; baseline 0.007 -25"><span class='ocrx_word' id='word_1_98' title='bbox 502 1470 641 1526; x_wconf 89' lang='lat' dir='ltr'>levit</span> <span class='ocrx_word' id='word_1_99' title='bbox 697 1488 907 1528; x_wconf 87' lang='lat' dir='ltr'>nomen</span> <span class='ocrx_word' id='word_1_100' title='bbox 963 1473 1284 1547; x_wconf 76' lang='lat' dir='ltr'>Scripturis,</span> <span class='ocrx_word' id='word_1_101' title='bbox 1338 1483 1511 1550; x_wconf 88' lang='lat' dir='ltr'>atque</span> <span class='ocrx_word' id='word_1_102' title='bbox 1544 1479 1690 1535; x_wconf 91' lang='lat' dir='ltr'>illud</span> <span class='ocrx_word' id='word_1_103' title='bbox 1738 1480 1963 1549; x_wconf 75' lang='lat' dir='ltr'>digestis</span> <span class='ocrx_word' id='word_1_104' title='bbox 2010 1483 2150 1537; x_wconf 90' lang='lat' dir='ltr'>sub-</span> 
     </span>
    </p>
   </div>
   <div class='ocr_carea' id='block_1_16' title="bbox 501 1561 2149 1641">
    <p class='ocr_par' dir='ltr' id='par_1_16' title="bbox 501 1561 2149 1641">
     <span class='ocr_line' id='line_1_16' title="bbox 501 1561 2149 1641; baseline 0.005 -23"><span class='ocrx_word' id='word_1_105' title='bbox 501 1561 824 1619; x_wconf 84' lang='lat' dir='ltr'>stantivum</span> <span class='ocrx_word' id='word_1_106' title='bbox 875 1577 1024 1633; x_wconf 90' lang='lat' dir='ltr'>esse,</span> <span class='ocrx_word' id='word_1_107' title='bbox 1059 1582 1243 1637; x_wconf 91' lang='lat' dir='ltr'>eoque</span> <span class='ocrx_word' id='word_1_108' title='bbox 1292 1568 1445 1623; x_wconf 91' lang='lat' dir='ltr'>idem</span> <span class='ocrx_word' id='word_1_109' title='bbox 1506 1586 1571 1627; x_wconf 87' lang='lat' dir='ltr'>ac</span> <span class='ocrx_word' id='word_1_110' title='bbox 1622 1570 1781 1626; x_wconf 75' lang='lat' dir='ltr'>libris</span> <span class='ocrx_word' id='word_1_111' title='bbox 1834 1571 2149 1641; x_wconf 80' lang='lat' dir='ltr'>signiﬁcari</span> 
     </span>
    </p>
   </div>
   <div class='ocr_carea' id='block_1_17' title="bbox 500 1650 2147 1733">
    <p class='ocr_par' dir='ltr' id='par_1_17' title="bbox 500 1650 2147 1733">
     <span class='ocr_line' id='line_1_17' title="bbox 500 1650 2147 1733; baseline 0.007 -28"><span class='ocrx_word' id='word_1_112' title='bbox 500 1650 839 1723; x_wconf 88' lang='lat' dir='ltr'>suspicatus</span> <span class='ocrx_word' id='word_1_113' title='bbox 870 1656 977 1708; x_wconf 91' lang='lat' dir='ltr'>est.</span> <span class='ocrx_word' id='word_1_114' title='bbox 1014 1654 1121 1710; x_wconf 90' lang='lat' dir='ltr'>Sed</span> <span class='ocrx_word' id='word_1_115' title='bbox 1160 1672 1483 1728; x_wconf 84' lang='lat' dir='ltr'>perperam.</span> <span class='ocrx_word' id='word_1_116' title='bbox 1533 1661 1759 1717; x_wconf 86' lang='lat' dir='ltr'>Etenim</span> <span class='ocrx_word' id='word_1_117' title='bbox 1793 1661 2147 1733; x_wconf 86' lang='lat' dir='ltr'>adjectivum</span> 
     </span>
    </p>
   </div>
   <div class='ocr_carea' id='block_1_18' title="bbox 501 1742 2149 1821">
    <p class='ocr_par' dir='ltr' id='par_1_18' title="bbox 501 1742 2149 1821">
     <span class='ocr_line' id='line_1_18' title="bbox 501 1742 2149 1821; baseline 0.006 -25"><span class='ocrx_word' id='word_1_118' title='bbox 501 1744 611 1808; x_wconf 90' lang='lat' dir='ltr'>est,</span> <span class='ocrx_word' id='word_1_119' title='bbox 645 1742 797 1813; x_wconf 89' lang='lat' dir='ltr'>quod</span> <span class='ocrx_word' id='word_1_120' title='bbox 834 1743 985 1798; x_wconf 88' lang='lat' dir='ltr'>idem</span> <span class='ocrx_word' id='word_1_121' title='bbox 1019 1749 1188 1800; x_wconf 88' lang='lat' dir='ltr'>sonat</span> <span class='ocrx_word' id='word_1_122' title='bbox 1220 1763 1285 1802; x_wconf 89' lang='lat' dir='ltr'>ac</span> <span class='ocrx_word' id='word_1_123' title='bbox 1315 1746 1593 1819; x_wconf 76' lang='lat' dir='ltr'>dispositis</span> <span class='ocrx_word' id='word_1_124' title='bbox 1639 1755 1695 1806; x_wconf 90' lang='lat' dir='ltr'>et</span> <span class='ocrx_word' id='word_1_125' title='bbox 1742 1752 2030 1821; x_wconf 75' lang='lat' dir='ltr'>ordinatis,</span> <span class='ocrx_word' id='word_1_126' title='bbox 2066 1751 2149 1807; x_wconf 86' lang='lat' dir='ltr'>vel</span> 
     </span>
    </p>
   </div>
   <div class='ocr_carea' id='block_1_19' title="bbox 498 1828 2150 1913">
    <p class='ocr_par' dir='ltr' id='par_1_19' title="bbox 498 1828 2150 1913">
     <span class='ocr_line' id='line_1_19' title="bbox 498 1828 2150 1913; baseline 0.008 -30"><span class='ocrx_word' id='word_1_127' title='bbox 498 1828 794 1900; x_wconf 72' lang='lat' dir='ltr'>explicatis</span> <span class='ocrx_word' id='word_1_128' title='bbox 825 1834 880 1886; x_wconf 91' lang='lat' dir='ltr'>et</span> <span class='ocrx_word' id='word_1_129' title='bbox 909 1831 1327 1905; x_wconf 85' lang='lat' dir='ltr'>interpretatis.</span> <span class='ocrx_word' id='word_1_130' title='bbox 1353 1837 1546 1894; x_wconf 90' lang='lat' dir='ltr'>Primo</span> <span class='ocrx_word' id='word_1_131' title='bbox 1572 1839 1787 1913; x_wconf 89' lang='lat' dir='ltr'>quippe</span> <span class='ocrx_word' id='word_1_132' title='bbox 1816 1858 1993 1897; x_wconf 89' lang='lat' dir='ltr'>sensu</span> <span class='ocrx_word' id='word_1_133' title='bbox 2026 1840 2150 1896; x_wconf 88' lang='lat' dir='ltr'>Vir-</span> 
     </span>
    </p>
   </div>
   <div class='ocr_carea' id='block_1_20' title="bbox 499 1883 2226 1995">
    <p class='ocr_par' dir='ltr' id='par_1_20' title="bbox 499 1883 2226 1995">
     <span class='ocr_line' id='line_1_20' title="bbox 499 1883 2226 1995; baseline 0.008 -22"><span class='ocrx_word' id='word_1_134' title='bbox 499 1883 1326 1995; x_wconf 48' lang='grc' dir='ltr'>έίῑίέέεάέὶίῖἀξὲίὲῖιὶεἷξ</span> <span class='ocrx_word' id='word_1_135' title='bbox 1353 1883 1375 1890; x_wconf 79' lang='grc'><strong>’</strong></span> <span class='ocrx_word' id='word_1_136' title='bbox 1399 1883 1544 1894; x_wconf 69' lang='grc'>””’”</span> <span class='ocrx_word' id='word_1_137' title='bbox 1573 1883 1786 1913; x_wconf 47' lang='lat' dir='ltr'>“ww</span> <span class='ocrx_word' id='word_1_138' title='bbox 1816 1883 1993 1897; x_wconf 42' lang='lat' dir='ltr'>&quot;mu</span> <span class='ocrx_word' id='word_1_139' title='bbox 2177 1883 2226 1948; x_wconf 78' lang='grc' dir='ltr'><strong>Β</strong></span> 
     </span>
    </p>
   </div>
   <div class='ocr_carea' id='block_1_21' title="bbox 636 2054 2006 2130">
    <p class='ocr_par' dir='ltr' id='par_1_21' title="bbox 636 2054 2006 2130">
     <span class='ocr_line' id='line_1_21' title="bbox 636 2054 2006 2130; baseline 0.011 -29"><span class='ocrx_word' id='word_1_140' title='bbox 636 2054 980 2130; x_wconf 64' lang='lat' dir='ltr'>Quaecunque</span> <span class='ocrx_word' id='word_1_141' title='bbox 1010 2057 1064 2105; x_wconf 89' lang='lat' dir='ltr'>in</span> <span class='ocrx_word' id='word_1_142' title='bbox 1089 2058 1227 2107; x_wconf 88' lang='lat' dir='ltr'>foliis</span> <span class='ocrx_word' id='word_1_143' title='bbox 1256 2060 1536 2126; x_wconf 81' lang='lat' dir='ltr'>descripsit</span> <span class='ocrx_word' id='word_1_144' title='bbox 1564 2065 1802 2114; x_wconf 86' lang='lat' dir='ltr'>carmina</span> <span class='ocrx_word' id='word_1_145' title='bbox 1830 2066 2006 2130; x_wconf 84' lang='lat' dir='ltr'>Virgo,</span> 
     </span>
    </p>
   </div>
   <div class='ocr_carea' id='block_1_22' title="bbox 636 2116 1249 2179">
    <p class='ocr_par' dir='ltr' id='par_1_22' title="bbox 636 2116 1249 2179">
     <span class='ocr_line' id='line_1_22' title="bbox 636 2116 1249 2179; baseline 0.007 -14"><span class='ocrx_word' id='word_1_146' title='bbox 636 2116 839 2179; x_wconf 81' lang='lat' dir='ltr'>Digerit</span> <span class='ocrx_word' id='word_1_147' title='bbox 866 2116 919 2166; x_wconf 80' lang='lat' dir='ltr'>in</span> <span class='ocrx_word' id='word_1_148' title='bbox 950 2132 1249 2171; x_wconf 85' lang='lat' dir='ltr'>numerum.</span> 
     </span>
    </p>
   </div>
   <div class='ocr_carea' id='block_1_23' title="bbox 1121 2202 1960 2271">
    <p class='ocr_par' dir='ltr' id='par_1_23' title="bbox 1121 2202 1960 2271">
     <span class='ocr_line' id='line_1_23' title="bbox 1121 2202 1960 2271; baseline 0.011 -20"><span class='ocrx_word' id='word_1_149' title='bbox 1121 2202 1325 2268; x_wconf 86' lang='lat' dir='ltr'>(Virgil.</span> <span class='ocrx_word' id='word_1_150' title='bbox 1357 2205 1391 2255; x_wconf 90' lang='lat' dir='ltr'>l.</span> <span class='ocrx_word' id='word_1_151' title='bbox 1422 2218 1480 2255; x_wconf 81' lang='grc' dir='ltr'>ιιι</span> <span class='ocrx_word' id='word_1_152' title='bbox 1508 2208 1713 2258; x_wconf 74' lang='grc' dir='ltr'>Δῖηεὶά.</span> <span class='ocrx_word' id='word_1_153' title='bbox 1747 2221 1797 2259; x_wconf 75' lang='lat' dir='ltr'>v.</span> <span class='ocrx_word' id='word_1_154' title='bbox 1828 2210 1960 2271; x_wconf 72' lang='lat' dir='ltr'>H5.)</span> 
     </span>
    </p>
   </div>
   <div class='ocr_carea' id='block_1_24' title="bbox 500 2328 2145 2415">
    <p class='ocr_par' dir='ltr' id='par_1_24' title="bbox 500 2328 2145 2415">
     <span class='ocr_line' id='line_1_24' title="bbox 500 2328 2145 2415; baseline 0.007 -30"><span class='ocrx_word' id='word_1_155' title='bbox 500 2328 559 2386; x_wconf 91' lang='lat' dir='ltr'>id</span> <span class='ocrx_word' id='word_1_156' title='bbox 591 2333 701 2399; x_wconf 90' lang='lat' dir='ltr'>est,</span> <span class='ocrx_word' id='word_1_157' title='bbox 734 2331 929 2405; x_wconf 86' lang='lat' dir='ltr'>inquit</span> <span class='ocrx_word' id='word_1_158' title='bbox 984 2334 1238 2404; x_wconf 88' lang='lat' dir='ltr'>Servius,</span> <span class='ocrx_word' id='word_1_159' title='bbox 1284 2339 1536 2412; x_wconf 81' lang='lat' dir='ltr'>ordinat,</span> <span class='ocrx_word' id='word_1_160' title='bbox 1569 2348 1623 2397; x_wconf 89' lang='lat' dir='ltr'>et</span> <span class='ocrx_word' id='word_1_161' title='bbox 1671 2343 1932 2415; x_wconf 79' lang='lat' dir='ltr'>disponit</span> <span class='ocrx_word' id='word_1_162' title='bbox 1962 2344 2145 2415; x_wconf 88' lang='lat' dir='ltr'>(Serv.</span> 
     </span>
    </p>
   </div>
   <div class='ocr_carea' id='block_1_25' title="bbox 501 2419 2145 2506">
    <p class='ocr_par' dir='ltr' id='par_1_25' title="bbox 501 2419 2145 2506">
     <span class='ocr_line' id='line_1_25' title="bbox 501 2419 2145 2506; baseline 0.008 -32"><span class='ocrx_word' id='word_1_163' title='bbox 501 2419 661 2489; x_wconf 85' lang='lat' dir='ltr'>ibib.,</span> <span class='ocrx_word' id='word_1_164' title='bbox 692 2437 824 2494; x_wconf 90' lang='lat' dir='ltr'>pag.</span> <span class='ocrx_word' id='word_1_165' title='bbox 856 2424 1005 2495; x_wconf 85' lang='lat'>595).</span> <span class='ocrx_word' id='word_1_166' title='bbox 1038 2425 1194 2481; x_wconf 83' lang='lat' dir='ltr'>Alibi</span> <span class='ocrx_word' id='word_1_167' title='bbox 1241 2428 1415 2484; x_wconf 88' lang='lat' dir='ltr'>etiam</span> <span class='ocrx_word' id='word_1_168' title='bbox 1461 2430 1568 2486; x_wconf 92' lang='lat' dir='ltr'>hoc</span> <span class='ocrx_word' id='word_1_169' title='bbox 1618 2433 1874 2488; x_wconf 86' lang='lat' dir='ltr'>secundo</span> <span class='ocrx_word' id='word_1_170' title='bbox 1920 2432 2145 2506; x_wconf 79' lang='lat' dir='ltr'>signiti-</span> 
     </span>
    </p>
   </div>
   <div class='ocr_carea' id='block_1_26' title="bbox 503 2514 687 2566">
    <p class='ocr_par' dir='ltr' id='par_1_26' title="bbox 503 2514 687 2566">
     <span class='ocr_line' id='line_1_26' title="bbox 503 2514 687 2566; baseline 0.005 -1"><span class='ocrx_word' id='word_1_171' title='bbox 503 2514 637 2566; x_wconf 89' lang='lat' dir='ltr'>catu</span> <span class='ocrx_word' id='word_1_172' title='bbox 674 2528 687 2566; x_wconf 92' lang='lat'><strong>:</strong></span> 
     </span>
    </p>
   </div>
   <div class='ocr_carea' id='block_1_27' title="bbox 763 2648 1615 2713">
    <p class='ocr_par' dir='ltr' id='par_1_27' title="bbox 763 2648 1615 2713">
     <span class='ocr_line' id='line_1_27' title="bbox 763 2648 1615 2713; baseline 0.009 -18"><span class='ocrx_word' id='word_1_173' title='bbox 763 2680 775 2694; x_wconf 92' lang='lat'>.</span> <span class='ocrx_word' id='word_1_174' title='bbox 844 2649 919 2698; x_wconf 89' lang='lat' dir='ltr'>lta</span> <span class='ocrx_word' id='word_1_175' title='bbox 947 2648 1145 2712; x_wconf 87' lang='lat' dir='ltr'>digerit</span> <span class='ocrx_word' id='word_1_176' title='bbox 1170 2653 1349 2701; x_wconf 87' lang='lat' dir='ltr'>omnia</span> <span class='ocrx_word' id='word_1_177' title='bbox 1375 2653 1615 2713; x_wconf 88' lang='lat' dir='ltr'>Calchas,</span> 
     </span>
    </p>
   </div>
   <div class='ocr_carea' id='block_1_28' title="bbox 1122 2715 1899 2779">
    <p class='ocr_par' dir='ltr' id='par_1_28' title="bbox 1122 2715 1899 2779">
     <span class='ocr_line' id='line_1_28' title="bbox 1122 2715 1899 2779; baseline 0.006 -15"><span class='ocrx_word' id='word_1_178' title='bbox 1122 2715 1285 2778; x_wconf 83' lang='lat' dir='ltr'>(Virg.</span> <span class='ocrx_word' id='word_1_179' title='bbox 1316 2715 1353 2764; x_wconf 92' lang='lat'>1.</span> <span class='ocrx_word' id='word_1_180' title='bbox 1384 2729 1419 2764; x_wconf 87' lang='grc' dir='ltr'>ιι</span> <span class='ocrx_word' id='word_1_181' title='bbox 1445 2718 1636 2767; x_wconf 68' lang='grc' dir='ltr'>ίΕηείἀ</span> <span class='ocrx_word' id='word_1_182' title='bbox 1661 2732 1673 2779; x_wconf 80' lang='grc'>;</span> <span class='ocrx_word' id='word_1_183' title='bbox 1704 2732 1751 2771; x_wconf 82' lang='lat' dir='ltr'>v.</span> <span class='ocrx_word' id='word_1_184' title='bbox 1773 2718 1899 2769; x_wconf 83' lang='lat'>182.)</span> 
     </span>
    </p>
   </div>
   <div class='ocr_carea' id='block_1_29' title="bbox 503 2832 2148 2915">
    <p class='ocr_par' dir='ltr' id='par_1_29' title="bbox 503 2832 2148 2915">
     <span class='ocr_line' id='line_1_29' title="bbox 503 2832 2148 2915; baseline 0.006 -27"><span class='ocrx_word' id='word_1_185' title='bbox 503 2832 642 2904; x_wconf 86' lang='lat' dir='ltr'>sive,</span> <span class='ocrx_word' id='word_1_186' title='bbox 675 2834 758 2890; x_wconf 90' lang='lat' dir='ltr'>uti</span> <span class='ocrx_word' id='word_1_187' title='bbox 790 2836 982 2893; x_wconf 91' lang='lat' dir='ltr'>adhuc</span> <span class='ocrx_word' id='word_1_188' title='bbox 1029 2838 1263 2896; x_wconf 87' lang='lat' dir='ltr'>Servius</span> <span class='ocrx_word' id='word_1_189' title='bbox 1317 2842 1732 2915; x_wconf 84' lang='lat' dir='ltr'>interpretatur</span> <span class='ocrx_word' id='word_1_190' title='bbox 1774 2844 1953 2915; x_wconf 86' lang='lat' dir='ltr'>(Serv.</span> <span class='ocrx_word' id='word_1_191' title='bbox 1987 2843 2148 2912; x_wconf 62' lang='lat' dir='ltr'>ibid,</span> 
     </span>
    </p>
   </div>
   <div class='ocr_carea' id='block_1_30' title="bbox 500 2923 2147 3003">
    <p class='ocr_par' dir='ltr' id='par_1_30' title="bbox 500 2923 2147 3003">
     <span class='ocr_line' id='line_1_30' title="bbox 500 2923 2147 3003; baseline 0.006 -25"><span class='ocrx_word' id='word_1_192' title='bbox 500 2938 557 2994; x_wconf 90' lang='lat' dir='ltr'>p.</span> <span class='ocrx_word' id='word_1_193' title='bbox 589 2923 738 2993; x_wconf 89' lang='lat'>233),</span> <span class='ocrx_word' id='word_1_194' title='bbox 775 2925 1036 2981; x_wconf 90' lang='lat' dir='ltr'>numinis</span> <span class='ocrx_word' id='word_1_195' title='bbox 1088 2932 1564 2998; x_wconf 79' lang='lat' dir='ltr'>commotionem,</span> <span class='ocrx_word' id='word_1_196' title='bbox 1596 2933 1683 2990; x_wconf 90' lang='lat' dir='ltr'>vel</span> <span class='ocrx_word' id='word_1_197' title='bbox 1714 2933 1917 3001; x_wconf 87' lang='lat' dir='ltr'>futuri,</span> <span class='ocrx_word' id='word_1_198' title='bbox 1950 2933 2006 2988; x_wconf 91' lang='lat' dir='ltr'>id</span> <span class='ocrx_word' id='word_1_199' title='bbox 2038 2936 2147 3003; x_wconf 87' lang='lat' dir='ltr'>est,</span> 
     </span>
    </p>
   </div>
   <div class='ocr_carea' id='block_1_31' title="bbox 506 3011 2150 3092">
    <p class='ocr_par' dir='ltr' id='par_1_31' title="bbox 506 3011 2150 3092">
     <span class='ocr_line' id='line_1_31' title="bbox 506 3011 2150 3092; baseline 0.008 -27"><span class='ocrx_word' id='word_1_200' title='bbox 506 3011 875 3068; x_wconf 78' lang='lat' dir='ltr'>oraculorum</span> <span class='ocrx_word' id='word_1_201' title='bbox 908 3016 1173 3073; x_wconf 90' lang='lat' dir='ltr'>ordinem</span> <span class='ocrx_word' id='word_1_202' title='bbox 1206 3022 1429 3092; x_wconf 86' lang='lat' dir='ltr'>pandit,</span> <span class='ocrx_word' id='word_1_203' title='bbox 1480 3038 1580 3077; x_wconf 84' lang='lat' dir='ltr'>seu</span> <span class='ocrx_word' id='word_1_204' title='bbox 1629 3023 1880 3090; x_wconf 87' lang='lat' dir='ltr'>ordinat,</span> <span class='ocrx_word' id='word_1_205' title='bbox 1926 3025 1983 3079; x_wconf 90' lang='lat' dir='ltr'>et</span> <span class='ocrx_word' id='word_1_206' title='bbox 2029 3021 2150 3078; x_wconf 87' lang='lat' dir='ltr'>dis-</span> 
     </span>
    </p>
   </div>
   <div class='ocr_carea' id='block_1_32' title="bbox 504 3101 686 3173">
    <p class='ocr_par' dir='ltr' id='par_1_32' title="bbox 504 3101 686 3173">
     <span class='ocr_line' id='line_1_32' title="bbox 504 3101 686 3173; baseline 0.016 -17"><span class='ocrx_word' id='word_1_207' title='bbox 504 3101 686 3173; x_wconf 83' lang='lat' dir='ltr'>ponit.</span> 
     </span>
    </p>
   </div>
   <div class='ocr_carea' id='block_1_33' title="bbox 576 3190 2149 3273">
    <p class='ocr_par' dir='ltr' id='par_1_33' title="bbox 576 3190 2149 3273">
     <span class='ocr_line' id='line_1_33' title="bbox 576 3190 2149 3273; baseline 0.008 -28"><span class='ocrx_word' id='word_1_208' title='bbox 576 3190 795 3248; x_wconf 87' lang='lat' dir='ltr'>Deinde</span> <span class='ocrx_word' id='word_1_209' title='bbox 828 3194 1117 3267; x_wconf 85' lang='lat' dir='ltr'>Rigaltius</span> <span class='ocrx_word' id='word_1_210' title='bbox 1149 3197 1270 3254; x_wconf 69' lang='lat' dir='ltr'>hinc</span> <span class='ocrx_word' id='word_1_211' title='bbox 1302 3200 1495 3268; x_wconf 88' lang='lat' dir='ltr'>verba,</span> <span class='ocrx_word' id='word_1_212' title='bbox 1530 3203 1611 3256; x_wconf 75' lang='lat' dir='ltr'>Ex</span> <span class='ocrx_word' id='word_1_213' title='bbox 1636 3216 1741 3273; x_wconf 83' lang='lat' dir='ltr'>pro</span> <span class='ocrx_word' id='word_1_214' title='bbox 1768 3202 2041 3267; x_wconf 75' lang='lat' dir='ltr'>instituto,</span> <span class='ocrx_word' id='word_1_215' title='bbox 2065 3200 2149 3257; x_wconf 90' lang='lat' dir='ltr'>sic</span> 
     </span>
    </p>
   </div>
   <div class='ocr_carea' id='block_1_34' title="bbox 505 3261 2222 3362">
    <p class='ocr_par' dir='ltr' id='par_1_34' title="bbox 505 3261 2222 3362">
     <span class='ocr_line' id='line_1_34' title="bbox 505 3261 2222 3362; baseline 0.006 -27"><span class='ocrx_word' id='word_1_216' title='bbox 505 3280 717 3351; x_wconf 89' lang='lat' dir='ltr'>corrigi</span> <span class='ocrx_word' id='word_1_217' title='bbox 750 3261 1045 3355; x_wconf 73' lang='lat' dir='ltr'>scribique</span> <span class='ocrx_word' id='word_1_218' title='bbox 1073 3285 1276 3353; x_wconf 88' lang='lat' dir='ltr'>voluit,</span> <span class='ocrx_word' id='word_1_219' title='bbox 1308 3261 1519 3345; x_wconf 72' lang='lat' dir='ltr'>Eminde</span> <span class='ocrx_word' id='word_1_220' title='bbox 1556 3261 1823 3362; x_wconf 51' lang='lat' dir='ltr'>regestum</span> <span class='ocrx_word' id='word_1_221' title='bbox 1848 3306 1949 3361; x_wconf 84' lang='lat' dir='ltr'>pro</span> <span class='ocrx_word' id='word_1_222' title='bbox 1980 3261 2144 3345; x_wconf 72' lang='lat' dir='ltr'>insti-</span> <span class='ocrx_word' id='word_1_223' title='bbox 2180 3261 2222 3328; x_wconf 67' lang='grc' dir='ltr'>ϐ</span> 
     </span>
    </p>
   </div>
   <div class='ocr_carea' id='block_1_35' title="bbox 506 3371 2147 3451">
    <p class='ocr_par' dir='ltr' id='par_1_35' title="bbox 506 3371 2147 3451">
     <span class='ocr_line' id='line_1_35' title="bbox 506 3371 2147 3451; baseline 0.005 -28"><span class='ocrx_word' id='word_1_224' title='bbox 506 3371 640 3435; x_wconf 80' lang='lat' dir='ltr'>tuto,</span> <span class='ocrx_word' id='word_1_225' title='bbox 672 3386 737 3424; x_wconf 90' lang='lat' dir='ltr'>ac</span> <span class='ocrx_word' id='word_1_226' title='bbox 767 3373 1002 3429; x_wconf 80' lang='lat' dir='ltr'>tandem</span> <span class='ocrx_word' id='word_1_227' title='bbox 1033 3374 1232 3430; x_wconf 89' lang='lat' dir='ltr'>addito</span> <span class='ocrx_word' id='word_1_228' title='bbox 1263 3375 1372 3432; x_wconf 88' lang='lat' dir='ltr'>hoc</span> <span class='ocrx_word' id='word_1_229' title='bbox 1402 3378 1574 3433; x_wconf 88' lang='lat' dir='ltr'>verbo</span> <span class='ocrx_word' id='word_1_230' title='bbox 1603 3387 1900 3451; x_wconf 77' lang='lat' dir='ltr'>regestum,</span> <span class='ocrx_word' id='word_1_231' title='bbox 1933 3394 2147 3445; x_wconf 85' lang='lat' dir='ltr'>nomen</span> 
     </span>
    </p>
   </div>
   <div class='ocr_carea' id='block_1_36' title="bbox 503 3459 2147 3537">
    <p class='ocr_par' dir='ltr' id='par_1_36' title="bbox 503 3459 2147 3537">
     <span class='ocr_line' id='line_1_36' title="bbox 503 3459 2147 3537; baseline 0.006 -24"><span class='ocrx_word' id='word_1_232' title='bbox 503 3473 669 3529; x_wconf 83' lang='lat' dir='ltr'>opera</span> <span class='ocrx_word' id='word_1_233' title='bbox 709 3459 870 3515; x_wconf 91' lang='lat' dir='ltr'>nullo</span> <span class='ocrx_word' id='word_1_234' title='bbox 915 3463 1112 3518; x_wconf 90' lang='lat' dir='ltr'>codice</span> <span class='ocrx_word' id='word_1_235' title='bbox 1161 3465 1356 3535; x_wconf 88' lang='lat' dir='ltr'>citato,</span> <span class='ocrx_word' id='word_1_236' title='bbox 1412 3467 1641 3537; x_wconf 90' lang='lat' dir='ltr'>penitus</span> <span class='ocrx_word' id='word_1_237' title='bbox 1692 3468 1991 3524; x_wconf 84' lang='lat' dir='ltr'>resecavit.</span> <span class='ocrx_word' id='word_1_238' title='bbox 2035 3468 2147 3523; x_wconf 83' lang='lat' dir='ltr'>No-</span> 
     </span>
    </p>
   </div>
   <div class='ocr_carea' id='block_1_37' title="bbox 506 3546 2153 3625">
    <p class='ocr_par' dir='ltr' id='par_1_37' title="bbox 506 3546 2153 3625">
     <span class='ocr_line' id='line_1_37' title="bbox 506 3546 2153 3625; baseline 0.005 -23"><span class='ocrx_word' id='word_1_239' title='bbox 506 3546 737 3603; x_wconf 86' lang='lat' dir='ltr'>hiscum</span> <span class='ocrx_word' id='word_1_240' title='bbox 799 3552 990 3605; x_wconf 89' lang='lat' dir='ltr'>tamen</span> <span class='ocrx_word' id='word_1_241' title='bbox 1044 3552 1267 3608; x_wconf 88' lang='lat' dir='ltr'>faciunt</span> <span class='ocrx_word' id='word_1_242' title='bbox 1314 3572 1519 3611; x_wconf 88' lang='lat' dir='ltr'>omnes</span> <span class='ocrx_word' id='word_1_243' title='bbox 1562 3556 1761 3613; x_wconf 90' lang='lat' dir='ltr'>inediti</span> <span class='ocrx_word' id='word_1_244' title='bbox 1812 3557 2061 3625; x_wconf 84' lang='lat' dir='ltr'>codices,</span> <span class='ocrx_word' id='word_1_245' title='bbox 2097 3560 2153 3611; x_wconf 91' lang='lat' dir='ltr'>et</span> 
     </span>
    </p>
   </div>
   <div class='ocr_carea' id='block_1_38' title="bbox 507 3638 2151 3719">
    <p class='ocr_par' dir='ltr' id='par_1_38' title="bbox 507 3638 2151 3719">
     <span class='ocr_line' id='line_1_38' title="bbox 507 3638 2151 3719; baseline 0.007 -30"><span class='ocrx_word' id='word_1_246' title='bbox 507 3638 643 3690; x_wconf 89' lang='lat' dir='ltr'>ante</span> <span class='ocrx_word' id='word_1_247' title='bbox 672 3638 943 3693; x_wconf 91' lang='lat' dir='ltr'>eumdem</span> <span class='ocrx_word' id='word_1_248' title='bbox 992 3640 1305 3712; x_wconf 80' lang='lat' dir='ltr'>Rigaltium</span> <span class='ocrx_word' id='word_1_249' title='bbox 1353 3644 1529 3712; x_wconf 89' lang='lat' dir='ltr'>editi;</span> <span class='ocrx_word' id='word_1_250' title='bbox 1583 3645 1693 3701; x_wconf 91' lang='lat' dir='ltr'>nisi</span> <span class='ocrx_word' id='word_1_251' title='bbox 1747 3648 1899 3719; x_wconf 90' lang='lat' dir='ltr'>quod</span> <span class='ocrx_word' id='word_1_252' title='bbox 1950 3646 2009 3701; x_wconf 89' lang='lat' dir='ltr'>in</span> <span class='ocrx_word' id='word_1_253' title='bbox 2057 3646 2151 3701; x_wconf 90' lang='lat' dir='ltr'>his</span> 
     </span>
    </p>
   </div>
   <div class='ocr_carea' id='block_1_39' title="bbox 509 3724 2152 3806">
    <p class='ocr_par' dir='ltr' id='par_1_39' title="bbox 509 3724 2152 3806">
     <span class='ocr_line' id='line_1_39' title="bbox 509 3724 2152 3806; baseline 0.009 -28"><span class='ocrx_word' id='word_1_254' title='bbox 509 3724 948 3795; x_wconf 83' lang='lat' dir='ltr'>antiquioribus</span> <span class='ocrx_word' id='word_1_255' title='bbox 998 3729 1249 3801; x_wconf 77' lang='lat' dir='ltr'>legimus</span> <span class='ocrx_word' id='word_1_256' title='bbox 1310 3749 1381 3788; x_wconf 78' lang='lat' dir='ltr'>ex</span> <span class='ocrx_word' id='word_1_257' title='bbox 1426 3734 1813 3806; x_wconf 78' lang='lat' dir='ltr'>improstituto.</span> <span class='ocrx_word' id='word_1_258' title='bbox 1875 3737 1985 3792; x_wconf 90' lang='lat' dir='ltr'>Sed</span> <span class='ocrx_word' id='word_1_259' title='bbox 2043 3739 2152 3793; x_wconf 93' lang='lat' dir='ltr'>hoc</span> 
     </span>
    </p>
   </div>
   <div class='ocr_carea' id='block_1_40' title="bbox 509 3817 2155 3896">
    <p class='ocr_par' dir='ltr' id='par_1_40' title="bbox 509 3817 2155 3896">
     <span class='ocr_line' id='line_1_40' title="bbox 509 3817 2155 3896; baseline 0.01 -30"><span class='ocrx_word' id='word_1_260' title='bbox 509 3817 849 3884; x_wconf 90' lang='lat' dir='ltr'>corruptum</span> <span class='ocrx_word' id='word_1_261' title='bbox 883 3817 1130 3873; x_wconf 89' lang='lat' dir='ltr'>videtur.</span> <span class='ocrx_word' id='word_1_262' title='bbox 1166 3820 1227 3874; x_wconf 85' lang='lat' dir='ltr'>In</span> <span class='ocrx_word' id='word_1_263' title='bbox 1260 3822 1757 3896; x_wconf 76' lang='lat' dir='ltr'>subsequentibus</span> <span class='ocrx_word' id='word_1_264' title='bbox 1806 3832 1999 3885; x_wconf 90' lang='lat' dir='ltr'>autem</span> <span class='ocrx_word' id='word_1_265' title='bbox 2029 3830 2155 3885; x_wconf 85' lang='lat' dir='ltr'>edi-</span> 
     </span>
    </p>
   </div>
   <div class='ocr_carea' id='block_1_41' title="bbox 503 3901 2156 3991">
    <p class='ocr_par' dir='ltr' id='par_1_41' title="bbox 503 3901 2156 3991">
     <span class='ocr_line' id='line_1_41' title="bbox 503 3901 2156 3991; baseline 0.011 -36"><span class='ocrx_word' id='word_1_266' title='bbox 503 3901 763 3958; x_wconf 89' lang='lat' dir='ltr'>tionibus</span> <span class='ocrx_word' id='word_1_267' title='bbox 823 3906 1054 3963; x_wconf 87' lang='lat' dir='ltr'>sublata</span> <span class='ocrx_word' id='word_1_268' title='bbox 1113 3910 1221 3965; x_wconf 85' lang='lat' dir='ltr'>fuit</span> <span class='ocrx_word' id='word_1_269' title='bbox 1270 3914 1599 3985; x_wconf 67' lang='lat' dir='ltr'>praepositio</span> <span class='ocrx_word' id='word_1_270' title='bbox 1648 3934 1740 3983; x_wconf 75' lang='lat' dir='ltr'>ex,</span> <span class='ocrx_word' id='word_1_271' title='bbox 1774 3933 1839 3972; x_wconf 91' lang='lat' dir='ltr'>ac</span> <span class='ocrx_word' id='word_1_272' title='bbox 1869 3918 2156 3991; x_wconf 88' lang='lat' dir='ltr'>scriptum</span> 
     </span>
    </p>
   </div>
   <div class='ocr_carea' id='block_1_42' title="bbox 507 3991 2154 4075">
    <p class='ocr_par' dir='ltr' id='par_1_42' title="bbox 507 3991 2154 4075">
     <span class='ocr_line' id='line_1_42' title="bbox 507 3991 2154 4075; baseline 0.012 -30"><span class='ocrx_word' id='word_1_273' title='bbox 507 3991 853 4063; x_wconf 84' lang='lat' dir='ltr'>simpliciter</span> <span class='ocrx_word' id='word_1_274' title='bbox 881 4012 978 4066; x_wconf 84' lang='lat' dir='ltr'>pro</span> <span class='ocrx_word' id='word_1_275' title='bbox 1026 4000 1297 4058; x_wconf 78' lang='lat' dir='ltr'>instituto.</span> <span class='ocrx_word' id='word_1_276' title='bbox 1334 4002 1543 4059; x_wconf 91' lang='lat' dir='ltr'>Melius</span> <span class='ocrx_word' id='word_1_277' title='bbox 1587 4005 1846 4075; x_wconf 88' lang='lat' dir='ltr'>quidem,</span> <span class='ocrx_word' id='word_1_278' title='bbox 1880 4009 1979 4063; x_wconf 92' lang='lat' dir='ltr'>sed</span> <span class='ocrx_word' id='word_1_279' title='bbox 2014 4009 2154 4064; x_wconf 80' lang='lat' dir='ltr'>deti-</span> 
     </span>
    </p>
   </div>
   <div class='ocr_carea' id='block_1_43' title="bbox 505 4078 2154 4165">
    <p class='ocr_par' dir='ltr' id='par_1_43' title="bbox 505 4078 2154 4165">
     <span class='ocr_line' id='line_1_43' title="bbox 505 4078 2154 4165; baseline 0.011 -30"><span class='ocrx_word' id='word_1_280' title='bbox 505 4078 633 4138; x_wconf 91' lang='lat' dir='ltr'>nire</span> <span class='ocrx_word' id='word_1_281' title='bbox 680 4098 793 4139; x_wconf 92' lang='lat' dir='ltr'>non</span> <span class='ocrx_word' id='word_1_282' title='bbox 844 4086 1131 4144; x_wconf 87' lang='lat' dir='ltr'>audemus</span> <span class='ocrx_word' id='word_1_283' title='bbox 1164 4106 1289 4160; x_wconf 70' lang='lat' dir='ltr'>quae</span> <span class='ocrx_word' id='word_1_284' title='bbox 1321 4109 1451 4147; x_wconf 87' lang='lat' dir='ltr'>vera</span> <span class='ocrx_word' id='word_1_285' title='bbox 1485 4093 1564 4149; x_wconf 89' lang='lat' dir='ltr'>sit</span> <span class='ocrx_word' id='word_1_286' title='bbox 1590 4095 1931 4152; x_wconf 89' lang='lat' dir='ltr'>Tertulliani</span> <span class='ocrx_word' id='word_1_287' title='bbox 1966 4097 2154 4165; x_wconf 89' lang='lat' dir='ltr'>lectio,</span> 
     </span>
    </p>
   </div>
   <div class='ocr_carea' id='block_1_44' title="bbox 506 4169 1913 4257">
    <p class='ocr_par' dir='ltr' id='par_1_44' title="bbox 506 4169 1913 4257">
     <span class='ocr_line' id='line_1_44' title="bbox 506 4169 1913 4257; baseline 0.013 -33"><span class='ocrx_word' id='word_1_288' title='bbox 506 4169 689 4227; x_wconf 89' lang='lat' dir='ltr'>donec</span> <span class='ocrx_word' id='word_1_289' title='bbox 718 4172 1097 4248; x_wconf 89' lang='lat' dir='ltr'>incorruptus</span> <span class='ocrx_word' id='word_1_290' title='bbox 1119 4177 1334 4251; x_wconf 90' lang='lat' dir='ltr'>aliquis</span> <span class='ocrx_word' id='word_1_291' title='bbox 1366 4183 1541 4238; x_wconf 86' lang='lat' dir='ltr'>codex</span> <span class='ocrx_word' id='word_1_292' title='bbox 1570 4188 1913 4257; x_wconf 89' lang='lat' dir='ltr'>reperiatur.</span> 
     </span>
    </p>
   </div>
   <div class='ocr_carea' id='block_1_45' title="bbox 575 4260 2155 4343">
    <p class='ocr_par' dir='ltr' id='par_1_45' title="bbox 575 4260 2155 4343">
     <span class='ocr_line' id='line_1_45' title="bbox 575 4260 2155 4343; baseline 0.011 -27"><span class='ocrx_word' id='word_1_293' title='bbox 575 4260 795 4319; x_wconf 90' lang='lat' dir='ltr'>Sensus</span> <span class='ocrx_word' id='word_1_294' title='bbox 824 4266 1022 4321; x_wconf 89' lang='lat' dir='ltr'>tamen</span> <span class='ocrx_word' id='word_1_295' title='bbox 1054 4268 1182 4338; x_wconf 87' lang='lat' dir='ltr'>ejus</span> <span class='ocrx_word' id='word_1_296' title='bbox 1231 4269 1325 4325; x_wconf 89' lang='lat' dir='ltr'>hic</span> <span class='ocrx_word' id='word_1_297' title='bbox 1373 4272 1572 4343; x_wconf 91' lang='lat' dir='ltr'>procul</span> <span class='ocrx_word' id='word_1_298' title='bbox 1620 4275 1796 4330; x_wconf 90' lang='lat' dir='ltr'>dubio</span> <span class='ocrx_word' id='word_1_299' title='bbox 1845 4293 1971 4332; x_wconf 88' lang='lat' dir='ltr'>esse</span> <span class='ocrx_word' id='word_1_300' title='bbox 1998 4277 2155 4333; x_wconf 90' lang='lat' dir='ltr'>vide-</span> 
     </span>
    </p>
   </div>
   <div class='ocr_carea' id='block_1_46' title="bbox 508 4351 2155 4435">
    <p class='ocr_par' dir='ltr' id='par_1_46' title="bbox 508 4351 2155 4435">
     <span class='ocr_line' id='line_1_46' title="bbox 508 4351 2155 4435; baseline 0.012 -31"><span class='ocrx_word' id='word_1_301' title='bbox 508 4352 607 4406; x_wconf 93' lang='lat' dir='ltr'>tur</span> <span class='ocrx_word' id='word_1_302' title='bbox 639 4366 650 4406; x_wconf 93' lang='lat'>:</span> <span class='ocrx_word' id='word_1_303' title='bbox 686 4351 745 4407; x_wconf 89' lang='lat' dir='ltr'>Si</span> <span class='ocrx_word' id='word_1_304' title='bbox 777 4352 1113 4428; x_wconf 88' lang='lat' dir='ltr'>philosophi</span> <span class='ocrx_word' id='word_1_305' title='bbox 1162 4375 1230 4413; x_wconf 87' lang='lat' dir='ltr'>ex</span> <span class='ocrx_word' id='word_1_306' title='bbox 1278 4362 1460 4417; x_wconf 90' lang='lat' dir='ltr'>sacris</span> <span class='ocrx_word' id='word_1_307' title='bbox 1506 4364 1842 4435; x_wconf 87' lang='lat' dir='ltr'>Scripturis.</span> <span class='ocrx_word' id='word_1_308' title='bbox 1875 4370 2029 4422; x_wconf 89' lang='lat' dir='ltr'>recte</span> <span class='ocrx_word' id='word_1_309' title='bbox 2060 4384 2155 4422; x_wconf 88' lang='lat' dir='ltr'>or-</span> 
     </span>
    </p>
   </div>
   <div class='ocr_carea' id='block_1_47' title="bbox 507 4439 2154 4525">
    <p class='ocr_par' dir='ltr' id='par_1_47' title="bbox 507 4439 2154 4525">
     <span class='ocr_line' id='line_1_47' title="bbox 507 4439 2154 4525; baseline 0.013 -33"><span class='ocrx_word' id='word_1_310' title='bbox 507 4439 726 4496; x_wconf 90' lang='lat' dir='ltr'>dinatis</span> <span class='ocrx_word' id='word_1_311' title='bbox 754 4446 811 4496; x_wconf 91' lang='lat' dir='ltr'>et</span> <span class='ocrx_word' id='word_1_312' title='bbox 839 4444 1160 4516; x_wconf 87' lang='lat' dir='ltr'>explicatis,</span> <span class='ocrx_word' id='word_1_313' title='bbox 1195 4448 1414 4521; x_wconf 88' lang='lat' dir='ltr'>aliquid</span> <span class='ocrx_word' id='word_1_314' title='bbox 1462 4453 1581 4507; x_wconf 90' lang='lat' dir='ltr'>veri</span> <span class='ocrx_word' id='word_1_315' title='bbox 1630 4453 1957 4525; x_wconf 85' lang='lat' dir='ltr'>hauserint,</span> <span class='ocrx_word' id='word_1_316' title='bbox 2008 4457 2154 4513; x_wconf 92' lang='lat' dir='ltr'>illud</span> 
     </span>
    </p>
   </div>
   <div class='ocr_carea' id='block_1_48' title="bbox 509 4529 2153 4617">
    <p class='ocr_par' dir='ltr' id='par_1_48' title="bbox 509 4529 2153 4617">
     <span class='ocr_line' id='line_1_48' title="bbox 509 4529 2153 4617; baseline 0.014 -37"><span class='ocrx_word' id='word_1_317' title='bbox 509 4544 612 4599; x_wconf 92' lang='lat' dir='ltr'>pro</span> <span class='ocrx_word' id='word_1_318' title='bbox 653 4529 1031 4601; x_wconf 90' lang='lat' dir='ltr'>curiositatis,</span> <span class='ocrx_word' id='word_1_319' title='bbox 1084 4552 1185 4592; x_wconf 88' lang='lat' dir='ltr'>seu</span> <span class='ocrx_word' id='word_1_320' title='bbox 1240 4537 1433 4595; x_wconf 76' lang='lat' dir='ltr'>nimim</span> <span class='ocrx_word' id='word_1_321' title='bbox 1490 4557 1588 4598; x_wconf 90' lang='lat' dir='ltr'>eas</span> <span class='ocrx_word' id='word_1_322' title='bbox 1638 4543 1790 4600; x_wconf 90' lang='lat' dir='ltr'>male</span> <span class='ocrx_word' id='word_1_323' title='bbox 1828 4545 2153 4617; x_wconf 84' lang='lat' dir='ltr'>explicandi</span> 
     </span>
    </p>
   </div>
   <div class='ocr_carea' id='block_1_49' title="bbox 2265 591 3851 672">
    <p class='ocr_par' dir='ltr' id='par_1_49' title="bbox 2265 591 3851 672">
     <span class='ocr_line' id='line_1_49' title="bbox 2265 591 3851 672; baseline 0.008 -28"><span class='ocrx_word' id='word_1_324' title='bbox 2265 591 2547 664; x_wconf 81' lang='lat' dir='ltr'>Apologet.</span> <span class='ocrx_word' id='word_1_325' title='bbox 2594 609 2722 665; x_wconf 91' lang='lat' dir='ltr'>cap.</span> <span class='ocrx_word' id='word_1_326' title='bbox 2771 594 2860 661; x_wconf 71' lang='lat'>47,</span> <span class='ocrx_word' id='word_1_327' title='bbox 2914 610 3046 667; x_wconf 87' lang='lat' dir='ltr'>pag.</span> <span class='ocrx_word' id='word_1_328' title='bbox 3096 596 3227 665; x_wconf 88' lang='lat'>515)</span> <span class='ocrx_word' id='word_1_329' title='bbox 3266 595 3716 670; x_wconf 87' lang='lat' dir='ltr'>philosophorum</span> <span class='ocrx_word' id='word_1_330' title='bbox 3745 601 3851 672; x_wconf 87' lang='lat' dir='ltr'>opi-</span> 
     </span>
    </p>
   </div>
   <div class='ocr_carea' id='block_1_50' title="bbox 2267 678 3852 759">
    <p class='ocr_par' dir='ltr' id='par_1_50' title="bbox 2267 678 3852 759">
     <span class='ocr_line' id='line_1_50' title="bbox 2267 678 3852 759; baseline 0.008 -25"><span class='ocrx_word' id='word_1_331' title='bbox 2267 678 2543 736; x_wconf 87' lang='lat' dir='ltr'>nionibus</span> <span class='ocrx_word' id='word_1_332' title='bbox 2588 685 2645 738; x_wconf 90' lang='lat' dir='ltr'>et</span> <span class='ocrx_word' id='word_1_333' title='bbox 2692 684 2989 740; x_wconf 88' lang='lat' dir='ltr'>erroribus</span> <span class='ocrx_word' id='word_1_334' title='bbox 3038 685 3109 740; x_wconf 92' lang='lat' dir='ltr'>de</span> <span class='ocrx_word' id='word_1_335' title='bbox 3151 686 3250 741; x_wconf 88' lang='lat' dir='ltr'>Dei</span> <span class='ocrx_word' id='word_1_336' title='bbox 3281 690 3506 753; x_wconf 88' lang='lat' dir='ltr'>natura,</span> <span class='ocrx_word' id='word_1_337' title='bbox 3536 688 3782 759; x_wconf 85' lang='lat' dir='ltr'>qualitate</span> <span class='ocrx_word' id='word_1_338' title='bbox 3806 696 3852 746; x_wconf 90' lang='lat' dir='ltr'>et</span> 
     </span>
    </p>
   </div>
   <div class='ocr_carea' id='block_1_51' title="bbox 2266 770 3850 849">
    <p class='ocr_par' dir='ltr' id='par_1_51' title="bbox 2266 770 3850 849">
     <span class='ocr_line' id='line_1_51' title="bbox 2266 770 3850 849; baseline 0.008 -25"><span class='ocrx_word' id='word_1_339' title='bbox 2266 770 2667 841; x_wconf 89' lang='lat' dir='ltr'>providentia:</span> <span class='ocrx_word' id='word_1_340' title='bbox 2703 773 2775 827; x_wconf 93' lang='lat' dir='ltr'>de</span> <span class='ocrx_word' id='word_1_341' title='bbox 2806 774 3012 829; x_wconf 88' lang='lat' dir='ltr'>mundi</span> <span class='ocrx_word' id='word_1_342' title='bbox 3053 775 3366 835; x_wconf 82' lang='lat' dir='ltr'>creatione.</span> <span class='ocrx_word' id='word_1_343' title='bbox 3396 784 3447 831; x_wconf 90' lang='lat' dir='ltr'>et</span> <span class='ocrx_word' id='word_1_344' title='bbox 3478 776 3850 849; x_wconf 80' lang='lat' dir='ltr'>diuturnitate;</span> 
     </span>
    </p>
   </div>
   <div class='ocr_carea' id='block_1_52' title="bbox 2266 858 3850 940">
    <p class='ocr_par' dir='ltr' id='par_1_52' title="bbox 2266 858 3850 940">
     <span class='ocr_line' id='line_1_52' title="bbox 2266 858 3850 940; baseline 0.006 -27"><span class='ocrx_word' id='word_1_345' title='bbox 2266 858 2337 913; x_wconf 90' lang='lat' dir='ltr'>de</span> <span class='ocrx_word' id='word_1_346' title='bbox 2361 859 2630 916; x_wconf 74' lang='lat' dir='ltr'>humanae</span> <span class='ocrx_word' id='word_1_347' title='bbox 2652 861 2860 917; x_wconf 78' lang='lat' dir='ltr'>animm</span> <span class='ocrx_word' id='word_1_348' title='bbox 2884 868 3117 931; x_wconf 89' lang='lat' dir='ltr'>natura,</span> <span class='ocrx_word' id='word_1_349' title='bbox 3159 881 3338 936; x_wconf 89' lang='lat' dir='ltr'>quam</span> <span class='ocrx_word' id='word_1_350' title='bbox 3358 865 3452 921; x_wconf 91' lang='lat' dir='ltr'>alii</span> <span class='ocrx_word' id='word_1_351' title='bbox 3482 866 3850 940; x_wconf 87' lang='lat' dir='ltr'>incorpoream,</span> 
     </span>
    </p>
   </div>
   <div class='ocr_carea' id='block_1_53' title="bbox 2265 948 3852 1029">
    <p class='ocr_par' dir='ltr' id='par_1_53' title="bbox 2265 948 3852 1029">
     <span class='ocr_line' id='line_1_53' title="bbox 2265 948 3852 1029; baseline 0.007 -26"><span class='ocrx_word' id='word_1_352' title='bbox 2265 948 2548 1016; x_wconf 87' lang='lat' dir='ltr'>divinam,</span> <span class='ocrx_word' id='word_1_353' title='bbox 2583 956 2639 1006; x_wconf 90' lang='lat' dir='ltr'>et</span> <span class='ocrx_word' id='word_1_354' title='bbox 2686 955 2985 1023; x_wconf 72' lang='lat' dir='ltr'>aeternam,</span> <span class='ocrx_word' id='word_1_355' title='bbox 3020 953 3119 1008; x_wconf 89' lang='lat' dir='ltr'>alii</span> <span class='ocrx_word' id='word_1_356' title='bbox 3171 954 3566 1011; x_wconf 90' lang='lat' dir='ltr'>dissolubilem</span> <span class='ocrx_word' id='word_1_357' title='bbox 3598 960 3649 1012; x_wconf 87' lang='lat' dir='ltr'>et</span> <span class='ocrx_word' id='word_1_358' title='bbox 3684 974 3852 1029; x_wconf 81' lang='lat' dir='ltr'>corpo-</span> 
     </span>
    </p>
   </div>
   <div class='ocr_carea' id='block_1_54' title="bbox 2266 1040 3853 1117">
    <p class='ocr_par' dir='ltr' id='par_1_54' title="bbox 2266 1040 3853 1117">
     <span class='ocr_line' id='line_1_54' title="bbox 2266 1040 3853 1117; baseline 0.006 -24"><span class='ocrx_word' id='word_1_359' title='bbox 2266 1054 2423 1093; x_wconf 87' lang='lat' dir='ltr'>ream</span> <span class='ocrx_word' id='word_1_360' title='bbox 2456 1056 2583 1095; x_wconf 90' lang='lat' dir='ltr'>esse</span> <span class='ocrx_word' id='word_1_361' title='bbox 2633 1040 3091 1110; x_wconf 84' lang='lat' dir='ltr'>arbitrabantur,</span> <span class='ocrx_word' id='word_1_362' title='bbox 3126 1047 3299 1115; x_wconf 89' lang='lat' dir='ltr'>atque</span> <span class='ocrx_word' id='word_1_363' title='bbox 3330 1045 3399 1099; x_wconf 92' lang='lat' dir='ltr'>de</span> <span class='ocrx_word' id='word_1_364' title='bbox 3435 1044 3586 1100; x_wconf 88' lang='lat' dir='ltr'>illius</span> <span class='ocrx_word' id='word_1_365' title='bbox 3615 1049 3732 1117; x_wconf 89' lang='lat' dir='ltr'>post</span> <span class='ocrx_word' id='word_1_366' title='bbox 3756 1062 3853 1102; x_wconf 86' lang='lat' dir='ltr'>cor-</span> 
     </span>
    </p>
   </div>
   <div class='ocr_carea' id='block_1_55' title="bbox 2264 1128 3855 1205">
    <p class='ocr_par' dir='ltr' id='par_1_55' title="bbox 2264 1128 3855 1205">
     <span class='ocr_line' id='line_1_55' title="bbox 2264 1128 3855 1205; baseline 0.006 -23"><span class='ocrx_word' id='word_1_367' title='bbox 2264 1128 2422 1199; x_wconf 87' lang='lat' dir='ltr'>poris</span> <span class='ocrx_word' id='word_1_368' title='bbox 2454 1129 2755 1185; x_wconf 90' lang='lat' dir='ltr'>interitum</span> <span class='ocrx_word' id='word_1_369' title='bbox 2808 1136 2984 1199; x_wconf 90' lang='lat' dir='ltr'>statu,</span> <span class='ocrx_word' id='word_1_370' title='bbox 3037 1132 3243 1203; x_wconf 82' lang='lat' dir='ltr'>poenis,</span> <span class='ocrx_word' id='word_1_371' title='bbox 3278 1138 3335 1188; x_wconf 89' lang='lat' dir='ltr'>et</span> <span class='ocrx_word' id='word_1_372' title='bbox 3382 1133 3643 1205; x_wconf 70' lang='lat' dir='ltr'>praemiis.</span> <span class='ocrx_word' id='word_1_373' title='bbox 3682 1138 3855 1191; x_wconf 86' lang='lat' dir='ltr'>Omnes</span> 
     </span>
    </p>
   </div>
   <div class='ocr_carea' id='block_1_56' title="bbox 2263 1220 3854 1295">
    <p class='ocr_par' dir='ltr' id='par_1_56' title="bbox 2263 1220 3854 1295">
     <span class='ocr_line' id='line_1_56' title="bbox 2263 1220 3854 1295; baseline 0.004 -22"><span class='ocrx_word' id='word_1_374' title='bbox 2263 1221 2459 1273; x_wconf 88' lang='lat' dir='ltr'>autem</span> <span class='ocrx_word' id='word_1_375' title='bbox 2511 1220 2703 1276; x_wconf 87' lang='lat' dir='ltr'>varias</span> <span class='ocrx_word' id='word_1_376' title='bbox 2753 1220 2926 1276; x_wconf 84' lang='lat' dir='ltr'>hasce</span> <span class='ocrx_word' id='word_1_377' title='bbox 2972 1220 3209 1277; x_wconf 90' lang='lat' dir='ltr'>illorum</span> <span class='ocrx_word' id='word_1_378' title='bbox 3239 1223 3539 1295; x_wconf 90' lang='lat' dir='ltr'>opiniones</span> <span class='ocrx_word' id='word_1_379' title='bbox 3585 1223 3712 1279; x_wconf 91' lang='lat' dir='ltr'>alibi</span> <span class='ocrx_word' id='word_1_380' title='bbox 3738 1242 3854 1280; x_wconf 90' lang='lat' dir='ltr'>enu-</span> 
     </span>
    </p>
   </div>
   <div class='ocr_carea' id='block_1_57' title="bbox 2263 1306 3853 1383">
    <p class='ocr_par' dir='ltr' id='par_1_57' title="bbox 2263 1306 3853 1383">
     <span class='ocr_line' id='line_1_57' title="bbox 2263 1306 3853 1383; baseline 0.004 -22"><span class='ocrx_word' id='word_1_381' title='bbox 2263 1306 2580 1364; x_wconf 89' lang='lat' dir='ltr'>cleavimus</span> <span class='ocrx_word' id='word_1_382' title='bbox 2629 1325 2695 1365; x_wconf 86' lang='lat' dir='ltr'>ac</span> <span class='ocrx_word' id='word_1_383' title='bbox 2742 1309 3135 1367; x_wconf 89' lang='lat' dir='ltr'>discussimus</span> <span class='ocrx_word' id='word_1_384' title='bbox 3185 1314 3373 1383; x_wconf 89' lang='lat' dir='ltr'>(Supr.</span> <span class='ocrx_word' id='word_1_385' title='bbox 3426 1329 3548 1383; x_wconf 91' lang='lat' dir='ltr'>cap.</span> <span class='ocrx_word' id='word_1_386' title='bbox 3596 1314 3646 1382; x_wconf 88' lang='lat'>5,</span> <span class='ocrx_word' id='word_1_387' title='bbox 3695 1313 3853 1383; x_wconf 62' lang='lat' dir='ltr'>arti,</span> 
     </span>
    </p>
   </div>
   <div class='ocr_carea' id='block_1_58' title="bbox 2262 1399 3856 1472">
    <p class='ocr_par' dir='ltr' id='par_1_58' title="bbox 2262 1399 3856 1472">
     <span class='ocr_line' id='line_1_58' title="bbox 2262 1399 3856 1472; baseline 0.005 -22"><span class='ocrx_word' id='word_1_388' title='bbox 2262 1400 2319 1451; x_wconf 91' lang='lat' dir='ltr'>et</span> <span class='ocrx_word' id='word_1_389' title='bbox 2348 1413 2472 1469; x_wconf 90' lang='lat' dir='ltr'>cap.</span> <span class='ocrx_word' id='word_1_390' title='bbox 2524 1399 2580 1465; x_wconf 89' lang='lat'>9,</span> <span class='ocrx_word' id='word_1_391' title='bbox 2632 1402 2739 1454; x_wconf 88' lang='lat' dir='ltr'>art.</span> <span class='ocrx_word' id='word_1_392' title='bbox 2776 1401 2801 1453; x_wconf 91' lang='lat'>1</span> <span class='ocrx_word' id='word_1_393' title='bbox 2858 1404 2915 1455; x_wconf 90' lang='lat' dir='ltr'>et</span> <span class='ocrx_word' id='word_1_394' title='bbox 2944 1417 3155 1472; x_wconf 88' lang='lat' dir='ltr'>seqq.;</span> <span class='ocrx_word' id='word_1_395' title='bbox 3210 1403 3495 1457; x_wconf 80' lang='lat' dir='ltr'>Dissertat.</span> <span class='ocrx_word' id='word_1_396' title='bbox 3542 1405 3599 1457; x_wconf 85' lang='lat' dir='ltr'>in</span> <span class='ocrx_word' id='word_1_397' title='bbox 3648 1407 3856 1459; x_wconf 79' lang='lat' dir='ltr'>Lactant.</span> 
     </span>
    </p>
   </div>
   <div class='ocr_carea' id='block_1_59' title="bbox 2261 1487 3854 1564">
    <p class='ocr_par' dir='ltr' id='par_1_59' title="bbox 2261 1487 3854 1564">
     <span class='ocr_line' id='line_1_59' title="bbox 2261 1487 3854 1564; baseline 0.006 -25"><span class='ocrx_word' id='word_1_398' title='bbox 2261 1501 2389 1557; x_wconf 91' lang='lat' dir='ltr'>cap.</span> <span class='ocrx_word' id='word_1_399' title='bbox 2420 1487 2507 1554; x_wconf 93' lang='lat'>12,</span> <span class='ocrx_word' id='word_1_400' title='bbox 2540 1492 2648 1542; x_wconf 88' lang='lat' dir='ltr'>art.</span> <span class='ocrx_word' id='word_1_401' title='bbox 2685 1490 2708 1542; x_wconf 96' lang='lat'>1</span> <span class='ocrx_word' id='word_1_402' title='bbox 2746 1496 2801 1544; x_wconf 84' lang='lat' dir='ltr'>et</span> <span class='ocrx_word' id='word_1_403' title='bbox 2831 1506 3036 1561; x_wconf 87' lang='lat' dir='ltr'>eeqq.;</span> <span class='ocrx_word' id='word_1_404' title='bbox 3071 1506 3197 1561; x_wconf 92' lang='lat' dir='ltr'>cap.</span> <span class='ocrx_word' id='word_1_405' title='bbox 3232 1492 3318 1563; x_wconf 84' lang='grc'>14,</span> <span class='ocrx_word' id='word_1_406' title='bbox 3354 1495 3459 1546; x_wconf 89' lang='lat' dir='ltr'>art.</span> <span class='ocrx_word' id='word_1_407' title='bbox 3496 1494 3518 1546; x_wconf 94' lang='lat'><strong>1</strong></span> <span class='ocrx_word' id='word_1_408' title='bbox 3554 1496 3606 1547; x_wconf 87' lang='lat' dir='ltr'>et</span> <span class='ocrx_word' id='word_1_409' title='bbox 3633 1493 3663 1545; x_wconf 88' lang='grc'>2</span> <span class='ocrx_word' id='word_1_410' title='bbox 3692 1509 3854 1564; x_wconf 72' lang='lat' dir='ltr'>seqq;</span> 
     </span>
    </p>
   </div>
   <div class='ocr_carea' id='block_1_60' title="bbox 2260 1576 3849 1651">
    <p class='ocr_par' dir='ltr' id='par_1_60' title="bbox 2260 1576 3849 1651">
     <span class='ocr_line' id='line_1_60' title="bbox 2260 1576 3849 1651; baseline 0.004 -23"><span class='ocrx_word' id='word_1_411' title='bbox 2260 1577 2317 1629; x_wconf 92' lang='lat' dir='ltr'>et</span> <span class='ocrx_word' id='word_1_412' title='bbox 2347 1590 2473 1647; x_wconf 89' lang='lat' dir='ltr'>cap.</span> <span class='ocrx_word' id='word_1_413' title='bbox 2507 1576 2597 1642; x_wconf 88' lang='lat'>23,</span> <span class='ocrx_word' id='word_1_414' title='bbox 2631 1581 2743 1632; x_wconf 89' lang='lat' dir='ltr'>art.</span> <span class='ocrx_word' id='word_1_415' title='bbox 2779 1578 2803 1632; x_wconf 94' lang='lat'><strong>1</strong></span> <span class='ocrx_word' id='word_1_416' title='bbox 2839 1581 2896 1633; x_wconf 91' lang='lat' dir='ltr'>et</span> <span class='ocrx_word' id='word_1_417' title='bbox 2926 1595 3045 1649; x_wconf 89' lang='lat' dir='ltr'>seq.</span> <span class='ocrx_word' id='word_1_418' title='bbox 3074 1596 3087 1647; x_wconf 91' lang='lat'><strong>;</strong></span> <span class='ocrx_word' id='word_1_419' title='bbox 3135 1582 3192 1634; x_wconf 90' lang='lat' dir='ltr'>et</span> <span class='ocrx_word' id='word_1_420' title='bbox 3222 1596 3348 1651; x_wconf 88' lang='lat' dir='ltr'>cap.</span> <span class='ocrx_word' id='word_1_421' title='bbox 3381 1580 3470 1647; x_wconf 89' lang='lat'>28,</span> <span class='ocrx_word' id='word_1_422' title='bbox 3502 1584 3606 1636; x_wconf 90' lang='lat' dir='ltr'>art.</span> <span class='ocrx_word' id='word_1_423' title='bbox 3634 1582 3663 1635; x_wconf 82' lang='grc'>4</span> <span class='ocrx_word' id='word_1_424' title='bbox 3705 1585 3754 1635; x_wconf 88' lang='lat' dir='ltr'>et</span> <span class='ocrx_word' id='word_1_425' title='bbox 3785 1580 3849 1651; x_wconf 82' lang='lat'>6).</span> 
     </span>
    </p>
   </div>
   <div class='ocr_carea' id='block_1_61' title="bbox 2330 1663 3858 1738">
    <p class='ocr_par' dir='ltr' id='par_1_61' title="bbox 2330 1663 3858 1738">
     <span class='ocr_line' id='line_1_61' title="bbox 2330 1663 3858 1738; baseline 0.004 -21"><span class='ocrx_word' id='word_1_426' title='bbox 2330 1663 2529 1736; x_wconf 86' lang='lat' dir='ltr'>Neque</span> <span class='ocrx_word' id='word_1_427' title='bbox 2559 1665 2618 1720; x_wconf 91' lang='lat' dir='ltr'>in</span> <span class='ocrx_word' id='word_1_428' title='bbox 2649 1665 2760 1721; x_wconf 90' lang='lat' dir='ltr'>hoc</span> <span class='ocrx_word' id='word_1_429' title='bbox 2808 1670 3038 1722; x_wconf 89' lang='lat' dir='ltr'>tantum</span> <span class='ocrx_word' id='word_1_430' title='bbox 3092 1667 3436 1738; x_wconf 77' lang='lat' dir='ltr'>Apologetico</span> <span class='ocrx_word' id='word_1_431' title='bbox 3473 1670 3675 1723; x_wconf 84' lang='lat' dir='ltr'>Auctor</span> <span class='ocrx_word' id='word_1_432' title='bbox 3699 1674 3858 1723; x_wconf 87' lang='lat' dir='ltr'>noster</span> 
     </span>
    </p>
   </div>
   <div class='ocr_carea' id='block_1_62' title="bbox 2259 1753 3855 1829">
    <p class='ocr_par' dir='ltr' id='par_1_62' title="bbox 2259 1753 3855 1829">
     <span class='ocr_line' id='line_1_62' title="bbox 2259 1753 3855 1829; baseline 0.003 -22"><span class='ocrx_word' id='word_1_433' title='bbox 2259 1753 2340 1808; x_wconf 88' lang='lat' dir='ltr'>ita</span> <span class='ocrx_word' id='word_1_434' title='bbox 2369 1755 2648 1809; x_wconf 88' lang='lat' dir='ltr'>adversus</span> <span class='ocrx_word' id='word_1_435' title='bbox 2682 1755 3066 1829; x_wconf 90' lang='lat' dir='ltr'>philosophos</span> <span class='ocrx_word' id='word_1_436' title='bbox 3106 1756 3350 1827; x_wconf 84' lang='lat' dir='ltr'>gentiles</span> <span class='ocrx_word' id='word_1_437' title='bbox 3404 1758 3673 1829; x_wconf 88' lang='lat' dir='ltr'>disputat,</span> <span class='ocrx_word' id='word_1_438' title='bbox 3701 1758 3786 1812; x_wconf 88' lang='lat' dir='ltr'>sed</span> <span class='ocrx_word' id='word_1_439' title='bbox 3811 1756 3855 1811; x_wconf 88' lang='lat' dir='ltr'>in</span> 
     </span>
    </p>
   </div>
   <div class='ocr_carea' id='block_1_63' title="bbox 2260 1844 3857 1914">
    <p class='ocr_par' dir='ltr' id='par_1_63' title="bbox 2260 1844 3857 1914">
     <span class='ocr_line' id='line_1_63' title="bbox 2260 1844 3857 1914; baseline 0.001 -16"><span class='ocrx_word' id='word_1_440' title='bbox 2260 1844 2516 1899; x_wconf 89' lang='lat' dir='ltr'>secundo</span> <span class='ocrx_word' id='word_1_441' title='bbox 2547 1844 2704 1900; x_wconf 78' lang='lat'>980</span> <span class='ocrx_word' id='word_1_442' title='bbox 2761 1845 2937 1901; x_wconf 88' lang='lat' dir='ltr'>etiam</span> <span class='ocrx_word' id='word_1_443' title='bbox 2972 1846 3043 1900; x_wconf 90' lang='lat' dir='ltr'>ad</span> <span class='ocrx_word' id='word_1_444' title='bbox 3070 1848 3335 1903; x_wconf 76' lang='lat' dir='ltr'>Nationes</span> <span class='ocrx_word' id='word_1_445' title='bbox 3382 1844 3553 1914; x_wconf 90' lang='lat' dir='ltr'>libro,</span> <span class='ocrx_word' id='word_1_446' title='bbox 3586 1846 3676 1901; x_wconf 89' lang='lat' dir='ltr'>ubi</span> <span class='ocrx_word' id='word_1_447' title='bbox 3705 1846 3857 1901; x_wconf 85' lang='lat' dir='ltr'>adhuc</span> 
     </span>
    </p>
   </div>
   <div class='ocr_carea' id='block_1_64' title="bbox 2256 1934 3857 2007">
    <p class='ocr_par' dir='ltr' id='par_1_64' title="bbox 2256 1934 3857 2007">
     <span class='ocr_line' id='line_1_64' title="bbox 2256 1934 3857 2007; baseline 0.001 -20"><span class='ocrx_word' id='word_1_448' title='bbox 2256 1934 2463 2005; x_wconf 92' lang='lat' dir='ltr'>probat</span> <span class='ocrx_word' id='word_1_449' title='bbox 2487 1934 2902 2006; x_wconf 83' lang='lat' dir='ltr'>philosophicas</span> <span class='ocrx_word' id='word_1_450' title='bbox 2934 1935 3234 2007; x_wconf 79' lang='lat' dir='ltr'>sapientiae</span> <span class='ocrx_word' id='word_1_451' title='bbox 3260 1936 3572 1991; x_wconf 88' lang='lat' dir='ltr'>vanitatem</span> <span class='ocrx_word' id='word_1_452' title='bbox 3594 1934 3857 1991; x_wconf 88' lang='lat' dir='ltr'>imbecilli-</span> 
     </span>
    </p>
   </div>
   <div class='ocr_carea' id='block_1_65' title="bbox 2255 2024 3855 2097">
    <p class='ocr_par' dir='ltr' id='par_1_65' title="bbox 2255 2024 3855 2097">
     <span class='ocr_line' id='line_1_65' title="bbox 2255 2024 3855 2097; baseline 0.001 -20"><span class='ocrx_word' id='word_1_453' title='bbox 2255 2024 3436 2095; x_wconf 82' lang='lat' dir='ltr'>tatemqueapertissimedemonstrariex</span> <span class='ocrx_word' id='word_1_454' title='bbox 3450 2025 3763 2097; x_wconf 85' lang='lat' dir='ltr'>opinionum</span> <span class='ocrx_word' id='word_1_455' title='bbox 3782 2041 3855 2080; x_wconf 80' lang='lat' dir='ltr'>va-</span> 
     </span>
    </p>
   </div>
   <div class='ocr_carea' id='block_1_66' title="bbox 2257 2111 3855 2186">
    <p class='ocr_par' dir='ltr' id='par_1_66' title="bbox 2257 2111 3855 2186">
     <span class='ocr_line' id='line_1_66' title="bbox 2257 2111 3855 2186; baseline 0.001 -20"><span class='ocrx_word' id='word_1_456' title='bbox 2257 2111 2486 2180; x_wconf 90' lang='lat' dir='ltr'>rietate,</span> <span class='ocrx_word' id='word_1_457' title='bbox 2528 2129 2653 2183; x_wconf 84' lang='lat' dir='ltr'>quae</span> <span class='ocrx_word' id='word_1_458' title='bbox 2704 2130 2821 2168; x_wconf 91' lang='lat' dir='ltr'>non</span> <span class='ocrx_word' id='word_1_459' title='bbox 2870 2112 3107 2169; x_wconf 86' lang='lat' dir='ltr'>aliunde</span> <span class='ocrx_word' id='word_1_460' title='bbox 3148 2130 3330 2186; x_wconf 89' lang='lat' dir='ltr'>quam</span> <span class='ocrx_word' id='word_1_461' title='bbox 3363 2115 3433 2170; x_wconf 92' lang='lat' dir='ltr'>de</span> <span class='ocrx_word' id='word_1_462' title='bbox 3463 2114 3707 2170; x_wconf 89' lang='lat' dir='ltr'>veritatis</span> <span class='ocrx_word' id='word_1_463' title='bbox 3731 2112 3855 2186; x_wconf 83' lang='lat' dir='ltr'>igno-</span> 
     </span>
    </p>
   </div>
   <div class='ocr_carea' id='block_1_67' title="bbox 2258 2200 3856 2276">
    <p class='ocr_par' dir='ltr' id='par_1_67' title="bbox 2258 2200 3856 2276">
     <span class='ocr_line' id='line_1_67' title="bbox 2258 2200 3856 2276; baseline 0 -20"><span class='ocrx_word' id='word_1_464' title='bbox 2258 2202 2448 2257; x_wconf 83' lang='lat' dir='ltr'>rantis</span> <span class='ocrx_word' id='word_1_465' title='bbox 2477 2200 2754 2257; x_wconf 89' lang='lat' dir='ltr'>manavit.</span> <span class='ocrx_word' id='word_1_466' title='bbox 2789 2203 3017 2259; x_wconf 89' lang='lat' dir='ltr'>Etenim</span> <span class='ocrx_word' id='word_1_467' title='bbox 3063 2224 3092 2253; x_wconf 86' lang='lat'><strong><em>«</em></strong></span> <span class='ocrx_word' id='word_1_468' title='bbox 3142 2202 3278 2260; x_wconf 87' lang='lat' dir='ltr'>licet</span> <span class='ocrx_word' id='word_1_469' title='bbox 3334 2220 3435 2276; x_wconf 91' lang='lat' dir='ltr'>per</span> <span class='ocrx_word' id='word_1_470' title='bbox 3490 2203 3856 2268; x_wconf 83' lang='lat' dir='ltr'>curiositatem,</span> 
     </span>
    </p>
   </div>
   <div class='ocr_carea' id='block_1_68' title="bbox 2257 2290 3854 2365">
    <p class='ocr_par' dir='ltr' id='par_1_68' title="bbox 2257 2290 3854 2365">
     <span class='ocr_line' id='line_1_68' title="bbox 2257 2290 3854 2365; baseline 0 -20"><span class='ocrx_word' id='word_1_471' title='bbox 2257 2291 2472 2363; x_wconf 89' lang='lat' dir='ltr'>inquit,</span> <span class='ocrx_word' id='word_1_472' title='bbox 2505 2291 2856 2347; x_wconf 71' lang='lat' dir='ltr'>omnimodae</span> <span class='ocrx_word' id='word_1_473' title='bbox 2892 2291 3239 2349; x_wconf 83' lang='lat' dir='ltr'>litteraturae</span> <span class='ocrx_word' id='word_1_474' title='bbox 3280 2292 3655 2365; x_wconf 65' lang='lat' dir='ltr'>inspiciendas</span> <span class='ocrx_word' id='word_1_475' title='bbox 3682 2290 3854 2347; x_wconf 81' lang='lat' dir='ltr'>divinis</span> 
     </span>
    </p>
   </div>
   <div class='ocr_carea' id='block_1_69' title="bbox 2259 2379 3855 2454">
    <p class='ocr_par' dir='ltr' id='par_1_69' title="bbox 2259 2379 3855 2454">
     <span class='ocr_line' id='line_1_69' title="bbox 2259 2379 3855 2454; baseline -0.001 -17"><span class='ocrx_word' id='word_1_476' title='bbox 2259 2397 2493 2453; x_wconf 91' lang='lat' dir='ltr'>quoque</span> <span class='ocrx_word' id='word_1_477' title='bbox 2522 2381 2858 2452; x_wconf 90' lang='lat' dir='ltr'>Scripturis,</span> <span class='ocrx_word' id='word_1_478' title='bbox 2884 2386 2949 2437; x_wconf 93' lang='lat' dir='ltr'>ut</span> <span class='ocrx_word' id='word_1_479' title='bbox 2971 2382 3430 2454; x_wconf 87' lang='lat' dir='ltr'>antiquioribus,</span> <span class='ocrx_word' id='word_1_480' title='bbox 3450 2382 3695 2454; x_wconf 89' lang='lat' dir='ltr'>posssint</span> <span class='ocrx_word' id='word_1_481' title='bbox 3711 2379 3855 2436; x_wconf 83' lang='lat' dir='ltr'>videri</span> 
     </span>
    </p>
   </div>
   <div class='ocr_carea' id='block_1_70' title="bbox 2256 2467 3853 2543">
    <p class='ocr_par' dir='ltr' id='par_1_70' title="bbox 2256 2467 3853 2543">
     <span class='ocr_line' id='line_1_70' title="bbox 2256 2467 3853 2543; baseline 0 -17"><span class='ocrx_word' id='word_1_482' title='bbox 2256 2471 2614 2539; x_wconf 87' lang='lat' dir='ltr'>incursasse,</span> <span class='ocrx_word' id='word_1_483' title='bbox 2648 2475 2706 2526; x_wconf 90' lang='lat' dir='ltr'>et</span> <span class='ocrx_word' id='word_1_484' title='bbox 2726 2470 2862 2527; x_wconf 90' lang='lat' dir='ltr'>inde</span> <span class='ocrx_word' id='word_1_485' title='bbox 2911 2470 3200 2527; x_wconf 89' lang='lat' dir='ltr'>nonnulla</span> <span class='ocrx_word' id='word_1_486' title='bbox 3230 2472 3609 2543; x_wconf 81' lang='lat' dir='ltr'>dempsisse»</span> <span class='ocrx_word' id='word_1_487' title='bbox 3641 2467 3853 2543; x_wconf 87' lang='lat' dir='ltr'>(Tertull.</span> 
     </span>
    </p>
   </div>
   <div class='ocr_carea' id='block_1_71' title="bbox 2255 2559 3854 2632">
    <p class='ocr_par' dir='ltr' id='par_1_71' title="bbox 2255 2559 3854 2632">
     <span class='ocr_line' id='line_1_71' title="bbox 2255 2559 3854 2632; baseline -0.002 -17"><span class='ocrx_word' id='word_1_488' title='bbox 2255 2559 2359 2615; x_wconf 91' lang='lat' dir='ltr'>lib.</span> <span class='ocrx_word' id='word_1_489' title='bbox 2391 2576 2431 2614; x_wconf 90' lang='grc' dir='ltr'>ιι</span> <span class='ocrx_word' id='word_1_490' title='bbox 2463 2559 2548 2615; x_wconf 86' lang='lat' dir='ltr'>ad</span> <span class='ocrx_word' id='word_1_491' title='bbox 2575 2561 2698 2615; x_wconf 81' lang='lat' dir='ltr'>Nat.</span> <span class='ocrx_word' id='word_1_492' title='bbox 2731 2576 2858 2632; x_wconf 89' lang='lat' dir='ltr'>cap.</span> <span class='ocrx_word' id='word_1_493' title='bbox 2890 2560 2945 2631; x_wconf 93' lang='lat'>2)</span> <span class='ocrx_word' id='word_1_494' title='bbox 2972 2577 2985 2628; x_wconf 86' lang='lat'><strong>;</strong></span> <span class='ocrx_word' id='word_1_495' title='bbox 3041 2560 3490 2632; x_wconf 87' lang='lat' dir='ltr'>simplicitatem</span> <span class='ocrx_word' id='word_1_496' title='bbox 3537 2564 3715 2616; x_wconf 89' lang='lat' dir='ltr'>tamen</span> <span class='ocrx_word' id='word_1_497' title='bbox 3754 2560 3854 2629; x_wconf 87' lang='lat' dir='ltr'>ejus</span> 
     </span>
    </p>
   </div>
   <div class='ocr_carea' id='block_1_72' title="bbox 2257 2648 3855 2723">
    <p class='ocr_par' dir='ltr' id='par_1_72' title="bbox 2257 2648 3855 2723">
     <span class='ocr_line' id='line_1_72' title="bbox 2257 2648 3855 2723; baseline -0.002 -18"><span class='ocrx_word' id='word_1_498' title='bbox 2257 2648 2662 2720; x_wconf 89' lang='lat' dir='ltr'>despicientes,</span> <span class='ocrx_word' id='word_1_499' title='bbox 2695 2651 2754 2704; x_wconf 85' lang='lat' dir='ltr'>et</span> <span class='ocrx_word' id='word_1_500' title='bbox 2782 2648 2977 2722; x_wconf 73' lang='lat' dir='ltr'>gloriae</span> <span class='ocrx_word' id='word_1_501' title='bbox 3027 2649 3274 2706; x_wconf 89' lang='lat' dir='ltr'>libidine</span> <span class='ocrx_word' id='word_1_502' title='bbox 3321 2650 3562 2723; x_wconf 90' lang='lat' dir='ltr'>insuper</span> <span class='ocrx_word' id='word_1_503' title='bbox 3609 2649 3766 2717; x_wconf 89' lang='lat' dir='ltr'>ducti,</span> <span class='ocrx_word' id='word_1_504' title='bbox 3793 2648 3855 2702; x_wconf 90' lang='lat' dir='ltr'>in-</span> 
     </span>
    </p>
   </div>
   <div class='ocr_carea' id='block_1_73' title="bbox 2257 2738 3856 2812">
    <p class='ocr_par' dir='ltr' id='par_1_73' title="bbox 2257 2738 3856 2812">
     <span class='ocr_line' id='line_1_73' title="bbox 2257 2738 3856 2812; baseline -0.001 -20"><span class='ocrx_word' id='word_1_505' title='bbox 2257 2743 2491 2793; x_wconf 88' lang='lat' dir='ltr'>ventam</span> <span class='ocrx_word' id='word_1_506' title='bbox 2521 2738 2581 2793; x_wconf 89' lang='lat' dir='ltr'>in</span> <span class='ocrx_word' id='word_1_507' title='bbox 2637 2738 2817 2794; x_wconf 88' lang='lat' dir='ltr'>sacris</span> <span class='ocrx_word' id='word_1_508' title='bbox 2849 2738 3066 2794; x_wconf 91' lang='lat' dir='ltr'>nostris</span> <span class='ocrx_word' id='word_1_509' title='bbox 3115 2738 3443 2812; x_wconf 89' lang='lat' dir='ltr'>Scripturis</span> <span class='ocrx_word' id='word_1_510' title='bbox 3471 2738 3744 2795; x_wconf 89' lang='lat' dir='ltr'>veritatem</span> <span class='ocrx_word' id='word_1_511' title='bbox 3770 2738 3856 2791; x_wconf 91' lang='lat' dir='ltr'>im-</span> 
     </span>
    </p>
   </div>
   <div class='ocr_carea' id='block_1_74' title="bbox 2260 2827 3198 2898">
    <p class='ocr_par' dir='ltr' id='par_1_74' title="bbox 2260 2827 3198 2898">
     <span class='ocr_line' id='line_1_74' title="bbox 2260 2827 3198 2898; baseline 0.001 -16"><span class='ocrx_word' id='word_1_512' title='bbox 2260 2830 2582 2898; x_wconf 89' lang='lat' dir='ltr'>mutarunt,</span> <span class='ocrx_word' id='word_1_513' title='bbox 2615 2831 2672 2884; x_wconf 91' lang='lat' dir='ltr'>et</span> <span class='ocrx_word' id='word_1_514' title='bbox 2699 2827 3198 2884; x_wconf 86' lang='lat' dir='ltr'>adulteraverunt.</span> 
     </span>
    </p>
   </div>
   <div class='ocr_carea' id='block_1_75' title="bbox 2331 2930 3856 3008">
    <p class='ocr_par' dir='ltr' id='par_1_75' title="bbox 2331 2930 3856 3008">
     <span class='ocr_line' id='line_1_75' title="bbox 2331 2930 3856 3008; baseline -0.003 -19"><span class='ocrx_word' id='word_1_515' title='bbox 2331 2938 2520 3005; x_wconf 82' lang='lat' dir='ltr'>Atque</span> <span class='ocrx_word' id='word_1_516' title='bbox 2545 2957 2565 2984; x_wconf 75' lang='grc' dir='ltr'>α</span> <span class='ocrx_word' id='word_1_517' title='bbox 2593 2935 2734 2990; x_wconf 90' lang='lat' dir='ltr'>Inde</span> <span class='ocrx_word' id='word_1_518' title='bbox 2760 2939 2818 2991; x_wconf 91' lang='lat' dir='ltr'>et</span> <span class='ocrx_word' id='word_1_519' title='bbox 2839 2952 2872 2991; x_wconf 90' lang='lat' dir='ltr'>a</span> <span class='ocrx_word' id='word_1_520' title='bbox 2893 2934 3253 3006; x_wconf 87' lang='lat' dir='ltr'>quibusdam</span> <span class='ocrx_word' id='word_1_521' title='bbox 3278 2952 3513 3008; x_wconf 89' lang='lat' dir='ltr'>quoque</span> <span class='ocrx_word' id='word_1_522' title='bbox 3532 2934 3693 3007; x_wconf 89' lang='lat' dir='ltr'>(sicut</span> <span class='ocrx_word' id='word_1_523' title='bbox 3711 2932 3793 2988; x_wconf 83' lang='lat' dir='ltr'>ille</span> <span class='ocrx_word' id='word_1_524' title='bbox 3812 2930 3856 2985; x_wconf 88' lang='lat' dir='ltr'>in</span> 
     </span>
    </p>
   </div>
   <div class='ocr_carea' id='block_1_76' title="bbox 2258 3021 3859 3098">
    <p class='ocr_par' dir='ltr' id='par_1_76' title="bbox 2258 3021 3859 3098">
     <span class='ocr_line' id='line_1_76' title="bbox 2258 3021 3859 3098; baseline -0.004 -17"><span class='ocrx_word' id='word_1_525' title='bbox 2258 3025 2619 3097; x_wconf 81' lang='lat' dir='ltr'>Apologetico,</span> <span class='ocrx_word' id='word_1_526' title='bbox 2670 3024 2772 3096; x_wconf 91' lang='lat' dir='ltr'>ait)</span> <span class='ocrx_word' id='word_1_527' title='bbox 2817 3025 3003 3096; x_wconf 88' lang='lat' dir='ltr'>ejecta</span> <span class='ocrx_word' id='word_1_528' title='bbox 3046 3024 3443 3098; x_wconf 88' lang='lat' dir='ltr'>philosophia,</span> <span class='ocrx_word' id='word_1_529' title='bbox 3476 3042 3508 3080; x_wconf 83' lang='lat' dir='ltr'>a</span> <span class='ocrx_word' id='word_1_530' title='bbox 3535 3021 3808 3087; x_wconf 89' lang='lat' dir='ltr'>Thebanis,</span> <span class='ocrx_word' id='word_1_531' title='bbox 3833 3037 3859 3075; x_wconf 84' lang='lat' dir='ltr'>a</span> 
     </span>
    </p>
   </div>
   <div class='ocr_carea' id='block_1_77' title="bbox 2257 3113 3856 3186">
    <p class='ocr_par' dir='ltr' id='par_1_77' title="bbox 2257 3113 3856 3186">
     <span class='ocr_line' id='line_1_77' title="bbox 2257 3113 3856 3186; baseline -0.004 -16"><span class='ocrx_word' id='word_1_532' title='bbox 2257 3113 3059 3186; x_wconf 77' lang='lat' dir='ltr'>Spartiatis,etArgivis,dum</span> <span class='ocrx_word' id='word_1_533' title='bbox 3083 3114 3152 3169; x_wconf 90' lang='lat' dir='ltr'>ad</span> <span class='ocrx_word' id='word_1_534' title='bbox 3177 3118 3386 3171; x_wconf 89' lang='lat' dir='ltr'>nostra</span> <span class='ocrx_word' id='word_1_535' title='bbox 3404 3114 3856 3171; x_wconf 75' lang='lat' dir='ltr'>contaminantur»</span> 
     </span>
    </p>
   </div>
   <div class='ocr_carea' id='block_1_78' title="bbox 2262 3201 3855 3277">
    <p class='ocr_par' dir='ltr' id='par_1_78' title="bbox 2262 3201 3855 3277">
     <span class='ocr_line' id='line_1_78' title="bbox 2262 3201 3855 3277; baseline -0.004 -17"><span class='ocrx_word' id='word_1_536' title='bbox 2262 3202 2629 3277; x_wconf 89' lang='lat' dir='ltr'>(Tertullian.</span> <span class='ocrx_word' id='word_1_537' title='bbox 2655 3204 2927 3275; x_wconf 82' lang='lat' dir='ltr'>Apologel.</span> <span class='ocrx_word' id='word_1_538' title='bbox 2952 3219 3078 3274; x_wconf 88' lang='lat' dir='ltr'>cap.</span> <span class='ocrx_word' id='word_1_539' title='bbox 3103 3202 3192 3271; x_wconf 84' lang='lat'>17,</span> <span class='ocrx_word' id='word_1_540' title='bbox 3214 3220 3348 3277; x_wconf 88' lang='lat' dir='ltr'>pag.</span> <span class='ocrx_word' id='word_1_541' title='bbox 3382 3205 3528 3275; x_wconf 89' lang='lat'>515).</span> <span class='ocrx_word' id='word_1_542' title='bbox 3555 3204 3632 3258; x_wconf 85' lang='lat' dir='ltr'>Ita</span> <span class='ocrx_word' id='word_1_543' title='bbox 3660 3201 3855 3273; x_wconf 88' lang='lat' dir='ltr'>quidem</span> 
     </span>
    </p>
   </div>
   <div class='ocr_carea' id='block_1_79' title="bbox 2260 3290 3853 3365">
    <p class='ocr_par' dir='ltr' id='par_1_79' title="bbox 2260 3290 3853 3365">
     <span class='ocr_line' id='line_1_79' title="bbox 2260 3290 3853 3365; baseline -0.003 -18"><span class='ocrx_word' id='word_1_544' title='bbox 2260 3292 2319 3349; x_wconf 90' lang='lat' dir='ltr'>in</span> <span class='ocrx_word' id='word_1_545' title='bbox 2353 3291 2590 3365; x_wconf 80' lang='lat' dir='ltr'>Rigaltii</span> <span class='ocrx_word' id='word_1_546' title='bbox 2622 3292 3162 3364; x_wconf 89' lang='lat' dir='ltr'>posterioribusque</span> <span class='ocrx_word' id='word_1_547' title='bbox 3196 3292 3577 3348; x_wconf 87' lang='lat' dir='ltr'>editionibus.</span> <span class='ocrx_word' id='word_1_548' title='bbox 3607 3295 3675 3347; x_wconf 83' lang='lat' dir='ltr'>At</span> <span class='ocrx_word' id='word_1_549' title='bbox 3700 3290 3750 3345; x_wconf 89' lang='lat' dir='ltr'>in</span> <span class='ocrx_word' id='word_1_550' title='bbox 3776 3304 3853 3344; x_wconf 87' lang='lat' dir='ltr'>no-</span> 
     </span>
    </p>
   </div>
   <div class='ocr_carea' id='block_1_80' title="bbox 2258 3378 3852 3454">
    <p class='ocr_par' dir='ltr' id='par_1_80' title="bbox 2258 3378 3852 3454">
     <span class='ocr_line' id='line_1_80' title="bbox 2258 3378 3852 3454; baseline -0.005 -16"><span class='ocrx_word' id='word_1_551' title='bbox 2258 3383 2397 3439; x_wconf 88' lang='lat' dir='ltr'>stris</span> <span class='ocrx_word' id='word_1_552' title='bbox 2428 3381 2725 3438; x_wconf 92' lang='lat' dir='ltr'>codicibus</span> <span class='ocrx_word' id='word_1_553' title='bbox 2748 3381 3256 3454; x_wconf 88' lang='lat' dir='ltr'>manuscriptis,et</span> <span class='ocrx_word' id='word_1_554' title='bbox 3274 3382 3680 3439; x_wconf 88' lang='lat' dir='ltr'>vetustioribus</span> <span class='ocrx_word' id='word_1_555' title='bbox 3698 3378 3852 3435; x_wconf 86' lang='lat' dir='ltr'>editis:</span> 
     </span>
    </p>
   </div>
   <div class='ocr_carea' id='block_1_81' title="bbox 2260 3469 3854 3544">
    <p class='ocr_par' dir='ltr' id='par_1_81' title="bbox 2260 3469 3854 3544">
     <span class='ocr_line' id='line_1_81' title="bbox 2260 3469 3854 3544; baseline -0.003 -20"><span class='ocrx_word' id='word_1_556' title='bbox 2260 3494 2289 3524; x_wconf 84' lang='lat'><strong>«</strong></span> <span class='ocrx_word' id='word_1_557' title='bbox 2322 3472 2482 3537; x_wconf 92' lang='lat' dir='ltr'>Inde,</span> <span class='ocrx_word' id='word_1_558' title='bbox 2514 3470 2740 3542; x_wconf 93' lang='lat' dir='ltr'>opinor,</span> <span class='ocrx_word' id='word_1_559' title='bbox 2792 3475 2849 3527; x_wconf 91' lang='lat' dir='ltr'>et</span> <span class='ocrx_word' id='word_1_560' title='bbox 2889 3488 2921 3526; x_wconf 89' lang='lat' dir='ltr'>a</span> <span class='ocrx_word' id='word_1_561' title='bbox 2968 3471 3443 3541; x_wconf 88' lang='lat' dir='ltr'>quibusdam.....</span> <span class='ocrx_word' id='word_1_562' title='bbox 3474 3469 3854 3544; x_wconf 85' lang='lat' dir='ltr'>Spartiacis.....</span> 
     </span>
    </p>
   </div>
   <div class='ocr_carea' id='block_1_82' title="bbox 2261 3559 3854 3631">
    <p class='ocr_par' dir='ltr' id='par_1_82' title="bbox 2261 3559 3854 3631">
     <span class='ocr_line' id='line_1_82' title="bbox 2261 3559 3854 3631; baseline -0.004 -16"><span class='ocrx_word' id='word_1_563' title='bbox 2261 3562 2403 3616; x_wconf 93' lang='lat' dir='ltr'>dum</span> <span class='ocrx_word' id='word_1_564' title='bbox 2435 3561 2506 3615; x_wconf 90' lang='lat' dir='ltr'>ad</span> <span class='ocrx_word' id='word_1_565' title='bbox 2558 3563 2754 3615; x_wconf 88' lang='lat' dir='ltr'>nostra</span> <span class='ocrx_word' id='word_1_566' title='bbox 2784 3559 2958 3631; x_wconf 87' lang='lat' dir='ltr'>(male</span> <span class='ocrx_word' id='word_1_567' title='bbox 3001 3560 3061 3615; x_wconf 89' lang='lat' dir='ltr'>in</span> <span class='ocrx_word' id='word_1_568' title='bbox 3114 3560 3419 3617; x_wconf 90' lang='lat' dir='ltr'>nonnullis</span> <span class='ocrx_word' id='word_1_569' title='bbox 3466 3559 3854 3623; x_wconf 87' lang='lat' dir='ltr'>editicnibus,a</span> 
     </span>
    </p>
   </div>
   <div class='ocr_carea' id='block_1_83' title="bbox 2260 3650 3867 3721">
    <p class='ocr_par' dir='ltr' id='par_1_83' title="bbox 2260 3650 3867 3721">
     <span class='ocr_line' id='line_1_83' title="bbox 2260 3650 3867 3721; baseline -0.004 -15"><span class='ocrx_word' id='word_1_570' title='bbox 2260 3650 2835 3721; x_wconf 81' lang='lat' dir='ltr'>vestra)conantur,»</span> <span class='ocrx_word' id='word_1_571' title='bbox 2859 3650 3341 3706; x_wconf 88' lang='lat' dir='ltr'>subaudiendum</span> <span class='ocrx_word' id='word_1_572' title='bbox 3361 3650 3638 3706; x_wconf 88' lang='lat' dir='ltr'>imitando</span> <span class='ocrx_word' id='word_1_573' title='bbox 3660 3660 3867 3703; x_wconf 87' lang='lat' dir='ltr'>corrum-</span> 
     </span>
    </p>
   </div>
   <div class='ocr_carea' id='block_1_84' title="bbox 2267 3734 3863 3814">
    <p class='ocr_par' dir='ltr' id='par_1_84' title="bbox 2267 3734 3863 3814">
     <span class='ocr_line' id='line_1_84' title="bbox 2267 3734 3863 3814; baseline 0.001 -18"><span class='ocrx_word' id='word_1_574' title='bbox 2267 3757 2401 3814; x_wconf 91' lang='lat' dir='ltr'>pere</span> <span class='ocrx_word' id='word_1_575' title='bbox 2428 3759 2440 3809; x_wconf 94' lang='lat'>;</span> <span class='ocrx_word' id='word_1_576' title='bbox 2475 3741 2629 3796; x_wconf 89' lang='lat' dir='ltr'>sicut</span> <span class='ocrx_word' id='word_1_577' title='bbox 2660 3740 2807 3795; x_wconf 88' lang='lat' dir='ltr'>dixit</span> <span class='ocrx_word' id='word_1_578' title='bbox 2837 3763 2865 3790; x_wconf 86' lang='lat'><strong>«</strong></span> <span class='ocrx_word' id='word_1_579' title='bbox 2899 3757 3072 3811; x_wconf 89' lang='lat' dir='ltr'>poma</span> <span class='ocrx_word' id='word_1_580' title='bbox 3102 3744 3396 3796; x_wconf 89' lang='lat' dir='ltr'>conantur</span> <span class='ocrx_word' id='word_1_581' title='bbox 3427 3763 3455 3790; x_wconf 87' lang='lat'>»</span> <span class='ocrx_word' id='word_1_582' title='bbox 3488 3739 3637 3809; x_wconf 82' lang='lat' dir='ltr'>(Ibid.</span> <span class='ocrx_word' id='word_1_583' title='bbox 3661 3754 3769 3807; x_wconf 88' lang='lat' dir='ltr'>cap.</span> <span class='ocrx_word' id='word_1_584' title='bbox 3798 3734 3863 3797; x_wconf 77' lang='grc' dir='ltr'>4οο</span> 
     </span>
    </p>
   </div>
   <div class='ocr_carea' id='block_1_85' title="bbox 2266 3829 3866 3903">
    <p class='ocr_par' dir='ltr' id='par_1_85' title="bbox 2266 3829 3866 3903">
     <span class='ocr_line' id='line_1_85' title="bbox 2266 3829 3866 3903; baseline -0.005 -18"><span class='ocrx_word' id='word_1_585' title='bbox 2266 3846 2398 3903; x_wconf 89' lang='lat' dir='ltr'>pag.</span> <span class='ocrx_word' id='word_1_586' title='bbox 2428 3830 2573 3901; x_wconf 86' lang='grc'>478),</span> <span class='ocrx_word' id='word_1_587' title='bbox 2608 3829 2816 3901; x_wconf 88' lang='lat' dir='ltr'>supple</span> <span class='ocrx_word' id='word_1_588' title='bbox 2845 3833 3082 3886; x_wconf 82' lang='lat' dir='ltr'>matura</span> <span class='ocrx_word' id='word_1_589' title='bbox 3130 3830 3276 3899; x_wconf 73' lang='lat' dir='ltr'>ﬁeri.</span> <span class='ocrx_word' id='word_1_590' title='bbox 3331 3832 3447 3886; x_wconf 91' lang='lat' dir='ltr'>Cur</span> <span class='ocrx_word' id='word_1_591' title='bbox 3473 3834 3678 3897; x_wconf 89' lang='lat' dir='ltr'>autem,</span> <span class='ocrx_word' id='word_1_592' title='bbox 3706 3843 3735 3881; x_wconf 88' lang='lat' dir='ltr'>a</span> <span class='ocrx_word' id='word_1_593' title='bbox 3760 3838 3866 3893; x_wconf 86' lang='lat' dir='ltr'>quo,</span> 
     </span>
    </p>
   </div>
   <div class='ocr_carea' id='block_1_86' title="bbox 2267 3910 3867 3990">
    <p class='ocr_par' dir='ltr' id='par_1_86' title="bbox 2267 3910 3867 3990">
     <span class='ocr_line' id='line_1_86' title="bbox 2267 3910 3867 3990; baseline -0.008 -15"><span class='ocrx_word' id='word_1_594' title='bbox 2267 3937 2330 3975; x_wconf 91' lang='lat' dir='ltr'>ac</span> <span class='ocrx_word' id='word_1_595' title='bbox 2380 3921 2548 3990; x_wconf 89' lang='lat' dir='ltr'>cujus</span> <span class='ocrx_word' id='word_1_596' title='bbox 2599 3935 2796 3990; x_wconf 87' lang='lat' dir='ltr'>opera,</span> <span class='ocrx_word' id='word_1_597' title='bbox 2847 3922 2947 3973; x_wconf 89' lang='lat' dir='ltr'>aut</span> <span class='ocrx_word' id='word_1_598' title='bbox 2994 3918 3356 3990; x_wconf 86' lang='lat' dir='ltr'>negligentia</span> <span class='ocrx_word' id='word_1_599' title='bbox 3408 3918 3684 3974; x_wconf 87' lang='lat' dir='ltr'>omissum</span> <span class='ocrx_word' id='word_1_600' title='bbox 3727 3910 3867 3968; x_wconf 88' lang='lat' dir='ltr'>fuerit</span> 
     </span>
    </p>
   </div>
   <div class='ocr_carea' id='block_1_87' title="bbox 2263 4002 3868 4079">
    <p class='ocr_par' dir='ltr' id='par_1_87' title="bbox 2263 4002 3868 4079">
     <span class='ocr_line' id='line_1_87' title="bbox 2263 4002 3868 4079; baseline -0.007 -14"><span class='ocrx_word' id='word_1_601' title='bbox 2263 4010 2506 4065; x_wconf 91' lang='lat' dir='ltr'>verbum</span> <span class='ocrx_word' id='word_1_602' title='bbox 2554 4009 2771 4079; x_wconf 78' lang='lat' dir='ltr'>opinor,</span> <span class='ocrx_word' id='word_1_603' title='bbox 2831 4024 2897 4063; x_wconf 89' lang='lat' dir='ltr'>ac</span> <span class='ocrx_word' id='word_1_604' title='bbox 2941 4008 3083 4079; x_wconf 89' lang='lat' dir='ltr'>quid</span> <span class='ocrx_word' id='word_1_605' title='bbox 3132 4008 3212 4062; x_wconf 91' lang='lat' dir='ltr'>ibi</span> <span class='ocrx_word' id='word_1_606' title='bbox 3265 4013 3493 4075; x_wconf 87' lang='lat' dir='ltr'>noceat,</span> <span class='ocrx_word' id='word_1_607' title='bbox 3544 4004 3699 4062; x_wconf 90' lang='lat' dir='ltr'>nobis</span> <span class='ocrx_word' id='word_1_608' title='bbox 3750 4002 3868 4057; x_wconf 87' lang='lat' dir='ltr'>sicut</span> 
     </span>
    </p>
   </div>
   <div class='ocr_carea' id='block_1_88' title="bbox 2268 4088 3867 4166">
    <p class='ocr_par' dir='ltr' id='par_1_88' title="bbox 2268 4088 3867 4166">
     <span class='ocr_line' id='line_1_88' title="bbox 2268 4088 3867 4166; baseline -0.009 -11"><span class='ocrx_word' id='word_1_609' title='bbox 2268 4098 2469 4155; x_wconf 92' lang='lat' dir='ltr'>nullus</span> <span class='ocrx_word' id='word_1_610' title='bbox 2501 4098 2699 4166; x_wconf 90' lang='lat' dir='ltr'>edixit,</span> <span class='ocrx_word' id='word_1_611' title='bbox 2754 4097 2838 4153; x_wconf 90' lang='lat' dir='ltr'>ita</span> <span class='ocrx_word' id='word_1_612' title='bbox 2880 4096 3345 4154; x_wconf 85' lang='lat' dir='ltr'>Tertullianeum</span> <span class='ocrx_word' id='word_1_613' title='bbox 3397 4114 3526 4153; x_wconf 89' lang='lat' dir='ltr'>esse</span> <span class='ocrx_word' id='word_1_614' title='bbox 3572 4093 3725 4150; x_wconf 85' lang='lat' dir='ltr'>facile</span> <span class='ocrx_word' id='word_1_615' title='bbox 3765 4088 3867 4146; x_wconf 86' lang='lat' dir='ltr'>aliis</span> 
     </span>
    </p>
   </div>
   <div class='ocr_carea' id='block_1_89' title="bbox 2268 4179 3867 4260">
    <p class='ocr_par' dir='ltr' id='par_1_89' title="bbox 2268 4179 3867 4260">
     <span class='ocr_line' id='line_1_89' title="bbox 2268 4179 3867 4260; baseline -0.007 -17"><span class='ocrx_word' id='word_1_616' title='bbox 2268 4187 2667 4260; x_wconf 89' lang='lat' dir='ltr'>persuadebis.</span> <span class='ocrx_word' id='word_1_617' title='bbox 2720 4188 2798 4242; x_wconf 93' lang='lat' dir='ltr'>Eo</span> <span class='ocrx_word' id='word_1_618' title='bbox 2848 4187 3065 4259; x_wconf 89' lang='lat' dir='ltr'>quippe</span> <span class='ocrx_word' id='word_1_619' title='bbox 3126 4203 3304 4242; x_wconf 88' lang='lat' dir='ltr'>sensu</span> <span class='ocrx_word' id='word_1_620' title='bbox 3364 4186 3507 4242; x_wconf 90' lang='lat' dir='ltr'>alibi</span> <span class='ocrx_word' id='word_1_621' title='bbox 3568 4184 3738 4240; x_wconf 88' lang='lat' dir='ltr'>utitur</span> <span class='ocrx_word' id='word_1_622' title='bbox 3783 4179 3867 4233; x_wconf 84' lang='lat' dir='ltr'>hoc</span> 
     </span>
    </p>
   </div>
   <div class='ocr_carea' id='block_1_90' title="bbox 2266 4274 3700 4346">
    <p class='ocr_par' dir='ltr' id='par_1_90' title="bbox 2266 4274 3700 4346">
     <span class='ocr_line' id='line_1_90' title="bbox 2266 4274 3700 4346; baseline -0.006 -13"><span class='ocrx_word' id='word_1_623' title='bbox 2266 4277 2468 4346; x_wconf 87' lang='lat' dir='ltr'>verbo,</span> <span class='ocrx_word' id='word_1_624' title='bbox 2496 4276 2593 4332; x_wconf 93' lang='lat' dir='ltr'>uhi</span> <span class='ocrx_word' id='word_1_625' title='bbox 2626 4277 2695 4332; x_wconf 89' lang='lat' dir='ltr'>de</span> <span class='ocrx_word' id='word_1_626' title='bbox 2727 4293 2787 4332; x_wconf 91' lang='lat' dir='ltr'>re</span> <span class='ocrx_word' id='word_1_627' title='bbox 2817 4276 2928 4331; x_wconf 90' lang='lat' dir='ltr'>sibi</span> <span class='ocrx_word' id='word_1_628' title='bbox 2962 4276 3205 4331; x_wconf 90' lang='lat' dir='ltr'>minime</span> <span class='ocrx_word' id='word_1_629' title='bbox 3236 4276 3421 4332; x_wconf 89' lang='lat' dir='ltr'>dubia</span> <span class='ocrx_word' id='word_1_630' title='bbox 3452 4274 3700 4331; x_wconf 89' lang='lat' dir='ltr'>disserit.</span> 
     </span>
    </p>
   </div>
   <div class='ocr_carea' id='block_1_91' title="bbox 2334 4369 3866 4455">
    <p class='ocr_par' dir='ltr' id='par_1_91' title="bbox 2334 4369 3866 4455">
     <span class='ocr_line' id='line_1_91' title="bbox 2334 4369 3866 4455; baseline -0.007 -17"><span class='ocrx_word' id='word_1_631' title='bbox 2334 4384 2418 4438; x_wconf 90' lang='lat' dir='ltr'>Ad</span> <span class='ocrx_word' id='word_1_632' title='bbox 2451 4384 2696 4455; x_wconf 88' lang='lat' dir='ltr'>ejectam</span> <span class='ocrx_word' id='word_1_633' title='bbox 2726 4398 2858 4438; x_wconf 93' lang='lat' dir='ltr'>vero</span> <span class='ocrx_word' id='word_1_634' title='bbox 2903 4382 2974 4437; x_wconf 91' lang='lat' dir='ltr'>ab</span> <span class='ocrx_word' id='word_1_635' title='bbox 3008 4381 3261 4437; x_wconf 91' lang='lat' dir='ltr'>ethnicis</span> <span class='ocrx_word' id='word_1_636' title='bbox 3293 4378 3715 4454; x_wconf 88' lang='lat' dir='ltr'>philosophiam</span> <span class='ocrx_word' id='word_1_637' title='bbox 3744 4369 3866 4447; x_wconf 89' lang='lat' dir='ltr'>quod</span> 
     </span>
    </p>
   </div>
   <div class='ocr_carea' id='block_1_92' title="bbox 2266 4462 3869 4564">
    <p class='ocr_par' dir='ltr' id='par_1_92' title="bbox 2266 4462 3869 4564">
     <span class='ocr_line' id='line_1_92' title="bbox 2266 4462 3869 4564; baseline -0.002 -37"><span class='ocrx_word' id='word_1_638' title='bbox 2266 4472 2492 4538; x_wconf 87' lang='lat' dir='ltr'>attinet,</span> <span class='ocrx_word' id='word_1_639' title='bbox 2526 4473 2836 4528; x_wconf 65' lang='lat' dir='ltr'>Athenaeus</span> <span class='ocrx_word' id='word_1_640' title='bbox 2867 4476 3069 4527; x_wconf 88' lang='lat' dir='ltr'>narrat</span> <span class='ocrx_word' id='word_1_641' title='bbox 3116 4471 3199 4564; x_wconf 67' lang='lat' dir='ltr'>(l._</span> <span class='ocrx_word' id='word_1_642' title='bbox 3228 4489 3307 4564; x_wconf 72' lang='lat' dir='ltr'>xl,</span> <span class='ocrx_word' id='word_1_643' title='bbox 3359 4488 3409 4527; x_wconf 94' lang='lat' dir='ltr'>c.</span> <span class='ocrx_word' id='word_1_644' title='bbox 3467 4472 3562 4564; x_wconf 69' lang='lat'>12,</span> <span class='ocrx_word' id='word_1_645' title='bbox 3602 4487 3654 4541; x_wconf 88' lang='lat' dir='ltr'>p.</span> <span class='ocrx_word' id='word_1_646' title='bbox 3826 4462 3869 4515; x_wconf 64' lang='grc' dir='ltr'>οἳ</span> 
     </span>
    </p>
   </div>
   <div class='ocr_carea' id='block_1_93' title="bbox 2265 4558 3867 4634">
    <p class='ocr_par' dir='ltr' id='par_1_93' title="bbox 2265 4558 3867 4634">
     <span class='ocr_line' id='line_1_93' title="bbox 2265 4558 3867 4634; baseline -0.007 -18"><span class='ocrx_word' id='word_1_647' title='bbox 2265 4560 2366 4617; x_wconf 90' lang='lat' dir='ltr'>lib.</span> <span class='ocrx_word' id='word_1_648' title='bbox 2399 4578 2523 4631; x_wconf 85' lang='lat' dir='ltr'>xm,</span> <span class='ocrx_word' id='word_1_649' title='bbox 2557 4578 2683 4634; x_wconf 91' lang='lat' dir='ltr'>cap.</span> <span class='ocrx_word' id='word_1_650' title='bbox 2716 4562 2772 4631; x_wconf 86' lang='lat'>9,</span> <span class='ocrx_word' id='word_1_651' title='bbox 2806 4578 2861 4634; x_wconf 92' lang='lat' dir='ltr'>p.</span> <span class='ocrx_word' id='word_1_652' title='bbox 2899 4562 3020 4631; x_wconf 87' lang='lat'>160)</span> <span class='ocrx_word' id='word_1_653' title='bbox 3063 4559 3402 4632; x_wconf 88' lang='lat' dir='ltr'>Sophistas,</span> <span class='ocrx_word' id='word_1_654' title='bbox 3434 4576 3501 4615; x_wconf 91' lang='lat' dir='ltr'>ac</span> <span class='ocrx_word' id='word_1_655' title='bbox 3531 4559 3671 4613; x_wconf 90' lang='lat' dir='ltr'>duos</span> <span class='ocrx_word' id='word_1_656' title='bbox 3698 4558 3867 4626; x_wconf 82' lang='lat' dir='ltr'>Epicu-</span> 
     </span>
    </p>
   </div>
   <div class='ocr_carea' id='block_1_94' title="bbox 510 4621 3868 4724">
    <p class='ocr_par' dir='ltr' id='par_1_94' title="bbox 510 4621 3868 4724">
     <span class='ocr_line' id='line_1_94' title="bbox 510 4621 3868 4724; baseline -0.006 -10"><span class='ocrx_word' id='word_1_657' title='bbox 510 4635 661 4724; x_wconf 49' lang='lat' dir='ltr'>cu,”</span> <span class='ocrx_word' id='word_1_658' title='bbox 704 4621 1005 4724; x_wconf 44' lang='lat' dir='ltr'>,innstituto’</span> <span class='ocrx_word' id='word_1_659' title='bbox 1041 4632 1332 4724; x_wconf 51' lang='grc' dir='ltr'>,νῗίθνυηδ</span> <span class='ocrx_word' id='word_1_660' title='bbox 1387 4633 1458 4687; x_wconf 66' lang='lat' dir='ltr'>ad</span> <span class='ocrx_word' id='word_1_661' title='bbox 1504 4635 1738 4707; x_wconf 58' lang='lat' dir='ltr'>Propria</span> <span class='ocrx_word' id='word_1_662' title='bbox 1790 4653 1986 4709; x_wconf 63' lang='lat' dir='ltr'><strong>Opera:</strong></span> <span class='ocrx_word' id='word_1_663' title='bbox 2044 4639 2153 4695; x_wconf 79' lang='lat' dir='ltr'>hoc</span> <span class='ocrx_word' id='word_1_664' title='bbox 2185 4640 2231 4705; x_wconf 91' lang='lat' dir='ltr'>D</span> <span class='ocrx_word' id='word_1_665' title='bbox 2264 4667 2391 4707; x_wconf 92' lang='lat' dir='ltr'>reos</span> <span class='ocrx_word' id='word_1_666' title='bbox 2423 4621 3098 4724; x_wconf 63' lang='lat' dir='ltr'>philosophosAlcseum</span> <span class='ocrx_word' id='word_1_667' title='bbox 3128 4621 3186 4704; x_wconf 70' lang='lat' dir='ltr'>at</span> <span class='ocrx_word' id='word_1_668' title='bbox 3212 4621 3538 4705; x_wconf 81' lang='lat' dir='ltr'>Philiscum</span> <span class='ocrx_word' id='word_1_669' title='bbox 3571 4646 3703 4703; x_wconf 92' lang='lat' dir='ltr'>urbe</span> <span class='ocrx_word' id='word_1_670' title='bbox 3729 4621 3818 4698; x_wconf 80' lang='lat' dir='ltr'>sua</span> <span class='ocrx_word' id='word_1_671' title='bbox 3843 4653 3868 4690; x_wconf 76' lang='grc' dir='ltr'>α</span> 
     </span>
    </p>
   </div>
   <div class='ocr_carea' id='block_1_95' title="bbox 509 4710 2148 4798">
    <p class='ocr_par' dir='ltr' id='par_1_95' title="bbox 509 4710 2148 4798">
     <span class='ocr_line' id='line_1_95' title="bbox 509 4710 2148 4798; baseline 0.015 -37"><span class='ocrx_word' id='word_1_672' title='bbox 509 4712 621 4773; x_wconf 91' lang='lat' dir='ltr'>est,</span> <span class='ocrx_word' id='word_1_673' title='bbox 652 4710 722 4764; x_wconf 87' lang='lat' dir='ltr'>ad</span> <span class='ocrx_word' id='word_1_674' title='bbox 755 4710 934 4768; x_wconf 89' lang='lat' dir='ltr'>falsas</span> <span class='ocrx_word' id='word_1_675' title='bbox 962 4714 1117 4787; x_wconf 90' lang='lat' dir='ltr'>vulgi</span> <span class='ocrx_word' id='word_1_676' title='bbox 1161 4719 1465 4789; x_wconf 91' lang='lat' dir='ltr'>opiniones</span> <span class='ocrx_word' id='word_1_677' title='bbox 1507 4724 1936 4798; x_wconf 88' lang='lat' dir='ltr'>popularesque</span> <span class='ocrx_word' id='word_1_678' title='bbox 1990 4745 2148 4785; x_wconf 88' lang='lat' dir='ltr'>erro-</span> 
     </span>
    </p>
   </div>
   <div class='ocr_carea' id='block_1_96' title="bbox 509 4798 2143 4885">
    <p class='ocr_par' dir='ltr' id='par_1_96' title="bbox 509 4798 2143 4885">
     <span class='ocr_line' id='line_1_96' title="bbox 509 4798 2143 4885; baseline 0.014 -32"><span class='ocrx_word' id='word_1_679' title='bbox 509 4813 622 4855; x_wconf 89' lang='lat' dir='ltr'>res.</span> <span class='ocrx_word' id='word_1_680' title='bbox 655 4798 800 4856; x_wconf 89' lang='lat' dir='ltr'>Cum</span> <span class='ocrx_word' id='word_1_681' title='bbox 832 4802 989 4859; x_wconf 90' lang='lat' dir='ltr'>enim</span> <span class='ocrx_word' id='word_1_682' title='bbox 1030 4806 1253 4864; x_wconf 84' lang='lat' dir='ltr'>divinas</span> <span class='ocrx_word' id='word_1_683' title='bbox 1302 4827 1427 4867; x_wconf 87' lang='lat' dir='ltr'>esse</span> <span class='ocrx_word' id='word_1_684' title='bbox 1452 4829 1567 4868; x_wconf 90' lang='lat' dir='ltr'>non</span> <span class='ocrx_word' id='word_1_685' title='bbox 1601 4816 1922 4885; x_wconf 90' lang='lat' dir='ltr'>crederent,</span> <span class='ocrx_word' id='word_1_686' title='bbox 1951 4820 2143 4876; x_wconf 87' lang='lat' dir='ltr'>datam</span> 
     </span>
    </p>
   </div>
   <div class='ocr_carea' id='block_1_97' title="bbox 507 4886 2148 4979">
    <p class='ocr_par' dir='ltr' id='par_1_97' title="bbox 507 4886 2148 4979">
     <span class='ocr_line' id='line_1_97' title="bbox 507 4886 2148 4979; baseline 0.016 -40"><span class='ocrx_word' id='word_1_687' title='bbox 507 4886 618 4979; x_wconf 73' lang='lat' dir='ltr'>sibi</span> <span class='ocrx_word' id='word_1_688' title='bbox 680 4892 1033 4960; x_wconf 88' lang='lat' dir='ltr'>putaverunt</span> <span class='ocrx_word' id='word_1_689' title='bbox 1079 4894 1211 4953; x_wconf 91' lang='lat' dir='ltr'>illas</span> <span class='ocrx_word' id='word_1_690' title='bbox 1255 4898 1667 4973; x_wconf 86' lang='lat' dir='ltr'>interpolandi,</span> <span class='ocrx_word' id='word_1_691' title='bbox 1725 4909 1782 4961; x_wconf 93' lang='lat' dir='ltr'>et</span> <span class='ocrx_word' id='word_1_692' title='bbox 1832 4924 1934 4979; x_wconf 82' lang='lat' dir='ltr'>pro</span> <span class='ocrx_word' id='word_1_693' title='bbox 1982 4908 2148 4967; x_wconf 90' lang='lat' dir='ltr'>libito</span> 
     </span>
    </p>
   </div>
   <div class='ocr_carea' id='block_1_98' title="bbox 504 4976 2147 5068">
    <p class='ocr_par' dir='ltr' id='par_1_98' title="bbox 504 4976 2147 5068">
     <span class='ocr_line' id='line_1_98' title="bbox 504 4976 2147 5068; baseline 0.016 -39"><span class='ocrx_word' id='word_1_694' title='bbox 504 4976 924 5068; x_wconf 82' lang='lat' dir='ltr'>interpretandi</span> <span class='ocrx_word' id='word_1_695' title='bbox 955 4982 1308 5045; x_wconf 84' lang='lat' dir='ltr'>facultatem.</span> <span class='ocrx_word' id='word_1_696' title='bbox 1327 4989 1526 5063; x_wconf 91' lang='lat' dir='ltr'>Neque</span> <span class='ocrx_word' id='word_1_697' title='bbox 1556 4993 1730 5050; x_wconf 90' lang='lat' dir='ltr'>etiam</span> <span class='ocrx_word' id='word_1_698' title='bbox 1755 4976 2147 5068; x_wconf 79' lang='lat' dir='ltr'>intelligentes</span> 
     </span>
    </p>
   </div>
   <div class='ocr_carea' id='block_1_99' title="bbox 505 5066 2147 5146">
    <p class='ocr_par' dir='ltr' id='par_1_99' title="bbox 505 5066 2147 5146">
     <span class='ocr_line' id='line_1_99' title="bbox 505 5066 2147 5146; baseline 0.014 -27"><span class='ocrx_word' id='word_1_699' title='bbox 505 5080 706 5120; x_wconf 89' lang='lat' dir='ltr'>earum</span> <span class='ocrx_word' id='word_1_700' title='bbox 739 5066 1092 5127; x_wconf 88' lang='lat' dir='ltr'>documenta</span> <span class='ocrx_word' id='word_1_701' title='bbox 1121 5074 1493 5146; x_wconf 87' lang='lat' dir='ltr'>obscuritate,</span> <span class='ocrx_word' id='word_1_702' title='bbox 1526 5087 1578 5134; x_wconf 88' lang='lat' dir='ltr'>et</span> <span class='ocrx_word' id='word_1_703' title='bbox 1607 5081 1868 5140; x_wconf 88' lang='lat' dir='ltr'>Judaicis</span> <span class='ocrx_word' id='word_1_704' title='bbox 1920 5066 2147 5143; x_wconf 82' lang='lat' dir='ltr'>umbris</span> 
     </span>
    </p>
   </div>
   <div class='ocr_carea' id='block_1_100' title="bbox 505 5153 2145 5245">
    <p class='ocr_par' dir='ltr' id='par_1_100' title="bbox 505 5153 2145 5245">
     <span class='ocr_line' id='line_1_100' title="bbox 505 5153 2145 5245; baseline 0.015 -38"><span class='ocrx_word' id='word_1_705' title='bbox 505 5153 754 5245; x_wconf 80' lang='lat' dir='ltr'>cbvolvi,</span> <span class='ocrx_word' id='word_1_706' title='bbox 778 5161 1071 5230; x_wconf 87' lang='lat' dir='ltr'>aspernati</span> <span class='ocrx_word' id='word_1_707' title='bbox 1095 5169 1234 5219; x_wconf 91' lang='lat' dir='ltr'>sunt</span> <span class='ocrx_word' id='word_1_708' title='bbox 1255 5165 1411 5222; x_wconf 89' lang='lat' dir='ltr'>illius</span> <span class='ocrx_word' id='word_1_709' title='bbox 1436 5167 1869 5240; x_wconf 87' lang='lat' dir='ltr'>simplicitatem</span> <span class='ocrx_word' id='word_1_710' title='bbox 1903 5176 2145 5245; x_wconf 87' lang='lat' dir='ltr'>(Tertul-</span> 
     </span>
    </p>
   </div>
   <div class='ocr_carea' id='block_1_101' title="bbox 504 5244 2145 5332">
    <p class='ocr_par' dir='ltr' id='par_1_101' title="bbox 504 5244 2145 5332">
     <span class='ocr_line' id='line_1_101' title="bbox 504 5244 2145 5332; baseline 0.016 -33"><span class='ocrx_word' id='word_1_711' title='bbox 504 5244 644 5301; x_wconf 89' lang='lat' dir='ltr'>lian.</span> <span class='ocrx_word' id='word_1_712' title='bbox 679 5246 811 5303; x_wconf 82' lang='lat' dir='ltr'>ibid.</span> <span class='ocrx_word' id='word_1_713' title='bbox 845 5265 976 5324; x_wconf 87' lang='lat' dir='ltr'>pag.</span> <span class='ocrx_word' id='word_1_714' title='bbox 1010 5254 1158 5324; x_wconf 88' lang='lat'>515).</span> <span class='ocrx_word' id='word_1_715' title='bbox 1195 5257 1560 5329; x_wconf 80' lang='lat' dir='ltr'>Quapmpter</span> <span class='ocrx_word' id='word_1_716' title='bbox 1612 5265 1765 5332; x_wconf 88' lang='lat' dir='ltr'>quod</span> <span class='ocrx_word' id='word_1_717' title='bbox 1805 5264 1861 5320; x_wconf 90' lang='lat' dir='ltr'>in</span> <span class='ocrx_word' id='word_1_718' title='bbox 1896 5244 1989 5322; x_wconf 87' lang='lat' dir='ltr'>bis</span> <span class='ocrx_word' id='word_1_719' title='bbox 2020 5286 2145 5323; x_wconf 88' lang='lat' dir='ltr'>cer-</span> 
     </span>
    </p>
   </div>
   <div class='ocr_carea' id='block_1_102' title="bbox 502 5337 2143 5429">
    <p class='ocr_par' dir='ltr' id='par_1_102' title="bbox 502 5337 2143 5429">
     <span class='ocr_line' id='line_1_102' title="bbox 502 5337 2143 5429; baseline 0.015 -39"><span class='ocrx_word' id='word_1_720' title='bbox 502 5337 629 5390; x_wconf 86' lang='lat' dir='ltr'>tum</span> <span class='ocrx_word' id='word_1_721' title='bbox 658 5345 1015 5410; x_wconf 89' lang='lat' dir='ltr'>repererunt,</span> <span class='ocrx_word' id='word_1_722' title='bbox 1049 5343 1386 5416; x_wconf 74' lang='lat' dir='ltr'>effecerunt,</span> <span class='ocrx_word' id='word_1_723' title='bbox 1416 5346 1705 5405; x_wconf 87' lang='lat' dir='ltr'>incertum</span> <span class='ocrx_word' id='word_1_724' title='bbox 1750 5370 1815 5409; x_wconf 86' lang='lat' dir='ltr'>ac</span> <span class='ocrx_word' id='word_1_725' title='bbox 1844 5372 1979 5412; x_wconf 89' lang='lat' dir='ltr'>vera</span> <span class='ocrx_word' id='word_1_726' title='bbox 2008 5358 2143 5429; x_wconf 85' lang='lat' dir='ltr'>reji-</span> 
     </span>
    </p>
   </div>
   <div class='ocr_carea' id='block_1_103' title="bbox 502 5423 2142 5507">
    <p class='ocr_par' dir='ltr' id='par_1_103' title="bbox 502 5423 2142 5507">
     <span class='ocr_line' id='line_1_103' title="bbox 502 5423 2142 5507; baseline 0.016 -29"><span class='ocrx_word' id='word_1_727' title='bbox 502 5423 742 5494; x_wconf 87' lang='lat' dir='ltr'>cientes,</span> <span class='ocrx_word' id='word_1_728' title='bbox 776 5433 878 5485; x_wconf 89' lang='lat' dir='ltr'>aut</span> <span class='ocrx_word' id='word_1_729' title='bbox 927 5430 1079 5486; x_wconf 91' lang='lat' dir='ltr'>veris</span> <span class='ocrx_word' id='word_1_730' title='bbox 1111 5432 1257 5488; x_wconf 86' lang='lat' dir='ltr'>falsa</span> <span class='ocrx_word' id='word_1_731' title='bbox 1307 5435 1641 5507; x_wconf 89' lang='lat' dir='ltr'>miscentes,</span> <span class='ocrx_word' id='word_1_732' title='bbox 1675 5423 2142 5505; x_wconf 74' lang='lat' dir='ltr'>interverterunt.</span> 
     </span>
    </p>
   </div>
   <div class='ocr_carea' id='block_1_104' title="bbox 504 5513 2146 5605">
    <p class='ocr_par' dir='ltr' id='par_1_104' title="bbox 504 5513 2146 5605">
     <span class='ocr_line' id='line_1_104' title="bbox 504 5513 2146 5605; baseline 0.016 -37"><span class='ocrx_word' id='word_1_733' title='bbox 504 5513 615 5605; x_wconf 82' lang='lat' dir='ltr'>Sed</span> <span class='ocrx_word' id='word_1_734' title='bbox 648 5515 719 5571; x_wconf 94' lang='lat' dir='ltr'>de</span> <span class='ocrx_word' id='word_1_735' title='bbox 770 5516 859 5572; x_wconf 89' lang='lat' dir='ltr'>his</span> <span class='ocrx_word' id='word_1_736' title='bbox 918 5518 1088 5590; x_wconf 91' lang='lat' dir='ltr'>plura</span> <span class='ocrx_word' id='word_1_737' title='bbox 1130 5521 1399 5579; x_wconf 87' lang='lat' dir='ltr'>Clemens</span> <span class='ocrx_word' id='word_1_738' title='bbox 1454 5524 1901 5605; x_wconf 86' lang='lat' dir='ltr'>Alexandrinus,</span> <span class='ocrx_word' id='word_1_739' title='bbox 1936 5541 2001 5592; x_wconf 91' lang='lat' dir='ltr'>ut</span> <span class='ocrx_word' id='word_1_740' title='bbox 2041 5556 2146 5593; x_wconf 89' lang='lat' dir='ltr'>suo</span> 
     </span>
    </p>
   </div>
   <div class='ocr_carea' id='block_1_105' title="bbox 500 5602 2147 5693">
    <p class='ocr_par' dir='ltr' id='par_1_105' title="bbox 500 5602 2147 5693">
     <span class='ocr_line' id='line_1_105' title="bbox 500 5602 2147 5693; baseline 0.018 -37"><span class='ocrx_word' id='word_1_741' title='bbox 500 5602 627 5658; x_wconf 92' lang='lat' dir='ltr'>loco</span> <span class='ocrx_word' id='word_1_742' title='bbox 659 5607 1073 5666; x_wconf 88' lang='lat' dir='ltr'>annotavimue</span> <span class='ocrx_word' id='word_1_743' title='bbox 1105 5614 1266 5680; x_wconf 91' lang='lat' dir='ltr'>(tom.</span> <span class='ocrx_word' id='word_1_744' title='bbox 1297 5613 1317 5667; x_wconf 94' lang='grc' dir='ltr'>Ι</span> <span class='ocrx_word' id='word_1_745' title='bbox 1350 5614 1613 5687; x_wconf 79' lang='lat' dir='ltr'>Apparat.</span> <span class='ocrx_word' id='word_1_746' title='bbox 1648 5636 1786 5693; x_wconf 86' lang='lat' dir='ltr'>pag.</span> <span class='ocrx_word' id='word_1_747' title='bbox 1824 5602 1923 5680; x_wconf 84' lang='lat'>871</span> <span class='ocrx_word' id='word_1_748' title='bbox 1958 5630 2015 5683; x_wconf 91' lang='lat' dir='ltr'>et</span> <span class='ocrx_word' id='word_1_749' title='bbox 2045 5630 2147 5685; x_wconf 91' lang='lat'>113</span> 
     </span>
    </p>
   </div>
   <div class='ocr_carea' id='block_1_106' title="bbox 501 5696 797 5769">
    <p class='ocr_par' dir='ltr' id='par_1_106' title="bbox 501 5696 797 5769">
     <span class='ocr_line' id='line_1_106' title="bbox 501 5696 797 5769; baseline 0.007 -20"><span class='ocrx_word' id='word_1_750' title='bbox 501 5696 556 5750; x_wconf 83' lang='lat' dir='ltr'>st</span> <span class='ocrx_word' id='word_1_751' title='bbox 587 5700 797 5769; x_wconf 88' lang='lat' dir='ltr'>seqq.).</span> 
     </span>
    </p>
   </div>
   <div class='ocr_carea' id='block_1_107' title="bbox 2259 4734 3867 4811">
    <p class='ocr_par' dir='ltr' id='par_1_107' title="bbox 2259 4734 3867 4811">
     <span class='ocr_line' id='line_1_107' title="bbox 2259 4734 3867 4811; baseline -0.007 -14"><span class='ocrx_word' id='word_1_752' title='bbox 2259 4741 2562 4808; x_wconf 83' lang='lat' dir='ltr'>Romanis,</span> <span class='ocrx_word' id='word_1_753' title='bbox 2592 4756 2795 4797; x_wconf 87' lang='lat' dir='ltr'>omnes</span> <span class='ocrx_word' id='word_1_754' title='bbox 2825 4740 3089 4811; x_wconf 88' lang='lat' dir='ltr'>ejusdem</span> <span class='ocrx_word' id='word_1_755' title='bbox 3124 4742 3295 4795; x_wconf 79' lang='lat' dir='ltr'>sectae</span> <span class='ocrx_word' id='word_1_756' title='bbox 3325 4738 3540 4811; x_wconf 83' lang='lat' dir='ltr'>Oppido</span> <span class='ocrx_word' id='word_1_757' title='bbox 3572 4752 3671 4792; x_wconf 89' lang='lat' dir='ltr'>suo</span> <span class='ocrx_word' id='word_1_758' title='bbox 3699 4749 3727 4787; x_wconf 90' lang='lat' dir='ltr'>a</span> <span class='ocrx_word' id='word_1_759' title='bbox 3753 4734 3867 4783; x_wconf 79' lang='lat' dir='ltr'>Mes-</span> 
     </span>
    </p>
   </div>
   <div class='ocr_carea' id='block_1_108' title="bbox 2259 4818 3864 4913">
    <p class='ocr_par' dir='ltr' id='par_1_108' title="bbox 2259 4818 3864 4913">
     <span class='ocr_line' id='line_1_108' title="bbox 2259 4818 3864 4913; baseline -0.002 -27"><span class='ocrx_word' id='word_1_760' title='bbox 2259 4830 2462 4901; x_wconf 89' lang='lat' dir='ltr'>seniis,</span> <span class='ocrx_word' id='word_1_761' title='bbox 2507 4846 2891 4903; x_wconf 88' lang='lat' dir='ltr'>quoscunque</span> <span class='ocrx_word' id='word_1_762' title='bbox 2933 4831 3110 4885; x_wconf 87' lang='lat' dir='ltr'>etiam</span> <span class='ocrx_word' id='word_1_763' title='bbox 3140 4844 3321 4899; x_wconf 87' lang='lat' dir='ltr'>regno</span> <span class='ocrx_word' id='word_1_764' title='bbox 3366 4844 3475 4883; x_wconf 90' lang='lat' dir='ltr'>suo</span> <span class='ocrx_word' id='word_1_765' title='bbox 3507 4826 3577 4882; x_wconf 89' lang='lat' dir='ltr'>ab</span> <span class='ocrx_word' id='word_1_766' title='bbox 3606 4818 3864 4913; x_wconf 52' lang='lat' dir='ltr'>Antiochi),</span> 
     </span>
    </p>
   </div>
   <div class='ocr_carea' id='block_1_109' title="bbox 2260 4904 3865 5004">
    <p class='ocr_par' dir='ltr' id='par_1_109' title="bbox 2260 4904 3865 5004">
     <span class='ocr_line' id='line_1_109' title="bbox 2260 4904 3865 5004; baseline -0.011 -28"><span class='ocrx_word' id='word_1_767' title='bbox 2260 4937 2326 4976; x_wconf 91' lang='lat' dir='ltr'>ac</span> <span class='ocrx_word' id='word_1_768' title='bbox 2384 4918 2750 4993; x_wconf 82' lang='lat' dir='ltr'>Lysimacho,</span> <span class='ocrx_word' id='word_1_769' title='bbox 2809 4922 2865 4975; x_wconf 89' lang='lat' dir='ltr'>et</span> <span class='ocrx_word' id='word_1_770' title='bbox 2936 4933 3005 4973; x_wconf 85' lang='lat' dir='ltr'>ex</span> <span class='ocrx_word' id='word_1_771' title='bbox 3062 4917 3257 4974; x_wconf 81' lang='lat' dir='ltr'>Attica</span> <span class='ocrx_word' id='word_1_772' title='bbox 3314 4915 3548 4989; x_wconf 90' lang='lat' dir='ltr'>publico</span> <span class='ocrx_word' id='word_1_773' title='bbox 3605 4904 3865 5004; x_wconf 75' lang='lat' dir='ltr'>Sophoclis</span> 
     </span>
    </p>
   </div>
   <div class='ocr_carea' id='block_1_110' title="bbox 2258 4995 3862 5079">
    <p class='ocr_par' dir='ltr' id='par_1_110' title="bbox 2258 4995 3862 5079">
     <span class='ocr_line' id='line_1_110' title="bbox 2258 4995 3862 5079; baseline -0.007 -14"><span class='ocrx_word' id='word_1_774' title='bbox 2258 5008 2447 5065; x_wconf 88' lang='lat' dir='ltr'>edicto</span> <span class='ocrx_word' id='word_1_775' title='bbox 2473 5010 2545 5064; x_wconf 90' lang='lat' dir='ltr'>ab</span> <span class='ocrx_word' id='word_1_776' title='bbox 2575 5007 3031 5065; x_wconf 89' lang='lat' dir='ltr'>Atheniensibus</span> <span class='ocrx_word' id='word_1_777' title='bbox 3060 5005 3363 5079; x_wconf 84' lang='lat' dir='ltr'>expulsos,</span> <span class='ocrx_word' id='word_1_778' title='bbox 3398 5022 3463 5061; x_wconf 89' lang='lat' dir='ltr'>ac</span> <span class='ocrx_word' id='word_1_779' title='bbox 3506 5003 3729 5060; x_wconf 88' lang='lat' dir='ltr'>tandem</span> <span class='ocrx_word' id='word_1_780' title='bbox 3758 4995 3862 5068; x_wconf 82' lang='lat' dir='ltr'>phi-</span> 
     </span>
    </p>
   </div>
   <div class='ocr_carea' id='block_1_111' title="bbox 2257 5082 3860 5185">
    <p class='ocr_par' dir='ltr' id='par_1_111' title="bbox 2257 5082 3860 5185">
     <span class='ocr_line' id='line_1_111' title="bbox 2257 5082 3860 5185; baseline -0.009 -34"><span class='ocrx_word' id='word_1_781' title='bbox 2257 5097 2607 5169; x_wconf 90' lang='lat' dir='ltr'>losophiam,</span> <span class='ocrx_word' id='word_1_782' title='bbox 2635 5102 2809 5170; x_wconf 88' lang='lat' dir='ltr'>atque</span> <span class='ocrx_word' id='word_1_783' title='bbox 2836 5095 3210 5165; x_wconf 89' lang='lat' dir='ltr'>rhetoricam,</span> <span class='ocrx_word' id='word_1_784' title='bbox 3245 5111 3279 5150; x_wconf 89' lang='lat' dir='ltr'>a</span> <span class='ocrx_word' id='word_1_785' title='bbox 3318 5082 3860 5185; x_wconf 70' lang='lat' dir='ltr'>Lacedaemoniisad-</span> 
     </span>
    </p>
   </div>
   <div class='ocr_carea' id='block_1_112' title="bbox 2258 5179 3857 5256">
    <p class='ocr_par' dir='ltr' id='par_1_112' title="bbox 2258 5179 3857 5256">
     <span class='ocr_line' id='line_1_112' title="bbox 2258 5179 3857 5256; baseline -0.008 -14"><span class='ocrx_word' id='word_1_786' title='bbox 2258 5186 2501 5243; x_wconf 90' lang='lat' dir='ltr'>missam</span> <span class='ocrx_word' id='word_1_787' title='bbox 2551 5204 2666 5242; x_wconf 91' lang='lat' dir='ltr'>non</span> <span class='ocrx_word' id='word_1_788' title='bbox 2714 5186 2913 5242; x_wconf 81' lang='lat' dir='ltr'>fuisse.</span> <span class='ocrx_word' id='word_1_789' title='bbox 2948 5185 3227 5256; x_wconf 88' lang='lat' dir='ltr'>Ejusdem</span> <span class='ocrx_word' id='word_1_790' title='bbox 3267 5198 3404 5238; x_wconf 89' lang='lat' dir='ltr'>vero</span> <span class='ocrx_word' id='word_1_791' title='bbox 3457 5179 3857 5238; x_wconf 85' lang='lat' dir='ltr'>Atheniensium</span> 
     </span>
    </p>
   </div>
   <div class='ocr_carea' id='block_1_113' title="bbox 2256 5264 3858 5343">
    <p class='ocr_par' dir='ltr' id='par_1_113' title="bbox 2256 5264 3858 5343">
     <span class='ocr_line' id='line_1_113' title="bbox 2256 5264 3858 5343; baseline -0.012 -12"><span class='ocrx_word' id='word_1_792' title='bbox 2256 5277 2473 5332; x_wconf 84' lang='lat' dir='ltr'>decreti</span> <span class='ocrx_word' id='word_1_793' title='bbox 2504 5276 2773 5332; x_wconf 88' lang='lat' dir='ltr'>meminit</span> <span class='ocrx_word' id='word_1_794' title='bbox 2818 5274 3015 5331; x_wconf 88' lang='lat' dir='ltr'>Julius</span> <span class='ocrx_word' id='word_1_795' title='bbox 3073 5272 3299 5337; x_wconf 82' lang='lat' dir='ltr'>Pollux,</span> <span class='ocrx_word' id='word_1_796' title='bbox 3334 5272 3487 5343; x_wconf 91' lang='lat' dir='ltr'>quod</span> <span class='ocrx_word' id='word_1_797' title='bbox 3536 5269 3689 5341; x_wconf 83' lang='grc' dir='ltr'>νόμος</span> <span class='ocrx_word' id='word_1_798' title='bbox 3741 5264 3858 5316; x_wconf 72' lang='grc' dir='ltr'>ἁττι-</span> 
     </span>
    </p>
   </div>
   <div class='ocr_carea' id='block_1_114' title="bbox 2254 5354 3857 5435">
    <p class='ocr_par' dir='ltr' id='par_1_114' title="bbox 2254 5354 3857 5435">
     <span class='ocr_line' id='line_1_114' title="bbox 2254 5354 3857 5435; baseline -0.012 -7"><span class='ocrx_word' id='word_1_799' title='bbox 2254 5364 2349 5427; x_wconf 85' lang='grc' dir='ltr'>κὸς</span> <span class='ocrx_word' id='word_1_800' title='bbox 2382 5366 2453 5421; x_wconf 90' lang='lat' dir='ltr'>ab</span> <span class='ocrx_word' id='word_1_801' title='bbox 2486 5382 2551 5421; x_wconf 92' lang='lat' dir='ltr'>eo</span> <span class='ocrx_word' id='word_1_802' title='bbox 2582 5370 2821 5422; x_wconf 91' lang='lat' dir='ltr'>vocatur</span> <span class='ocrx_word' id='word_1_803' title='bbox 2848 5363 3101 5435; x_wconf 83' lang='lat' dir='ltr'>(Pollux,</span> <span class='ocrx_word' id='word_1_804' title='bbox 3150 5362 3252 5418; x_wconf 89' lang='lat' dir='ltr'>lib.</span> <span class='ocrx_word' id='word_1_805' title='bbox 3303 5378 3385 5428; x_wconf 73' lang='grc' dir='ltr'><strong>ιι,</strong></span> <span class='ocrx_word' id='word_1_806' title='bbox 3434 5378 3561 5433; x_wconf 88' lang='lat' dir='ltr'>pag.</span> <span class='ocrx_word' id='word_1_807' title='bbox 3592 5357 3725 5427; x_wconf 84' lang='grc'>427).</span> <span class='ocrx_word' id='word_1_808' title='bbox 3754 5354 3857 5405; x_wconf 83' lang='lat' dir='ltr'>Non</span> 
     </span>
    </p>
   </div>
   <div class='ocr_carea' id='block_1_115' title="bbox 2256 5445 3852 5526">
    <p class='ocr_par' dir='ltr' id='par_1_115' title="bbox 2256 5445 3852 5526">
     <span class='ocr_line' id='line_1_115' title="bbox 2256 5445 3852 5526; baseline -0.011 -16"><span class='ocrx_word' id='word_1_809' title='bbox 2256 5454 2396 5510; x_wconf 88' lang='lat' dir='ltr'>dicit</span> <span class='ocrx_word' id='word_1_810' title='bbox 2426 5460 2621 5510; x_wconf 90' lang='lat' dir='ltr'>tamen</span> <span class='ocrx_word' id='word_1_811' title='bbox 2654 5454 2801 5510; x_wconf 91' lang='lat' dir='ltr'>illud</span> <span class='ocrx_word' id='word_1_812' title='bbox 2847 5471 2881 5509; x_wconf 90' lang='lat' dir='ltr'>a</span> <span class='ocrx_word' id='word_1_813' title='bbox 2933 5451 3213 5526; x_wconf 84' lang='lat' dir='ltr'>Sophocle</span> <span class='ocrx_word' id='word_1_814' title='bbox 3268 5450 3494 5519; x_wconf 90' lang='lat' dir='ltr'>datum,</span> <span class='ocrx_word' id='word_1_815' title='bbox 3526 5449 3621 5505; x_wconf 89' lang='lat' dir='ltr'>sed</span> <span class='ocrx_word' id='word_1_816' title='bbox 3669 5445 3852 5500; x_wconf 82' lang='lat' dir='ltr'>factum</span> 
     </span>
    </p>
   </div>
   <div class='ocr_carea' id='block_1_116' title="bbox 2256 5530 3853 5626">
    <p class='ocr_par' dir='ltr' id='par_1_116' title="bbox 2256 5530 3853 5626">
     <span class='ocr_line' id='line_1_116' title="bbox 2256 5530 3853 5626; baseline -0.009 -28"><span class='ocrx_word' id='word_1_817' title='bbox 2256 5545 2537 5598; x_wconf 86' lang='lat' dir='ltr'>duntaxat</span> <span class='ocrx_word' id='word_1_818' title='bbox 2567 5543 2695 5611; x_wconf 88' lang='lat' dir='ltr'>ejus</span> <span class='ocrx_word' id='word_1_819' title='bbox 2727 5542 3104 5598; x_wconf 86' lang='lat' dir='ltr'>mentionem.</span> <span class='ocrx_word' id='word_1_820' title='bbox 3145 5540 3360 5595; x_wconf 87' lang='lat' dir='ltr'>Verum</span> <span class='ocrx_word' id='word_1_821' title='bbox 3394 5538 3657 5594; x_wconf 75' lang='lat' dir='ltr'>Athenaeo</span> <span class='ocrx_word' id='word_1_822' title='bbox 3686 5530 3853 5626; x_wconf 68' lang='lat' dir='ltr'>aperte</span> 
     </span>
    </p>
   </div>
   <div class='ocr_carea' id='block_1_117' title="bbox 2257 5617 3849 5705">
    <p class='ocr_par' dir='ltr' id='par_1_117' title="bbox 2257 5617 3849 5705">
     <span class='ocr_line' id='line_1_117' title="bbox 2257 5617 3849 5705; baseline -0.011 -17"><span class='ocrx_word' id='word_1_823' title='bbox 2257 5632 2581 5705; x_wconf 83' lang='lat' dir='ltr'>sull&#39;agatur</span> <span class='ocrx_word' id='word_1_824' title='bbox 2611 5632 2897 5701; x_wconf 87' lang='lat' dir='ltr'>Laertius,</span> <span class='ocrx_word' id='word_1_825' title='bbox 2932 5632 3031 5703; x_wconf 90' lang='lat' dir='ltr'>qui</span> <span class='ocrx_word' id='word_1_826' title='bbox 3090 5630 3360 5686; x_wconf 88' lang='lat' dir='ltr'>similiter</span> <span class='ocrx_word' id='word_1_827' title='bbox 3408 5626 3647 5683; x_wconf 88' lang='lat' dir='ltr'>asseruit</span> <span class='ocrx_word' id='word_1_828' title='bbox 3680 5617 3849 5677; x_wconf 87' lang='lat' dir='ltr'>condi-</span> 
     </span>
    </p>
   </div>
   <div class='ocr_carea' id='block_1_118' title="bbox 2255 5709 3845 5795">
    <p class='ocr_par' dir='ltr' id='par_1_118' title="bbox 2255 5709 3845 5795">
     <span class='ocr_line' id='line_1_118' title="bbox 2255 5709 3845 5795; baseline -0.013 -13"><span class='ocrx_word' id='word_1_829' title='bbox 2255 5731 2374 5782; x_wconf 88' lang='lat' dir='ltr'>tam</span> <span class='ocrx_word' id='word_1_830' title='bbox 2407 5739 2604 5781; x_wconf 83' lang='lat' dir='ltr'>revera</span> <span class='ocrx_word' id='word_1_831' title='bbox 2634 5723 2707 5782; x_wconf 84' lang='lat' dir='ltr'>ab</span> <span class='ocrx_word' id='word_1_832' title='bbox 2739 5724 2941 5781; x_wconf 91' lang='lat' dir='ltr'>eodem</span> <span class='ocrx_word' id='word_1_833' title='bbox 2973 5719 3256 5795; x_wconf 88' lang='lat' dir='ltr'>Sophocle</span> <span class='ocrx_word' id='word_1_834' title='bbox 3286 5718 3472 5791; x_wconf 80' lang='lat' dir='ltr'>legem</span> <span class='ocrx_word' id='word_1_835' title='bbox 3503 5732 3615 5790; x_wconf 86' lang='lat' dir='ltr'>qua</span> <span class='ocrx_word' id='word_1_836' title='bbox 3640 5709 3845 5770; x_wconf 83' lang='lat' dir='ltr'>vetitum</span> 
     </span>
    </p>
   </div>
  </div>
