4118 6182
326 316 473 374 1021

1240 318 1313 376 D.
1365 317 1456 376 LE
1500 316 1825 377 NOURRY
1870 315 2522 376 OBSERVATIONES
2569 314 2829 374 NOVAE.

3583 311 3738 372 1022

323 446 453 514 fuit,
488 463 559 502 ne
592 445 727 519 quis
759 446 970 503 scholae
1000 447 1505 520 philosophorum,
1540 447 1655 503 nisi
1686 450 1897 503 senatu
1920 450 1977 502 et
2004 451 2055 518 Α
2088 447 2322 520 gritate,
2341 446 2428 502 vel
2454 446 2953 519 quemadmodum
2982 442 3156 515 vulgo
3188 442 3421 512 dicitur,
3448 443 3518 498 de
3538 442 3706 500 humi

321 534 493 607 plebe
525 537 884 606 approbante
917 540 1206 607 praeesset,
1242 552 1411 591 secus
1460 536 1643 608 capite
1692 535 1975 608 plectere-

318 627 417 678 tur
447 627 658 692 (Laert.
692 623 793 679 lib.
828 641 885 692 v,
940 627 997 678 in
1050 626 1155 680 Vit.
1188 624 1524 695 Theophras.
1560 624 1588 697 ζ
1615 625 1728 692 38).
1760 625 1868 680 Sed
1901 626 1972 680 ad

316 712 690 785 propositum
742 718 1010 769 nostrum
1061 718 1163 769 aut
1212 714 1358 769 nihil
1402 718 1499 769 aut
1532 730 1742 786 parum
1776 713 1913 769 facit
1943 731 1975 769 a

318 819 435 874 quo
468 807 524 856 et
555 804 848 873 quomodo
877 820 943 858 ea
976 803 1065 858 lex
1095 804 1327 859 condita
1348 802 1559 860 fuerit:
1586 803 1805 859 sufﬁcit
1833 819 1974 858 sane

317 896 381 946 ut
411 893 541 963 ejus
566 894 739 961 jussu
775 892 985 963 rejects
1010 893 1086 947 sit
1117 892 1507 965 philosophia.

384 981 566 1036 Nobis
597 986 793 1037 autem
817 984 882 1035 A.
908 981 1127 1038 Gellius
1159 983 1392 1038 exhibet
1415 981 1766 1054 illud,atque
1798 981 1973 1037 etiam

315 1070 476 1125 aliud
510 1076 751 1127 senatus
784 1072 1141 1137 consultum,
1187 1074 1467 1144 additque
1511 1071 1749 1127 tertium
1800 1089 1832 1127 a
1872 1076 1975 1127 Do-

315 1159 561 1215 mitiano
627 1159 956 1230 imperante
1024 1162 1432 1232 constitutum,
1479 1179 1591 1231 quo
1641 1161 1973 1233 philosophi

314 1265 431 1304 non
463 1248 655 1303 solum
681 1249 888 1314 Roma,
908 1250 1006 1304 sed
1036 1249 1198 1304 Italia
1228 1254 1463 1321 quoque
1493 1249 1787 1305 interdicti
1813 1254 1971 1317 sunt,

312 1342 493 1410 atque
524 1338 740 1393 idcirco
772 1339 1099 1410 Epictetum
1146 1340 1283 1395 inde
1330 1339 1728 1395 Nicomediam
1779 1355 1971 1395 seces-

308 1425 464 1482 sisse
490 1425 637 1497 (Gel.
671 1425 774 1481 lib.
808 1443 879 1480 xv
929 1427 1083 1483 Noct.
1134 1428 1239 1482 Att.
1284 1444 1409 1498 cap.
1459 1428 1565 1498 14).
1617 1428 1971 1483 Mentionem

305 1531 549 1587 quoque
627 1516 805 1587 huius
872 1516 1050 1572 edicti
1128 1517 1445 1573 Suetonius
1517 1517 1657 1573 facit
1706 1517 1969 1588 (Sueten.

303 1604 414 1660 lib.
445 1620 549 1659 vm
580 1603 639 1659 in
674 1607 775 1660 Vit.
810 1605 1007 1662 Domit.
1045 1605 1093 1679 §.
1130 1607 1237 1678 10).
1291 1607 1399 1661 Sed
1451 1605 1838 1662 Philostratus
1870 1607 1972 1661 ad-

307 1692 464 1748 didit
493 1697 723 1749 tantum
758 1698 1039 1750 terrorem
1076 1696 1208 1750 inde
1240 1695 1546 1751 incussum
1578 1694 1968 1765 philosophis,

306 1786 379 1838 ut
412 1786 639 1838 mutato
683 1783 905 1851 habitu,
939 1784 1035 1839 alii
1072 1784 1130 1839 in
1163 1784 1527 1856 Hispaniam,
1560 1783 1660 1839 alii
1690 1784 1748 1839 in
1782 1784 1970 1856 Libyae

309 1876 371 1927 et
392 1872 642 1944 Scythiae
667 1873 900 1928 deserta
941 1872 1327 1945 confugerint,
1361 1873 1460 1929 alii
1494 1874 1822 1929 Domitiano
1846 1889 1973 1929 sese

318 1961 697 2033 adjunxerint
718 1962 1005 2018 scelerum
1024 1962 1968 2035 consiliarios(Philostrat.lib.vn,

317 2049 385 2104 de
420 2050 521 2105 Vit.
554 2051 733 2121 Apoll.
788 2067 843 2122 p.
897 2051 1045 2121 877).
1081 2052 1338 2124 Denique
1367 2052 1512 2107 931
1572 2056 1636 2106 ut
1684 2050 1855 2123 plura
1883 2055 1969 2106 ta-

318 2154 582 2207 ceamus,
616 2139 755 2195 alibi
803 2140 1325 2196 animadvertimus
1371 2140 1584 2196 litteris
1616 2157 1650 2196 a
1678 2140 1970 2197 Clemente

316 2228 714 2285 Alexandrino
766 2230 1119 2285 mandatum
1177 2230 1349 2286 toties
1405 2234 1661 2285 Graecam
1710 2229 1968 2302 philoso-

317 2317 522 2389 phiam
558 2318 822 2390 periisse,
857 2320 1086 2391 quoties
1116 2337 1150 2376 a
1192 2320 1639 2393 magistratibus
1675 2319 1970 2391 prohibita

316 2407 433 2462 fuit
458 2409 622 2477 (tom.
644 2409 663 2463 Ι
685 2410 949 2480 Apparat.
977 2426 1109 2481 pag.
1129 2410 1275 2481 823).
1302 2412 1585 2466 Caeterum
1608 2411 1817 2465 merito
1840 2409 1969 2482 phi-

310 2495 545 2567 losophi
605 2497 780 2553 hasce
823 2515 1025 2569 pmnas
1074 2503 1380 2571 propterea
1450 2499 1764 2566 dederunt,
1814 2499 1967 2570 quod

312 2584 578 2657 agnitam
611 2587 912 2643 veritatem
946 2587 1423 2657 adulteraverint,
1456 2605 1522 2643 ac
1552 2590 1620 2644 de
1649 2589 1971 2654 veritate,ut

312 2676 400 2731 ait
454 2676 875 2746 Tertullianus,
936 2677 1367 2749 disputaverint
1432 2681 1620 2733 contra
1678 2679 1969 2734 veritatem

310 2764 558 2837 (Tertul.
605 2767 886 2839 Apologet.
942 2783 1067 2840 cap.
1134 2768 1221 2837 46,
1273 2784 1403 2839 pag.
1438 2768 1588 2839 500).
1623 2769 1732 2823 Sed
1777 2768 1838 2822 in
1888 2772 1967 2823 tot

310 2870 579 2909 errorum
621 2856 899 2928 abyssum
947 2873 1047 2912 eos
1093 2856 1472 2929 praecipitavit
1519 2873 1668 2913 caeca
1697 2857 1967 2912 humanis

310 2942 511 3012 gloria;
542 2948 599 3000 et
628 2962 781 3000 auris
813 2946 1113 3017 popularis
1141 2946 1430 3017 cupiditas
1460 2964 1527 3002 ac
1556 2946 1758 3003 libido.

388 3033 605 3089 Verum
655 3035 996 3106 Christiani,
1046 3035 1260 3107 spretis
1308 3035 1615 3092 hominum
1668 3031 1965 3091 laudibus.

311 3121 621 3178 veritatem
652 3124 711 3178 in
764 3126 947 3181 sacris
996 3124 1314 3196 Scripturis
1362 3126 1661 3198 traditam,
1704 3143 1968 3183 necessa-

310 3211 423 3280 rio,
456 3212 648 3284 inquit
674 3213 1090 3280 Tertullianus,
1133 3235 1161 3263 «
1194 3217 1479 3286 appetunt
1503 3219 1559 3270 et
1588 3197 1810 3287 integre
1843 3233 1962 3271 ser—
1997 3197 2039 3264 C-

309 3305 472 3368 vant,
500 3307 564 3357 ut
594 3304 692 3374 qui
727 3304 903 3359 saluti
936 3320 1056 3358 sum
1088 3310 1295 3360 curant
1323 3326 1351 3354 »
1378 3305 1578 3377 (Ibid).
1612 3309 1801 3376 Atque
1832 3306 1969 3362 inde

308 3392 599 3449 adversus
630 3394 1010 3465 compellatos
1042 3410 1076 3448 a
1120 3411 1181 3449 se
1211 3395 1458 3466 gentiles
1491 3394 1596 3450 rite
1627 3396 1923 3451 concludit
1952 3413 1964 3450 :

315 3502 341 3531 ι
378 3481 579 3551 Neque
630 3482 700 3537 de
747 3482 1013 3551 scientia,
1050 3502 1237 3557 neque
1286 3485 1357 3541 de
1392 3484 1723 3557 disciplina,
1766 3490 1829 3539 ut
1861 3502 1966 3556 pu-

308 3569 475 3637 tatis,
520 3587 826 3642 aequamur
856 3592 883 3621 »
930 3573 1138 3643 (Ibid.).
1189 3573 1362 3628 Nulla
1411 3574 1611 3643 igitur,
1663 3574 1852 3647 magis
1901 3591 1967 3629 ac

306 3663 665 3729 praepostera
681 3663 1039 3732 comparatio
1060 3664 1133 3717 ab
1155 3662 1403 3718 ethnicis
1424 3662 1547 3717 ﬁeri
1571 3664 1964 3735 potuit,quam

307 3752 596 3818 utrosque
637 3751 885 3807 scientia
914 3757 971 3807 et
1004 3752 1317 3825 disciplina
1345 3754 1729 3825 adaequando.
1772 3755 1965 3825 Neque

306 3837 525 3909 potiori
574 3839 710 3908 jure
758 3842 1133 3898 venditabant
1178 3842 1434 3915 aequales
1494 3860 1780 3915 paresque
1837 3860 1967 3900 esse

307 3926 460 3983 alias
491 3926 729 3983 illorum
771 3929 1036 4001 virtutes,
1071 3934 1226 4003 quod
1269 3933 1395 4003 jam
1438 3949 1571 3989 cum
1604 3932 1963 3991 Tertulliano

306 4019 514 4072 nostro
546 4021 635 4073 est
664 4019 1134 4090 expendendum.

910 4178 1227 4218 ARTICULUS
1269 4179 1352 4217 III.

304 4268 508 4342 Quam
540 4271 872 4342 praepostere
915 4269 1146 4339 gentiles
1186 4268 1569 4342 contenderim
1613 4286 1806 4342 parem
1852 4287 1966 4327 esse

379 4337 838 4465 philosophorum
878 4337 1105 4395 suorum
1143 4344 1305 4412 atque
1350 4337 1788 4399 Christianorum
1823 4360 1963 4465 [pro-

425 4410 652 4465 itatem.
683 4422 877 4465 contra
917 4430 1080 4465 auam
1134 4414 1391 4465 Dioaenes
1431 4414 1744 4465 superbiam
1778 4421 1819 4465 P
1843 4421 1963 4465 ato-

425 4410 652 4485 irtatem,
683 4422 877 4481 contra
917 4430 1080 4483 quam
1134 4410 1391 4485 Diogenes
1431 4414 1744 4485 superbiam
1778 4410 1963 4471 Plato-

381 4484 473 4537 nis
532 4484 647 4538 alia
703 4486 961 4555 superbia
1025 4486 1363 4541 conculcavit
1417 4502 1429 4539 :
1480 4484 1756 4541 summam
1791 4489 1966 4555 fuisse

385 4555 836 4631 Christianorum
885 4557 1499 4631 modestiamtcontra
1547 4575 1712 4629 quam
1755 4560 1966 4631 Pytha-
2000 4565 2045 4630 Ι)

380 4642 550 4701 goras
568 4632 621 4682 et
634 4629 813 4701 Zenon
834 4629 1200 4698 tyrannidem
1213 4630 1638 4701 aﬁectaverunt;
1655 4629 1964 4687 maximam

380 4700 560 4767 [uisse
615 4699 797 4754 animi
844 4699 1275 4758 christianorum
1320 4703 1733 4772 aequalitatem,
1776 4708 1968 4759 contra

382 4786 552 4845 quam
600 4772 875 4845 Lycurgus
928 4775 1355 4842 apocarteresim
1400 4776 1640 4845 optavit:
1688 4785 1967 4831 serratum

382 4843 577 4897 sedulo
633 4859 665 4896 a
712 4844 1029 4918 christianis
1076 4847 1259 4917 ﬁdem,
1291 4843 1481 4901 contra
1537 4862 1705 4918 quam
1746 4848 1965 4901 Anaxa-

384 4929 548 4989 goras
584 4917 809 4989 negavit
850 4917 1150 4989 hospitibus
1197 4918 1499 4979 depositum
1517 4917 1769 4983 {miram
1796 4920 1965 4988 fuisss

385 4986 829 5062 Christianorum
857 4986 1285 5062 simplicitatem,
1318 4998 1505 5045 contra
1537 5007 1730 5062 quam,
1757 4986 1964 5045 Aristo-

382 5058 519 5113 teles
549 5075 583 5112 a
615 5060 726 5116 loco
755 5077 850 5116 suo
898 5058 1126 5117 dimovit
1160 5062 1467 5128 Hermiam,
1498 5058 1555 5116 et
1596 5060 1860 5117 adulatus
1888 5070 1967 5118 est

383 5130 698 5205 Alexandro
750 5133 959 5203 Magno,
1011 5139 1173 5204 atque
1220 5135 1531 5205 Aristippus
1591 5136 1651 5188 in
1712 5150 1964 5204 purpura

380 5203 764 5273 nepotabalur,
809 5213 860 5260 et
904 5203 1128 5278 Hippias
1176 5203 1402 5262 civitati,
1429 5203 1670 5261 insidias
1712 5203 1959 5277 paravit.

380 5308 470 5365 Ad
501 5308 753 5365 morales
785 5310 930 5368 alias
952 5311 1419 5369 Christianorum
1452 5316 1625 5385 atque
1654 5311 1956 5385 gentilium

306 5398 559 5454 virtutes
590 5397 639 5454 si
667 5404 864 5455 nostro
896 5418 1027 5456 cum
1058 5402 1416 5459 Tertulliano
1446 5406 1962 5472 transeamus,non

308 5488 514 5544 minus
548 5488 805 5559 profecto
858 5490 1174 5546 discrimen
1206 5491 1358 5547 inter
1388 5492 1539 5561 illas,
1574 5507 1751 5563 quam
1784 5508 1965 5563 supra

296 5581 692 5648 memoratas,
770 5578 1198 5653 deprehendere
1275 5584 1382 5636 est.
1446 5580 1501 5634 Si
1576 5580 1642 5636 de
1684 5582 1965 5651 probitate

311 5664 634 5739 enimvero,
666 5666 819 5726 sicut
865 5667 962 5727 ille
1007 5668 1169 5742 loqui
1207 5672 1385 5742 amat,
1417 5684 1518 5727 seu
1553 5685 1783 5729 morum
1814 5668 1962 5727 inte-

2083 534 2263 590 litatis
2296 535 2510 591 virtute
2541 540 2794 591 certetur
2820 535 2974 589 inter
2995 532 3242 605 gentiles
3259 536 3314 586 et
3335 531 3699 589 Christianos
3724 538 3740 590 ἐ

2084 648 2109 673 ‹‹
2140 626 2301 691 Ecce,
2345 625 2535 696 inquit
2562 624 2678 693 ille,
2713 623 3043 693 lutulentis,
3076 621 3166 677 vel
3200 621 3355 677 sicut
3385 621 3523 678 alibi
3554 621 3740 695 scrip-

2084 713 2182 781 sit,
2214 714 2564 770 coenulentis
2596 715 2847 786 pedibus
2897 711 3180 785 Diogenes
3231 712 3518 783 superbos
3552 710 3740 767 Plato-

2083 802 2175 857 nis
2204 808 2362 857 toros
2403 804 2518 858 alia
2566 803 2842 873 superbia
2893 800 3161 857 deculeat
3201 824 3222 851 ι
3280 799 3545 868 (Tertull.
3595 800 3742 871 Apo-

2083 892 2240 961 loget.
2277 909 2396 964 cap.
2448 894 2535 960 46,
2573 910 2702 962 pag.
2736 892 2861 959 500,
2909 895 2965 946 et
3011 890 3112 946 lib.
3169 890 3233 945 de
3281 888 3433 944 Pall.
3482 905 3610 960 cap.
3663 888 3740 958 4).

2082 979 2285 1036 Nonne
2342 988 2536 1036 autem
2597 982 2985 1052 Hieronymus
3041 980 3111 1035 ad
3181 979 3338 1034 hunc
3394 976 3740 1034 Tertulliani

2083 1069 2274 1125 locum
2332 1069 2677 1125 collineasse
2709 1069 2958 1137 videtur,
3017 1068 3116 1123 ubi
3178 1067 3370 1123 aiebat
3424 1066 3738 1138 Diogenem

2083 1160 2285 1215 lutatis
2317 1160 2561 1230 pedibus
2594 1160 2965 1214 conculcasse
3008 1156 3265 1213 Platonis
3299 1156 3493 1212 divitis
3526 1161 3685 1211 toros
3715 1155 3743 1210 ‘l

2082 1247 2439 1319 (Hieronymi.
2474 1248 2575 1302 lib.
2611 1264 2652 1301 ιι
2684 1246 2805 1302 adv.
2836 1246 3156 1304 Jovianian.
3192 1262 3321 1316 pag.
3353 1246 3459 1299 203
3488 1262 3501 1311 ;
3560 1246 3737 1300 Laert.

2080 1336 2182 1391 lib.
2216 1353 2272 1392 v1
2304 1337 2361 1391 in
2400 1338 2500 1393 Vit.
2532 1338 2755 1408 Diogen.
2807 1338 2834 1404 §
2891 1337 3005 1407 26.)
3067 1335 3178 1390 Sed
3233 1339 3366 1389 ante
3420 1338 3742 1405 utrumque

2083 1426 2351 1481 Laertius
2382 1430 2580 1480 narrat
2609 1426 2926 1497 Diogenem
2981 1425 3119 1478 dum
3152 1423 3414 1479 Platonis
3446 1422 3740 1497 στρώματα

2082 1516 2333 1572 calcaret
2390 1516 2630 1581 dixisse,
2690 1515 2851 1570 Παιτῶ
2918 1512 3018 1581 τὴν
3091 1509 3385 1572 Πλάτωνος
3443 1531 3735 1565 κενοσπου-

2082 1602 2221 1673 δίαν,
2280 1606 2435 1662 Celeo
2484 1606 2732 1661 Platonis
2783 1606 2951 1661 inane
3002 1602 3266 1669 studium,
3322 1600 3556 1674 ipsique
3612 1601 3738 1658 Pla-

2078 1699 2274 1751 tonem
2323 1694 2698 1767 respondisse
2760 1711 2771 1748 :
2834 1693 2999 1749 "Occv
3057 1695 3152 1746 τοῦ
3211 1690 3380 1769 τύφου
3441 1687 3736 1767 διαφαίνεις

2081 1781 2256 1838 δοκῶν
2325 1784 2400 1856 μὴ
2460 1783 2835 1858 τετυφοῦσθαι·
2873 1784 3152 1852 Quantum
3208 1784 3415 1853 fastum
3483 1781 3736 1852 ostendis,

2082 1876 2178 1947 qui
2205 1876 2360 1931 nullo
2406 1877 2617 1930 tumere
2664 1876 2818 1944 fastu
2863 1874 3051 1928 videri
3096 1873 3290 1944 cupis!
3348 1874 3471 1936 aut,
3522 1874 3585 1924 ut
3636 1868 3736 1925 alii

2081 1965 2296 2035 ierunt,
2330 1965 2476 2020 dixit
2504 1964 2787 2037 Diogenes
2821 1982 2834 2020 :
2874 1965 3032 2016 Πατῶ
3075 1962 3167 2016 τὸν
3218 1959 3511 2021 Ηλάτωνος
3537 1957 3733 2036 τύφον,

2084 2055 2244 2112 Calco
2272 2057 2520 2112 Platonis
2547 2057 2792 2127 fastum;
2844 2053 2939 2109 cui
2974 2052 3132 2108 Plato
3164 2052 3440 2125 rspondit
3481 2066 3493 2104 :
3530 2047 3733 2122 Ἐτᾶρῳ

2078 2165 2139 2220 γι
2165 2144 2339 2221 τύφῳ.
2375 2145 2476 2201 Sed
2521 2145 2632 2201 alio
2669 2147 2837 2214 fastu.
2890 2143 3004 2199 Cur
3053 2146 3247 2198 autem
3305 2141 3458 2198 932
3518 2142 3737 2195 Auctor

2081 2240 2281 2291 noster
2312 2234 2521 2290 dixerit
2552 2234 2859 2299 lutulentis,
2886 2232 3006 2288 sive
3034 2232 3377 2300 caenulentis,
3403 2234 3525 2299 aut,
3558 2233 3622 2284 ut
3652 2230 3735 2285 ait

2080 2324 2504 2395 Hieronymus,
2539 2324 2755 2393 lutatis,
2791 2321 3038 2377 seuluto
3061 2319 3290 2375 infectis
3338 2319 3587 2388 pedibus,
3629 2335 3733 2373 au-

2080 2416 2206 2471 dies
2263 2431 2331 2470 ex
2388 2414 2591 2469 eodem
2646 2411 2872 2467 Laertio
2923 2412 3128 2465 ductos
3176 2409 3249 2464 ab
3299 2408 3409 2463 hoc
3476 2408 3732 2481 Diogene

2080 2503 2400 2576 discipulos
2431 2503 2556 2559 sine
2605 2501 2816 2557 calceis
2866 2495 3260 2569 ἀνυποδήτους,
3294 2515 3425 2554 cum
3455 2497 3554 2553 ille
3584 2517 3729 2571 γυμ-

2076 2599 2192 2656 νοῖς
2248 2592 2375 2647 ποσὶ
2420 2590 2583 2667 χιόνα
2628 2588 2807 2646 ἐπάτει
2861 2591 3026 2646 nudis
3066 2588 3296 2661 pedibus
3345 2589 3527 2642 nivem
3554 2587 3734 2641 calea-

2080 2682 2481 2747 bat.Quamvis
2512 2698 2647 2754 ergo
2676 2686 2901 2738 tantam
2934 2682 3336 2751 paupertatem
3370 2675 3563 2748 palam
3597 2691 3733 2747 pro-

2079 2774 2361 2840 ﬁteretur,
2396 2788 2511 2826 non
2544 2771 2741 2826 minus
2772 2776 2970 2825 tamen
3002 2784 3179 2839 quam
3223 2766 3384 2822 dives
3431 2764 3594 2821 Plato
3627 2781 3734 2821 su-

2078 2861 2290 2934 perbiae
2321 2866 2378 2917 et
2406 2860 2750 2933 arrogantiae
2781 2859 2918 2914 vitio
2952 2858 3190 2912 inﬂatus
3221 2859 3364 2910 erat.

2150 2969 2431 3040 Superbis
2475 2968 2673 3039 itaque
2722 2966 2838 3022 illis
2902 2962 3267 3037 philosophis
3333 2959 3732 3017 Tertullianus

2078 3057 2187 3112 rite
2233 3056 2475 3128 opponit
2526 3055 2946 3119 Christianum,
3000 3052 3101 3123 qui
3150 3067 3249 3107 nec
3297 3053 3356 3105 in
3402 3064 3724 3121 pauperem,

2081 3146 2265 3201 multo
2297 3146 2495 3200 minus
2528 3145 2587 3199 in
2620 3144 2859 3199 divitem
2888 3142 3149 3211 superbit.
3184 3137 3732 3211 (Tertullian.,Apo-

2079 3237 2236 3307 loget.
2272 3252 2397 3307 cap.
2427 3236 2514 3301 46,
2551 3250 2684 3305 pag.
2732 3233 2873 3299 500;
2924 3230 3059 3287 Ibid.
3110 3246 3232 3301 cap.
3282 3229 3373 3296 25,
3408 3243 3539 3299 pag.
3574 3227 3727 3294 422).

2080 3324 2429 3382 Christianis
2458 3324 2774 3391 enimvero,
2818 3318 3199 3375 fraternitatis
3232 3316 3485 3383 vinculo,
3528 3323 3591 3370 ut
3623 3332 3722 3370 su-

2080 3433 2182 3488 pra
2215 3413 2761 3481 animadvertimus,
2780 3416 2837 3466 et
2868 3407 3203 3466 sanctitatis
3237 3405 3445 3478 spiritu
3482 3407 3735 3475 conjun‘

2079 3504 2208 3571 etis,
2242 3504 2440 3559 omnia
2472 3506 2679 3574 praeter
2723 3515 2951 3568 uxores,
2984 3495 3325 3552 communia
3375 3497 3562 3561 erant,
3602 3490 3737 3547 nul-

2078 3596 2250 3668 laque
2282 3596 2354 3649 de
2384 3592 2683 3664 superiore
2731 3589 2916 3660 gradu
2964 3590 3070 3644 aut
3100 3586 3384 3658 dignitate
3415 3583 3735 3639 contentio.

2148 3703 2369 3759 Dehinc
2397 3717 2531 3755 vero
2563 3699 2611 3753 si
2645 3702 2875 3769 agatur,
2911 3695 3104 3767 inquit
3146 3692 3545 3751 Tertullianus
3574 3691 3734 3762 (Ibid.

2078 3811 2203 3866 cap.
2256 3793 2344 3860 46,
2374 3805 2506 3862 pag.
2538 3788 2687 3855 500),
2721 3787 2787 3841 de
2831 3785 3113 3852 modestia,
3152 3801 3280 3855 quae
3328 3783 3384 3838 ln
3419 3781 3615 3837 animo
3647 3784 3737 3836 est

2076 3882 2385 3938 continens
2434 3876 2754 3933 moderatio
2805 3875 3216 3946 cupiditatum,
3250 3872 3412 3927 nulla
3459 3886 3598 3926 sane
3642 3870 3730 3924 in-

2075 3971 2241 4027 stitui
2272 3972 2461 4042 potest
2481 3965 2844 4022 Christianos
2876 3963 3026 4018 inter
3055 3966 3112 4018 et
3141 3961 3390 4033 gentiles
3421 3975 3731 4029 compara-

2073 4060 2175 4115 tio.
2233 4058 2377 4114 Nam
2421 4058 2802 4129 Pythagoras,
2853 4052 2937 4107 uti
2988 4050 3085 4105 ille
3132 4050 3233 4117 ait,
3273 4048 3421 4120 apud
3472 4046 3723 4117 Thurios,

2073 4152 2261 4206 Zenon
2290 4146 2442 4220 apud
2470 4148 2837 4203 Primnenses
2868 4140 3218 4214 tyrannidem
3247 4140 3529 4210 affectant.
3556 4136 3735 4192 Litte-

2074 4242 2157 4297 ris
2188 4240 2403 4312 quippe
2436 4257 2468 4294 a
2498 4236 2724 4294 Laertio
2774 4233 3071 4307 proditum
3122 4230 3375 4303 legimus
3419 4228 3726 4283 incensam

2074 4347 2108 4386 a
2138 4326 2488 4386 Crotoniatis
2508 4325 2738 4381 Milonis
2771 4325 3034 4390 domum,
3062 4318 3161 4373 ubi
3195 4322 3336 4371 tunc
3368 4319 3493 4370 erat
3524 4314 3733 4384 Pytha-

2075 4436 2269 4492 goras,
2299 4412 2612 4491 τυραννίδος
2660 4411 2894 4475 ἐπίθεσιν
2957 4401 3374 4478 εὐλαϐούμενοι,
3430 4405 3563 4460 Cum
3611 4406 3734 4474 ejus

2077 4507 2425 4580 tyrannidem
2458 4508 2759 4561 metuerent
2788 4504 3003 4574 (Laert.
3054 4499 3154 4554 lib.
3206 4514 3327 4567 vm,
3360 4498 3421 4552 in
3479 4497 3577 4551 Vit.
3612 4499 3728 4567 Py-

2078 4597 2290 4669 thah.§
2330 4597 2441 4663 38).
2494 4592 2738 4649 Excitati
2791 4595 2989 4646 autem
3044 4589 3223 4659 hujus
3283 4583 3558 4653 incendii,
3612 4600 3728 4655 quo

2076 4688 2272 4743 vivum
2324 4684 2712 4758 Pythagoram
2766 4680 2928 4735 exuri
2979 4678 3270 4745 volebant,
3305 4691 3370 4729 ao
3419 4672 3550 4729 belli
3614 4672 3730 4743 ipsi

2076 4775 2478 4847 discpulisque
2510 4774 2639 4842 ejus
2667 4770 2813 4824 illati
2839 4768 3194 4823 mentionem
3228 4765 3462 4819 Tzetzes
3479 4765 3536 4817 et
3560 4761 3727 4817 Jam—

2075 4865 2267 4922 blious
2297 4864 2479 4918 fecere
2498 4864 2698 4931 ('l‘zetz.
2724 4857 2961 4914 chiliad.
2984 4856 3207 4923 il,v.67
3230 4858 3285 4908 et
3302 4868 3465 4924 seqq.
3480 4870 3493 4920 ;
3508 4851 3725 4905 Jambl.

2075 4955 2135 5010 in
2174 4956 2273 5010 Vit.
2307 4952 2541 5025 Pylhag.
2576 4966 2702 5020 cap.
2737 4949 2828 5014 35,
2862 4951 3003 5002 tom.
3042 4946 3059 4999 Ι
3092 4946 3356 5015 Apparat.
3410 4958 3465 5012 p.
3502 4940 3641 4993 1246
3671 4943 3727 4995 et

2075 5043 2582 5116 seqq.).Quorsum
2603 5054 2738 5111 ergo
2762 5037 2906 5092 illud
2930 5034 3266 5090 incendium
3290 5036 3347 5086 et
3363 5028 3726 5099 bellum,nisi

2074 5136 2175 5206 qui
2205 5150 2298 5188 res
2326 5147 2525 5199 novas,
2550 5146 2615 5184 ac
2640 5127 3010 5201 tyrannidem
3045 5138 3329 5195 usurpare
3352 5119 3722 5185 moliebatur,

2074 5227 2273 5293 aut,ut
2293 5222 2376 5277 ait
2397 5217 2682 5287 Laertius,
2704 5218 2808 5273 hoc
2833 5216 2950 5282 alii,
2978 5230 3049 5270 ne
3080 5212 3175 5267 ille
3215 5214 3487 5277 tentaret,
3525 5224 3724 5264 revera

2073 5309 2400 5369 timebant?
2428 5309 2457 5365 J
2468 5324 2560 5365 am
2608 5324 2743 5363 vero
2774 5304 3210 5361 observavimus
3238 5301 3527 5356 Zenonem
3560 5296 3721 5352 Elea-

2073 5406 2211 5466 tem,
2246 5416 2378 5455 cum
2413 5416 2445 5454 a
2492 5403 2737 5471 tyranne
2784 5393 3053 5467 Demysio
3095 5408 3193 5447 seu
3227 5388 3489 5445 Nearcho
3520 5386 3591 5441 ad
3622 5401 3720 5439 ar-

2073 5506 2285 5547 canum
2320 5488 2555 5559 aliquod
2587 5486 2745 5541 haud
2794 5483 2968 5539 dubie
3016 5478 3439 5550 conjurationis
3470 5473 3719 5544 proden-

2072 5581 2215 5638 dum
2260 5577 2617 5634 cruciatibus
2666 5576 3055 5646 torqueretur,
3098 5569 3363 5641 linguam
3412 5576 3581 5619 suam
3622 5576 3716 5617 ex-

2073 5670 2272 5743 puisse
2302 5668 2360 5724 in
2392 5671 2731 5741 tyrannum.
2763 5662 2943 5719 Nobis
2978 5659 3217 5732 quidem
3249 5671 3365 5713 non
3396 5653 3536 5711 latet
3564 5650 3717 5709 hanc
