4118 6182
442 250 593 314 1023
961 252 1487 314 TERTULLIANI
1535 253 1859 315 OPERUM
1907 255 2108 314 PARS
2153 253 2201 314 Ι.
2236 284 2313 297 -
2340 252 2615 315 SERIES
2659 254 2709 328 Ι,
2753 252 3315 314 APOLOGE’I‘ICA.
3688 253 3827 315 1024

446 388 630 443 animi
664 387 1069 443 fortitudinem
1106 389 1441 444 Anaxarcho
1480 406 1514 444 a
1544 388 1921 461 quibusdam,
1954 392 2093 458 puta
2118 389 2175 455 Α
2206 388 2418 460 (nostri
2448 388 2678 444 codices
2728 404 2909 444 manu
2963 387 3205 460 antiqua
3243 387 3493 455 exarati,
3533 387 3833 460 priscaque

448 476 654 541 Plinio,
733 482 789 531 et
871 477 1100 531 Valerio
1182 477 1453 545 Maximo,
1530 477 1658 532 aliis
1723 477 2090 533 Diomedonti
2201 478 2486 533 editiones
2517 479 2958 550 aequanimitate,
2984 478 3088 532 hoc
3120 482 3227 544 est,
3252 494 3421 548 aequa
3452 477 3635 533 sedati
3665 478 3829 534 animi

442 566 642 621 tribui.
681 566 790 621 Sed
826 565 1021 636 plures
1055 565 1170 635 alii,
1206 584 1238 621 a
1286 568 1455 621 nobis
1505 566 1629 622 loco
1680 567 1939 637 proxime
1970 582 2091 620 me-
2201 567 2641 639 constitutione)
2692 567 3057 638 congrediar,
3109 583 3238 621 ecce
3288 571 3506 637 praesto
3556 566 3717 622 nobis
3753 574 3830 623 est

442 662 665 711 morato
698 654 942 721 laudati,
977 671 1104 709 eam
1133 656 1343 711 Zenoni
1398 656 1576 711 Eleati
1635 656 1959 711 ascribunt.
2014 656 2093 709 Ex
2205 658 2519 729 Lycurgus,
2579 657 2679 729 qui
2733 656 3121 727 apocartesim
3181 656 3425 727 optavit,
3485 657 3637 727 quod
3693 654 3830 728 leges

438 745 512 799 iis
564 748 759 799 autem
809 760 964 799 unus
1010 749 1098 800 est
1160 745 1534 812 Plutarchus,
1588 747 1687 817 qui
1748 745 2094 801 testificatur
2201 746 2330 815 ejus
2365 750 2616 800 Lacones
2647 746 3112 800 emendassent»
3159 743 3533 813 (Tertullian.
3568 742 3674 799 loc.
3705 746 3830 814 cit),

438 834 726 888 Zenonem
777 832 1141 889 Parmenidis
1198 832 1473 908 γνώριμον
1547 835 1876 905 discipulum
1934 835 2091 906 (Plu-
2202 835 2701 906 quemadmodum
2724 834 2997 905 superius
3018 832 3833 904 explicavimus.Athristia-

438 922 623 977 tarch.
656 921 758 976 lib.
793 938 832 991 ι,
865 922 936 976 ad
966 922 1133 977 Colot.
1168 940 1298 995 pag.
1335 925 1516 993 1126),
1568 923 1656 976 vel
1710 924 1877 978 sicuti
1938 922 2089 988 aliis,
2203 940 2335 989 nus,
2394 924 2479 977 uti
2532 922 2613 977 ait
2661 926 2864 977 auctor
2908 931 3127 985 noster,
3197 925 3367 977 etiam
3426 922 3723 977 damnatus
3773 924 3832 977 ab

439 1015 586 1067 teste
623 1012 862 1077 Laertio,
894 1011 1135 1082 placuit,
1160 1018 1371 1067 natura
1401 1017 1502 1067 aut
1535 1012 1847 1083 adoptione
1882 1012 2089 1077 tilium,

440 1098 619 1153 tantis
648 1101 959 1156 tormentis
1005 1117 1037 1155 a
1076 1100 1347 1173 Dionysio
1395 1108 1641 1173 tyranno
1672 1102 2090 1166 excruciatum,

440 1186 579 1257 quia
622 1187 871 1244 insidias
921 1188 1005 1243 illi
1061 1196 1385 1260 paraverat,
1441 1191 1830 1245 Philostratus
1887 1207 2024 1244 vero
2074 1207 2088 1245 :

442 1276 628 1343 Ζήνων
662 1277 689 1329 ὁ
720 1275 1005 1345 Ἐλεάτης,
1039 1278 1245 1347 inquit,
1296 1278 1394 1345 τὴν
1452 1279 1700 1353 Νεάρχου
1752 1282 1848 1331 τοῦ
1906 1281 2090 1331 Μυσοῦ

441 1358 763 1418 καταϐαλὼν
812 1363 1122 1438 τυραννίδα,
1172 1366 1317 1434 ἥλω,
1377 1369 1465 1421 καὶ
1522 1362 1904 1442 στρεϐλωθεὶς,
1959 1366 2089 1427 τοὺς

2201 1012 2451 1069 ethnicis
2509 1028 2677 1066 suam
2733 1016 2967 1082 propter
3023 1011 3390 1081 religionem.
3462 1018 3585 1065 tum
3634 1015 3836 1065 servata

2201 1118 2436 1173 semper
2465 1102 2663 1156 eadem
2697 1099 2876 1154 animi
2910 1099 3260 1171 aequalitate,
3294 1101 3514 1167 gratias
3542 1101 3678 1169 agit,
3707 1099 3835 1154 sicut

2202 1195 2405 1263 postea
2436 1191 2815 1245 ostendemus
2848 1188 2979 1260 (Inf.
3013 1205 3139 1260 cap.
3176 1189 3263 1254 16,
3297 1193 3411 1242 art.
3444 1188 3523 1259 3).

2274 1301 2467 1373 Pergit
2497 1300 2650 1355 idem
2684 1299 2809 1371 ipse
2860 1302 3064 1353 auctor
3104 1302 3304 1353 noster
3338 1314 3351 1351 :
3389 1297 3451 1352 Si
3481 1297 3546 1352 de
3574 1297 3697 1368 ﬁde,
3726 1314 3833 1352 om-

2202 1391 2378 1446 nibus
2408 1405 2641 1461 semper
2684 1389 2992 1455 servanda,
3025 1387 3402 1442 Christianus
3461 1403 3596 1441 cum
3628 1386 3834 1441 ethnico

446 1450 540 1522 μὲν
592 1452 782 1505 ἑαυτοῦ
831 1454 1142 1525 ξυνωμότας
1188 1456 1601 1522 ἀπεσιώπησεν·
1638 1456 1689 1509 οἳ
1738 1453 1794 1509 δὲ
1844 1456 1979 1523 ἦσαν
2010 1460 2089 1528 τῷ

560 1540 570 1556 ρ
753 1536 845 1556 ,ηρ
1040 1540 1062 1556 κ
1130 1538 1255 1556 οη,
1491 1545 1501 1556 ,
1728 1546 1740 1556 .
1903 1545 1916 1556 .
2003 1546 2028 1556 η

2217 1450 3031 1553 :omponatur,¢Anaxagoras
3053 1478 3395 1551 depositum
3421 1478 3651 1551 negavit
3666 1478 3834 1549 hospi-

439 1540 687 1613 τυράννῳ
752 1536 981 1616 βέϐαιοι,
1036 1538 1348 1599 διαϐάλλων
1410 1545 1636 1606 τούτους
1712 1546 1787 1605 ὡς
1861 1545 1922 1598 οὗ
2001 1546 2087 1620 βε-

444 1623 555 1651 Qui,
660 1648 669 1651 _
738 1631 752 1651 1
850 1632 863 1651 ς
969 1633 981 1648 ο
1076 1632 1089 1651 ν
1143 1634 1155 1651 ν
1210 1633 1255 1651 9‘
1319 1635 1364 1651 ,ι
1543 1640 1563 1649 ν
1678 1633 1690 1651 ς
1738 1633 1748 1651 ι
1894 1633 1907 1651 ν
1977 1630 2014 1651 In

2217 1536 2379 1638 ,ibus.
2416 1593 2441 1620 α
2476 1536 2679 1625 Nonne
2721 1536 2915 1624 autem
2950 1568 3028 1624 ibi
3068 1536 3280 1623 alludit
3309 1536 3633 1638 ascripvtam
3665 1584 3695 1621 a
3724 1536 3834 1619 Plu-

443 1623 670 1690 ϐαίους’
706 1631 755 1684 οἱ
809 1632 902 1702 μὲν
953 1633 1025 1693 ὡς
1073 1632 1155 1686 ἐπ’
1199 1633 1423 1704 ἀληθέσι
1472 1640 1590 1695 ταῖς
1642 1633 1837 1697 αἰτίαις
1884 1630 2087 1688 ἀπέθα-

2217 1660 2398 1717 areho
2476 1658 2782 1714 historiam
2863 1657 3123 1724 Periclis,
3192 1657 3290 1728 qui
3372 1642 3829 1729 repetundarum,

442 1736 566 1771 νων⁶
604 1719 632 1772 ὁ
683 1718 727 1772 δ’
774 1718 1031 1795 ἐλεύθερα
1074 1722 1141 1775 τὰ
1185 1723 1379 1777 Μύσων
1428 1720 1620 1798 ἤγαγε,
1652 1723 1749 1789 τήν
1802 1720 2087 1797 τυραννίδα

552 1807 562 1821 .
625 1809 637 1825 .
756 1812 783 1823 η.
935 1808 975 1825 ,κ
1133 1814 1166 1825 η
1354 1815 1406 1825 ...
1482 1817 1491 1825 .
1649 1817 1690 1825 --
1826 1816 1877 1825 ..
1943 1814 1987 1825 -.
2064 1815 2096 1824 ..

2217 1749 2528 1823 peculatus,
2580 1753 2755 1819 atque
2828 1718 3121 1819 pecuniae,
3170 1718 3300 1818 quae
3362 1718 3522 1818 apud
3577 1718 3829 1817 Prytanas

442 1808 566 1881 πιρὶ
625 1809 786 1881 ἑαυτῇ
842 1808 1078 1887 σφήλας.
1128 1814 1267 1868 Zeno
1346 1815 1555 1869 Eleates
1636 1816 1877 1870 Nearchi
1936 1814 2096 1886 Mysii

2217 1839 2472 1911 deposita
2504 1838 2982 1908 fuerat,expensa3
3006 1840 3344 1902 accusatus,
3380 1840 3447 1890 ut
3476 1852 3538 1891 se
3569 1839 3836 1907 purgaret,

444 1899 801 1998 tyrannidem
826 1907 1083 1999 'ev-ertere
1130 1911 1369 1999 tentans,
1430 1905 2096 1999 deprehensusquerfutn
2204 1899 2604 1999 Anaxagoram
2652 1899 2954 1997 trepidans
2981 1925 3150 1997 ejecit
3195 1941 3267 1980 ex
3300 1899 3470 1993 urbe,
3508 1899 3767 1995 misitque
3790 1922 3837 1977 in

447 1988 620 2041 variis
676 1988 963 2059 suppliciis
1035 1995 1395 2063 torqueretur,
1449 1994 1623 2047 socios
1692 1994 2097 2065 conjurationis

450 2077 685 2131 minime
712 2078 953 2148 prodidit
980 2095 997 2132 .·
1029 2080 1122 2134 sed
1149 2096 1281 2151 quos
1329 2086 1567 2153 tyranno
1607 2081 1905 2153 ﬁdissimos
1933 2098 2096 2139 nove-

453 2172 548 2220 rat
601 2166 998 2236 calumniatus,
1071 2177 1130 2225 ut
1198 2175 1370 2226 morte
1447 2172 1845 2227 damnarentur
1898 2173 2097 2244 eﬂecit.

453 2257 579 2326 Ipse
626 2264 815 2310 autem
857 2258 1088 2329 Mysiam
1158 2260 1441 2328 liberavit,
1500 2261 1861 2333 tyrannidem
1916 2267 1976 2315 in
2043 2276 2100 2316 se

452 2344 631 2414 ipsam
662 2361 855 2401 erraro
880 2348 1099 2416 faciens
1140 2347 1496 2419 (Philostrnt.
1531 2348 1631 2405 lib.
1682 2366 1783 2417 vn,
1826 2350 1981 2405 988
2033 2350 2101 2405 de

458 2434 559 2487 Vit.
609 2432 796 2502 Apoll.
850 2451 974 2506 cap.
1030 2437 1079 2506 1,
1126 2453 1259 2507 pag.
1313 2439 1458 2507 320).
1521 2439 1681 2494 Cives
1738 2440 1918 2505 enim,
1952 2439 2099 2494 facto

454 2523 758 2593 repentino
817 2522 1060 2595 impetu,
1114 2525 1267 2581 sicut
1323 2528 1404 2581 ait
1462 2528 1751 2597 Laertius,
1810 2528 2102 2599 lapidibus

451 2612 617 2668 illum
649 2614 971 2671 obruerunt
1003 2616 1214 2684 (Laert.
1265 2618 1363 2672 lib.
1420 2635 1496 2672 ix.
1556 2622 1613 2674 in
1678 2620 1797 2673 Vita
1845 2620 2100 2687 Zenonis,

452 2706 479 2773 §
507 2704 619 2773 27).
653 2703 949 2759 Addamus
970 2704 1079 2761 hoc
1113 2706 1297 2761 Latini
1329 2707 1622 2763 Ciceronis
1654 2708 2057 2764 testimonium
2084 2725 2097 2763 :

453 2816 482 2843 «
514 2795 663 2849 Zeno
697 2793 921 2849 Eleates
952 2812 1265 2867 perpessus
1295 2803 1385 2853 est
1426 2800 1625 2854 omnia
1673 2800 1887 2869 potius,
1922 2816 2100 2871 quam

451 2884 717 2939 conscios
748 2883 1004 2939 delendae
1037 2886 1365 2957 tyrannidis
1394 2887 1700 2943 indicaret.
1725 2910 1753 2939 ››
1786 2888 1933 2943 Alibi
1967 2905 2099 2943 vero

453 2974 622 3029 illum
684 2974 1029 3047 simpliciter
1085 2980 1141 3032 in
1218 2981 1502 3035 tormentis
1550 2983 1800 3035 necatum
1858 2979 2103 3035 tradidit

457 3064 660 3135 (Cicer.
696 3064 798 3119 lib.
831 3083 871 3120 11
904 3068 1111 3123 Tuscul.
1149 3084 1280 3140 pag.
1314 3069 1441 3135 146,
1475 3069 1577 3124 lin.
1615 3072 1674 3140 2,
1726 3073 1784 3125 et
1812 3068 1911 3125 lib.
1947 3087 2009 3125 ιιι
2038 3069 2104 3125 de

449 3132 645 3209 Natur.
678 3155 832 3209 Deor.
868 3172 998 3226 pag.
1029 3132 1285 3220 252,.1in.
1317 3132 1435 3223 28).
1656 3132 1671 3140 ⁷
2134 3132 2177 3199 C

2207 2015 2523 2083 exsilium?
2580 2014 2916 2086 (Plutarcho
2974 2013 3033 2068 in
3093 2015 3210 2069 Vita
3268 2014 3532 2080 Periclis,
3568 2028 3690 2083 pag.
3737 2011 3835 2076 169,

2206 2109 2350 2163 tom.
2387 2106 2450 2176 Ι.)
2478 2104 2696 2159 Verum
2735 2102 3128 2171 Christianus,
3161 2102 3249 2157 uti
3292 2102 3517 2173 adjecit
3565 2100 3835 2156 Tertullia-

2207 2211 2322 2250 nus
2353 2194 2562 2265 (Ibid.),
2593 2200 2754 2248 extra
2780 2191 2969 2263 ﬁdelis
2998 2200 3242 2259 vocatur,
3270 2190 3332 2246 id
3365 2195 3478 2262 est,
3512 2207 3627 2246 non
3664 2188 3824 2245 solum

2209 2284 2333 2342 suis
2366 2281 2734 2349 Christianis,
2768 2282 2868 2336 sed
2917 2281 3092 2337 etiam
3142 2280 3361 2336 exteris
3410 2280 3837 2353 quibuscumque

2209 2372 2549 2429 hominibus
2574 2371 2777 2426 datum
2808 2370 2982 2425 fidem
3015 2374 3252 2443 praestat
3282 2386 3521 2441 semper
3552 2368 3827 2423 illibatam.

2176 2463 2385 2519 ‘Plura
2433 2465 2630 2517 autem
2686 2462 2758 2516 de
2818 2460 3083 2532 deposito
3142 2476 3175 2515 a
3233 2459 3594 2515 Christianis
3623 2456 3837 2512 fideliter

2210 2552 2496 2609 servando
2534 2549 2877 2605 Ambrosius
2922 2548 2980 2604 in
3032 2548 3157 2605 suis
3203 2548 3269 2603 de
3311 2550 3699 2605 Ministrorum
3739 2544 3839 2613 ofﬁ-

2209 2643 2334 2709 ciis,
2368 2639 2599 2711 alioque
2630 2638 2688 2692 in
2716 2638 2866 2693 libro
2895 2637 3178 2710 disputat,
3212 2636 3423 2709 ibique
3452 2636 3595 2692 dixit
3621 2652 3632 2690 :
3658 2629 3833 2687 «Nihil

2210 2731 2457 2785 interest
2482 2732 2680 2783 utrum
2718 2727 2953 2798 abjures
2984 2725 3347 2798 depositum,
3381 2743 3459 2782 an
3492 2724 3681 2781 doleas
3709 2722 3837 2777 984

2210 2818 2567 2875 restitutum.
2602 2818 2665 2871 In
2700 2820 2948 2887 utroque
2998 2815 3129 2869 ﬁdei
3175 2814 3528 2886 ambiguum
3561 2813 3681 2867 vitae
3710 2809 3834 2883 peri-

2210 2907 2407 2965 culum
2442 2910 2531 2961 est
2563 2928 2590 2955 ››
2622 2905 2915 2975 (Ambros.
2950 2904 3051 2960 lib.
3081 2921 3121 2959 ιι
3152 2904 3218 2959 de
3247 2904 3398 2973 ofﬁc.
3452 2920 3554 2975 cap
3607 2902 3692 2967 36,
3720 2914 3829 2969 pag.

2212 2997 2317 3050 105
2363 3000 2420 3051 et
2476 3011 2621 3065 seq.,
2681 3010 2747 3048 ac
2805 2993 2909 3049 lib.
2945 3012 2960 3048 ι
2992 2993 3057 3049 de
3115 2996 3304 3049 Exces.
3368 2995 3557 3063 Satyr.
3588 2992 3613 3059 §
3642 2991 3690 3057 3,
3720 3002 3827 3060 pag.

2220 3086 2401 3156 1114).

2289 3193 2585 3260 Praeterea,
2607 3192 2658 3245 si
2685 3189 2749 3245 de
2776 3189 3157 3261 simplicitate,
3190 3188 3274 3244 ait
3293 3187 3707 3253 Tertullianus,
3725 3199 3829 3239 con-

2210 3284 2425 3348 sistam,
2458 3284 2624 3335 tanto
2657 3279 2843 3351 magis
2871 3279 2930 3334 in
2962 3295 3089 3333 eam
3124 3282 3327 3350 peccat
3362 3276 3615 3351 gentilis,
3646 3274 3830 3346 quanto

2214 3371 2405 3443 magis
2426 3369 2796 3425 Christianus
2817 3367 2979 3423 illam
3008 3368 3242 3439 assequi
3266 3366 3680 3423 conatur.Nam
3705 3358 3833 3416 «Ari-

2214 3459 2453 3516 stoteles
2479 3458 2824 3514 familiarem
2845 3473 3018 3513 suum
3037 3457 3331 3512 Hcrmiam
3367 3456 3609 3529 turpiter
3627 3452 3737 3507 loco
3755 3465 3832 3503 ex-

2214 3552 2417 3606 cedere
2448 3548 2582 3603 fecit
2627 3568 2656 3597 κ
2707 3545 3075 3619 (Tertullian.
3109 3547 3391 3618 Apologet.
3447 3562 3570 3617 cap.
3617 3544 3695 3609 46,
3724 3552 3828 3611 pag.

2214 3639 2364 3709 500).
2401 3641 2473 3692 At
2530 3636 2758 3692 Laertio
2808 3635 2855 3690 si
2904 3635 3220 3706 credimus,
3253 3635 3525 3691 Hermias
3566 3631 3655 3687 ille
3682 3642 3830 3686 eunu-

2218 3727 2364 3783 chus
2396 3726 2523 3791 fuit,
2557 3730 2615 3781 et
2650 3722 3066 3780 Atarnensium
3120 3740 3218 3779 rex
3267 3723 3573 3799 ’Δταρνὲων
3619 3718 3832 3792 τύραννος

2218 3818 2428 3890 (Laert.
2476 3814 2579 3881 lib,
2626 3831 2681 3878 v,
2728 3814 2787 3868 in
2853 3815 2953 3869 Vit.
2995 3815 3220 3869 Aristot.
3256 3816 3283 3882 §
3315 3814 3397 3886 4),
3432 3814 3502 3867 ad
3537 3825 3696 3883 quem
3724 3818 3829 3860 cum

2219 3904 2557 3961 Aristoteles
2586 3903 2862 3969 venisset,
2896 3902 3055 3958 illius
3098 3902 3421 3958 amicitiam
3458 3901 3563 3958 sibi
3622 3899 3694 3953 ita
3720 3908 3830 3949 con-

2222 3994 2459 4063 ciliavit,
2494 3992 2965 4065 utimpetraverit
2982 3992 3163 4048 ﬁliam
3177 3986 3829 4063 ejus,siveconcubinam,

2224 4100 2395 4157 quam
2421 4082 2885 4151 adamabat,dari
2909 4081 3021 4136 sibi
3048 4098 3281 4137 uxorem
3298 4082 3472 4149 ,sicut
3494 4078 3623 4135 alibi
3650 4094 3680 4131 a
3698 4068 3831 4157 nobis

2224 4155 2565 4229 adnotatum
2618 4172 2784 4242 (tom.
2839 4172 2859 4225 Ι
2904 4171 3179 4242 Apparat.
3215 4186 3347 4243 pag.
3388 4170 3564 4240 1152).
3599 4168 3653 4222 In
3682 4155 3829 4219 animi

2225 4272 2417 4319 autem
2452 4261 2692 4316 omnino
2714 4260 2862 4333 grati
2893 4260 3301 4316 testimonium
3329 4256 3653 4315 Aristoteles
3680 4252 3830 4307 fertur

520 3267 627 3321 Sed
667 3267 803 3338 quia
836 3267 1033 3339 plures
1064 3269 1311 3325 Zenonis
1341 3271 1576 3325 nomine
1624 3269 1898 3341 appellati
1942 3274 2102 3338 sunt,

453 3372 568 3410 non
599 3355 845 3410 minima
881 3356 1122 3411 forsitan
1175 3357 1482 3413 dubitandi
1518 3359 1667 3414 ratio
1700 3364 1787 3415 est
1820 3364 2019 3415 utrum
2053 3360 2103 3415 is

456 3462 629 3517 quem
660 3446 1053 3502 Tertullianus
1084 3448 1369 3503 Zenonem
1405 3448 1751 3519 simpliciter
1781 3454 2103 3521 nuncupat,

456 3535 583 3605 ipse
609 3534 685 3587 sit
704 3535 891 3588 Zenon
918 3535 1268 3605 Eleatee,qui
1294 3536 1531 3608 quidem
1557 3554 1671 3592 non
1696 3538 1910 3592 dicitur
1931 3539 2106 3593 affec-

455 3626 633 3685 tasse,
667 3622 767 3675 sed
798 3622 1051 3678 voluisse
1098 3624 1290 3694 potius
1322 3626 1681 3692 subvertere,
1714 3627 2104 3697 tyrannidem.

456 3710 671 3764 Verum
696 3712 1033 3780 responderi
1060 3714 1274 3783 poterit
1293 3713 1456 3768 illum
1481 3714 1621 3768 dum
1644 3714 1889 3771 insidias
1910 3721 2108 3787 tyran-

458 3812 533 3852 no
566 3797 889 3870 moliretur,
922 3804 1045 3855 tum
1099 3802 1386 3873 cogitasse
1435 3804 1507 3858 de
1538 3819 1715 3874 regno
1746 3804 1906 3859 illius
1937 3822 2103 3860 occuv

460 3888 1121 3961 pando.Przeterea,cum
1150 3908 1361 3963 magna
1386 3892 1560 3947 fuerit
1581 3894 1650 3948 de
1672 3893 1849 3965 hujus
1865 3894 2110 3950 Zenonis

465 3984 652 4036 morte
682 3980 1021 4053 opinionum
1053 3984 1322 4054 varietas,
1357 3985 1497 4056 quid
1534 3984 1752 4040 mirum
1803 3986 1851 4041 si
1882 3986 2110 4041 Tertul-

465 4068 676 4133 lianus,
726 4069 872 4125 alios
937 4079 1198 4137 secutus,
1258 4073 1557 4147 singulare
1609 4074 1832 4147 aliquid
1882 4077 1953 4131 de
2004 4076 2112 4131 hoc

468 4160 696 4214 Zenone
742 4161 1096 4218 tradiderit?
1142 4168 1419 4220 Caeterum
1471 4166 1519 4221 si
1568 4167 1701 4237 quis
1758 4166 1915 4221 aliud
1948 4166 2114 4221 nobis

469 4248 755 4303 Zenonem
788 4249 1027 4317 indicet,
1060 4256 1111 4306 et
1145 4254 1360 4308 certius
1394 4256 1723 4326 probaverit
1743 4254 2112 4326 tyrannidem

469 4337 540 4392 ab
572 4337 672 4393 illo
706 4338 887 4394 fuisse
919 4340 1268 4406 affectatam,
1302 4360 1513 4399 manus
1544 4342 1696 4398 illico
1727 4343 2019 4397 dabimus.
2045 4345 2118 4397 At
2224 4350 2563 4406 immolasse
2595 4349 2848 4416 mulieri,
2879 4366 2943 4404 ac
2966 4350 3025 4404 in
3052 4349 3211 4406 illius
3242 4355 3299 4405 et
3324 4348 3565 4406 Hermia;
3594 4345 3829 4401 honorem

469 4426 540 4479 de
572 4427 798 4482 Zenone
828 4433 1029 4498 postea
1060 4430 1249 4485 adhuc
1281 4433 1597 4503 agendum.

2228 4440 2536 4512 scripsisse
2566 4439 2875 4511 hymnum,
2896 4445 3132 4510 propter
3152 4456 3322 4510 quem
3357 4434 3665 4510 impietatis
3694 4441 3830 4485 accu-

536 4535 746 4587 Contra
771 4537 965 4590 autem
988 4535 1358 4593 Christianus
1386 4539 1456 4593 ab
1490 4538 1587 4593 illa
1632 4536 1937 4609 regnandi,
1971 4540 2026 4591 et
2055 4536 2115 4591 in
2147 4508 2195 4571 D
2226 4508 2390 4587 satu-8
2443 4534 2532 4584 68t
2578 4508 2813 4596 (Ᾰίδθηο
2859 4508 2959 4583 Ῑί-δ·
3007 4508 3104 4596 ἀν’
3149 4508 3403 4600 ὑθίρηοιτο
3451 4508 3576 4617 7939'
3611 4522 3685 4617 ξδ’
3710 4529 3823 4617 δέ

466 4620 713 4677 aliorum
748 4639 927 4694 regna
960 4624 1265 4681 invadendi
1320 4626 1638 4699 cupiditate
1676 4605 1957 4698 perquam
1991 4626 2115 4682 lon-
2224 4620 2365 4684 696;
2397 4617 2559 4673 Suid.
2594 4617 2663 4671 ad
2695 4617 2795 4687 v.).
2841 4618 2951 4671 Sed
3005 4633 3118 4688 quo
3171 4616 3287 4672 hinc
3318 4615 3581 4687 pluribus
3625 4605 3830 4699 testibus

469 4709 741 4782 gisssime
774 4690 979 4781 abest;
1014 4721 1212 4786 utpote
1246 4716 1344 4787 qui
1379 4690 1484 4771 nec
1517 4690 1832 4783 edilitatein,
1866 4715 1949 4770 ait
1978 4716 2117 4771 Ter-
2228 4708 2674 4774 confirmantur,
2696 4721 2761 4759 eo
2784 4704 3084 4761 difficilius
3107 4707 3351 4777 probatu
3381 4722 3483 4794 cur
3501 4706 3556 4759 et
3580 4690 3827 4794 quompdo

469 4798 777 4866 tullianus,
810 4800 919 4856 hoc
952 4805 1059 4870 est,
1111 4803 1337 4859 nullum
1398 4805 1830 4878 magistratum,
1884 4804 2115 4859 nullum
2232 4796 2492 4852 Hermi“
2524 4795 2595 4849 δῖ)
2626 4810 2692 4850 ΘΟ
2742 4798 2843 4849 θυι
2871 4810 2940 4849 ex
2986 4811 3187 4866 νθεοο.
3228 4794 3317 4850 vel
3348 4810 3417 4849 ex
3448 4789 3684 4880 Ναννίῳ
3711 4789 3829 4880 ei“-

471 4886 770 4960 publicum
823 4906 1037 4944 munus
1086 4894 1319 4963 affectat.
1373 4875 1573 4949 Edilis
1622 4898 1841 4960 autem,
1877 4898 1940 4948 ut
1988 4897 2120 4965 post
2230 4891 2328 4942 tus
2355 4882 2771 4942 sit.Aristocles
2791 4884 3258 4954 enim,ejusdem
3278 4879 3599 4939 Aristotelis
3618 4875 3829 4963 discipu-

473 4976 791 5033 Varronem
825 4985 1064 5035 annotat
1095 4981 1496 5050 Festus,initio
1529 4984 1763 5054 quidem
1797 4982 1988 5037 dictus
2009 4986 2116 5051 est,
2232 4976 2349 5043 lus,
2374 4976 2589 5030 fatetur
2610 4972 2843 5044 quidem
2866 4972 3033 5028 illum
3067 4972 3271 5029 multis
3301 4968 3601 5027 calumniis
3630 4966 3826 5054 lacesst'

2232 5041 2380 5131 tum,
2414 5080 2562 5134 quas
2606 5041 2907 5116 confutare
2957 5061 3174 5116 ibidem
3231 5041 3824 5134 connititur(Aristocl.

2233 5154 2387 5223 apud
2420 5132 2628 5207 Euseb.
2662 5150 2764 5205 lib.
2828 5167 2921 5205 xuv
2951 5152 3197 5222 Praepar.
3250 5151 3447 5219 Evang.
3497 5160 3617 5218 pag.
3663 5137 3747 5191 791
3784 5132 3826 5185 et

2232 5244 2442 5315 seqq).
2477 5244 2544 5296 At
2588 5239 2771 5295 nimia
2822 5239 2977 5296 haud
3012 5240 3186 5296 dubie
3233 5240 3291 5294 in
3324 5238 3654 5311 magistrum
3682 5232 3823 5315 suum

2234 5311 2415 5389 animi
2441 5330 2831 5403 propensione
2853 5329 3041 5385 multa
3072 5328 3269 5403 procul
3299 5328 3472 5384 dubio
3502 5311 3823 5403 dissimulare

2234 5420 2443 5493 potuit.
2478 5418 2627 5482 Quid
2680 5418 2880 5489 igitur,
2917 5419 2965 5475 si
3016 5402 3136 5474 haec
3190 5415 3485 5474 Aristoclis
3517 5402 3824 5496 adulatic'eo

2237 5508 2423 5579 magis
2488 5506 2846 5562 Tertulliano
2913 5513 3185 5579 suspecta
3243 5508 3434 5573 fuerit,
3490 5514 3594 5572 quo
3641 5494 3821 5587 certi)"

2236 5596 2472 5655 aliunde
2496 5594 2766 5651 didicerit
2786 5595 2988 5654 lassum
3009 5596 3080 5653 ab
3108 5595 3410 5653 Aristotele
3446 5591 3608 5648 etiam
3630 5587 3822 5639 amicu-

474 5066 572 5138 qui
603 5064 931 5122 divinarum
965 5069 1448 5143 privatarumque
1479 5072 1689 5127 aedium
1727 5088 1929 5127 curam
1962 5088 2121 5143 gere-

473 5156 592 5210 bat.
627 5157 734 5210 Sed
766 5156 874 5212 hoc
923 5177 1128 5215 nomen
1187 5163 1255 5214 ad
1309 5162 1454 5215 alios
1501 5162 1880 5232 magistratus
1921 5164 2123 5233 postea

471 5245 824 5302 translatum
905 5254 993 5305 est
1059 5249 1415 5321 (Tertullian.
1480 5250 1755 5322 Apologet.
1825 5267 1951 5322 cap.
2033 5251 2119 5321 46,

475 5352 607 5408 pag.
651 5336 796 5406 500;
853 5337 1055 5410 Varro,
1113 5338 1213 5394 lib.
1261 5355 1337 5404 ιν,
1378 5338 1443 5393 de
1491 5338 1629 5408 ling.
1680 5340 1861 5395 Latin.
1921 5338 1950 5412 §
2004 5339 2069 5393 14
2108 5356 2121 5406 ς

476 5426 627 5481 Fest.
683 5425 787 5482 lib.
847 5444 939 5495 xx,
1020 5428 1087 5482 de
1156 5429 1392 5497 signiﬁc.
1461 5428 1672 5484 Verbor.
1736 5428 1805 5483 ad
1880 5429 2123 5483 verbum

477 5514 721 5589 aditis).

546 5603 694 5659 Tum
728 5604 938 5662 deinde
960 5603 1378 5677 Tertullianus,
1404 5630 1431 5658 «
1464 5606 1520 5663 Si
1550 5606 1620 5663 de
1650 5604 1831 5663 animi
1856 5606 2127 5678 aequitate
