4118 6182
264 322 413 388 1025

260 548 583 615 hominem,
617 551 717 620 qui
748 567 846 606 nec
872 551 1165 606 inimicum
1194 568 1356 607 suum
1412 552 1575 608 laedit
1636 548 1899 621 (Tertull.

256 640 532 711 Apologet.
588 655 713 711 cap.
770 641 859 707 46,
895 656 1026 712 pag.
1058 641 1200 708 580;
1231 640 1363 695 ibid.
1400 656 1527 711 cap.
1586 641 1650 694 31
1685 646 1739 694 et
1786 637 1903 707 37),

257 732 320 783 ut
350 727 585 795 divinis,
608 729 1105 799 quemadmodum
1138 730 1352 800 saepius
1383 730 1755 784 observatum
1789 732 1900 791 est,

258 817 622 888 obtemperet
652 819 1455 889 praeceptis,quibusjubetur
1486 815 1715 872 nullum
1747 816 1903 870 odis-

255 921 337 974 se,
371 904 605 960 ltedenti
636 904 818 961 vicem
852 922 966 960 non
1018 905 1278 972 reddere,
1335 904 1577 975 diligere
1606 903 1902 969 inimicos,

253 1011 320 1051 ac
352 1011 456 1066 pro
489 994 559 1049 iis
591 999 771 1051 Deum
804 995 1049 1066 precari.

330 1083 519 1154 Pergit
548 1082 644 1138 ille
682 1099 694 1137 :
727 1106 755 1133 ‹‹
788 1083 945 1138 Idem
974 1081 1315 1139 Aristoteles
1348 1088 1467 1138 tam
1500 1080 1752 1153 turpiter
1774 1077 1906 1134 Ale-

258 1172 483 1229 xandro
532 1173 785 1244 regendo
845 1171 1041 1243 potius
1099 1171 1393 1239 adulatur,
1452 1188 1628 1243 quam
1678 1169 1841 1225 Plato
1874 1185 1909 1223 a

250 1261 529 1331 Dionysio
562 1262 891 1318 vcnditatur
919 1281 946 1313 ι
983 1263 1122 1318 Ibid.
1158 1279 1211 1318 c.
1247 1264 1341 1332 46,
1375 1280 1428 1334 p.
1463 1262 1613 1332 500).
1657 1259 1905 1324 Quidam

256 1367 387 1405 vero
436 1351 654 1422 quibus
704 1352 1011 1407 obscurior
1051 1352 1173 1408 haec
1224 1352 1459 1424 phrasis
1492 1351 1615 1407 visa
1663 1352 1773 1417 est,
1826 1347 1906 1402 ibi

252 1442 454 1510 potitus
492 1457 594 1511 pro
634 1442 817 1511 potius
868 1440 1179 1512 legendum
1225 1457 1354 1495 esse
1403 1440 1763 1495 existimant.
1796 1437 1907 1492 Sed

253 1532 492 1598 frustra,
528 1535 583 1584 et
613 1534 816 1584 contra
846 1530 1113 1584 codicum
1142 1530 1406 1584 omnium
1433 1528 1907 1585 reclamationem

256 1618 407 1683 Quid
466 1618 764 1674 enimvero
796 1618 845 1675 si
905 1619 1245 1675 adverbium
1305 1621 1486 1689 potius
1541 1618 1614 1674 ab
1674 1620 1910 1672 auctore

258 1713 461 1765 nostro
493 1713 767 1765 sumatur
796 1725 899 1781 pro
923 1710 1120 1777 citius,
1137 1709 1319 1781 prius,
1354 1709 1474 1765 sive
1504 1709 1684 1764 etiam
1733 1708 1912 1775 magis

1168 328 1241 390 D.
1286 324 1384 391 LE
1428 326 1754 390 NOURRY
1800 318 2449 388 OBSERVATIONES
2496 326 2755 391 ΝονιΕ.

257 459 473 516 simum
492 458 603 515 sibi
630 446 1097 517 Hermiam.Nam
1128 461 1212 516 illi
1238 462 1482 534 Opponit
1510 461 1903 517 christianum
1933 459 1989 525 Α
2019 463 2212 529 potest
2241 459 2334 515 his
2372 461 2670 518 Ciceronis
2718 463 2910 519 verbis
2945 481 2956 517 :
2997 487 3017 513 α

3071 463 3339 522 Nefarius
3397 467 3660 539 Hippias,

2014 551 2300 609 Pisistrati
2334 550 2491 607 ﬁlius
2525 552 2715 622 quiin
2765 553 3134 610 Marathonia
3182 572 3381 627 pugna
3429 559 3661 621 cecidit,

2012 657 2175 696 arma
2202 642 2402 693 contra
2433 641 2683 710 patriam
2713 641 2953 696 ferens»
2988 642 3124 712 (Cic.
3158 643 3258 698 lib.
3292 660 3348 698 1x
3381 644 3449 699 ad
3484 648 3651 701 Attio.

2012 729 2186 800 epist.
2222 730 2308 793 12,
2345 744 2471 799 pag.
2502 729 2655 799 306).
2688 729 2860 785 Plura
2909 738 3103 786 autem
3133 732 3203 787 de
3257 731 3355 787 illo
3407 733 3661 790 Herodo-

2014 823 2131 885 tus,
2167 817 2513 885 Pausanias,
2547 818 2778 887 Suidas,
2811 823 2867 874 et
2902 818 2999 874 alii
3032 820 3327 888 (Herodot.
3363 821 3614 895 lib.i,§61
3649 849 3664 892 ;

2012 906 2115 961 lib.
2148 923 2202 971 v,
2234 906 2305 959 93
2334 912 2388 959 et
2415 922 2579 976 seqq.
2610 924 2622 971 ;
2678 908 2917 962 Pausan.
2963 907 3064 962 lib.
3115 926 3156 975 1,
3191 926 3325 982 pag.
3356 911 3461 977 20;
3496 912 3662 967 Suid.

2016 995 2087 1051 ad
2141 1011 2194 1049 v.
2245 991 2500 1065 Ἱππίας).
2555 996 2664 1050 Sed
2714 1013 2828 1051 non
2896 998 3039 1052 adeo
3089 1004 3315 1053 certum
3362 1009 3444 1055 est
3505 1001 3663 1056 hunc

2014 1084 2212 1154 ipsum
2244 1098 2395 1147 esse,
2430 1084 2500 1138 de
2533 1102 2646 1155 quo
2677 1088 2955 1155 tanquam
2985 1086 3331 1158 philosopho
3364 1089 3666 1146 Tertullia-

2017 1189 2130 1228 nus
2158 1172 2561 1243 loquitur,nisi
2593 1189 2726 1228 cum
2756 1174 3141 1246 philosOphiee
3163 1193 3400 1248 operam
3434 1179 3670 1235 dedisse

2017 1260 2377 1333 probaveris.

2094 1367 2257 1423 Alius
2288 1368 2360 1422 ab
2393 1368 2593 1423 eodem
2618 1368 2797 1423 Suida
2820 1376 3180 1425 memoratur
3201 1372 3443 1444 Hippias
3463 1374 3673 1444 Sophi-

2020 1461 2109 1511 sla
2166 1462 2223 1510 et
2274 1456 2684 1527 philosophus,
2739 1459 3111 1530 Hegesidami
3171 1461 3521 1531 discipulus,
3568 1466 3671 1533 qui

2020 1545 2284 1600 animum
2313 1562 2421 1599 sua
2452 1552 2610 1599 sorte
2641 1553 2979 1601 contentum
3012 1565 3140 1603 esse
3171 1550 3436 1606 docebat.
3471 1555 3677 1607 Nonne

2020 1638 2214 1689 autem
2275 1632 2326 1688 is
2375 1640 2481 1699 est,
2531 1634 2629 1704 qui
2681 1652 2714 1689 a
2762 1636 3060 1701 Cicerone,
3115 1644 3179 1691 ut
3227 1638 3364 1693 alibi
3419 1639 3675 1695 diximus

2015 1723 2182 1795 (tom.
2215 1724 2237 1777 Ι
2266 1725 2539 1794 Apparat.
2575 1741 2705 1795 pag.
2759 1725 2941 1797 1222),
2999 1726 3323 1796 plurimum
3374 1726 3675 1801 laudatus,

254 1796 614 1911 itaut-illitis
642 1815 854 1854 sensus
886 1798 1008 1911 sit:
1043 1797 1383 1911 Aristoteles
1433 1795 1757 1911 alexandri.
1790 1795 1907 1852 Ma-
1943 1846 1990 1911 Β
2019 1812 2379 1885 gloriabatur
2430 1812 2575 1867 nihil
2642 1829 2771 1869 esse
2820 1795 2941 1868 ulla
3000 1795 3066 1868 in
3127 1819 3251 1870 arte
3319 1819 3475 1887 quod
3544 1795 3673 1888 ipse

254 1887 381 1958 gni,
411 1888 585 1943 sicuti
611 1904 782 1943 nemo
809 1888 1017 1958 nescit,
1052 1886 1572 1960 praecoptor,citius
1604 1884 1912 1957 magisque

254 1975 511 2049 turpiter
543 1976 594 2033 ei
646 1976 921 2033 adulatus
952 1980 1066 2044 est,
1125 1991 1299 2048 quam
1357 1976 1626 2047 nequiter
1680 1972 1844 2028 Plato
1881 1990 1914 2028 a

257 2065 540 2138 Dionysio
599 2070 848 2139 tyranno
901 2066 1233 2122 venditatus
1294 2065 1424 2120 fuit.
1511 2069 1590 2119 De
1655 2061 1912 2118 Platonis

258 2159 462 2210 autem
497 2155 827 2211 venditione
857 2154 996 2211 alibi
1030 2154 1424 2211 disseruimus
1457 2154 1623 2224 (tom.
1658 2152 1679 2207 Ι
1730 2152 1915 2222 Appa-

257 2254 370 2300 ναι.
410 2261 539 2317 pag.
570 2245 701 2313 554,
756 2244 883 2315 620,
948 2244 1105 2312 1144,
1166 2249 1223 2298 et
1280 2245 1503 2299 Dissert.
1564 2243 1625 2295 in
1665 2242 1914 2297 Lactant.

270 2350 401 2406 cap.
434 2334 524 2404 39,
556 2336 664 2389 art.
712 2334 820 2405 10).
874 2333 991 2388 Nec
1031 2331 1226 2388 minus
1267 2334 1497 2388 constat
1542 2328 1918 2388 Aristotelem

265 2421 577 2478 adulatum
602 2438 731 2478 esse
758 2422 1279 2493 Alexandro,cujus
1309 2422 1782 2489 ambitionem,ut
1804 2418 1921 2475 alia

265 2512 411 2567 vitia
440 2517 762 2580 taceamus,
796 2527 912 2566 non
945 2510 1116 2566 modo
1150 2527 1264 2567 non
1298 2510 1596 2583 repressit,
1622 2510 1723 2566 sed
1758 2508 1919 2576 fovit,

264 2604 325 2655 et
370 2599 728 2656 adulationis
787 2599 1034 2655 artiﬁcio
1091 2597 1627 2668 emolivitzwbrnv
1680 2598 1772 2670 μὲν
1828 2593 1917 2650 οὖν

268 2688 352 2744 ait
406 2688 753 2744 Plutarchus
800 2687 899 2755 τὴν
947 2683 1263 2764 φιλοτιμίαν
1338 2686 1505 2741 αὐτοῦ
1572 2683 1922 2760 παραμυθού-

272 2797 441 2849 μενος
468 2777 856 2850 (Plutarchus,
893 2779 953 2832 in
988 2778 1085 2835 Vit.
1114 2776 1380 2833 Alexand.
1415 2794 1549 2850 pag.
1572 2776 1919 2847 668,tom.I).

341 2868 495 2922 Tum
528 2866 727 2922 debicc
758 2865 1156 2923 Tertullianus
1190 2884 1203 2922 :
1239 2890 1265 2916 ‹‹
1310 2866 1647 2939 Aristippus
1700 2866 1758 2920 in
1790 2881 1922 2936 pur-

266 2972 423 3029 pura
453 2956 562 3011 sub
595 2972 806 3029 magna
838 2955 1143 3028 gravitatis
1196 2956 1389 3026 specie
1439 2959 1769 3027 nepotatur,
1804 2976 1831 3001 ››
1863 2953 1922 3007 id

265 3051 361 3103 est
410 3045 709 3101 luxuriose
757 3049 815 3100 et
877 3044 1340 3116 intemperanter
1404 3044 1566 3099 vixit.
1634 3042 1923 3099 Memoriae

267 3140 475 3191 autem
512 3134 778 3190 Laertius
809 3134 1105 3189 mandavit
1120 3133 1273 3189 985
1301 3133 1641 3206 Dionysium
1666 3132 1923 3204 jussisse

266 3229 339 3278 ut
389 3223 644 3294 quodam
704 3223 763 3276 in
822 3221 1082 3278 convivio
1134 3222 1356 3294 singuli
1412 3226 1570 3278 veste
1628 3211 1997 3294 purpureaC

267 3312 564 3368 saltarent
636 3311 857 3383 (Laert.
918 3311 1018 3366 lib.
1063 3328 1124 3378 ιι,
1177 3313 1239 3367 in
1297 3314 1396 3367 Vit.
1451 3312 1646 3383 Aritip.
1692 3313 1719 3379 §
1764 3310 1858 3380 78)
1908 3327 1921 3365 :

266 3402 435 3474 quod
484 3400 723 3473 quidem
776 3417 907 3456 cum
960 3400 1126 3456 Plato
1190 3406 1541 3471 recusasset,
1590 3399 1924 3472 Aristippus

264 3496 439 3548 veste
470 3489 575 3546 hac
594 3494 861 3562 prompte
908 3493 1164 3561 sumpta,
1215 3491 1387 3561 cmpit
1435 3490 1667 3559 saltare,
1700 3489 1927 3561 hosque

263 3594 428 3649 quos
461 3578 775 3651 Gregorius
806 3577 1225 3646 Nazianzenus,
1271 3582 1328 3633 et
1374 3578 1587 3633 Suidas
1632 3576 1927 3650 Euripidis

264 3683 414 3724 esse
472 3669 773 3723 afﬁrmant
846 3667 1040 3740 (Greg.
1116 3667 1253 3722 Naz.
1322 3670 1506 3724 Carm.
1584 3667 1761 3722 Iamb.
1838 3668 1925 3737 18,

259 3775 412 3831 pag.
449 3758 578 3813 209.
612 3758 780 3813 Suid.
816 3758 886 3812 ad
916 3775 969 3812 ν.
1004 3756 1385 3829 Ἀρίστιππος)
1417 3774 1618 3814 versus
1645 3756 1925 3812 recitavit:

571 3924 583 3937 .
630 3925 643 3937 .
687 3880 786 3954 Κᾳὶ
818 3878 921 3954 γὰρ
953 3878 1004 3932 ἐν
1035 3874 1410 3954 ϐᾳδεχεύμασιν

542 3954 710 4014 Ονοῦς
742 3953 769 4005 ὁ
793 3948 1007 4029 σόφ’ρων
1032 3950 1099 4005 οὐ
1125 3948 1571 4029 δῖαφθαρήσεται.

444 4098 457 4109 .
528 4098 562 4123 ,ν
611 4097 621 4108 .
672 4060 869 4123 Neque
895 4058 957 4123 in
982 4058 1145 4107 sacris
1168 4058 1341 4107 Liberi

438 4120 998 4185 Sapientium'pudica
1027 4134 1181 4169 mens
1208 4134 1447 4185 unquam
1475 4123 1850 4185 corrumpitur.

258 4239 453 4294 Adire
503 4236 719 4308 poteris
784 4237 1126 4308 Gregorium
1180 4236 1633 4298 Nazianzenum.
1704 4238 1805 4308 qui
1854 4235 1934 4292 ibi

259 4326 533 4383 aliorum
550 4325 1027 4397 philosophorum
1046 4324 1188 4379 vitia
1201 4327 1500 4397 componit
1513 4344 1645 4382 cum
1661 4325 1936 4382 Christia-

260 4430 499 4470 norum
558 4413 877 4469 virtutibus
933 4413 1128 4485 (Greg.
1191 4414 1327 4470 Naz.
1387 4414 1495 4471 loc.
1558 4415 1700 4485 cit.).
1753 4418 1933 4470 Porro

255 4509 475 4561 autem
513 4503 583 4557 de
613 4504 816 4558 eodem
849 4502 1278 4573 Aristippo,sed
1310 4505 1484 4559 tacito
1516 4505 1641 4575 ejus
1673 4504 1931 4570 nomine,

251 4591 681 4649 Tertullianus
712 4596 911 4647 noster
941 4592 1078 4646 alibi
1117 4606 1129 4643 :
1163 4615 1190 4642 ‹‹

253 4697 546 4755 purpura
575 4679 1049 4751 philosophatum
1087 4706 1114 4734 »
1146 4680 1390 4753 (Tertul.
1439 4680 1505 4736 dc
1550 4682 1753 4749 Pallio,
1801 4698 1929 4752 cap.

252 4773 287 4825 4
319 4790 336 4838 ;
380 4771 567 4835 idem,
603 4770 886 4841 Apologet.
922 4787 1048 4843 cap.
1083 4774 1171 4838 46,
1204 4788 1337 4843 pag.
1371 4771 1519 4834 500).

338 4866 597 4914 Demum
614 4858 709 4913 ille
724 4860 962 4928 adjecit:
982 4882 1008 4909 «
1028 4861 1268 4933 Hippias
1282 4862 1422 4915 dum
1456 4860 1668 4915 civitati
1685 4857 1931 4913 insidias

248 4949 563 5022 disponit,
596 4948 885 5013 occiditur
914 4966 925 5003 :
960 4948 1067 5004 hoc
1107 4968 1210 5022 pro
1241 4950 1386 5019 suis,
1419 4949 1579 5004 omni
1630 4948 1933 5003 atrocitate

248 5036 607 5108 dissipatis.
654 5053 825 5091 nemo
874 5054 1133 5109 unquam
1186 5039 1432 5093 tentavit
1476 5037 1867 5100 Christianus,
1903 5058 1931 5085 »

244 5129 489 5181 Mirum
525 5142 662 5180 sane
693 5142 869 5196 quam
904 5131 1242 5198 corruptum
1277 5127 1354 5182 sit
1395 5126 1454 5181 in
1511 5124 1932 5197 manuscriptis

245 5214 583 5272 codicibus
619 5213 835 5285 Hippia:
867 5231 1098 5270 nomen.
1134 5220 1195 5270 In
1230 5217 1461 5271 duobus
1502 5216 1797 5287 siquidem
1831 5232 1931 5270 no-

243 5304 416 5361 stris
446 5302 908 5373 {antiquioribus
938 5303 1153 5375 legitur
1182 5304 1462 5375 lcthidias,
1494 5305 1553 5360 in
1578 5306 1809 5360 duobus
1841 5321 1929 5359 re-

245 5391 641 5449 cautioribus
686 5390 1030 5448 Colbertinis
1090 5394 1383 5460 lcthiclias,
1444 5394 1502 5448 in
1573 5394 1929 5466 quibusdam

243 5481 408 5539 aliis
447 5479 669 5545 Hidias,
702 5480 857 5551 quod
891 5481 1131 5551 propius
1158 5483 1383 5538 accedit
1409 5483 1479 5538 ad
1523 5481 1667 5536 illud
1702 5483 1931 5552 Hippias

242 5570 315 5628 in
357 5567 549 5624 editis
597 5568 943 5624 exhibitum.
994 5571 1067 5624 At
1110 5571 1182 5626 de
1231 5570 1443 5644 Hippia
1494 5577 1757 5627 nostrum
1789 5587 1928 5625 auc-

238 5665 470 5720 torem
501 5671 700 5716 revera
729 5656 1176 5730 intelligendum
1224 5675 1354 5717 esse
1406 5658 1740 5718 conﬁrmari
1790 5674 1933 5717 sane

2024 1900 2321 1957 nesciret?
2343 1902 2456 1956 Sed
2491 1903 2539 1956 si
2571 1902 2664 1957 hic
2698 1902 3083 1975 philosophus
3134 1905 3265 1971 fuit,
3297 1905 3466 1960 nobis
3516 1911 3671 1961 certe

2025 2006 2214 2061 neque
2245 1990 2463 2058 Cicero,
2525 2008 2715 2062 neque
2748 1993 2980 2055 Suidas.
3028 2009 3147 2064 qua
3194 1998 3382 2049 morte
3442 1994 3669 2064 obierit,

2024 2079 2381 2135 indicarunt.
2426 2079 2573 2135 Vero
2621 2080 2821 2151 itaque
2879 2080 3133 2137 similius
3187 2081 3456 2153 pluribus
3514 2083 3672 2137 haud

2026 2168 2202 2223 dubie
2250 2169 2545 2224 videbitur
2591 2170 2810 2225 factum
2869 2188 2902 2225 a
2950 2171 3306 2226 Tertulliano
3364 2172 3435 2225 de
3482 2172 3675 2242 priore

2027 2257 2238 2329 Hippia
2268 2273 2621 2327 sermonem,
2683 2259 2797 2313 nisi
2849 2259 3026 2329 hujus
3078 2260 3411 2330 philos0phi
3461 2276 3674 2315 nomen

2027 2346 2087 2401 in
2120 2350 2247 2415 ejus
2276 2349 2435 2401 textu
2472 2347 2543 2400 ab
2592 2348 2979 2403 oscitantibus
3036 2347 3291 2404 librariis
3321 2349 3495 2404 fuerit
3544 2364 3671 2403 cor-

2028 2440 2290 2507 ruptum.

2098 2530 2175 2578 At
2201 2529 2359 2579 certo
2390 2523 2609 2579 certius
2661 2528 2747 2580 est
2778 2526 2933 2596 quod
2984 2524 3082 2580 ille
3131 2525 3357 2580 addidit
3386 2523 3531 2580 nihil
3563 2541 3670 2579 un-

2030 2629 2208 2683 quam
2239 2618 2443 2668 contra
2475 2613 2721 2684 patriam
2755 2631 2925 2669 suam
2958 2618 3311 2669 attentatum
3342 2613 3676 2669 aChristia-

2032 2702 2145 2769 nis,
2207 2701 2439 2757 tametsi
2499 2704 2650 2756 omni
2705 2704 2995 2758 atrocitate
3052 2702 3500 2774 suppliciorum,
3560 2700 3679 2758 sibi

2032 2790 2103 2846 ob
2144 2791 2485 2863 religionem
2545 2808 2714 2847 suam
2771 2791 3149 2859 inﬂictorum,
3209 2791 3507 2863 dissipatis,
3570 2809 3674 2847 seu

2032 2880 2301 2935 laceratis
2357 2886 2415 2935 et
2471 2881 2727 2936 enecatis
2784 2881 3150 2945 (Tertullian.
3218 2881 3490 2952 Apologet.
3543 2896 3670 2952 cap.

2033 2969 2121 3036 46,
2182 2986 2310 3039 pag.
2367 2970 2514 3040 500).
2580 2972 2626 3024 A
2677 2969 2904 3025 Christo
2973 2985 3225 3039 namque
3300 2969 3510 3037 edocti,
3573 2986 3670 3025 co-

2030 3055 2369 3112 lumbarum
2423 3057 2861 3129 simplicitatem
2900 3057 3308 3131 imitabantur,
3343 3059 3670 3114 neminem-

2034 3162 2145 3216 quc
2174 3144 2455 3214 lactentes,
2490 3147 2559 3201 de
2591 3148 2867 3203 omnibus
2898 3147 3213 3203 studebant
3253 3148 3402 3204 bene
3436 3148 3671 3216 mereri,

2034 3236 2091 3287 et
2137 3232 2210 3288 iis
2257 3234 2454 3301 etiam,
2517 3234 2616 3305 qui
2677 3233 2807 3291 illos
2862 3238 3029 3291 tanta
3083 3235 3428 3293 crudelitate
3485 3237 3672 3293 truci-

2034 3322 2273 3377 dabanL

2107 3429 2247 3493 Quis
2269 3432 2463 3485 autem
2477 3430 2601 3501 jam
2628 3429 2792 3487 facile
2823 3448 2937 3487 non
2955 3431 3141 3488 cernit
3175 3448 3350 3504 quam
3369 3436 3524 3489 recte
3541 3433 3677 3489 Ter-

2032 3515 2317 3572 tullianus
2373 3519 2555 3590 (Ibid.)
2591 3525 2720 3590 post
2752 3520 3056 3576 institutas
3106 3522 3259 3577 inter
3300 3521 3682 3594 philosophos

2036 3605 2283 3675 gentiles
2313 3612 2370 3661 et
2398 3608 2759 3665 Christianos
2808 3610 3297 3681 comparationes,
3349 3611 3441 3666 his
3486 3610 3679 3669 verbis

2038 3694 2349 3751 concludat
2382 3714 2394 3751 :
2426 3697 2581 3751 936
2629 3699 2781 3754 Adeo
2833 3697 2965 3769 quid
3014 3700 3303 3771 (quaedam
3336 3701 3627 3756 editiones
3663 3717 3676 3756 :

2042 3784 2182 3850 Quid
2226 3784 2380 3855 adeo)
2436 3786 2641 3852 simile,
2671 3786 2882 3859 supple
2957 3786 3175 3855 habent,
3220 3787 3581 3860 philosophus
3631 3789 3685 3843 et

2045 3873 2397 3928 Christianus
2436 3877 2461 3926 γ
2503 3874 2742 3942 erciaz,
2779 3875 2875 3929 ubi
2928 3875 3305 3946 potissimum
3346 3876 3685 3948 philosophi

2043 3960 2386 4029 ﬂoruerunt,
2418 3971 2469 4016 ct
2499 3962 2645 4031 caeli,
2702 3962 2761 4017 id
2792 3967 2899 4018 est.
2931 3964 3049 4019 veri
3096 3964 3196 4019 Dei
3229 3971 3285 4020 et
3340 3964 3555 4020 Christi
3606 3965 3687 4019 di-

2040 4051 2284 4120 scipulus
2314 4053 2339 4102 γ
2368 4049 2515 4117 Quid
2550 4050 2938 4122 philosophus
2958 4052 3152 4121 o/amae
3206 4055 3529 4122 negotiator,
3563 4052 3686 4108 sive

2040 4138 2237 4210 gloriae
2266 4140 2501 4205 animal,
2535 4144 2599 4194 ut
2628 4139 2803 4212 paulo
2835 4148 2968 4196 ante
3000 4142 3224 4197 dictum
3256 4147 3366 4213 est,
3416 4148 3472 4197 et
3519 4140 3684 4197 Chri-

2042 4230 2271 4283 stianus
2302 4230 2425 4283 vita:
2445 4228 2622 4296 (edito
2655 4228 2888 4300 Rigaltii
2926 4234 2983 4285 et
3012 4230 3135 4285 aliae
3167 4230 3443 4303 deinceps
3487 4231 3687 4286 salutis

2042 4316 2404 4386 negotiator?
2451 4317 2598 4381 Quid
2660 4318 3051 4390 philosophus
3098 4320 3392 4375 verborum
3451 4324 3685 4374 tantum

2044 4406 2412 4462 Christianus
2441 4424 2629 4463 rerum
2679 4408 3000 4478 adiﬁcator,
3033 4413 3089 4464 et
3144 4408 3531 4479 philosophus
3590 4408 3685 4463 de-

2042 4498 2323 4551 structor?
2364 4496 2514 4560 Quid
2570 4496 2959 4568 phi1050phus
3015 4498 3255 4565 amicus,
3317 4497 3687 4553 Christianus

1242 4592 1455 4657 Audio,
1506 4592 1717 4664 inquit,
1768 4597 1826 4647 et
1873 4593 1930 4646 in
1963 4579 2010 4643 D
2045 4585 2301 4638 inimicus
2331 4588 2557 4653 erroris,
2590 4601 2903 4640 commune
2955 4585 3175 4641 habent
3205 4584 3232 4639 ‘t
3263 4587 3336 4640 At
3395 4584 3691 4657 Rigaltius

2044 4673 2280 4743 propria
2308 4673 2655 4729 auctoritate
2676 4673 2797 4728 haec
2827 4674 3151 4744 posteriora
3180 4676 3355 4730 verba
3378 4674 3683 4730 resecavit.

2040 4762 2189 4816 Tum
2221 4762 2428 4816 deinde
2454 4761 2511 4815 in
2545 4760 2845 4816 codicibus
2879 4762 3097 4818 nostris
3137 4763 3399 4833 ineditis,
3432 4768 3487 4817 et
3515 4761 3692 4818 editis

2043 4851 2509 4906 vetustioribus:
2552 4852 2697 4916 Quid
2728 4852 2975 4905 veritatis
3022 4852 3406 4922 interpolator,
3456 4855 3511 4906 ct
3555 4853 3690 4906 inte-

2041 4946 2253 5010 grator,
2285 4948 2335 4994 ct
2363 4956 2670 5010 expressor,
2703 4942 2751 4993 et
2781 4942 3002 5008 furator
3055 4941 3170 5012 ejus
3226 4950 3276 4996 et
3339 4950 3535 4995 custos.
3590 4941 3684 4994 Ri-

2045 5029 2261 5102 galtius
2314 5044 2449 5084 vero
2506 5028 2626 5084 haec
2693 5030 2775 5084 ita
2848 5028 3185 5084 immutavit
3243 5046 3256 5085 :
3318 5030 3695 5101 Interpotutor

2044 5121 2267 5185 erroris,
2323 5128 2371 5172 et
2421 5119 2733 5188 intcgrator
2777 5119 3032 5173 veritatis
3062 5134 3082 5179 ;
3116 5122 3167 5174 et
3203 5120 3422 5189 furator
3475 5119 3591 5190 ejus
3645 5120 3694 5173 et

2044 5214 2260 5265 custos?
2305 5210 2416 5263 Sed
2470 5210 2611 5280 quia
2660 5208 2990 5264 emendatio
3040 5208 3143 5265 illa
3202 5209 3427 5265 nullius
3476 5208 3695 5264 codicis

2044 5300 2156 5354 ﬁde
2190 5299 2417 5364 nititur,
2449 5300 2521 5353 ab
2554 5298 2653 5354 illo
2686 5298 2840 5353 haud
2872 5297 3047 5353 dubie
3076 5298 3229 5355 facta
3258 5304 3366 5371 est,
3413 5298 3692 5369 quoniam

2042 5388 2141 5442 illa
2171 5389 2344 5443 verba
2374 5387 2730 5455 obscuriora,
2767 5402 2872 5442 nec
2902 5387 3045 5445 satis
3075 5388 3366 5462 elegantia
3411 5387 3691 5444 videban-

2042 5480 2159 5531 tur.
2190 5477 2335 5540 Quid
2370 5481 2567 5532 tamen
2600 5477 2874 5549 prohibet
2913 5479 3229 5547 quominus
3264 5477 3462 5549 qualia
3486 5476 3545 5530 in
3600 5490 3693 5528 co-

2042 5569 2273 5623 dicihus
2304 5569 2519 5624 nostris
2550 5568 2845 5639 descripta
2876 5572 3305 5641 sunt,genuina
3333 5582 3461 5623 esse
3491 5565 3695 5620 dican-

2040 5661 2160 5731 tur,
2203 5658 2416 5733 hicque
2469 5658 2549 5717 sit
2602 5674 2805 5715 eorum
2862 5674 3121 5715 sensus:
3156 5655 3549 5729 Philosophus
3606 5656 3696 5713 est

3510 336 3664 398 1026
3754 328 3757 331 η
