4118 6182
546 282 699 343 1027

948 268 955 271 ’
1058 270 1587 339 TERTULLIANI
1634 272 1957 337 OPEHUM
2002 273 2201 336 PARS
2246 273 2296 334 I.
2338 307 2415 318 —
2459 274 2733 337 sumus
2777 262 3459 347 LAPOLOGETICA.

3758 283 3890 343 1028

544 412 823 470 veritatis.
858 412 917 467 in
949 427 1115 467 sacra
1146 413 1347 466 nostra
1385 408 1685 479 Scriptura
1735 406 1985 476 traditae,
2020 408 2189 462 inter-
2221 411 2275 478 Α
2304 406 2471 462 dilati
2510 408 2881 480 (Tertullian.
2942 410 3214 481 Apologet.
3273 427 3397 483 cap.
3454 412 3540 480 50,
3595 428 3709 484 pag.
3764 414 3886 487 487).

540 504 781 574 potator,
814 500 954 574 quia
992 514 1215 555 errores
1274 514 1412 554 suos
1469 496 1915 569 interponendo,
1978 513 2187 552 novam

538 592 589 648 ei
623 593 870 648 formam
903 590 1066 645 dedit
1099 606 1110 644 ε
1144 593 1233 643 est
1263 588 1435 643 etiam
1467 586 2188 658 furator,quandoquidem

537 688 603 737 ut
634 681 848 752 sapius
872 677 1412 750 diximus,plurima
1434 693 1502 731 ex
1524 675 1623 730 illa
1654 677 2036 748 decerpsit,ac
2061 692 2185 731 cor-

536 772 716 844 rupit,
747 768 1117 827 Christianus
1168 772 1364 822 autem
1421 768 1668 821 veritatis
1736 769 1826 820 est
1882 768 2188 834 intcgrator

533 869 589 918 et
617 864 977 931 expressor,st
1008 855 1356 928 custos,quia
1387 854 1544 909 illam
1579 854 1901 925 intregram
1930 853 2184 920 exhibet,

535 949 831 1022 exprimit,
881 954 938 1003 et
985 946 1260 1001 custodit.
1311 944 1507 1015 Neque
1551 960 1724 1014 porro
1780 942 2072 1014 Rigaltius
2104 944 2184 998 ibi

534 1055 747 1094 manus
800 1053 938 1093 suas
987 1033 1298 1101 continuit,
1350 1033 1453 1088 sed
1508 1032 1755 1088 abstulit
1812 1032 2003 1087 adhuc
2060 1032 2181 1087 haec

530 1126 956 1199 subsequentia
985 1124 1161 1179 verba
1193 1140 1205 1178 :
1238 1124 1530 1194 Antiquior
1560 1123 1811 1177 omnibus
1870 1124 2092 1189 veritas,
2121 1124 2184 1176 ni

527 1218 715 1289 fallor.
752 1218 872 1282 Quo
907 1219 1101 1270 autem
1133 1214 1268 1283 jure
1300 1212 1418 1266 haec
1478 1210 1818 1282 dempserit,
1880 1227 1947 1265 ex
2002 1211 2182 1266 auda-

528 1306 786 1362 cioribus
817 1304 948 1359 aliis
978 1304 1106 1374 ejus
1138 1302 1595 1358 correctionibus
1628 1300 1773 1356 satis
1806 1299 2177 1372 intelligitur.

527 1395 707 1451 Nobis
736 1412 907 1466 porro
939 1392 1195 1448 sufﬁciat
1226 1396 1541 1446 annotasse
1574 1391 1765 1445 varias
1816 1394 2005 1445 textus
2036 1390 2179 1445 Ter-

524 1484 761 1541 tulliani
795 1484 1097 1549 lectiones,
1157 1498 1223 1536 ac
1283 1498 1461 1552 quam
1520 1485 1673 1536 recte
1733 1486 1957 1536 asserat
2004 1482 2177 1552 longe

522 1575 985 1646 praestantiorem
1017 1588 1145 1628 esse
1176 1569 1659 1627 Christianorum
1694 1586 1870 1642 quam
1919 1569 2178 1642 philoso-

523 1666 776 1737 phorum
810 1662 1159 1732 doctrinam,
1184 1676 1499 1732 moresque
1530 1660 1789 1727 illorum,
1811 1676 1988 1731 quam
2022 1675 2172 1731 quo-

520 1753 799 1811 rumlibet
829 1752 1223 1821 ethnicorum,
1258 1750 1540 1806 castiores
1571 1754 1629 1805 et
1671 1749 2023 1804 sanctiores.
2045 1747 2171 1803 iam

516 1859 650 1900 vero
682 1844 753 1899 de
784 1842 875 1897 his
906 1840 1447 1913 comparationibus
1477 1838 1535 1893 in
1569 1843 1772 1893 nostra
1803 1838 1874 1893 ab
1928 1837 2169 1892 Minucii

520 1933 823 1989 Octavium
873 1930 1286 1987 dissertatione
1338 1928 1568 2000 egimus
1620 1929 1929 1998 (Dissertat.
1964 1929 2021 1983 in
2054 1928 2170 1984 Mi-

518 2030 638 2077 nut.
673 2036 800 2091 cap.
837 2020 926 2091 13,
961 2024 1071 2075 art.
1105 2020 1177 2090 4).

1135 2158 1363 2214 CAPUT
1405 2160 1548 2214 XIV.

515 2255 591 2310 De
647 2253 1093 2308 Christianorum
1157 2250 1412 2321 jejuniis,
1487 2222 1819 2321 pienitentiae
1886 2250 2167 2319 operibus,

582 2326 858 2397 precibus,
919 2331 969 2379 et
1026 2322 1258 2397 solemni
1317 2321 1432 2397 diei
1502 2322 1807 2377 Dominicae
1860 2323 2019 2397 festo,
2073 2337 2169 2397 __ac

587 2392 794 2468 'quanta
821 2396 880 2450 in
926 2397 994 2450 iis
1050 2394 1300 2450 omnibus
1360 2393 1587 2449 illorum
1633 2398 1686 2448 et
1723 2393 2021 2464 gentilium
2051 2392 2167 2465 dif-

590 2471 849 2539 ferentia.

1051 2597 1255 2636 ARTICU
1266 2596 1369 2636 LUS
1401 2596 1629 2635 PRIMUS.

520 2674 698 2741 Quam
727 2673 891 2739 longa
920 2676 975 2725 et
1009 2670 1240 2725 horrida
1294 2670 1505 2739 fuerint
1553 2669 1771 2739 jejunio
1831 2668 2166 2723 Christiano-

589 2761 713 2799 rum
776 2762 794 2798 :
854 2751 1122 2814 quantum
1178 2742 1245 2796 ab
1298 2740 1811 2814 haciobstinentia.’
1880 2742 2167 2814 severitate

585 2817 835 2871 abessent
862 2812 1115 2869 eonvivia
1139 2821 1194 2868 et
1221 2828 1388 2869 cwnw
1425 2813 1848 2882 Megarensium,
1891 2812 2163 2878 tribuum,

588 2890 900 2952 curiarum,
932 2902 997 2940 ac
1041 2886 1419 2949 decuriarum,
1444 2885 1881 2939 Herculanarum
1929 2884 2165 2938 decima-

589 2977 737 3028 rum,
795 2961 1177 3030 polluctorum,
1256 2959 1672 3030 Apaturiorum,
1755 2957 2166 3027 Dionysiorum,

588 3028 893 3099 Atticorum
940 3031 1358 3101 mysteriorum,
1417 3028 1809 3101 Serapicarum
1863 3044 2162 3097 cumarum,

590 3104 685 3159 ubi
713 3106 780 3159 de
808 3104 1089 3174 sparteoli:
1110 3105 1165 3156 et
1194 3100 1495 3171 infamibus
1523 3100 1807 3170 parasitis.

2301 496 2459 552 hunc
2493 499 2726 555 nonnisi
2752 516 2880 555 sero
2912 516 2975 555 ac
2998 500 3106 555 sub
3137 501 3320 555 noctis
3351 500 3576 556 initium
3598 503 3884 559 sumebant.

2300 586 2497 658 Neque
2529 587 2740 644 horum
2771 590 3079 645 verborum
3113 589 3232 644 hinc
3263 594 3458 645 nostra
3489 594 3573 646 est
3601 592 3882 663 explicatio,

2299 676 2399 730 sed
2425 676 2635 748 ipsius,
2672 678 2772 749 qui
2804 678 2942 733 alibi
2976 679 3343 750 apertissime
3374 678 3515 734 dixit
3546 696 3559 733 :
3588 681 3886 737 Abstinentes

2297 764 2364 818 ab
2393 767 2615 838 eis,quz
2647 769 3371 839 tamen,quemadmodum
3396 768 3637 823 haeretici
3659 770 3881 842 quidam,

2296 868 2405 909 non
2465 857 2770 925 rejicimus,
2829 858 2924 911 sed
2979 855 3290 928 differimus
3363 857 3561 927 (Idem,
3615 856 3674 910 de
3734 857 3879 923 Jejun.

2296 959 2422 1013 cap.
2461 946 2751 1018 l5),atque
2782 946 2863 1002 ita
2887 947 3116 1017 jejunia
3147 951 3345 1001 nostra
3376 946 3433 1000 in
3466 962 3747 1018 vesperum
3778 964 3883 1018 pro-

2296 1032 2591 1089 ducimus.
2626 1037 2773 1100 Quin
2807 1036 2926 1090 imo
2957 1034 3244 1105 Christus,
3276 1039 3421 1089 teste
3453 1035 3707 1095 Eusebio.
3738 1042 3885 1091 secta-

2292 1126 2448 1177 tores
2479 1140 2617 1179 suos
2666 1126 2946 1181 docuerat
2994 1126 3064 1180 ad
3121 1124 3339 1180 multos
3388 1126 3510 1180 dies
3559 1125 3678 1179 cibo
3707 1130 3755 1179 et
3780 1126 3884 1179 vino

2293 1209 2705 1269 lubentissime
2737 1215 3053 1281 abstinere,
3095 1214 3310 1269 durum
3362 1231 3426 1269 ac
3474 1230 3721 1269 severum
3749 1230 3884 1285 agere

2292 1300 2523 1357 vivendi
2555 1319 2760 1374 genus,
2795 1310 2969 1376 atque
3000 1303 3351 1360 immensam
3405 1320 3514 1358 non
3544 1304 3719 1365 (modo
3758 1304 3881 1358 viro-

2290 1407 2442 1458 rum,
2478 1408 2678 1448 verum
2710 1394 2884 1449 etiam
2922 1393 3229 1449 mulierum
3264 1392 3689 1448 multitudinem
3718 1392 3879 1447 coim-

2289 1480 2539 1551 pulerat,
2572 1487 2638 1537 ut
2668 1484 2879 1555 spretis
2912 1500 3221 1555 corporum
3256 1482 3569 1546 alimentis,
3600 1482 3876 1537 divinarum

2288 1570 2483 1639 potius
2539 1570 2856 1628 lectionum
2918 1571 3260 1627 rationalem
3343 1572 3537 1628 cibum
3594 1576 3880 1643 appeterent

2287 1659 2519 1730 (Euseb.
2554 1660 2703 1717 Orat.
2735 1661 2802 1717 de
2824 1662 2982 1720 laud.
3038 1662 3405 1732 Constantini,
3463 1678 3585 1733 cap.
3651 1661 3722 1725 l7,
3772 1676 3874 1731 pag.

2282 1749 2431 1821 661).
2466 1750 2613 1815 Quid
2646 1754 2861 1807 mirum
2906 1751 3106 1823 igitur,
3143 1752 3192 1807 si
3224 1751 3283 1806 hi
3313 1752 3385 1807 ab
3440 1752 3637 1807 eodem
3685 1747 3873 1805 Tertul-

2282 1837 2438 1895 liano
2471 1845 2669 1896 nostro
2703 1841 2982 1897 dicuntur
3006 1843 3161 1897 omni
3189 1840 3288 1896 illa
3322 1842 3651 1897 continentia
3676 1840 3879 1911 expressi

2278 1925 2547 1999 (Tertull.
2582 1931 2857 1999 Apologet.
2911 1947 3038 2002 cap.
3091 1932 3180 1998 40,
3230 1946 3367 2003 pag.
3423 1930 3651 2001 487),id
3699 1928 3875 1996 est,ita

2280 2016 2548 2073 exhausti
2582 2023 2647 2073 ut
2677 2019 2991 2075 deﬁcerent
3024 2020 3286 2091 corporis
3318 2019 3470 2075 vires
3492 2019 3519 2074 ‘l

2350 2125 2563 2181 Verum
2596 2127 2667 2181 ab
2719 2126 2826 2181 hac
2875 2126 3346 2183 Christianorum
3396 2125 3730 2198 frugalitate,
3754 2125 3873 2180 cibo-

2278 2230 2409 2268 rum
2443 2214 2796 2271 abstinentia
2828 2220 2884 2271 et
2906 2215 3154 2286 jejuniis
3187 2215 3361 2287 plane
3380 2216 3711 2287 penitusque
3737 2213 3873 2267 dissi-

2279 2303 2497 2359 debant
2528 2322 2701 2360 coenae
2734 2304 3125 2373 ethnicorum,
3161 2305 3421 2377 profusis
3463 2304 3772 2377 sumptibus
3797 2319 3870 2373 ap-

2277 2396 2517 2463 paratus,
2596 2394 2985 2449 immoderata
3068 2394 3364 2464 convivia,
3444 2392 3866 2465 compotationes,

2277 2483 2761 2551 comessationes,
2793 2482 3209 2541 helluaticnes.
3252 2485 3517 2538 Primum
3555 2482 3697 2538 enim
3725 2484 3866 2551 Mega-

2276 2570 2537 2625 rensium
2588 2571 3058 2643 intemperantia,
3111 2572 3191 2627 ait
3256 2571 3669 2637 Tertullianus,
3730 2570 3863 2641 plane

2276 2659 2650 2731 redarguitur
2671 2661 2777 2715 hoc
2800 2660 3073 2732 Diogenis
3098 2660 3249 2716 dicto
3278 2678 3290 2718 :
3318 2684 3345 2711 ‹‹
3371 2664 3717 2733 Megarenses
3736 2658 3863 2714 οδω·

2275 2752 2437 2815 nant,
2472 2749 2640 2819 quasi
2673 2750 2931 2804 crastina
2962 2750 3055 2805 die
3088 2750 3362 2805 morituri
3398 2769 3411 2817 ;
3446 2750 3717 2804 aediﬁcant
3740 2763 3863 2815 vero,

2275 2838 2442 2907 quasi
2477 2855 2779 2908 nunquam
2812 2838 3081 2894 morituri
3112 2858 3138 2890 ιι
3175 2839 3341 2909 (Ibid.
3377 2857 3502 2912 cap.
3535 2836 3861 2909 39,pag.473).

2275 2925 2386 2980 Sed
2420 2925 2469 2981 si
2494 2926 2720 2983 Laertio
2754 2928 2925 2983 fidem
2959 2927 3197 2997 habeas,
3252 2929 3659 3001 Agrigentiuos
3706 2927 3866 2996 Empe-

2276 3014 2472 3071 docles
2512 3016 2723 3081 (Laert.
2784 3017 2884 3071 lib.
2944 3034 3068 3085 VIII,
3128 3016 3189 3071 in
3246 3018 3351 3073 Vit.
3416 3014 3864 3088 Empedoc.§33l;

2277 3104 2326 3158 si
2357 3104 2601 3171 {Eliano,
2636 3106 2743 3161 hos
2803 3107 2962 3177 ipsos
3012 3106 3171 3161 Plato
3230 3107 3466 3177 (Elian.
3526 3108 3621 3161 lib.
3678 3120 3745 3158 xu
3773 3103 3864 3158 Var.

587 3220 833 3271 Crateras
883 3216 1037 3269 inter
1094 3213 1563 3270 Christianorum
1612 3212 1858 3267 virtutes
1908 3212 2161 3267 maxime
2194 3163 2236 3230 Ο
2277 3195 2486 3249 "mor-
2521 3195 2740 3266 (τδρ-28)
2778 3212 2791 3263 ἱ
2823 3195 2872 3249 Si
2902 3194 3236 3265 Plutarcho.
3269 3197 3524 3252 RhOdiOS
3555 3193 3863 3250 Stratonicus

510 3304 756 3360 emicuit
784 3309 902 3359 tam
934 3303 1163 3369 sedula,
1220 3319 1397 3373 quam
1444 3302 1591 3355 dura
1637 3301 2003 3371 jejuniorum
2056 3300 2159 3355 ob-

512 3395 931 3450 servandorum
966 3410 1107 3447 cura
1136 3396 1193 3447 et
1225 3390 1580 3457 sollicitudo,
1615 3408 1728 3460 qua
1776 3408 1889 3445 non
1934 3390 2155 3460 minus,

512 3500 690 3555 quam
724 3482 857 3538 aliis
888 3480 1223 3547 virtutibus,
1282 3480 1354 3533 ab
1411 3479 1663 3535 ethnicis
1722 3479 2151 3550 discrepabunt.

508 3573 671 3642 Saepe
718 3571 873 3627 enim
922 3568 1134 3640 saepius
1189 3586 1253 3623 ac
1302 3568 1556 3640 publicis
1610 3569 1665 3623 in
1718 3567 2153 3623 calamitatibus

507 3660 766 3714 divinam
817 3658 1280 3714 misericordiam
1335 3674 1446 3712 non
1482 3674 1584 3728 pro
1634 3674 1694 3712 se
1745 3662 1996 3725 tantum,
2047 3657 2148 3712 sed

505 3747 631 3803 suis
660 3748 832 3802 etiam
869 3764 970 3818 pro
1002 3746 1281 3812 inimicis,
1312 3747 1460 3801 987
1490 3763 1602 3801 non
1629 3746 2146 3817 perfunctoria,sed

502 3837 822 3893 durissima
862 3837 1156 3909 rigidioris
1198 3836 1409 3907 jejunii
1462 3835 1863 3891 observatione
1911 3853 2148 3891 exorare

501 3926 1110 3983 conabantur-Audias
1140 3924 1311 3980 velim
1348 3926 1669 3995 ipsummet
1692 3924 2144 3980 Tertullianum:

500 4016 625 4084 Nos,
686 4016 902 4087 inquit,
952 4016 1192 4087 jejuniis
1230 4014 1416 4091 aridi,
1451 4014 1561 4070 hoc
1621 4020 1730 4078 est,
1788 4013 2033 4069 confecti
2092 4018 2148 4069 et

501 4105 987 4175 arefacti,quippe
1018 4102 1119 4174 qui
1152 4120 1263 4157 non
1286 4102 1417 4157 aliis
1443 4102 1589 4157 cibis
1608 4118 1783 4173 quam
1808 4102 1989 4157 aridis
2020 4106 2144 4156 tum

496 4194 810 4250 vescimur.
844 4193 990 4249 Nam
1023 4193 1119 4248 ille
1149 4192 1287 4248 alibi
1315 4208 1500 4256 meras,
1530 4192 1629 4260 ait,
1662 4192 1745 4246 vel
1764 4191 1952 4247 aridas
1973 4207 2143 4259 escas;

497 4301 562 4339 ac
584 4283 760 4355 paulo
792 4282 1141 4356 explicatius
1168 4298 1182 4338 :
1214 4304 1241 4331 ‹‹
1294 4280 1692 4352 Xerophagias
1739 4282 2141 4346 observamus,

496 4373 782 4429 siccantes
815 4372 1010 4427 cibum
1042 4370 1113 4425 ab
1147 4370 1307 4425 omni
1340 4386 1535 4436 carne,
1582 4370 1742 4424 omni
1790 4369 2140 4440 jurulentis,

494 4460 932 4518 etavidioribus
977 4459 1310 4531 quibusque
1369 4459 1579 4530 pomis,
1655 4475 1725 4514 ne
1786 4459 1924 4531 quid
1984 4459 2142 4514 vino-

2268 3282 2377 3337 hoc
2403 3283 2664 3338 convivio
2697 3284 3018 3339 verberavit
3049 3283 3381 3355 (Plutarch.
3403 3285 3466 3340 de
3487 3282 3708 3355 Cupidit.
3730 3280 3858 3336 Civil.

2267 3389 2400 3445 pag.
2432 3374 2557 3444 524,
2589 3376 2731 3429 tom.
2767 3374 2857 3445 II).
2916 3377 2987 3428 At
3016 3373 3159 3429 illud
3206 3392 3240 3429 a
3274 3375 3563 3446 pluribus,
3595 3379 3646 3428 et
3672 3374 3733 3427 de
3760 3368 3856 3440 plu-

2266 3461 2429 3517 ribus
2459 3462 2571 3516 dici
2598 3478 2663 3517 ac
2685 3463 2867 3534 repeti
2890 3462 3149 3534 potuisse
3181 3464 3319 3534 quis
3350 3456 3854 3525 inficiabitur‘lQui-

2264 3566 2494 3621 cunque
2525 3568 2695 3623 porro
2728 3552 2945 3607 fuerint
2985 3552 3043 3607 hi
3086 3552 3310 3624 populi,
3366 3571 3400 3609 a
3441 3550 3849 3609 Christianorum

2262 3640 2576 3696 sobrietate
2635 3646 2691 3696 et
2758 3641 3003 3712 jejuniis
3063 3657 3349 3714 perquam
3426 3642 3665 3698 maxime
3714 3632 3850 3693 alieni

2260 3734 2443 3785 erant.

2331 3840 2403 3889 At
2436 3852 2551 3891 non
2584 3837 2654 3891 de
2686 3835 2803 3891 illis
2834 3836 3035 3907 procul
3083 3836 3284 3905 dubio,
3351 3839 3451 3893 sed
3510 3839 3577 3892 de
3632 3832 3851 3907 pluribus

2258 3922 2390 3979 aliis
2420 3924 2531 3979 hoc
2561 3928 2780 3980 Auctor
2809 3930 3009 3981 noster
3051 3925 3365 3995 subjunxit
3396 3945 3409 3982 :
3443 3950 3469 3977 ‹‹
3504 3928 3605 3982 Tot
3632 3921 3851 3980 tribubus

2257 4016 2312 4067 et
2343 4014 2521 4069 curiis
2552 4019 2607 4069 et
2635 4015 2790 4070 938
2840 4014 3091 4070 decuriis
3137 4017 3509 4071 ructantibus
3556 4038 3581 4065 »ι
3631 4006 3848 4082 (Tertull.

2255 4102 2530 4173 Apologet.
2564 4119 2689 4174 cap.
2722 4104 2811 4173 39,
2842 4120 2981 4175 pag.
3040 4104 3186 4174 473),
3248 4104 3523 4161 videlicet
3575 4102 3746 4159 cibum
3774 4112 3848 4169 po-
3996 4082 3999 4175 Α

2570 4154 2688 4174 ηπ-
2726 4154 2811 4173 η,
2842 4154 2981 4175 ρο.
3052 4154 3186 4174 -ννι,
3260 4154 3521 4161 mw---"
3580 4154 3711 4159 ν-ππ
3774 4154 3787 4169 .

2252 4194 2493 4262 tumque
2526 4191 2796 4258 nimium,
2828 4192 2930 4263 qui
2961 4210 3074 4249 non
3108 4198 3383 4265 potuerat
3412 4196 3470 4249 in
3502 4190 3768 4249 stomacho
3786 4184 3849 4239 di-
3995 4154 3997 4253 Α

2253 4280 2400 4350 geri,
2434 4279 2871 4347 exhalantibus,
2933 4283 3129 4337 acescit
3179 4299 3292 4337 aer.
3326 4284 3437 4339 Sed
3491 4278 3753 4353 nunquid,
3781 4275 3846 4328 in-

2252 4370 2439 4440 quies,
2474 4370 2532 4425 id
2588 4370 2715 4427 sine
2774 4387 2989 4444 magna
3046 4371 3363 4444 hyperbole
3422 4373 3492 4428 ab
3541 4372 3658 4443 ipso
3706 4360 3845 4421 scribi

2251 4458 2485 4529 potuit?
2514 4458 2662 4522 Quid
2694 4465 2912 4527 autem,
2944 4461 3152 4515 amabo
3188 4465 3265 4529 te,
3298 4466 3456 4517 vetat
3495 4458 3778 4532 quominus
3801 4449 3844 4505 id

495 4550 685 4605 sitatis
716 4550 804 4605 vel
837 4550 1105 4614 edamus,
1150 4548 1236 4603 vel
1295 4552 1585 4619 potemus,
1636 4547 1849 4603 lavacri
1906 4564 2141 4619 quoque
2174 4536 2215 4601 Ι)
2248 4546 2360 4601 dici
2392 4548 2580 4620 possit
2604 4549 2673 4604 de
2706 4547 2956 4620 publicis
2998 4550 3299 4617 conviviis,
3362 4567 3489 4622 qua:
3546 4550 3599 4603 in
3657 4540 3845 4613 magni!

496 4638 913 4693 abstinentiam
938 4640 1322 4708 conguentcm
1338 4636 1500 4691 arido
1523 4636 1697 4691 victui
1722 4660 1748 4686 ››
1771 4636 2135 4707 (Tertullian.

495 4726 775 4798 Apologet.
809 4742 934 4798 cap.
967 4726 1055 4794 40,
1088 4742 1219 4798 pag.
1252 4726 1393 4795 1178;
1426 4726 1490 4782 de
1541 4726 1798 4797 Jejuniis,
1857 4741 1985 4797 cap.
2021 4728 2046 4781 1
2082 4732 2139 4783 et

495 4833 622 4887 cap.
658 4816 765 4887 13).

568 4905 710 4972 Quis
739 4908 933 4959 autem
964 4904 1164 4960 aridus
1189 4903 1285 4961 ille
1316 4905 1503 4971 cibus,
1536 4908 1593 4959 et
1622 4921 1751 4976 quae
1794 4921 1927 4961 esca
1975 4905 2137 4961 arida

496 4994 592 5063 sit,
626 4994 697 5049 ab
732 4993 1053 5065 Epiphanio
1085 4994 1371 5066 postules,
1420 4994 1524 5049 tibi
1586 4994 1960 5064 respondebit
2017 5012 2133 5050 non

495 5082 673 5140 aliam
704 5100 856 5151 esse,
889 5083 1003 5139 nisi
1035 5100 1267 5156 panem,
1327 5083 1413 5141 sal
1445 5088 1503 5140 et
1556 5100 1788 5154 aquam.
1846 5084 1953 5138 Per
1982 5088 2133 5141 totos

494 5177 688 5229 autem
721 5172 851 5229 illos
873 5174 1305 5245 jejunationum,
1340 5178 1405 5228 ut
1445 5172 1540 5228 ille
1571 5172 1850 5244 loquitur,
1878 5177 1934 5226 et
1977 5190 2135 5230 xero-

491 5262 827 5334 phagiarum
857 5264 982 5319 dies
1049 5264 1135 5319 fas
1194 5262 1541 5319 Christianis
1600 5278 1715 5316 non
1775 5265 1899 5317 erat
1958 5262 2134 5319 hosce

492 5353 676 5419 cibos,
711 5352 1089 5423 quantumvis
1146 5368 1353 5424 parum
1412 5350 1745 5406 esculentos
1796 5356 1855 5405 et
1902 5368 2129 5420 suaves,

492 5443 699 5514 quovis
731 5444 845 5498 diei
868 5447 1130 5514 tempore
1180 5440 2129 5513 praegustare(Epiphan.Exposit.

491 5533 586 5602 ﬁd.
648 5536 677 5601 §
729 5533 818 5600 32,
879 5549 936 5602 p.
994 5531 1197 5602 4015);
1258 5530 1360 5586 sed
1430 5529 1501 5586 ab
1561 5529 1743 5595 omni,
1803 5530 1882 5584 ait
1938 5532 2131 5589 adhuc

492 5625 711 5679 Auctor
744 5623 963 5693 noster,
1023 5621 1144 5676 vitae
1200 5620 1378 5694 fruge,
1439 5635 1542 5676 seu
1596 5634 1970 5690 quocumque
2004 5621 2132 5677 cibo

2249 4638 2643 4707 quorumdam
2674 4638 2924 4705 dierum,
2977 4655 3041 4694 ac
3091 4640 3414 4709 praesertim
3473 4639 3842 4710 imperatorum

2249 4726 2723 4782 solemnitatibus
2756 4728 2815 4781 in
2847 4728 2990 4793 foro,
3044 4727 3251 4798 plateis
3300 4728 3575 4800 publicis,
3623 4722 3763 4785 vicis,
3804 4724 3845 4771 ei

2248 4817 2482 4871 urbium
2516 4815 2786 4888 compitis
2819 4817 3029 4871 instrui
3061 4817 3376 4873 solebant?
3406 4819 3563 4874 Tunc
3584 4814 3722 4873 enim
3751 4808 3842 4863 sin-

2246 4906 2416 4979 gulm,
2450 4922 2514 4961 ac
2536 4909 2668 4961 totis
2718 4906 2892 4961 urbes
2940 4906 3315 4977 exhibebant,
3368 4912 3431 4963 ut
3477 4907 3623 4961 infra
3670 4894 3843 4957 videbi-

2248 5011 2401 5062 mus,
2436 4994 2809 5049 tabernarum
2842 4999 2898 5049 et
2919 4995 3268 5066 popinarum
3301 4990 3715 5067 speciem.Quid
3735 4997 3840 5055 ergo

2248 5084 2463 5138 mirum
2496 5084 2544 5139 si
2575 5088 2737 5139 tanta
2763 5083 3138 5140 multitudine
3168 5086 3498 5152 hominum,
3536 5084 3689 5138 cibos
3716 5071 3839 5129 indi-

2245 5178 2442 5246 gestos
2473 5177 2529 5228 et
2558 5174 2939 5229 immoderate
2970 5180 3239 5246 sumptos
3269 5158 3837 5235 exhalantium,ructi-

2244 5263 2354 5318 bus
2384 5279 2481 5317 aer
2510 5262 2843 5319 acesceret?
2874 5264 3188 5320 Turnebus
3220 5264 3414 5336 itaque
3446 5261 3668 5317 nomine
3703 5249 3839 5310 curii!

2243 5352 2462 5407 frustra
2492 5352 2787 5425 designari
2820 5355 3063 5425 putabat
3091 5370 3158 5409 ea
3187 5352 3465 5417 convivia,
3500 5366 3620 5421 qua:
3650 5347 3699 5400 in
3722 5342 3839 5413 ίὶρεε

2243 5441 2398 5496 curia
2456 5458 2489 5497 a
2544 5440 2873 5498 Curialibus
2930 5443 3223 5498 dabantur
3280 5441 3555 5514 (Turneb.
3616 5436 3706 5490 lib.
3774 5437 3836 5482 xu

2239 5529 2459 5585 Advers.
2494 5546 2620 5602 cap°
2657 5530 2919 5600 13).Nam
2948 5528 3350 5587 Tertullianus
3381 5530 3453 5584 de
3485 5526 3598 5583 illis
3619 5514 3835 5597 publicis

2241 5620 2519 5676 conviviis
2553 5621 2706 5675 haud
2740 5620 2915 5676 dubie
2946 5620 3362 5694 intelligendus
3396 5623 3501 5675 est.
