4118 6182
234 276 378 341 1029
1126 270 1197 330 D.
1251 270 1343 330 LE
1390 265 1714 328 NOURRY
1761 258 1904 324 OBS

2030 259 2411 321 VATIONES
2457 252 2713 316 ΝονιΕ.
3482 254 3638 317 1030

294 413 442 468 Τ6111
472 409 569 466 1116
601 411 802 480 postea
835 423 847 461 :
887 428 908 456 ιι
943 403 1133 472 Saliis,
1175 403 1367 475 inquit
1398 403 1485 473 (de
1516 401 1730 473 quibus
1761 414 1871 455 nos
1901 405 1955 469 Α
1984 410 2209 452 merere
2234 393 2327 448 vix
2357 396 2618 464 possent.
2679 389 2878 445 Potior
2925 389 3107 460 igitur
3154 394 3243 446 est
3289 390 3411 446 haec
3441 390 3635 460 lsctio,

232 500 362 559 alibi
392 499 644 573 egimus)
672 496 990 553 cenaturis
1021 496 1272 551 creditor
1302 493 1412 551 erit
1444 490 1813 549 necessarius
1845 509 1873 538 »
1990 501 2169 558 quam
2219 482 2537 573 stabularii,
2568 481 2676 573 h0_C
2727 483 2836 546 est.
2887 495 3180 573 031190988
3212 483 3269 535 et
3297 480 3635 573 taberna-1"“,

229 568 487 661 (Tertull.
518 568 634 644 loc.
660 586 830 658 cit.)',
864 584 1003 658 quia
1035 584 1234 640 nullus
1261 599 1363 656 par
1417 586 1542 639 erat
1577 581 1877 653 impensas
1997 574 2097 645 qui
2130 574 2189 627 in
2238 570 2517 661 cauponis
2564 569 2687 661 suis
2737 573 3030 661 sumptus,
3065 568 3184 625 sive
3222 586 3490 661 magnos,
3519 571 3640 661 sive

230 659 464 736 illorum
504 678 816 749 derepente
847 675 1148 730 solvendo.
1197 674 1252 728 Si
1302 678 1497 729 tamen
1544 670 1713 726 nobis
1762 682 1877 723 non
1987 679 2219 736 parvos,
2250 662 2320 716 ab
2353 659 2734 732 epulantibus
2769 659 2970 727 factos,
3015 662 3354 731 computare
3407 660 3639 717 facilius

233 770 436 827 credas
466 769 753 823 Dissertat.
787 767 845 821 in
874 767 1067 821 Minut.
1122 764 1302 819 Octav.
1354 780 1480 834 cap.
1522 762 1613 829 20,
1647 764 1753 815 art.
1801 759 1877 829 3),
1988 758 2430 809 consueverant.

234 860 408 932 idque
438 856 547 913 tibi
587 855 730 912 velis
790 856 1046 928 probari,
1095 854 1230 909 audi
1282 852 1402 907 haec
1454 850 1608 907 Festi
1653 850 1829 905 verba
1863 863 1875 900 :
2060 838 2864 932 ProsequiturTertullianus
2900 855 2911 893 :
2945 861 2973 889 «
2999 837 3317 932 Apaturiis,
3354 841 3644 932 Dionysiis

236 973 260 1000 α
293 928 480 1004 έαιίοε
510 965 543 1002 δ,
573 945 844 1003 saltando
877 944 1088 1013 dictos,
1123 942 1337 1014 quibus
1371 958 1472 1013 per
1502 954 1706 995 omnes
1733 937 1878 1001 dies,
1998 930 2295 1003 mysteriis
2351 928 2555 983 Atticis
2614 944 2933 999 coquorum
2993 928 3256 985 delectus
3288 930 3568 985 indicitur
3614 952 3643 983 »

236 1038 592 1109 ubicumque
627 1038 887 1103 manent,
920 1033 1059 1105 quia
1108 1033 1312 1103 ample
1352 1034 1651 1103 ponuntur
1682 1043 1883 1092 cene,
1991 1019 2254 1091 (Tertull.
2298 1019 2592 1109 ,Apologet.
2637 1035 2763 1089 cap,
2825 1018 2914 1084 39,
2965 1034 3095 1090 pag.
3151 1019 3297 1109 473),
3351 1019 3646 1109 ’Λπατάρια

236 1128 282 1183 si
335 1144 462 1199 que
496 1106 643 1182 alie
694 1140 919 1196 magne
967 1128 1125 1192 sunt,
1160 1121 1401 1177 saliares
1449 1117 1821 1191 appellantur
1853 1137 1882 1165 »
1993 1114 2188 1166 autem
2224 1106 2508 1199 solemnis
2540 1106 2664 1161 dies
2697 1109 2882 1161 festus
2912 1112 3057 1199 erat,
3091 1107 3192 1179 qui
3223 1109 3296 1163 ab
3331 1108 3647 1199 Athenien-

236 1196 405 1292 (Fest.
441 1217 510 1272 ad
542 1233 598 1273 v.
628 1214 819 1286 Salii).
854 1213 1132 1281 Quocirca
1161 1211 1405 1266 canebat
1435 1208 1708 1264 Horatius
1742 1225 1755 1263 :
1995 1200 2157 1292 sibus
2189 1196 2507 1292 quotanpis
2541 1212 2741 1292 {1161190
2784 1196 3005 1292 οοξρδῖί
3039 1201 3315 1292 ξξθῐίΐνθεΔ
3345 1198 3467 1255 dies
3500 1198 3647 1292 (ξθξθο-

359 1324 512 1372 Nunc
546 1324 625 1371 επ
652 1319 967 1369 bibendum.
998 1332 1143 1367 nunc
1176 1317 1311 1379 pede
1341 1316 1511 1366 libero
1996 1289 2300 1379 brabatur.
2336 1286 2532 1379 Primo
2590 1290 2800 1379 autem
2837 1285 2954 1379 die,
2986 1285 3235 1379 tribules
3269 1286 3391 1343 sive
3422 1288 3653 1345 sodales

359 1385 630 1435 Pulsanda
657 1384 834 1444 tellus,
868 1395 1027 1447 nunc,
1045 1374 1326 1430 saliaribus
1997 1377 2136 1433 huic
2167 1375 2529 1433 solemnitati
2562 1374 2805 1446 ascripti
2839 1374 3019 1429 simul
3052 1374 3290 1447 cpipare
3323 1379 3649 1434 cenabant.

486 1449 687 1498 Ornare
721 1447 972 1510 pulvinar
994 1445 1224 1510 deorum

483 1506 852 1574 Tcmpus’erat
880 1506 1387 1574 dapibus,__sodales._

893 1567 1100 1634 (Horat.
1130 1570 1219 1620 lib.
1250 1583 1283 1630 1,
1317 1568 1413 1617 0d.
1444 1567 1545 1629 27).

237 1683 429 1755 Dapes
472 1679 688 1753 quippe
739 1677 983 1735 saliares
1034 1680 1201 1733 vocat
1247 1676 1497 1748 opimas,
1550 1671 1891 1745 exquisitis-

237 1773 447 1841 simae,
479 1769 826 1843 magnisque
858 1768 1197 1839 sumptibus
1245 1772 1631 1839 comparatas,
1674 1761 1892 1835 quibus

239 1861 593 1918 onerabatur
626 1858 896 1931 pulvinar
925 1858 1191 1924 deorum,
1242 1861 1297 1912 et
1349 1855 1605 1927 posthaec
1637 1871 1670 1909 a
1717 1848 1894 1908 Saliis

239 1951 615 2008 vorabantur.
666 1952 806 2004 Eam
852 1964 992 2002 sane
1042 1948 1113 2002 ob
1167 1963 1410 2003 causum
1442 1943 1720 1999 Claudius
1780 1940 1893 1995 im-

241 2044 498 2112 perator,
559 2037 642 2093 uti
698 2042 898 2092 narrat
952 2036 1269 2092 Suetonius
1320 2052 1333 2089 :
1389 2057 1418 2084 «
1474 2035 1636 2091 Ictus
1694 2032 1898 2088 nidore

241 2127 477 2201 prandii
507 2127 659 2198 quod
688 2126 749 2181 in
781 2126 1049 2197 proxima
1081 2126 1279 2181 Martis
1320 2125 1441 2179 ede
1474 2122 1897 2195 apparabatur,

244 2220 478 2274 deserto
507 2215 808 2284 tribunali,
838 2215 1143 2271 descendit
1172 2216 1243 2271 ad
1286 2204 1643 2281 sacerdotes,
1668 2228 1901 2284 unaque

243 2306 545 2363 discubuit
592 2328 622 2356 »
669 2306 932 2378 (Sueten.
987 2305 1047 2359 in
1100 2306 1201 2361 Vit.
1255 2303 1553 2371 Cla‘tutii,§
1604 2302 1715 2372 33).
1746 2304 1901 2373 Apu-

240 2398 399 2453 leius
444 2412 577 2451 vero
626 2396 707 2451 ait
756 2411 974 2467 equum
1044 2411 1218 2450 suum
1252 2398 1443 2464 tanta,
1475 2393 1678 2449 hordei
1736 2391 1905 2463 copia

242 2490 581 2543 saturatam
599 2484 801 2552 fuisse,
821 2507 849 2535 «
876 2490 942 2540 ut
962 2483 1207 2541 saliares
1223 2500 1286 2539 se
1308 2500 1571 2540 cenasse
1592 2482 1853 2538 crederet
1877 2505 1897 2531 η

241 2574 504 2649 (Apuleii
534 2576 893 2646 Metamorph.
927 2573 1032 2630 lib.
1068 2591 1145 2645 1v,
1178 2577 1311 2645 post
1343 2574 1546 2644 med.).

2004 1557 2236 1612 tandem
2269 1556 2386 1627 die,
2419 1570 2632 1627 pueros
2680 1558 2737 1609 et
2784 1552 3014 1625 puellas
3066 1554 3124 1609 in
3157 1554 3336 1611 curiis
3367 1556 3655 1614 inscribe-

2000 1647 2164 1703 bant.
2208 1644 2497 1701 Memoriae
2545 1648 2743 1699 autem
2788 1643 3117 1699 Herodotus
3148 1644 3409 1716 prodidit
3436 1650 3655 1703 Home-

2004 1751 2157 1801 rum,
2180 1735 2252 1790 ad
2285 1734 2434 1789 hanc
2455 1749 2681 1788 cenam
2701 1748 2734 1787 a
2755 1731 3057 1788 sodalibus
3080 1731 3414 1803 invitatum,
3436 1734 3658 1792 mensis

2010 1840 2208 1881 revera
2236 1823 2601 1879 accubuisse.
2633 1822 2745 1877 Sed
2769 1820 2908 1877 alibi
2941 1820 3096 1876 idem
3128 1820 3447 1880 historicus
3478 1825 3659 1897 hujus

2006 1915 2135 1969 festi
2165 1913 2357 1969 adhuc
2416 1912 2685 1967 meminit
2735 1910 3028 1982 (Herodot.
3068 1912 3168 1967 Vit.
3201 1914 3415 1969 Homer.
3450 1917 3477 1982 §
3507 1916 3576 1968 29
3605 1919 3663 1972 et

2007 2020 2191 2075 seqq.,
2240 2020 2307 2058 ac
2352 2002 2453 2057 lib.
2488 2020 2527 2069 1,
2587 2002 2614 2073 ξ
2666 2001 2809 2072 147),
2857 2000 2926 2056 (16
2974 2016 3090 2071 quo
3138 2007 3386 2073 prestera
3438 2004 3660 2077 Pollux,

2008 2095 2237 2161 Suidas,
2305 2094 2510 2148 Petrus
2582 2090 2969 2161 Castellanus,
3035 2090 3296 2149 Joannes
3353 2094 3664 2169 Fasoldus,

2011 2188 2185 2254 atque
2228 2183 2287 2237 in
2336 2182 2542 2253 primis
2592 2182 2849 2237 Joannes
2892 2180 3184 2237 Meursius
3214 2182 3378 2254 (Poll.
3414 2184 3519 2242 lib.
3553 2203 3610 2242 v1
3643 2204 3657 2255 ;

2011 2271 2175 2329 Suid.
2225 2272 2537 2328 Castellan.
2590 2269 2817 2325 Fasold.
2870 2271 2938 2324 de
2996 2271 3138 2325 Fest.
3190 2271 3404 2339 (ἐνδεῖεά
3446 2277 3664 2331 Meurs.

2014 2362 2256 2428 Graeciae,
2288 2362 2452 2431 feria,
2488 2361 2581 2416 ad.
2616 2375 2666 2413 v.
2702 2354 3048 2431 ἀπατούρια).

2085 2468 2378 2541 Dionysia,
2429 2484 2530 2523 seu
2603 2462 2846 2519 διονύσια
2897 2466 3045 2522 festa
3096 2470 3263 2523 erant
3310 2468 3384 2525 ab
3434 2470 3669 2541 Atticis,

2016 2575 2218 2614 mense
2260 2564 2477 2626 octavo,
2527 2556 2587 2611 in
2642 2554 2900 2627 Dionysi,
2947 2572 3051 2612 seu
3095 2557 3327 2629 Bacchi,
3379 2558 3667 2617 honorem

1999 1467 2267 1523 Secundo
2298 1467 2411 1535 die,
2450 1466 2863 1522 sacriﬁcabant
2888 1465 3011 1520 lovi
3041 1468 3099 1520 et
3139 1466 3426 1521 Minervae.
3459 1467 3657 1525 Tertia
3764 1452 3769 1457 ⁸

317 2665 463 2721 Salii
511 2669 707 2720 autem
755 2669 923 2720 erant
970 2665 1302 2721 sacerdotes
1356 2663 1645 2735 Herculis,
1679 2664 1748 2719 de
1790 2679 1906 2734 quo

242 2753 650 2810 Tertullianus
697 2754 821 2810 hec
869 2753 1163 2810 subnectit
1207 2771 1221 2811 :
1274 2755 1712 2810 Herculanarum
1767 2754 1907 2809 deci-

242 2861 496 2913 marum,
546 2849 599 2899 et
653 2842 1029 2915 polluctorum
1073 2844 1487 2918 (manuscripti
1526 2845 1755 2900 codices
1783 2842 1910 2915 pol-

244 2934 572 3005 linctorum)
620 2939 896 3005 sumptus
945 2934 1217 2989 tabularii
1260 2935 1460 3006 (iidem
1510 2934 1672 3005 editi,
1706 2937 1762 2990 et
1810 2932 1910 2989 alii

243 3041 370 3081 non
403 3024 547 3079 editi
598 3023 826 3079 codices
863 3023 1196 3093 stabularii)
1224 3026 1615 3096 supputabunt,
1640 3023 1909 3097 (Tertull.

244 3114 537 3185 Apologet.
589 3129 716 3184 cap.
770 3113 859 3180 37,
930 3130 1063 3185 pag.
1122 3114 1270 3185 473).
1344 3113 1723 3169 Pollinctores
1777 3131 1911 3171 vero

246 3201 565 3273 ungebant
594 3218 837 3273 corpora
885 3207 1251 3259 mortuorum
1294 3207 1350 3258 et
1396 3204 1575 3259 {unus
1608 3204 1913 3259 curabant.

248 3296 485 3348 Verum
536 3290 935 3347 Tertullianus
983 3309 1099 3347 non
1147 3292 1379 3348 videtur
1435 3294 1505 3348 de
1561 3293 1655 3348 his
1714 3293 1920 3351 iecisse

246 3396 624 3438 sermonem.
665 3381 876 3438 Melius
908 3396 1045 3453 ergo
1093 3383 1380 3454 scriptum
1414 3391 1502 3440 est
1526 3385 1915 3455 polluctorum,

249 3472 343 3527 uti
379 3471 720 3527 conﬁrmari
743 3476 935 3543 potest
966 3472 1078 3539 his,
1104 3475 1203 3545 qui
1237 3474 1374 3531 huic
1405 3474 1531 3531 loco
1564 3491 1679 3531 non
1711 3491 1921 3546 parum

2017 2648 2327 2716 celebrata,
2361 2664 2486 2718 quae
2539 2649 2595 2700 et
2640 2644 3027 2700 Bacchanalia
3077 2646 3671 2718 cognominabantur.

2018 2742 2149 2796 Haec
2182 2743 2377 2793 autem
2399 2734 2674 2807 Dionysia
2703 2737 2761 2789 et
2776 2734 2971 2791 Attica
3002 2736 3280 2807 mysteria
3310 2740 3674 2811 nuncupavit

2018 2826 2433 2893 Tertullianus,
2480 2829 2544 2879 ut
2612 2822 2971 2896 signiﬁcaret
3039 2825 3243 2881 eadem
3319 2843 3449 2883 esse
3524 2830 3674 2886 festa

2021 2917 2236 2989 quibus
2266 2914 2649 2970 Athenienses
2681 2928 2870 2969 cenas
2900 2915 3283 2986 apparabant,
3315 2919 3478 2973 tanta
3508 2918 3675 2990 copia

2022 3008 2287 3063 ciborum
2341 3003 2887 3069 delictissimorum,
2922 3006 2987 3058 ut
3026 3005 3098 3060 ad
3130 3004 3235 3061 hos
3278 3007 3673 3065 conficiendos

2026 3096 2198 3166 coqui
2230 3094 2533 3167 peritiores
2566 3091 2971 3164 seligerentur.

2099 3203 2183 3258 Ad
2232 3203 2524 3257 Romanos
2572 3207 2788 3268 autem,
2834 3198 3132 3271 Serapidis
3176 3200 3325 3258 festa
3378 3204 3505 3274 pari
3536 3221 3678 3261 sane

2030 3292 2119 3349 vel
2150 3290 2359 3361 majori
2408 3290 2583 3345 etiam
2630 3287 2988 3345 cenantium
3034 3288 3491 3363 intemperantia
3529 3293 3677 3350 cele-

2032 3386 2289 3447 brantes,
2323 3380 2407 3435 sic
2437 3378 2750 3435 revertitur
2780 3396 2793 3432 :
2836 3400 2865 3427 ‹‹
2896 3377 2983 3433 Ad
3034 3378 3264 3435 fumum
3308 3397 3483 3437 cene
3513 3384 3677 3438 Sera-

2031 3473 2170 3545 pice
2202 3468 2477 3541 sparteoli
2508 3466 2923 3523 excitabuntur
2954 3488 2975 3518 ι
3002 3467 3361 3539 (Tertullian.
3399 3472 3681 3544 Apologet.

247 3562 418 3617 lucis
456 3562 791 3632 praeferunt,
823 3561 1015 3617 Plauti
1045 3564 1312 3623 versibus
1346 3582 1359 3620 :

428 3667 545 3736 Huc
560 3666 773 3736 yenisse
795 3668 907 3731 jam
938 3674 1183 3736 opusest
1211 3675 1475 3736 quantum
1507 3679 1681 3736 potest

430 3730 515 3779 Uti
545 3729 825 3798 decumam
856 3729 1060 3798 partem
1090 3729 1301 3798 Herc'uli
1328 3729 1641 3798 polluceam.

684 3792 876 3855 (Plauti
915 3794 1076 3844 Stich.
1110 3802 1215 3846 act.
1242 3797 1306 3857 II,
1328 3792 1481 3848 'scen.
1514 3815 1549 3859 1,
1583 3814 1633 3849 v.
1667 3801 1770 3863 80.)

2032 3579 2160 3633 cap.
2182 3561 2270 3629 39,
2299 3576 2430 3631 pag.
2456 3558 2601 3628 473).
2634 3556 2916 3629 Sparteoli
2946 3562 3143 3614 autem
3173 3561 3470 3631 quoddam
3493 3579 3682 3634 genus

2032 3655 2157 3706 erat
2200 3648 2478 3717 militum,
2512 3647 2613 3718 qui
2656 3650 2849 3703 Rome
2880 3645 2941 3703 in
2993 3648 3160 3704 urbis
3207 3650 3475 3720 tutelam,
3508 3657 3569 3707 ut
3602 3652 3684 3709 ait

2033 3744 2198 3795 vetus
2245 3736 2541 3792 iuvenalis
2590 3735 2900 3808 interpres,
2964 3753 3098 3792 cum
3146 3737 3341 3796 hamis
3403 3745 3461 3797 et
3508 3758 3681 3813 aqua,

2035 3828 2251 3901 quibus
2296 3826 2461 3898 ignes
2512 3824 2965 3897 restinguerent,
3016 3825 3247 3898 vigilias
3279 3830 3532 3900 agebant
3563 3832 3687 3900 (Ju-

237 3899 532 3956 Gentiles
562 3900 718 3955 enim
750 3901 1040 3957 decimam
1080 3904 1369 3960 bonorum
1401 3923 1641 3963 suorum
1674 3915 1922 3980 partem,
2033 3899 2221 3973 vena].
2256 3915 2417 3970 satir.
2453 3915 2539 3979 14,
2565 3931 2618 3970 v.
2654 3914 2804 3985 313).
2836 3915 2926 3970 Sic
2952 3930 3085 3970 vero
3115 3899 3688 3988 cognominabantur-

240 3990 337 4045 uti
394 3992 622 4045 Auctor
652 3995 851 4046 noster
901 3992 1178 4064 superius
1230 3994 1472 4067 dixerat,
1522 3997 1754 4052 Herculi
1787 4015 1922 4053 con-
2035 4024 2068 4062 a
2098 4004 2312 4060 tunicis
2344 4007 2399 4058 et
2430 4000 2862 4070 calceamentis,
2913 4002 3069 4057 sicut
3125 4005 3427 4062 nonnullis
3471 4007 3684 4075 visum,

235 4078 606 4148 secrabant,
641 4078 1137 4153 imponebantque
1163 4083 1223 4138 in
1255 4085 1381 4153 ejus
1412 4102 1594 4154 aram,
1629 4103 1694 4141 ac
1725 4092 1927 4159 postea
2034 4094 2121 4150 vel
2155 4092 2347 4166 potius
2381 4108 2414 4146 a
2442 4091 2598 4146 vasis
2630 4091 2900 4162 sparteis,
2924 4092 3141 4162 quibus
3164 4110 3379 4165 aquam
3403 4096 3685 4153 ferebant.

233 4166 581 4238 splendide
611 4168 1219 4257 Qaﬁrepulabantur.
1257 4173 1418 4229 Unde
1448 4175 1599 4229 idem
1633 4175 1876 4232 Plautus
1911 4193 1923 4231 :
2034 4184 2106 4238 At
2134 4180 2471 4251 Suetonius,
2505 4180 2554 4235 si
2586 4179 2928 4236 Casaubono
2960 4180 3127 4250 ﬁdes,
3162 4182 3292 4239 illos
3322 4184 3393 4241 ab
3423 4188 3688 4257 Augusto

236 4258 584 4326 Obsonate,
630 4256 845 4328 inquit,
893 4259 1290 4329 pollucibiliter
1356 4264 1558 4335 (Idem,
1624 4266 1926 4336 Mustellar,
2038 4273 2394 4345 imperatore
2467 4269 2770 4325 institutos
2850 4270 3011 4326 hisce
3068 4271 3258 4327 verbis
3317 4256 3692 4343 declaravit;

229 4351 361 4400 act.
412 4346 490 4415 II,
523 4360 682 4401 scen.
717 4363 793 4417 ιν,
825 4348 994 4419 ν.11).
1036 4349 1241 4406 Festus
1271 4368 1442 4407 vero:
1470 4354 1754 4410 Pollucere
1782 4373 1927 4411 mer-
2050 4384 2077 4415 α
2113 4363 2405 4416 Adversus
2430 4358 2703 4414 incendia
2722 4359 3000 4415 excubias
3023 4369 3337 4419 nocturnas
3370 4364 3693 4436 vigilesque

228 4436 593 4523 ces.....far,
620 4436 864 4507 polenta,
886 4439 1099 4493 vinum.
1124 4442 1344 4495 Herculi
1364 4446 1546 4497 autem
1571 4446 1758 4499 omnia
1776 4461 1928 4499 escu-
2040 4454 2412 4507 commentus
2439 4449 2595 4504 940
2625 4452 2714 4504 est
2745 4470 2775 4500 »
2807 4449 3069 4517 (Sueten.
3100 4450 3203 4507 lib.
3236 4468 3275 4508 11
3331 4454 3429 4511 Vit.
3458 4454 3693 4523 August.

227 4525 411 4580 lenta
440 4522 824 4613 pollucebant
846 4524 1098 4594 (Fest.ad
1116 4529 1631 4602 v.Pollucere),sive
1645 4532 1932 4587 decimam
1964 4525 2010 4588 Ι)
2043 4542 2073 4611 §
2102 4542 2212 4607 30).
2246 4538 2385 4605 Quis
2418 4555 2550 4594 vero
2582 4537 2754 4593 facile
2801 4554 2917 4593 non
2947 4537 3239 4613 intelligat
3267 4522 3697 4600 Tertullianum

225 4618 502 4704 partem
518 4612 943 4704 offerebant.De
964 4614 1067 4671 illa
1087 4622 1280 4672 autem
1306 4618 1565 4674 Herculis
1588 4621 1933 4688 decima,sa-
2042 4631 2113 4684 de
2162 4629 2253 4683 his
2302 4644 2491 4700 agere,
2525 4626 2649 4698 qui,
2680 4643 2811 4682 cum
2869 4626 3079 4698 plebeii
3134 4630 3399 4704 vilesque
3428 4632 3697 4690 homines

221 4702 517 4770 oriﬁcio,
573 4706 629 4757 et
672 4702 844 4773 epulo
899 4704 1118 4760 videsis
1152 4706 1487 4775 Vareonem,
1523 4708 1932 4781 Plutarchum,
2037 4720 2574 4787 essent,noatuque
2606 4730 2708 4786 per
2738 4715 2945 4771 urbem
2974 4702 3443 4784 ambularent.ad
3468 4722 3698 4777 fumum

220 4790 1237 4864 Macrobium,quietpotlucibilem
1256 4812 1464 4852 cenam
1483 4799 1723 4870 appellat
1746 4799 1933 4871 (Varr.
2041 4822 2216 4862 cene
2266 4805 2517 4877 opipare
2570 4804 2715 4861 festo
2764 4806 3061 4877 Serapidis
3118 4808 3421 4867 instructe
3481 4811 3701 4868 excita-

220 4881 344 4937 lib.
380 4899 424 4936 ν
452 4880 536 4935 de
557 4880 715 4949 ng.
735 4882 854 4937 Lat.
882 4899 1013 4953 pag.
1032 4884 1135 4952 58;
1161 4884 1673 4956 Plutarch.Quaesl.
1699 4890 1929 4946 Roman.
2050 4898 2285 4962 bantur,
2319 4898 2373 4950 et
2404 4895 2474 4949 ad
2507 4910 2635 4949 eam
2696 4896 3080 4952 accurrebant
3105 4901 3127 4952 P
3156 4899 3329 4955 Porro
3358 4904 3555 4957 autem
3584 4901 3705 4956 haec

219 4987 385 5043 pag.
417 4970 573 5062 2€_57;
601 4968 1055 5062 Macrob-llb-rm
1082 4972 1361 5030 Saturnal.
1398 4992 1525 5047 cap.
1554 4978 1716 5047 12,15
1737 4983 1793 5033 et
1821 4980 1929 5051 17).
2044 4986 2199 5043 festa
2230 4988 2287 5039 et
2315 5001 2480 5039 sacra
2533 4984 2793 5055 Serapis,
2826 5000 2931 5039 seu
2961 4988 3261 5059 Serapide,
3294 4990 3381 5045 vel
3411 4989 3704 5062 Serapidis

217 5058 528 5151 Quantis
560 5075 730 5151 porro
764 5061 1102 5151 sumptibus
1135 5069 1458 5134 pararetur,
1492 5066 1765 5122 tabularii
1794 5084 1930 5140 «ςαρ-
2052 5076 2172 5131 sive
2202 5074 2375 5129 Isidis
2424 5073 2735 5145 appellata,
2770 5072 3036 5131 solebant
3085 5058 3289 5135 mense
3344 5079 3514 5151 aprili
3552 5058 3703 5136 cele-

211 5149 571 5223 putabunt,
605 5149 699 5219 qui
731 5149 999 5205 videlicet
1042 5151 1343 5209 civitatum
1392 5159 1449 5210 et
1496 5156 1931 5227 provinciarum

216 5240 539 5297 rationes
593 5240 1040 5310 computabant,
1074 5241 1159 5297 uti
1203 5242 1389 5314 liquet
1421 5260 1490 5299 ex
1521 5246 1722 5302 codice
1751 5247 1932 5303 Theo-

212 5331 548 5395 dosiano,
581 5327 679 5382 ubi
711 5345 866 5384 unus
898 5335 988 5385 est
1017 5330 1082 5385 de
1112 5332 1408 5388 tabulariis
1452 5333 1680 5390 titulus.
1714 5342 1935 5393 Auctor

210 5422 471 5492 itaque
515 5421 711 5472 noster
738 5417 1032 5490 significat
1060 5424 1257 5477 tantos
1284 5422 1468 5478 fuisse
1499 5423 1709 5480 harum
1742 5442 1933 5482 cena-

212 5526 379 5567 rum
413 5510 808 5577 sumptus,ut
830 5506 940 5563 soli
962 5509 1182 5580 publici
1206 5511 1933 5587 tabularii,computandis

210 5594 562 5661 maximis
591 5611 983 5668 expensarum
1009 5601 1260 5659 summis
1291 5603 1625 5674 assuefacti,
1656 5604 1790 5662 illos
1820 5623 1932 5662 nu-

2048 5163 2224 5220 brari.
2258 5164 2368 5219 Sed
2402 5164 2473 5218 de
2505 5162 2596 5218 his
2624 5162 2685 5218 in
2733 5164 3140 5235 superioribus
3188 5168 3707 5225 dissertationibus

2046 5272 2079 5310 a
2138 5253 2306 5310 nobis
2365 5258 2558 5309 actum
2605 5255 2695 5308 est
2754 5252 3061 5325 (Dissertat.
3121 5256 3183 5310 in
3266 5258 3459 5315 Minut.
3521 5258 3704 5315 Οειαυο

2045 5360 2169 5415 cap.
2203 5343 2293 5410 22,
2330 5347 2440 5397 art.
2476 5342 2549 5412 1).

2114 5431 2433 5503 Sparteolis
2480 5432 2708 5503 pejores
2742 5431 2945 5503 procul
2993 5434 3175 5493 dubio
3228 5442 3395 5495 erant
3446 5437 3693 5509 parasiti

2044 5521 2307 5577 omnium
2364 5536 2700 5577 mensarum
2758 5521 3090 5594 turpissimi
3137 5528 3393 5594 assecle,
3427 5528 3524 5597 qui
3564 5523 3702 5599 affe-

2042 5614 2213 5684 ctant,
2246 5609 2441 5684 inquit
2467 5615 2689 5669 Auctor
2718 5616 2936 5683 noster,
2966 5600 3047 5671 ad
3072 5616 3327 5688 gloriam
3353 5614 3703 5687 famulandae
