4118 6182
511 308 655 371 1031

1066 306 1591 369 TERTUILIANI
1637 301 1957 368 OPERUM
2006 305 2203 365 pass
2250 298 2294 362 1.
2329 336 2406 348 —
2436 303 2711 365 SERIES
2758 306 2803 373 1,
2850 285 3440 366 APOLOGETICA.‘

3695 305 3822 368 1032

515 443 792 499 libertatis
847 442 948 497 sub
995 445 1405 497 auctoramento
1455 441 1823 513 (Tertullian.
1883 440 2156 511 Apologet.
2190 441 2242 507 Α
2275 441 2449 510 atque
2498 437 2722 505 habitu,
2758 438 2987 507 invidia,
3035 438 3224 509 inquit
3270 435 3642 505 Tertullianus,
3670 441 3827 495 erlum

511 549 638 604 cap.
670 532 758 601 39,
796 548 927 603 pag.
967 532 1112 602 475),
1158 533 1213 586 id
1267 536 1373 598 est,
1410 533 1906 602 quemadmodum
1957 546 2025 584 ex
2073 529 2155 583 ei-

507 636 735 687 cerone,
787 620 1064 675 Suetonio
1116 620 1363 690 aliisque
1395 620 1713 692 colligitur,
1748 619 1912 690 quasi
1937 619 2157 690 stipen-

510 709 627 779 dio,
660 709 843 780 pretio
896 716 954 764 et
1011 710 1277 765 mercede
1338 711 1538 764 ventris
1594 712 1744 762 inter
1796 707 2157 763 contumelias

507 798 807 867 saginandi
837 798 1039 870 (Cicer.
1077 798 1176 850 lib.
1221 815 1237 851 1
1282 797 1348 851 de
1395 798 1537 865 offic.
1592 814 1723 869 pag.
1762 797 1887 865 3‘72,
1941 797 2044 849 lin.
2080 798 2150 863 3;

506 887 746 944 Sueten.
780 886 880 942 lib.
914 904 977 941 111
1016 889 1112 942 Vit.
1152 888 1322 941 Tiber.
1355 886 1384 957 ξ
1421 888 1497 953 7).
1533 886 1655 940 Alio
1688 893 1880 941 autem
1916 886 1972 939 in
2006 886 2153 939 libro

506 990 605 1033 eos
638 982 799 1033 vocat
831 978 1031 1031 ventris
1079 978 1381 1047 cperarios,
1430 992 1579 1046 quos
1621 974 1900 1046 patientia
1947 991 1980 1028 a
2029 974 2153 1027 dia-

509 1066 638 1122 bolo
696 1065 980 1137 inspirata
1034 1065 1442 1121 contumeliosis
1514 1066 1763 1135 patronis
1815 1064 2155 1133 subjectione

506 1155 772 1211 libertatis
803 1154 1012 1210 addicit
1045 1153 1305 1225 (Tertull.
1339 1154 1402 1209 de
1425 1155 1663 1224 patient.
1715 1154 1825 1207 sub
1876 1153 1975 1206 ﬁn.
2021 1169 2149 1223 cap,

505 1246 613 1313 16).
665 1245 776 1300 Sed
826 1244 976 1299 hanc
1030 1243 1543 1314 ignavissimorum
1580 1242 1885 1297 hominum
1920 1250 2151 1313 gentem

504 1349 623 1404 prie
654 1332 874 1387 caeteris
906 1332 1181 1404 graphice
1211 1332 1520 1385 Terentius
1552 1330 1836 1401 depingit,
1872 1347 2045 1401 quem
2102 1329 2151 1384 si

503 1422 663 1476 adire
716 1427 767 1475 to
823 1437 936 1475 non
990 1420 1204 1490 pigeat,
1253 1423 1411 1489 quod
1456 1422 1511 1474 in
1562 1419 1903 1474 Tertulliani
1959 1419 2150 1474 verbis

500 1510 817 1565 obscurum
880 1510 1154 1575 invenies,
1188 1510 1538 1580 explicatum
1600 1509 1843 1564 habebis
1896 1510 2147 1575 (Terent.

498 1599 745 1653 Eunurh.
773 1604 881 1653 act.
920 1598 986 1668 ΙΙ,
1020 1615 1176 1652 scen.
1217 1602 1297 1667 ιι).

572 1690 652 1743 Ab
684 1687 775 1742 his
819 1688 1019 1758 utique
1051 1688 1327 1743 omnibus
1360 1688 1502 1743 adeo
1534 1687 1942 1760 intemperatis
1983 1703 2048 1741 ac
2078 1684 2147 1739 li-

498 1776 786 1833 bidinosis
826 1777 1193 1832 ethnicorum
1239 1777 1418 1832 ccenis
1478 1784 1534 1832 et
1582 1777 1858 1833 conviviis
1918 1776 2150 1847 penitus

500 1866 893 1922 abhorrebant
945 1866 1280 1932 Christiani,
1338 1867 1434 1936 qui
1516 1883 1728 1937 corpus
1797 1881 1970 1921 suum
2030 1870 2149 1919 tam

498 1954 691 2027 longis
725 1954 1029 2025 durisque,
1082 1956 1233 2011 sicut
1273 1956 1556 2021 diximus,
1582 1956 1832 2026 jejuuiis
1893 1970 2149 2009 macera—

496 2043 659 2115 bant,
683 2048 740 2099 et
761 2060 1012 2115 quorum
1034 2061 1199 2098 coena
1228 2043 1467 2097 omnino
1498 2042 1743 2116 frugalis
1766 2048 1821 2099 et
1844 2043 2149 2098 modestis-

495 2132 649 2189 sime.
677 2137 820 2202 erat,
855 2134 938 2188 uti
974 2138 1173 2205 postea
1203 2134 1599 2189 ostendemus.

1117 2293 1432 2332 ARTICULUS
1474 2294 1534 2331 II.

498 2368 676 2435 Quam
710 2368 923 2421 diversa
970 2372 1198 2437 [uerunt
1248 2368 1661 2435 pmnitentialia
1709 2366 2150 2422 Christianorum

564 2456 628 2493 ac
655 2442 949 2509 geniilium
977 2455 1164 2508 opera,
1209 2440 1402 2508 quibus
1431 2440 1521 2492 illi
1549 2439 1742 2491 cru/um
1780 2438 1985 2491 invidia
2020 2445 2151 2491 tun-

565 2513 849 2574 debant,hi
875 2528 1000 2565 vero
1035 2511 1221 2581 impiis
1250 2510 1735 2582 superstitionibus
1765 2526 1959 2564 verum
1980 2510 2152 2563 Deum

568 2598 792 2653 semper,
816 2584 1143 2637 irritabant.

573 2708 728 2762 Satis
770 2707 1119 2762 Christianis
1151 2725 1263 2762 non
1300 2706 1408 2762 fuit
1438 2724 1552 2762 non
1586 2707 1775 2763 solum
1810 2706 2059 2777 publicis
2090 2706 2149 2760 in

501 2796 957 2857 calamitatibus,
993 2797 1091 2850 sed
1155 2796 1286 2851 aliis
1337 2797 1511 2851 etiam
1562 2796 1769 2851 diebus
1803 2801 1917 2850 tam
1953 2811 2152 2850 severa

501 2889 853 2956 austeraque
901 2885 1255 2955 jejuniorum
1288 2885 1687 2940 observetione
1720 2885 1863 2939 iram
1901 2884 1994 2938 Dei
2030 2882 2148 2955 pla-

506 2993 671 3045 care;
707 2979 807 3032 sed
840 2977 899 3031 in
926 2993 1077 3032 sacco
1107 2977 1304 3044 etiam,
1329 2977 1411 3032 ait
1439 2975 1855 3043 Tertullianus,
1886 2979 1940 3029 et
1968 2976 2154 3029 cinere

502 3069 819 3123 volutantes
845 3066 1020 3138 (male
1049 3066 1107 3121 in
1140 3068 1372 3121 duobus
1396 3066 1821 3133 antiquioribus
1853 3064 2153 3119 codicibus

506 3158 725 3213 nostris
780 3157 1127 3225 volvitantes,
1190 3156 1383 3210 littera
1432 3158 1452 3209 i
1511 3161 1861 3225 praepostere
1913 3152 2150 3223 addita),

501 3247 715 3301 invidie
798 3246 994 3300 caelum
1082 3244 1365 3300 tundimus
1440 3243 1803 3310 (Tertullian.
1883 3243 2149 3312 Apologet.

503 3352 630 3407 cap.
663 3335 752 3403 40,
804 3351 934 3405 pag.
988 3335 1136 3405 487).
1184 3335 1329 3388 Tum
1382 3333 1581 3402 itaque
1626 3338 1806 3387 Deum
1843 3331 2158 3410 excreturi,

513 3441 644 3481 sese
671 3424 1014 3479 volutabant
1045 3425 1101 3479 in
1135 3439 1302 3478 sacco
1324 3428 1379 3477 et
1411 3423 1622 3487 cinere,
1648 3440 1760 3476 non
1786 3438 1951 3476 secus
1984 3426 2158 3491 atque

503 3514 602 3569 alii
629 3514 729 3585 qui
761 3512 1054 3583 publicam
1090 3514 1161 3567 ob
1222 3512 1413 3567 scelus
1470 3527 1643 3582 grave
1687 3510 1921 3581 aliquod
1965 3511 2018 3563 in
2054 3515 2156 3563 Ec-

501 3602 702 3657 clesiis
773 3602 1167 3671 paenitentiam
1247 3602 1516 3671 agebant.
1580 3601 1791 3654 Horum
1864 3602 2154 3656 enimvero

498 3713 530 3741 «
560 3690 893 3761 disciplina,
928 3690 1081 3745 sicut
1133 3690 1270 3745 alibi
1303 3696 1522 3744 Auctor
1564 3695 1760 3743 noster
1788 3690 2050 3759 tradidit,
2084 3692 2154 3745 de

494 3778 623 3850 ipso
655 3777 882 3846 habitu,
942 3785 1116 3850 atque
1166 3780 1339 3848 victu,
1375 3780 1613 3833 mandat
1645 3794 1811 3832 sacco
1865 3783 1920 3833 et
1972 3778 2150 3832 cineri

493 3867 793 3937 incubare,
813 3886 1029 3940 corpus
1050 3871 1324 3925 sordibus
1358 3870 1692 3935 obscurare,
1718 3869 1979 3922 animum
2018 3886 2150 3923 mce-

490 3959 724 4013 roribus
780 3958 1034 4029 dejicere
1086 3980 1114 4008 ››
1177 3959 1377 4029 (Idem.
1434 3958 1497 4014 de
1552 3960 1752 4013 Pwnit.
1804 3974 1930 4028 cap.
1970 3958 2044 4028 9).
2081 3958 2150 4011 Et

490 4047 664 4119 paulo
699 4052 828 4118 post
871 4064 883 4102 :
918 4070 945 4096 ‹‹
984 4051 1156 4102 Extra
1210 4048 1471 4102 laetitiam
1504 4051 1729 4119 oportet
1755 4046 2054 4110 diversari,
2090 4046 2146 4099 in

490 4136 892 4207 asperitudine
938 4136 1112 4203 sacci,
1166 4140 1222 4191 et
1274 4137 1509 4191 horrore
1557 4136 1789 4201 cineris,
1824 4140 1879 4189 et
1911 4133 2028 4189 oris
2077 4143 2147 4189 de

480 4224 710 4295 jejunio
742 4226 1002 4280 vanitate
1036 4249 1056 4277 ι
1100 4226 1307 4296 (Idem,
1357 4226 1500 4280 ibid.
1544 4242 1668 4295 cap.
1721 4225 1829 4295 11).
1880 4228 1946 4277 Et
1992 4229 2145 4279 certe

487 4313 809 4385 Cyprianus
860 4314 1058 4385 lapsos
1106 4316 1177 4369 ad
1232 4314 1639 4386 pcenitentiam
1677 4313 1769 4367 his
1816 4312 2007 4367 verbis
2040 4313 2143 4367 ad-

486 4401 758 4457 hortatur
792 4420 803 4458 :
838 4426 864 4453 ‹‹
902 4409 1080 4459 Orare
1146 4409 1373 4474 oportet
1424 4402 1751 4474 impensius
1806 4408 1863 4457 et
1920 4418 2141 4472 rogare,

489 4489 644 4544 diem
702 4491 860 4546 luctu
917 4496 1262 4563 transigere,
1297 4491 1509 4562 vigiliis
1552 4496 1749 4547 noctes
1799 4508 1863 4545 ac
1907 4491 2142 4546 ﬂetibus

2181 1823 2228 1886 B

2266 529 2581 584 tundebant
2612 528 2874 599 (Tertull.
2925 530 3208 601 Apologet.
3257 545 3376 599 cap.
3437 528 3513 598 40,
3558 545 3669 601 pag.
3708 531 3827 598 487).

2265 616 2325 670 Si
2357 618 2496 687 quid
2531 623 2729 673 autem
2763 635 2974 674 nomen
3006 618 3217 673 invidia
3248 617 3592 673 obscuritatis
3638 619 3704 672 ibi
3744 618 3829 674 ha-

2267 706 2420 772 beat,
2456 708 2592 764 huic
2622 708 2813 764 lucem
2844 710 3103 781 aliquam
3138 710 3336 764 allerre
3368 714 3593 778 possunt
3615 725 3690 773 ea,
3730 725 3828 779 quis

2265 795 2335 849 de
2370 796 2639 867 ipsismet
2671 798 2921 853 ethnicis
2965 797 3102 853 alibi
3156 797 3389 852 tradidit
3418 815 3430 851 :
3462 820 3486 846 ‹‹
3516 799 3661 868 Apud
3690 814 3830 867 quas-

2263 884 2398 938 dam
2431 884 2690 941 colonias
2722 904 2918 941 annuo
2969 887 3080 940 ritu
3139 886 3289 942 sacci
3347 886 3528 953 velati,
3579 890 3629 941 et
3677 885 3830 942 cinere

2262 974 2583 1044 conspersi,
2642 975 2815 1031 idolis
2873 978 2997 1031 suis
3058 976 3333 1030 invidiam
3385 975 3676 1047 supplicem
3717 976 3830 1045 obji-

2263 1061 2443 1117 ciunt.
2482 1105 2494 1117 .
2531 1105 2543 1118 .
2582 1104 2594 1116 .
2636 1063 3013 1120 Niniviticum
3045 1066 3216 1120 credo
3238 1064 3545 1135 justitiam.
3577 1086 3601 1112 »
3630 1068 3697 1119 De
3728 1080 3833 1118 saa-

2262 1151 2370 1206 ctis
2402 1169 2534 1208 vero
2567 1154 2922 1225 martyribus
2953 1154 3172 1209 nostris
3208 1172 3220 1209 :
3258 1176 3285 1203 ‹‹
3315 1155 3565 1208 Clamant
3590 1153 3653 1207 ad
3680 1151 3834 1207 Domi-

2261 1257 2403 1295 num
2440 1242 2657 1297 invidia
2682 1242 2891 1298 animas
2924 1249 3245 1314 martyrum
3277 1244 3382 1298 sub
3413 1241 3831 1306 altarizouonam

2260 1345 2451 1401 usque
2483 1348 2596 1385 non
2630 1331 2948 1402 ulcisceris,
2973 1332 3236 1401 Domine,
3261 1331 3588 1402 sanguinem
3617 1336 3834 1385 nostrum

2262 1418 2332 1473 de
2364 1418 2570 1474 incolis
2602 1419 2812 1475 terrae?
2846 1444 2872 1469 »
2902 1421 3087 1493 (Idem
3118 1423 3186 1476 de
3217 1420 3364 1475 Orat.
3395 1436 3515 1491 cap.
3544 1419 3615 1488 5.)
3644 1418 3834 1473 Illorum

2260 1508 2434 1561 etiam
2487 1509 2787 1564 cicatrices
2845 1516 3009 1564 vocat
3060 1509 3365 1564 invidiosus
3414 1507 3549 1578 apud
3592 1507 3835 1569 Christum,

2259 1599 2356 1666 qui
2414 1599 2605 1653 vicisse
2660 1602 2950 1670 cupierunt
3007 1600 3190 1671 (Idem
3223 1600 3296 1654 De
3340 1600 3565 1653 Pudicit.
3621 1598 3673 1650 in
3722 1597 3834 1662 (‘10.).

2260 1686 2409 1751 Quin
2445 1688 2621 1742 etiam
2655 1689 2725 1743 de
2775 1689 3092 1760 semetipso
3144 1687 3412 1744 similiter
3466 1687 3600 1742 dixit
3629 1702 3640 1740 :
3669 1709 3692 1735 «
3722 1685 3837 1740 Malo

2264 1775 2543 1832 invidiam
2576 1777 2648 1843 ei,
2683 1777 2799 1833 Deo
2846 1778 3132 1847 videlicet,
3166 1778 3353 1833 facere
3400 1793 3495 1847 per
3542 1775 3836 1831 voluntatem

2258 1864 2446 1936 ipsius
2480 1867 2998 1937 pereund0,quam
3024 1867 3200 1922 bilem
3226 1883 3329 1940 per
3354 1881 3540 1922 meum
3570 1863 3836 1920 eradenda»

2257 1956 2443 2023 (Idem
2504 1958 2569 2011 de
2622 1959 2752 2028 Iv‘ug.
2811 1959 2869 2012 in
2926 1974 3125 2029 persec.
3185 1975 3316 2030 cap.
3368 1960 3472 2028 18).
3505 1955 3639 2021 Quid
3666 1954 3839 2026 plura?

2257 2044 2473 2099 Statius
2514 2046 2613 2101 ubi
2648 2052 2892 2102 mortem
2949 2046 3129 2118 patris
3179 2047 3461 2118 deplorat,
3492 2046 3603 2101 haec
3633 2041 3835 2099 cecinit:

2352 2168 2523 2234 Major
2550 2174 2694 2219 certe
2726 2171 2859 2221 alios
2887 2185 3111 2234 superos
3141 2175 3195 2220 et
3219 2175 3419 2220 tartara
3449 2169 3643 2234 pulsem

2353 2231 2577 2283 laudm.
2603 2295 2753 2357 (Stat.
2786 2294 2877 2345 lib.
2914 2310 2961 2343 Ix
2994 2295 3205 2359 Sylvar.
3244 2298 3299 2346 in
3326 2297 3488 2361 patris
3518 2292 3726 2360 Epiced.)

2259 2436 2511 2491 Rursum
2547 2442 2742 2493 autem
2776 2439 2834 2492 in
2868 2439 2972 2493 filii
3005 2439 3279 2511 Epicedio
3316 2456 3329 2496 :

2354 2614 2371 2645 ε
2600 2615 2615 2629 .
2686 2617 2697 2629 .
2766 2582 2957 2630 Nonne
2986 2581 3238 2631 horridus
3268 2583 3415 2645 ipsos

2352 2642 2560 2708 Invidia
2591 2657 2815 2705 superos
2844 2645 3151 2708 injustaque
3178 2642 3378 2694 tartara
3412 2642 3645 2707 pulsem?

2354 2705 2543 2755 Nonne
2572 2721 2782 2769 gemam
2810 2712 2881 2766 te,
2913 2705 3079 2758 chare
3099 2711 3276 2771 puer?
3414 2705 3421 2707 ἡ
3630 2765 3772 2824 (Ibid)

2260 2889 2334 2941 At
2364 2902 2505 2940 sane
2544 2891 2776 2941 constat
2819 2904 3029 2943 nomen
3062 2886 3294 2942 invidiae
3329 2887 3400 2943 iis
3430 2886 3684 2943 omnibus
3708 2882 3755 2937 in
3781 2881 3843 2935 lo-

2260 2976 2345 3031 cis
2377 2993 2491 3031 non
2524 2977 2821 3031 communi
2867 2976 3027 3032 illius
3058 2976 3395 3049 significatu
3430 2977 3600 3047 accipi
3632 2990 3719 3045 pro
3744 2970 3843 3026 odio

2259 3069 2317 3120 et
2346 3064 2773 3127 malevolentia,
2807 3070 2907 3121 aut
2939 3067 3007 3120 de
3039 3068 3340 3138 prosperis
3372 3066 3684 3138 cujuspiam
3709 3062 3846 3117 rebus

2264 3154 2481 3208 dolore.
2513 3154 2657 3208 Nam
2692 3154 2806 3210 ista
2834 3155 2892 3209 in
2926 3156 3106 3210 Deum
3141 3172 3246 3210 nec
3286 3157 3521 3221 cadunt,
3544 3170 3640 3209 nec
3669 3152 3731 3206 iis
3755 3155 3845 3203 tan-

2269 3243 2447 3314 gitur,
2495 3249 2597 3298 aut
2643 3244 2927 3298 excitatur
2974 3245 3043 3299 ad
3097 3244 3576 3301 misericordiam.
3626 3245 3686 3296 Et
3731 3241 3847 3295 certe

2268 3331 2463 3387 Cicero
2515 3332 2732 3388 fatetur
2774 3334 3118 3405 ambiguum
3174 3350 3305 3389 esse
3354 3350 3559 3389 nomen
3609 3329 3844 3385 invidia:

2267 3442 2296 3470 ‹‹
2332 3422 2491 3486 Quod
2526 3423 2791 3489 verbum,
2842 3421 3051 3492 inquit,
3094 3423 3340 3478 ductum
3391 3428 3479 3478 est
3523 3439 3555 3477 a
3600 3418 3753 3475 nimis
3777 3415 3846 3469 in-

2263 3512 2482 3564 tuendo
2514 3511 2807 3564 fortunam
2835 3511 3096 3582 alterius,
3130 3516 3197 3566 ut
3222 3517 3315 3567 est
3338 3512 3395 3566 in
3430 3510 3765 3581 Menalippo:

2386 3643 2591 3693 Florem
2621 3645 2869 3707 quisnam
2899 3645 3124 3694 liberum
3154 3646 3352 3697 invidit
3378 3660 3551 3696 meum
3570 3648 3593 3693 ?

2259 3778 2404 3834 Male
2436 3779 2633 3834 Latine
2664 3780 2909 3846 videtur,
2941 3781 3039 3835 sed
3074 3780 3355 3851 praeclare
3386 3782 3574 3836 Actius
3604 3795 3617 3833 :
3649 3780 3705 3831 ut
3730 3771 3848 3828 enim

2260 3868 2475 3935 videre,
2505 3868 2588 3922 sic
2622 3868 2881 3922 invidere
2910 3870 3102 3938 ﬂorem
3132 3871 3372 3935 rectius,
3409 3885 3582 3941 quam
3608 3867 3721 3937 [lori
3745 3859 3853 3916 dici-

2258 3962 2373 4011 tur.
2434 3957 2550 4011 Nos
2599 3959 3025 4011 consuetudine
3074 3957 3459 4028 prohibemur
3516 3974 3529 4012 :
3589 3960 3738 4028 poeta
3780 3952 3853 4017 jus

2258 4062 2433 4100 suum
2492 4046 2701 4113 tenuit,
2754 4051 2812 4101 et
2860 4045 3026 4115 dixit,
3076 4046 3364 4102 audacius
3398 4070 3426 4098 »
3469 4047 3662 4118 (Cicer.
3691 4042 3774 4097 lib.
3808 4051 3854 4090 I11

2262 4136 2474 4190 Tuscui.
2519 4150 2649 4207 pag.
2690 4134 2806 4201 151,
2839 4134 2943 4191 lin.
2978 4135 3088 4205 40).
3124 4135 3269 4199 Quid
3314 4152 3455 4208 ergo
3503 4136 3551 4191 si
3596 4127 3853 4189 Tertullia-

2256 4242 2367 4279 nus
2410 4240 2622 4279 nomen
2678 4224 2906 4279 invidia;
2955 4225 3179 4294 eodem,
3213 4231 3389 4295 atque
3450 4225 3662 4289 Aetius,
3714 4229 3854 4276 sensu

2254 4312 2562 4384 acceperit,
2615 4329 2716 4383 pro
2787 4313 3028 4383 intuitu,
3096 4314 3225 4368 visu
3285 4320 3346 4369 et
3406 4319 3638 4386 aspectu
3692 4302 3851 4364 miseri

2253 4406 2447 4458 status
2478 4407 2535 4457 et
2576 4401 2812 4457 habitus
2856 4402 3265 4473 pmnitentium
3295 4404 3757 4463 christianorum,
3776 4389 3855 4464 qui

2252 4507 2317 4546 eo
2349 4491 2604 4545 divinam
2640 4490 3100 4545 misericordiam
3150 4496 3395 4563 tangere
3436 4509 3503 4548 ac
3544 4494 3857 4547 commovere

490 4578 723 4643 ducere,
759 4583 993 4650 tempus
1025 4598 1195 4636 omne
1238 4580 1582 4652 lacrymosis
1629 4580 2147 4635 lamentationibus
2177 4565 2222 4629 D
2256 4580 2751 4635 connitebantur?
2780 4578 3149 4650 (Tertullian.
3182 4581 3465 4652 Apologet.
3499 4596 3622 4651 cap.
3644 4576 3721 4642 40,
3749 4583 3855 4643 pag-

491 4682 796 4737 occupare,
876 4673 1060 4724 strato
1137 4669 1260 4725 solo
1337 4671 1485 4723 941
1559 4669 1874 4734 adhaerere,
1934 4669 2135 4736 cineri,

490 4752 681 4811 cilicio
763 4757 929 4827 (alias
988 4760 1051 4813 in
1110 4761 1293 4814 cinere
1345 4769 1396 4814 et
1461 4760 1691 4831 cilicio),
1742 4766 1797 4814 et
1866 4758 2138 4813 sordibus

489 4843 741 4900 volutari
776 4869 802 4895 ››
846 4846 1137 4918 (Cyprian.
1170 4848 1235 4903 de
1281 4850 1438 4919 Laps.
1475 4849 1582 4903 sub
1617 4848 1763 4918 tin.).
1797 4849 1868 4902 At
1898 4864 2010 4901 non
2045 4864 2137 4902 so-

491 4930 614 4986 lum
651 4935 913 4990 criminis
940 4936 1191 5007 alicujus
1226 4954 1371 5001 reos,
1406 4937 1502 4991 sed
1553 4936 1695 4991 alios
1746 4953 1975 5007 quoque
2024 4935 2134 4990 hu—

482 5022 814 5093 juscemodi
852 5027 1251 5095 paenitentiam
1300 5029 1489 5097 egisse
1538 5030 1692 5097 patet
1732 5043 1799 5080 ex
1831 5042 1943 5079 una
1978 5024 2133 5080 Cele-

488 5109 602 5164 rini
663 5112 817 5167 edita
877 5114 1027 5169 inter
1072 5116 1445 5186 Cyprianicas
1500 5114 1766 5185 epistola,
1803 5130 1919 5185 qua
1959 5113 2134 5185 lapsas

488 5200 706 5257 sororis
729 5220 845 5257 suae
879 5203 1098 5258 crimen
1131 5205 1214 5259 sic
1246 5222 1306 5258 se
1338 5204 1544 5258 deﬂere
1570 5204 1914 5258 testiﬁcatur
1938 5219 1950 5256 :
1977 5225 2002 5252 ‹‹
2032 5203 2133 5257 Pro

487 5289 660 5357 cujus
694 5291 861 5346 factis
892 5308 996 5364 ego
1019 5292 1078 5347 in
1113 5292 1311 5347 laetitia
1338 5292 1573 5346 Pascha:
1598 5297 1760 5357 ﬂens,
1786 5292 1877 5346 die
1910 5308 1974 5345 ac
2004 5307 2135 5346 noc-

485 5377 631 5432 tein
667 5379 855 5436 cilicio
886 5388 941 5435 et
982 5381 1172 5435 cinere
1222 5380 1719 5450 lycrymabundus
1776 5380 1898 5434 dies
1945 5381 2129 5451 exegi,

484 5468 542 5522 et
576 5467 741 5539 exigo
774 5486 963 5540 usque
994 5470 1052 5524 in
1087 5467 1433 5522 hodiernum
1486 5490 1514 5517 »
1575 5468 1779 5538 (Idem,
1814 5468 1985 5540 epist.
2018 5470 2127 5538 21).

567 5561 767 5617 Castori
826 5559 1027 5627 itaque
1082 5556 1418 5622 Christiani,
1460 5558 1569 5612 etsi
1616 5557 1835 5612 nullius
1893 5558 2130 5613 sceleris

483 5650 727 5721 conscii,
759 5647 1131 5722 publicorum
1194 5652 1387 5703 tamen
1447 5646 1854 5719 paenitentiam
1901 5648 2128 5703 actibus

2248 4668 2395 4737 1187.)

2319 4757 2541 4827 Negare
2566 4760 2759 4811 autem
2786 4772 2899 4810 non
2936 4774 3251 4827 possumus
3284 4759 3356 4813 ab
3390 4756 3635 4813 ethnicis
3663 4760 3857 4825 quoque

2248 4852 2375 4901 acta
2405 4845 2671 4916 quaedam
2706 4844 2763 4897 in
2798 4845 3047 4915 publicis
3078 4846 3516 4902 calamitatibus
3550 4836 3855 4917 poenitentia

2246 4936 2399 4991 942
2445 4950 2640 5006 opera,
2693 4933 2908 5005 quibus
2968 4935 3107 4991 deos
3148 4953 3286 4991 suos
3343 4936 3594 4996 ﬂectere,
3651 4941 3703 4986 et
3752 4926 3855 4980 illos

2246 5024 2437 5080 sedari
2493 5039 2663 5095 posse
2722 5022 3182 5078 arbitrabantur.
3224 5025 3373 5079 Tum
3408 5024 3564 5080 enim
3597 5015 3852 5091 aquilicia,

2246 5112 2644 5184 nudipedalia,
2716 5111 2930 5181 populo
3006 5114 3455 5179 denuntiabant,
3530 5104 3852 5180 deponebant

2246 5202 2630 5271 magistratus
2653 5203 2710 5254 et
2735 5198 3086 5269 dignitatum
3115 5218 3355 5257 suarum
3381 5194 3853 5273 insignia,aliaqu6

2244 5292 2513 5363 agebant,
2547 5289 2617 5342 de
2648 5288 2862 5358 quibus
2905 5291 3183 5345 omnibus
3240 5292 3390 5345 intra
3438 5302 3674 5361 agemus
3718 5279 3848 5346 (latr.

2243 5397 2367 5451 cap.
2419 5379 2510 5449 23,
2561 5383 2669 5433 art.
2721 5378 2794 5448 4).
2846 5378 2955 5432 Sed
3015 5379 3281 5434 factitum
3337 5379 3565 5445 Jovem,
3623 5373 3849 5440 aliosque

2243 5468 2337 5540 qui
2374 5469 2451 5523 dii
2484 5483 2598 5522 non
2648 5470 2834 5531 erant,
2870 5483 3172 5537 perperam
3204 5466 3552 5523 invocabant
3597 5466 3651 5517 et
3681 5470 3849 5531 preca-

2240 5558 2474 5621 bantur,
2508 5570 2707 5609 verum
2756 5554 2969 5609 etenim
3026 5555 3209 5611 Deum
3258 5555 3457 5627 impiis
3508 5551 3623 5607 illis
3650 5546 3850 5605 actibus

2239 5651 2297 5704 et
2346 5643 2868 5719 superstitionibus
2918 5644 3236 5715 irritantes,
3271 5643 3416 5701 nihil
3465 5632 3847 5715 proculdubio
