4118 6182
360 249 515 311 1033

1268 249 1344 307 D.
1391 247 1487 307 LE
1528 248 1858 311 NOURRY
1896 250 2547 313 OBSERVATIONES
2593 254 2857 315 ΝονιΕ.

3608 251 3767 313 1034

357 380 430 435 ab
461 395 547 447 eo,
583 377 865 433 sicutnec
894 394 927 433 a
959 376 1121 433 falsis
1154 376 1265 433 diis
1296 377 1444 443 suis,
1499 381 1765 450 poterant
1814 378 1999 451 impe-
2030 381 2083 447 Α
2114 396 2246 451 pag.
2302 382 2442 450 liii;
2495 382 2672 453 idem,
2722 382 2790 438 de
2836 381 2983 438 Orat.
3039 398 3166 453 cap.
3218 383 3326 451 tt),
3378 381 3487 437 hoc
3541 385 3650 451 est,
3702 380 3762 438 in

355 472 531 524 trare.

958 580 1393 620 AWﬂCULUSIU.

359 673 474 741 Quo
535 671 842 726 Christiant
893 671 1047 728 modo
1096 677 1271 727 Deum
1315 682 1671 743 precarentur
1726 676 1847 730 sine
1894 691 2003 730 mo-

424 746 621 813 nitore,
655 745 911 815 expansis
941 743 1010 798 ad
1061 744 1255 799 caelum
1282 745 1561 813 manibus,
1613 747 1789 815 capite
1831 747 1997 812 nudo,

424 818 615 871 anima
663 816 1187 891 innccente,__atqae
1244 816 1314 870 ad
1372 818 1639 891 orientem
1722 821 1999 891 conversi,

425 903 719 961 quamque,
748 887 1011 961 dis.simiti
1066 890 1278 942 ratione
1336 888 1543 943 ethnici
1588 888 1711 944 deos
1761 906 1906 961 suos,
1940 887 2002 945 ac

424 967 613 1016 Persae
643 959 809 1014 solem
838 960 1091 1014 adorent.

425 1075 744 1132 Christiani
790 1075 906 1141 his,
961 1091 1085 1147 qua
1130 1075 1456 1147 retulimus,
1512 1076 1767 1133 horridis
1817 1078 2001 1151 pmni-

347 1163 545 1219 tentias
577 1163 900 1228 laboribus,
934 1181 1048 1219 non
1082 1163 1275 1220 solum
1311 1163 1677 1236 publicarum
1703 1165 2000 1221 calamita~

360 1260 481 1308 tum
516 1257 798 1323 tempore.
834 1254 935 1308 sed
985 1252 1236 1325 singulis
1284 1253 1481 1321 etiam,
1527 1258 1584 1309 et
1632 1254 1799 1310 statis
1849 1272 1995 1326 prae-

350 1342 556 1397 sertim
590 1341 1005 1411 diebus,Deum
1041 1347 1098 1398 et
1127 1359 1227 1413 pro
1258 1359 1319 1398 se
1345 1347 1401 1397 et
1432 1360 1534 1415 pro
1567 1343 1697 1399 aliis
1729 1344 1993 1413 orabant,

348 1433 473 1485 sine
500 1432 788 1500 monitore,
821 1436 886 1487 ut
911 1432 995 1487 ait
1025 1437 1225 1487 auctor
1257 1437 1474 1498 noster,
1508 1435 1607 1489 sed
1659 1434 1728 1489 de
1783 1438 1997 1506 pectore

343 1520 559 1576 intimo
588 1521 829 1591 (Tertul.
860 1522 1135 1593 Apologct.
1178 1538 1302 1592 cap.
1336 1523 1425 1588 30,
1473 1539 1605 1595 pag.
1652 1524 1796 1591 443).
1851 1524 1995 1579 Data

346 1613 550 1665 autem
584 1626 759 1682 opera
790 1610 956 1677 dixit,
986 1612 1104 1667 sine
1132 1613 1432 1679 monitore;
1469 1612 1607 1684 quia
1640 1628 1767 1666 mos
1798 1613 1992 1668 ethni-

347 1715 553 1754 corum
587 1702 733 1767 erat,
768 1703 833 1754 ut
863 1699 1076 1771 aliquis
1128 1700 1403 1756 omnibus
1456 1700 1554 1772 qui
1606 1701 1995 1772 precabantur

346 1788 585 1861 praeiret
614 1805 772 1855 voce,
804 1804 1017 1860 eosque
1059 1793 1459 1858 praemoneret.
1514 1791 1597 1844 Ad
1656 1790 1815 1845 hunc
1862 1806 1993 1845 vero

349 1893 571 1933 morem
632 1877 876 1949 quidam
953 1878 1283 1933 referendos
1354 1881 1591 1933 censent
1658 1878 1766 1934 hos
1825 1878 1994 1934 Statii

343 1984 550 2024 versus
583 1983 598 2024 ἒ

470 2086 605 2134 Hinc
635 2085 731 2150 tibi
762 2090 884 2136 vota
912 2089 1125 2149 patrum
1158 2086 1327 2150 credi,
1354 2099 1720 2150 generosaque
1755 2087 1920 2150 pubes

468 2150 537 2213 '_I'e
566 2149 830 2199 monitore
860 2148 995 2213 regi,
1025 2162 1201 2198 mores
1229 2154 1280 2199 et
1309 2148 1446 2199 facta
1475 2150 1710 2212 priorum

468 2211 673 2261 Dicere.

1085 2273 1243 2335 (Stat.
1275 2274 1367 2323 lib.
1398 2288 1431 2321 ν
1461 2273 1604 2337 Sylv.
1631 2288 1680 2322 v.
1706 2274 1832 2337 488.)

338 2379 452 2435 Sed
474 2379 555 2434 ibi
578 2396 693 2435 non
720 2380 913 2453 agitur
933 2381 1002 2436 de
1025 2379 1163 2435 ullis
1186 2381 1454 2452 precibus
1486 2380 1769 2436 monitore
1792 2378 1987 2449 aliquo

336 2473 631 2538 praeeunte
653 2469 1022 2524 recitatis.Ad
1048 2486 1146 2524 eas
1168 2472 1363 2525 autem
1385 2470 1621 2540 propius
1654 2468 1874 2523 accedit
1898 2467 1986 2523 his

336 2554 565 2611 Plinius
591 2557 783 2612 verbis
816 2573 829 2611 :
867 2578 896 2607 ιι
926 2556 1197 2612 Vidimus
1225 2559 1399 2613 certis
1430 2557 1867 2628 precationibus
1892 2556 1984 2612 ob-

332 2659 597 2699 secrasse
618 2661 885 2701 summos
904 2646 1315 2717 magistratus:
1340 2650 1393 2701 et
1418 2663 1487 2701 ne
1510 2646 1649 2717 quid
1672 2645 1981 2700 verborum

331 2737 734 2804 praetereatur,
764 2738 865 2789 aut
896 2739 1312 2805 praeposterum
1354 2734 1603 2799 dicatur,
1637 2735 1708 2789 de
1764 2734 1980 2803 scripto

327 2822 536 2893 praeire
567 2822 845 2892 aliquem,
878 2839 1205 2894 rursusque
1257 2822 1440 2879 alium
1499 2824 1802 2878 custodem
1852 2823 1976 2877 dari

324 2912 432 2984 qui
464 2912 751 2977 attendat,
781 2912 961 2967 alium
991 2928 1123 2967 vero
1178 2912 1435 2984 prieponi
1484 2911 1586 2983 qui
1636 2912 1820 2966 favere
1869 2910 1976 2965 lin-

320 3000 480 3072 guis,
547 3001 603 3055 id
662 3005 752 3057 est
810 3009 1013 3071 tacere,
1056 3001 1264 3071 jubeat
1321 3023 1348 3051 ι)
1409 3001 1582 3069 (Plin,
1634 3000 1735 3055 lib.
1798 3016 1975 3055 xxvm

317 3091 522 3145 Natur.
548 3090 683 3145 Hist.
717 3107 842 3161 cap.
874 3092 928 3156 2,
963 3108 1093 3163 pag.
1126 3090 1274 3162 556).
1308 3090 1370 3145 Si
1424 3090 1554 3161 quis
1612 3093 1811 3145 tamen
1869 3090 1970 3145 ob-

306 3177 488 3246 jiciat
516 3177 613 3232 hic
642 3178 713 3233 de
746 3178 1077 3249 praestigiis,
1108 3182 1355 3250 tumque
1388 3177 1792 3249 praenuntiatis
1824 3177 1973 3234 voci-

316 3266 437 3321 bus
469 3282 801 3323 sermonem
851 3267 1101 3339 institui,
1135 3267 1185 3324 is
1238 3273 1390 3323 certe
1450 3284 1660 3340 negare
1707 3256 1976 3339 nequibit

315 3355 706 3411 Plutarchum
728 3357 798 3411 de
822 3356 1184 3413 solemnibus
1202 3357 1512 3429 gentilium
1536 3356 1972 3429 precationibus

310 3442 511 3515 loqui,
558 3444 659 3499 ubi
705 3444 961 3501 monitos
1001 3461 1108 3501 nos
1158 3446 1296 3501 facit
1351 3463 1385 3501 a
1439 3446 1631 3501 Numa
1686 3445 1972 3517 Pompilio

309 3537 676 3605 praeceptum
704 3534 981 3602 fuisse,ut
1002 3551 1136 3589 cum
1162 3534 1542 3606 magistratus
1563 3538 1619 3590 et
1640 3536 1973 3591 sacerdotes

318 3621 548 3693 aliquid
581 3622 664 3677 rei
705 3622 916 3679 divinas
977 3623 1219 3694 faciunt,
1281 3625 1586 3680 antecedat
1640 3640 1849 3695 prisco,
1908 3639 1972 3678 ac

312 3728 535 3782 magna
565 3727 702 3767 voce
750 3711 962 3767 clamet
994 3730 1006 3769 :
1041 3714 1148 3769 Hoc
1203 3730 1300 3784 age
1334 3730 1347 3769 :
1383 3713 1394 3733 ’
1427 3713 1470 3769 Ο
1527 3714 1696 3787 κηρυξ
1755 3710 1973 3788 πρόεισι

317 3797 535 3873 μεγάλῃ
569 3802 748 3876 φωνῇ,
780 3802 879 3854 Ὃκ
924 3797 1018 3875 ἄγε
1072 3802 1390 3874 (Plutarch.
1453 3807 1597 3858 tom.
1660 3805 1703 3867 Ι,
1734 3804 1792 3858 in
1856 3804 1973 3859 Vita

314 3888 549 3959 Coriot.,
573 3906 705 3962 pag.
738 3890 890 3962 225).
921 3890 1179 3947 Jubebat
1211 3895 1404 3947 autem
1438 3907 1504 3946 ea
1534 3908 1691 3961 voce,
1750 3892 1969 3963 inquit,

311 3993 527 4034 omnes
559 3978 733 4034 rebus
764 3979 982 4035 divinis
1013 3996 1143 4036 esse
1174 3980 1453 4047 intentos,
1497 3996 1602 4035 nec
1633 3979 1753 4035 ullo
1800 3996 1972 4050 opere

320 4072 434 4122 aut
465 4067 694 4137 negotio
725 4068 1107 4140 interpellari.
1143 4070 1267 4125 Huc
1299 4070 1521 4126 accedit
1548 4068 1848 4125 Juvenalis
1872 4067 1973 4139 qui

318 4156 397 4210 de
429 4155 648 4210 femina
678 4156 894 4212 Janum
926 4157 1306 4231 Vestamque,
1339 4163 1402 4215 ut
1460 4157 1642 4214 Pollio
1697 4158 1975 4227 vinceret,

319 4249 573 4316 rogante
603 4245 723 4300 haec
754 4246 967 4303 cecinit
999 4264 1011 4302 :

452 4410 481 4443 ._
538 4414 549 4425 .
616 4414 633 4443 _.
657 4440 668 4443 _
701 4377 856 4428 Stetit
885 4382 1007 4443 ante
1038 4393 1202 4439 aram,
1235 4394 1336 4430 nec
1365 4384 1520 4443 turpe
1549 4382 1759 4443 putavit

456 4440 552 4506 Ero
584 4440 787 4506 cithara
816 4442 992 4490 velare
1022 4448 1199 4506 caput.
1226 4440 1475 4506 dictaque
1505 4440 1668 4493 verba

450 4501 697 4564 Protulit,
728 4507 789 4552 ut
816 4517 932 4553 mos
963 4508 1063 4555 est.

949 4566 1210 4626 (Juvenal.
1247 4567 1409 4616 Satir.
1437 4582 1511 4629 vr,
1542 4571 1663 4629 post
1691 4566 1856 4625 med.)

324 4686 461 4756 Adi,
494 4687 545 4744 si
566 4694 729 4745 vacat
762 4694 819 4745 et
846 4689 1028 4758 lubet,
1079 4692 1444 4748 Brissonium
1502 4691 1561 4747 in
1622 4709 1729 4748 suo
1760 4692 1823 4748 de
1852 4695 1977 4749 For-

325 4778 501 4833 mulis
532 4777 680 4833 libro
713 4778 995 4851 (Brisson.
1031 4780 1129 4836 lib.
1162 4798 1204 4837 ιι
1232 4780 1296 4836 de
1324 4782 1502 4835 Form.
1536 4797 1667 4853 pag.
1701 4782 1812 4851 68).
1865 4786 1975 4837 Ve-

332 4883 467 4923 rum
501 4866 821 4924 Christiani
845 4869 1019 4925 talem
1052 4869 1572 4925 nonadmittebant
1601 4871 1975 4937 monitorem,

324 4956 817 5029 quandoquidem
852 4974 968 5013 non
999 4975 1097 5015 ore
1154 4963 1383 5015 tantum
1415 4963 1473 5015 et
1503 4958 1693 5030 labiis,
1754 4961 1855 5016 sed
1914 4959 1980 5015 de

322 5049 542 5118 pectore
562 5047 716 5102 943
739 5050 912 5117 atque
939 5047 1147 5105 intimo
1179 5048 1525 5121 sinceroque
1545 5048 1736 5105 cordis
1767 5048 1977 5105 affectu

330 5134 520 5190 Deum
554 5136 967 5205 precabantur.

401 5222 687 5280 Przeterea
716 5224 965 5281 orabant
994 5224 1204 5282 caalum
1231 5224 1643 5296 suspicientes,
1693 5230 1751 5282 et
1795 5227 1977 5281 mani-

327 5312 451 5379 bus,
483 5309 682 5383 inquit
709 5312 1127 5384 Tertullianus,
1158 5316 1440 5387 expansis,
1479 5314 1567 5370 vel
1597 5317 1981 5386 quemadmo-

328 5402 475 5456 dum
508 5398 622 5455 aliu
651 5400 708 5456 in
739 5401 887 5459 libro
919 5404 1179 5477 loquitur
1212 5422 1224 5461 :
1252 5428 1279 5455 ‹‹
1312 5403 1427 5460 Nos
1456 5420 1590 5460 vero
1623 5422 1737 5461 non
1761 5404 1978 5460 attolli-

322 5506 461 5547 mus
494 5493 755 5561 tantum,
786 5493 889 5550 sed
922 5494 1099 5552 etiam
1151 5492 1540 5567 expendimus
1598 5511 1630 5549 e
1683 5494 1983 5551 Dominica

328 5578 609 5653 passione
638 5581 1003 5643 modulatum
1036 5606 1065 5635 »
1097 5582 1363 5657 (Tertull.
1412 5582 1687 5657 Apologet.
1732 5600 1859 5659 cap.
1890 5586 1980 5658 30,

653 5710 918 5773 Panos.
966 5712 1014 5773 Ι.

2113 469 2324 525 Christi
2371 470 2527 525 cruci
2576 471 2732 527 afﬁxi
2792 473 3032 527 modum
3067 488 3132 527 ac
3188 472 3461 527 formam.
3519 471 3599 527 De
3655 470 3765 528 hoc

2112 562 2307 614 autem
2340 560 2618 631 precandi
2651 577 2810 616 more
2859 560 2997 617 alibi
3029 560 3417 616 disseruimus
3473 561 3763 629 (Dissertat

2111 649 2172 700 in
2202 648 2393 702 Minui.
2428 648 2611 703 Octav.
2641 666 2767 720 cap.
2804 650 2890 718 12,
2950 653 3061 715 art,
3092 650 3164 720 3).
3228 650 3297 703 At
3356 648 3493 720 quia
3545 648 3761 704 ethnici

2112 736 2289 791 etiam
2324 738 2525 792 eodem
2560 739 2729 793 modo
2754 739 2891 793 deos
2925 738 3245 805 suos,sicut
3275 737 3467 792 adhuc
3500 737 3757 793 ostendi-

2114 840 2270 892 mus,
2321 827 2545 897 precari
2598 828 2907 893 solebant;
2952 826 3079 882 ideo
3130 832 3332 882 auctor
3390 829 3588 882 noster
3630 829 3762 898 post

2111 913 2232 969 haec
2261 917 2456 985 verba,
2488 918 2750 985 expansis
2778 919 3051 985 manibus,
3085 916 3316 985 adjecit,
3345 917 3475 987 quia
3508 916 3760 971 innocuis

2113 1003 2371 1070 (Tertull.
2406 1005 2676 1077 Apologet.
2713 1005 2821 1060 loc.
2858 1005 3002 1076 cit.).
3037 1005 3294 1060 Gentiles
3327 1004 3487 1059 enim
3537 1020 3752 1060 manus

2110 1092 3075 1167 impietatis,idololatrim,aliisque
3106 1094 3453 1150 criminibus
3473 1093 3750 1165 pollutus,

2109 1183 2423 1239 Christiani
2454 1199 2587 1239 vero
2629 1200 2767 1239 suas
2816 1201 2931 1239 non
2986 1184 3203 1249 minus,
3255 1200 3433 1255 quam
3465 1188 3670 1255 pectus
3700 1186 3757 1239 et

2108 1273 2397 1342 animum,
2431 1274 2682 1329 mundae
2728 1272 2899 1345 plane
2931 1277 2986 1330 et
3016 1289 3194 1345 puras
3252 1274 3324 1328 ad
3382 1272 3591 1328 cmlum
3624 1288 3753 1344 pre-

2106 1363 2289 1417 cando
2327 1361 2623 1418 tollebant.

2177 1451 2326 1514 Quin
2386 1452 2556 1506 etiam
2616 1452 2857 1523 insuper
2910 1451 3154 1506 erabant
3208 1451 3385 1520 capite
3438 1449 3605 1518 nudo,
3670 1448 3754 1506 ait

2105 1540 2295 1595 adhuc
2327 1540 2743 1607 Tcrtullianus,
2794 1539 2921 1611 quia
2951 1556 3066 1594 non
3114 1539 3485 1595 erubescimus
3534 1538 3747 1611 (Ibid.).

2102 1628 2186 1683 Ibi
2212 1633 2405 1684 autem
2438 1629 2570 1684 illos
2618 1631 2859 1701 opponit
2914 1629 3104 1684 adhuc
3160 1627 3499 1700 gentilibus,
3533 1628 3751 1700 quibus

2100 1718 2286 1773 velato
2319 1718 2507 1789 capite
2546 1735 2710 1774 orare
2740 1735 2804 1773 ac
2857 1717 3185 1773 sacrificare
3234 1734 3359 1773 mos
3392 1721 3532 1774 erat.
3565 1718 3740 1790 Audi,

2106 1823 2321 1877 quaeso,
2356 1808 2426 1861 de
2456 1807 2564 1861 hoc
2593 1806 2707 1861 ritu
2740 1806 2968 1878 Virgilii
3000 1806 3261 1861 carmina
3295 1824 3307 1861 :

2229 1922 2364 1980 Quin
2397 1922 2485 1970 ubi
2522 1922 2847 1972 transmisere
2877 1920 3079 1971 fuerint
3103 1925 3250 1971 trans
3281 1936 3496 1985 aequora
3524 1923 3737 1984 classes,

2228 1986 2289 2034 Et
2319 1986 2503 2047 positis
2531 1986 2655 2043 eris,
2681 1984 2791 2047 jam
2823 1990 2945 2034 vota
2966 1986 3018 2033 in
3049 1984 3225 2034 littore
3256 1984 3446 2044 solves,

2229 2050 2500 2120 Purpureo
2523 2048 2704 2120 _ve’are
2734 2062 2913 2120 comas
2943 2048 3232 2120 adopertus
3260 2049 3474 2120 amictu.

2225 2112 2298 2159 Ne
2329 2125 2432 2173 qua
2461 2110 2600 2173 inter
2630 2115 2841 2160 sanctos
2872 2112 3022 2173 ignes
3051 2110 3103 2158 in
3140 2110 3343 2159 honore
3375 2111 3600 2161 deorum

2229 2173 2443 2221 Hostilis
2475 2172 2635 2222 facies
2664 2172 2925 2233 occurrat,
2958 2179 3010 2223 et
3039 2174 3219 2223 omnia
3248 2174 3443 2224 turbet.

2227 2236 2377 2284 Hunc
2406 2236 2536 2284 socii
2557 2250 2757 2285 morem
2788 2249 3080 2293 sacrorum,
3114 2236 3256 2285 hunc
3284 2237 3397 2298 ipse
3426 2240 3626 2286 teneto.

2224 2300 2334 2348 Hac
2366 2298 2497 2347 casti
2524 2301 2777 2347 maneant
2804 2299 2860 2346 in
2889 2299 3163 2361 relligione
3192 2303 3435 2361 nepotes.

2456 2361 2656 2424 (Virgil.
2682 2360 2772 2409 lib.
2806 2374 2858 2409 In
2888 2360 3098 2411 zEneid.
3130 2375 3179 2409 v.
3212 2360 3302 2411 403
3327 2365 3379 2411 et
3408 2361 3586 2424 seqq.)

2096 2469 2249 2533 Quos
2300 2466 2536 2539 quidem
2592 2468 2649 2522 in
2698 2483 2900 2523 versus
2949 2466 3069 2521 haec
3117 2467 3348 2522 Servius
3404 2467 3677 2533 observat
3723 2486 3737 2525 :

2097 2577 2124 2605 «
2154 2560 2301 2611 Sane
2333 2555 2637 2612 sciendum
2670 2556 3065 2612 sacriﬁcantes
3097 2556 3213 2612 diis
3243 2556 3518 2612 omnibus
3549 2557 3741 2630 capita

2090 2644 2281 2699 velare
2312 2650 2619 2700 consuetos
2666 2645 2738 2700 ob
2772 2645 2897 2715 hoc,
2954 2660 3026 2699 ne
3076 2661 3137 2700 se
3187 2646 3339 2701 inter
3395 2645 3735 2718 religionem

2090 2733 2311 2805 aliquid
2345 2733 2509 2805 vagis
2554 2733 2787 2789 offerret
2830 2734 3158 2798 obtutibus,
3211 2739 3449 2806 excepto
3503 2739 3734 2792 tantum

2088 2823 2363 2891 Saturno,
2399 2839 2470 2878 ne
2528 2822 2789 2878 numinis
2848 2822 3099 2877 imitatio
3153 2839 3282 2878 esse
3335 2822 3649 2894 videretur,
3681 2830 3738 2881 et

2091 2912 2351 2967 Herculis
2382 2912 2441 2966 in
2472 2911 2689 2984 templo
2720 2929 2847 2977 suo,
2883 2913 3022 2982 quia
3052 2916 3110 2967 et
3140 2914 3265 2984 ipse
3297 2912 3484 2983 capite
3533 2918 3733 2984 operto

2084 3000 2287 3068 est,vel
2318 3001 2457 3072 quia
2486 3000 2572 3055 htB
2604 3018 2712 3055 ara:
2735 3004 2871 3056 ante
2893 3001 3209 3057 adventum
3240 3002 3429 3055 (Encas
3450 3018 3484 3057 a
3502 3002 3734 3058 Junone

2085 3094 2142 3144 et
2170 3089 2433 3145 Evandro
2483 3092 2831 3145 consecrates
2882 3093 3020 3144 sunt
3056 3111 3077 3137 ι
3113 3089 3288 3159 (Serv.
3347 3089 3408 3143 in
3458 3088 3555 3144 cit.
3602 3106 3732 3145 vers

2085 3195 2216 3250 pag.
2262 3178 2411 3248 392).
2472 3178 2550 3233 Ea
2608 3182 2801 3232 autem
2836 3177 3093 3249 exceptio
3124 3176 3269 3233 satis
3321 3178 3732 3251 probatlhunc

2085 3268 2267 3323 fuisse
2297 3266 2604 3339 gentilium
2630 3266 2807 3321 ritum
2840 3271 2897 3321 et
2928 3282 3352 3338 morem,quem
3383 3267 3557 3322 etiam
3591 3269 3729 3324 deos

2084 3356 2397 3412 salutando
2430 3361 2487 3412 et
2518 3355 2738 3411 orando
2770 3355 3178 3411 observabant.
3212 3359 3285 3411 At
3317 3356 3388 3412 de
3432 3355 3528 3411 illo
3559 3356 3730 3428 plura

2084 3446 2441 3517 Brissonius,
2475 3461 2649 3517 quem
2684 3444 2845 3500 adire
2874 3444 3094 3516 poteris
3147 3445 3431 3517 (Brisson.
3479 3444 3581 3502 lib.
3614 3461 3635 3501 ι
3665 3446 3731 3503 de

2081 3536 2263 3591 Form.
2299 3550 2431 3606 pag.
2467 3535 2568 3588 140
2595 3536 2651 3588 et
2681 3533 2891 3605 seqq.).
3738 3550 3743 3555 ι

2153 3623 2472 3679 Christiani
2504 3623 2705 3695 itaque
2736 3638 2765 3678 e
2799 3621 3089 3678 contrario
3108 3621 3521 3680 orabantnudo
3550 3624 3730 3696 capite

2083 3712 2221 3784 quia
2242 3713 2464 3768 dictum
2496 3713 2566 3767 ab
2588 3711 2863 3783 Apostolo
2884 3715 3162 3767 noverant
3187 3729 3199 3767 :
3225 3713 3419 3770 Omnis
3449 3714 3536 3767 vir
3560 3728 3728 3769 orans

2081 3811 2177 3857 aut
2212 3801 2546 3873 praphelans
2596 3799 2777 3856 velato
2821 3802 3028 3871 capite,
3077 3800 3332 3872 deturpat
3377 3805 3538 3872 caput
3566 3818 3728 3858 suum

2082 3893 2135 3962 (1
2171 3890 2525 3961 (ἴον.ῐι,4).Α1;
2554 3906 2659 3944 cur
2688 3888 3340 3959 Tertullianus,inquiet
3361 3888 3724 3960 aliquis,non

2080 3980 2232 4034 hanc
2264 3977 2519 4050 Apostoli
2552 3976 2749 4033 attulit
2786 3977 3091 4047 rationem,
3141 3977 3235 4032 sed
3281 3979 3434 4048 quia,
3490 3978 3575 4032 uti
3626 3978 3731 4045 ait,

2081 4086 2193 4122 non
2224 4068 2590 4122 erubescimus
2618 4066 2646 4120 ?
2675 4066 2791 4121 Nos
2823 4066 3023 4136 itaque
3056 4064 3192 4119 huic
3241 4066 3733 4136 respondebimus

2081 4156 2233 4212 hanc
2264 4156 2337 4211 ab
2360 4172 2425 4211 eo
2458 4155 2656 4210 datam
2688 4153 3037 4224 videri,quia
3068 4154 3138 4207 ad
3164 4153 3531 4226 propositum
3558 4171 3734 4211 suum

2084 4244 2337 4300 maxime
2369 4243 2751 4300 conducebat.
2785 4241 3150 4297 Christianos
3191 4242 3488 4298 enimvero
3540 4244 3734 4315 genti-

2083 4333 2239 4389 libus
2268 4333 2374 4401 ibi,
2404 4337 2471 4388 ut
2504 4332 2784 4401 diximus,
2818 4330 3082 4403 opponit.
3118 4334 3191 4386 At
3224 4330 3305 4399 hi,
3331 4329 3483 4387 sicut
3511 4330 3732 4388 ibidem

2085 4423 2357 4492 subjecit,
2410 4421 2572 4477 falsis
2623 4421 2735 4476 diis
2782 4420 3190 4489 sacrificando,
3239 4420 3733 4489 quemadmodum

2005 4501 2051 4565 D
2084 4511 2736 4584 precando,fall‘erebant
2760 4510 3089 4580 postomnia
3111 4510 3534 4580 inquinamenta
3561 4512 3733 4567 etiam

2083 4602 2477 4657 conscientiam
2518 4615 2776 4670 spurcam
2828 4595 3095 4668 (Tertull.
3151 4597 3428 4668 Apologet.
3481 4614 3609 4671 cap.
3641 4601 3731 4668 30,

2086 4706 2218 4762 pag.
2252 4690 2375 4755 443,
2409 4688 2536 4756 445)
2565 4692 2622 4742 et
2650 4686 2811 4742 omni
2861 4684 3151 4741 scelerum
3200 4702 3410 4759 genere
3460 4687 3733 4760 coinqui-

2086 4782 2307 4844 natam,
2331 4778 2402 4832 ob
2436 4793 2613 4849 quam
2647 4776 2695 4831 si
2730 4774 2870 4847 quid
2902 4774 3145 4846 pudoris
3176 4774 3464 4846 reliquum
3489 4777 3572 4834 eis
3595 4777 3735 4834 fuis-

2088 4871 2197 4933 set,
2230 4870 2509 4938 perpetuo
2566 4864 2860 4920 debebant
2911 4864 3123 4919 rubore
3182 4864 3463 4939 sutl‘undi.
3522 4868 3735 4923 Contra

2087 4972 2219 5010 vero
2251 4954 2570 5010 Christiani
2602 4953 2715 5009 Deo
2747 4969 2853 5008 suo
2885 4953 3267 5024 omnipotenti
3286 4952 3591 5027 offerebant
3617 4972 3738 5013 ora-

2088 5046 2289 5101 tionem
2316 5044 2382 5099 de
2410 5059 2574 5099 carne
2589 5042 2982 5115 pudica,sicut
3012 5042 3186 5112 paulo
3219 5045 3354 5097 ante
3384 5045 3735 5103 notabamus

2088 5134 2223 5205 (art.
2256 5132 2507 5204 sup.),dc
2537 5133 2725 5187 anima
2756 5129 3123 5199 innocenti,de
3152 5132 3369 5202 Spiritu
3400 5142 3587 5190 sancto
3604 5151 3733 5206 pro-

2088 5227 2290 5295 fectam
2337 5223 2494 5277 944
2550 5221 2729 5292 (Tert.
2794 5219 2980 5287 ibid),
3035 5219 3326 5290 quomodo
3388 5237 3422 5277 a
3478 5224 3737 5283 nobisin

2090 5310 2492 5384 superioribus
2555 5308 3071 5365 dissertationibus
3130 5307 3320 5365 fusius
3381 5311 3734 5383 eXplicatum

2090 5403 2201 5458 fuit
2229 5401 2537 5473 (Dissertat.
2572 5400 2629 5454 in
2650 5400 2848 5456 Minut.
2902 5398 3091 5454 Octav.
3136 5413 3265 5469 cap.
3318 5399 3405 5467 12,
3435 5404 3543 5455 art.
3573 5402 3606 5454 2
3635 5419 3647 5468 ;
3680 5408 3739 5457 et

2092 5494 2152 5549 in
2182 5492 2430 5547 Lactant.
2463 5506 2591 5562 cap.
2617 5489 2708 5560 33,
2742 5492 2851 5544 art.
2897 5488 2973 5559 1).
3025 5487 3280 5543 Tantum
3335 5486 3532 5559 itaque
3575 5488 3740 5547 abest

2094 5584 2161 5639 ut
2202 5577 2521 5639 Christiani
2565 5579 2649 5637 sic
2697 5583 2882 5637 Deum
2934 5581 3239 5649 precantes
3286 5576 3738 5653 erubescerent;

3341 5704 3418 5765 33
