4118 6182
479 270 637 334 1035

999 264 1531 328 TERTULLIANI
1574 262 1901 326 OPERUM
1946 264 2150 325 PARS
2196 264 2241 328 Ι.
2275 298 2348 309 -
2382 263 2657 327 SERIES
2704 268 2749 345 Ι,
2796 266 3389 355 APOLOGETICA.

3699 274 3833 334 1036

478 401 744 476 quinimo
779 416 791 455 :
826 422 855 449 ‹‹
888 402 1002 453 Nos
1034 399 1103 453 ad
1138 397 1320 453 Deum
1351 414 1660 469 expansos,
1692 397 1774 452 ait
1805 400 2007 452 auztor
2034 413 2131 452 no-
2160 399 2215 465 Α
2246 398 2485 454 modum
2518 399 2909 470 precabantur
2940 416 2953 469 ;
2987 417 3052 455 ac
3085 401 3453 472 potissimum
3484 406 3611 476 quia
3654 407 3715 460 ad
3745 424 3836 478 pas

480 498 618 559 ater,
651 488 882 562 ungulae
916 487 1368 555 fodiant,cruces
1400 486 2131 559 suspendant,igneslam-

479 583 642 647 bant,
675 578 854 651 gladii
888 580 1127 650 guttura
1155 576 1525 642 detruncent,
1577 575 1777 630 bestiae
1817 574 2083 630 insiliant
2113 592 2127 632 :

480 674 723 743 paratus
753 671 842 723 est
863 667 934 721 ad
967 681 1139 721 omne
1164 664 1440 737 supplicii
1466 681 1522 719 m
1546 664 1671 736 ipse
1700 663 1938 720 habitus
1961 682 2130 721 oran-

478 760 555 816 tis
604 755 921 813 Christiani
972 778 998 805 ‹‹
1053 754 1314 824 (Tertull.
1369 754 1644 825 Apologei.
1708 752 1819 818 loc,
1853 753 1997 824 cit.),
2031 754 2130 825 qui

481 865 586 905 nec
617 846 956 917 religionem
992 861 1157 900 suam
1201 844 1483 915 proﬁteri,
1534 860 1636 897 nec
1678 842 1861 897 Deum
1909 843 2131 914 precari

482 935 880 995 erubescebat.
916 938 989 988 At
1021 951 1135 988 non
1170 937 1401 987 tantum
1433 935 1611 1004 capite
1640 932 1809 1000 nudo,
1841 933 1941 987 sed
2000 950 2130 1004 pro-

482 1031 666 1085 strato
698 1025 872 1081 etiam
907 1022 1329 1095 corpore,sicut
1361 1021 1475 1076 alia
1507 1023 1565 1076 in
1602 1021 2015 1077 dissertatione
2038 1039 2132 1078 os-

481 1115 781 1174 tendimus
817 1114 1128 1183 (Disscrtat.
1162 1114 1221 1167 in
1252 1112 1452 1167 Arnob.
1489 1128 1617 1182 cap.
1652 1112 1821 1178 8,art.
1854 1110 2131 1181 2),palam

482 1210 538 1261 et
568 1202 822 1278 publicis
852 1202 912 1257 in
944 1201 1263 1273 synaxibus
1296 1218 1494 1273 preces
1528 1217 1665 1255 suas
1700 1199 2040 1254 fundebant.

554 1294 637 1350 Ad
669 1292 790 1347 haec
822 1307 952 1347 vero
984 1290 1045 1345 hi
1078 1290 1155 1346 ad
1192 1290 1606 1355 orientem,aut
1634 1289 2131 1360 quemadmodum

479 1381 878 1442 Tertullianus
908 1381 1185 1452 loquitur,
1216 1380 1285 1435 ad
1317 1381 1553 1437 Orientis
1593 1382 1874 1447 regionem
1905 1396 2134 1435 conver-

481 1476 555 1543 si,
588 1475 759 1528 Deum
793 1471 1185 1542 precabantur
1236 1468 1601 1538 (Tertullian.
1663 1469 1935 1539 Apologet.
2003 1485 2127 1539 cap.

484 1564 570 1629 16,
600 1578 730 1635 pag.
762 1560 907 1629 369).
945 1563 1138 1631 Neque
1173 1577 1299 1613 mos
1332 1559 1449 1622 ille,
1483 1559 1553 1612 de
1584 1573 1697 1628 quo
1745 1556 1880 1611 alibi
1929 1557 2132 1627 dispu-

481 1652 737 1709 tavimus
770 1650 931 1722 (tom.
968 1650 988 1704 Ι
1019 1648 1279 1719 Apparet.
1334 1647 1436 1702 lib.
1490 1663 1574 1712 ιιι,
1628 1646 1864 1701 dissert.
1914 1646 1971 1714 2,
2003 1662 2129 1717 cap.

482 1744 536 1809 8,
570 1744 679 1797 art.
711 1740 769 1805 7,
802 1754 934 1811 pag.
975 1737 1154 1808 1040),
1188 1736 1523 1808 incognitus
1558 1735 1666 1789 fuit
1723 1734 1994 1802 ethnicis,
2032 1735 2131 1806 qui

484 1829 751 1886 solebant
772 1828 976 1882 eodem
1010 1842 1242 1897 quoque
1269 1824 1569 1894 modo,sed
1590 1824 1761 1895 plane
1783 1823 2134 1894 penitusque

487 1934 758 1991 perverso
791 1914 1033 1988 precari.
1071 1914 1462 1978 Quamobrem
1504 1918 1708 1968 auctor
1756 1918 1955 1968 noster
2000 1911 2134 1968 illos

485 2007 648 2079 ipsos
677 2005 837 2061 hisce
869 2004 1059 2059 verbis
1091 2001 1404 2074 compellat
1434 2019 1445 2056 :
1484 2024 1511 2053 «
1556 2001 1823 2073 Plerique
1872 2005 2133 2058 vestrum

485 2093 852 2153 affectatione
882 2092 1198 2164 aliquando
1230 2096 1286 2146 et
1316 2090 1571 2147 ccelestia
1591 2090 1972 2158 adorandi,ad
1993 2089 2134 2146 solis

482 2191 681 2246 ortum
705 2184 861 2241 labia
890 2184 1134 2239 vibratis
1165 2205 1192 2231 ι)
1228 2182 1591 2253 (Tertullian.
1614 2184 1712 2237 loc.
1745 2184 1884 2250 cit.).
1919 2182 2133 2238 Eadem

482 2276 582 2333 ille
606 2276 665 2331 in
698 2273 885 2347 primo
916 2273 987 2328 ad
1016 2274 1281 2328 Nationes
1312 2271 1460 2327 libro
1511 2272 1720 2343 repetit
1767 2272 1892 2339 (lib.
1930 2288 1972 2339 ι,
2004 2287 2129 2342 cap.

480 2365 575 2433 23,
606 2379 739 2437 pag.
788 2363 937 2433 569).
988 2362 1219 2418 Testem
1271 2361 1451 2431 hujus
1505 2360 1685 2416 moris
1742 2360 1792 2415 si
1844 2360 2132 2431 requiras,

480 2453 790 2525 Virgilium
841 2450 1043 2507 audire
1093 2449 1331 2522 poteris,
1377 2449 1500 2504 haec
1556 2449 1625 2505 de
1674 2449 1853 2504 {Enea
1917 2465 2133 2505 canen-

481 2546 602 2598 tem
639 2560 652 2598 :

613 2655 810 2719 Surgit,
843 2657 895 2704 et
922 2652 1145 2719 mtheret
1173 2655 1423 2719 spectans
1437 2652 1680 2719 orientia
1710 2650 1844 2719 Solis

609 2713 854 2775 Lumina,
888 2718 987 2766 rite
1018 2716 1163 2763 cavis
1191 2713 1389 2763 undam
1422 2714 1485 2763 de
1516 2714 1737 2763 ﬂumine
1767 2713 1958 2774 palmis

608 2780 851 2842 Sustulit,
882 2784 933 2829 et
960 2779 1090 2828 tales
1119 2778 1349 2827 effundit
1375 2777 1442 2826 ad
1471 2778 1675 2826 tethera
1709 2790 1882 2825 voces.

835 2859 1034 2923 (Virgil.
1067 2858 1160 2907 lib.
1192 2872 1278 2907 vui
1306 2856 1531 2916 (Eneid.,
1564 2872 1614 2906 γ.
1646 2856 1777 2906 68st
1804 2856 1974 2920 seqq.)

486 2970 557 3025 Et
585 2967 698 3025 alio
730 2966 791 3021 in
823 2966 972 3021 libro
1004 2966 1074 3020 de
1104 2964 1235 3020 aliis
1266 2964 1553 3020 sacriﬁcia
1580 2963 1931 3019 facientibus
1962 2978 1975 3018 :

612 3083 692 3132 Illi
721 3081 787 3130 ad
818 3084 1125 3143 surgentem
1157 3079 1400 3128 conversi
1422 3078 1626 3128 lumina
1655 3077 1849 3143 Solem.

612 3148 750 3194 Dant
778 3142 957 3207 fruges
987 3143 1245 3207 manibus
1264 3143 1451 3200 salsas,
1482 3146 1807 3207 ettempora
1834 3142 1977 3207 ferro

612 3209 833 3258 Summa
860 3202 1051 3257 notant
1078 3204 1360 3268 pecudum,
1394 3204 1697 3267 paterisque
1730 3203 1917 3251 altaria
1944 3202 2135 3251 libant.

1180 3272 1333 3334 (Ibid.
1368 3274 1459 3322 lib.
1490 3288 1581 3332 xu,
1614 3287 1664 3322 γ.
1697 3275 1756 3321 72
1789 3277 1842 3322 et
1872 3278 2044 3335 seqq.)

486 3382 723 3442 Servius
750 3383 947 3437 autem
977 3378 1038 3434 in
1070 3378 1177 3434 hos
1201 3376 1443 3433 ultimos
1475 3394 1678 3433 versus
1700 3375 1844 3432 illud
1868 3376 2139 3432 animad-

485 3472 658 3531 vertit
687 3488 700 3527 :
736 3493 764 3521 «
796 3470 921 3525 Non
955 3468 1159 3538 utique
1190 3482 1345 3521 nunc
1375 3474 1708 3536 surgentem
1739 3465 1923 3521 solem
1956 3464 2098 3520 dixit
2124 3491 2139 3535 ;

480 3560 840 3635 jamdudum
870 3556 1029 3611 enim
1061 3555 1187 3611 dies
1218 3558 1343 3610 erat
1376 3570 1390 3610 :
1424 3553 1523 3609 sed
1559 3553 1933 3625 disciplinam
1965 3570 2138 3609 caere-

491 3647 821 3706 moniarum
852 3647 1088 3700 secutus
1119 3647 1231 3710 est,
1264 3649 1331 3697 ut
1359 3642 1646 3698 orientem
1677 3647 1939 3714 spectare
1982 3643 2140 3699 dice-

493 3742 583 3795 ret
612 3751 742 3792 eum
776 3733 876 3806 qui
906 3736 1062 3788 esset
1092 3735 1438 3803 precaturus
1481 3753 1508 3781 ››
1564 3732 1744 3803 (Serv.
1797 3747 1928 3803 pag.
1987 3731 2138 3803 676).

494 3827 885 3892 Quamobrem
904 3822 1145 3877 Latinus
1161 3824 1409 3876 Pacatus
1421 3819 1587 3876 initio
1602 3820 1931 3893 Panegyrici
1942 3836 2139 3891 ,quem

496 3912 846 3983 Theodosio,
879 3928 1061 3983 eoque
1094 3913 1399 3983 prasente,
1451 3909 1892 3982 pronuntiavit:
1928 3932 1955 3960 α
1987 3909 2143 3965 Divi-

496 4006 589 4064 nis
620 4005 797 4061 rebus
828 4005 1158 4074 0perantes,
1193 4001 1249 4054 in
1284 4015 1411 4054 eam
1444 3999 1572 4055 coeli
1618 3998 1850 4072 plagam
1883 4016 1983 4054 ora
2008 4015 2143 4054 con-

495 4094 801 4161 vertimus,
830 4110 863 4147 a
894 4108 1011 4163 qua
1040 4089 1189 4146 lucis
1240 4089 1543 4145 exordium
1602 4093 1693 4145 est
1724 4111 1752 4137 »
1787 4088 2000 4158 (Pacat.
2034 4092 2142 4142 Pa-

494 4202 685 4257 negyr.
720 4181 966 4239 Theodos.
1002 4195 1134 4251 pag.
1175 4178 1328 4250 246).
1361 4177 1625 4249 Denique
1658 4180 1721 4231 ut
1770 4176 1969 4248 plures
2015 4176 2147 4233 mis-

497 4292 595 4333 sos
627 4273 934 4339 faciamus,
969 4269 1209 4327 Ovidius
1240 4268 1310 4323 de
1342 4267 1451 4322 dea
1483 4266 1617 4323 Pale
1648 4267 1897 4322 canebat
1930 4283 1941 4320 :

623 4382 715 4431 His
742 4380 841 4429 dea
870 4376 1136 4440 placanda
1164 4378 1260 4440 est,
1290 4374 1406 4440 haec
1436 4377 1491 4422 tu
1522 4385 1814 4421 conversus
1839 4372 1906 4421 ad
1937 4376 2086 4422 ortus

685 4442 777 4492 Die
808 4436 1015 4506 quater.
1045 4441 1097 4488 et
1124 4439 1246 4487 vivo
1277 4436 1459 4499 perlue
1490 4449 1609 4485 rore
1638 4448 1847 4484 manus.

2242 488 2528 557 radisum,
2565 490 2718 543 unde
2748 490 2917 560 ejecti
2950 490 3205 559 fuerunt,
3238 496 3292 546 et
3322 493 3393 546 ad
3427 493 3599 549 solem
3626 495 3835 564 justitiaa

2242 576 2541 632 Christum
2572 578 2883 634 Dominum
2918 578 3203 651 respicere
3233 580 3534 636 debebant.
3566 583 3708 638 Alias
3727 602 3837 641 vero

2243 666 2441 738 plures
2476 684 2544 722 ex
2570 668 2743 722 variis
2775 667 3159 739 scriptoribus
3188 670 3499 726 cardinalis
3531 676 3673 726 Bona
3700 678 3837 729 retu-

2241 756 2329 823 lit,
2363 773 2505 827 quas
2537 756 2595 811 in
2628 758 2752 827 ejus
2784 756 2948 812 libris
2998 758 3187 830 legere
3233 764 3562 832 promptum
3607 766 3705 830 est,
3753 780 3839 819 nec

2230 845 2355 901 ‘huc
2386 862 2693 918 congerere
2724 847 3115 903 necessarium
3148 849 3346 920 (Bona,
3389 850 3457 906 de
3500 851 3662 906 divin.
3709 853 3837 908 Psal.

2242 952 2368 1007 cap.
2400 938 2456 1004 6,
2488 937 2591 1003 §3,
2625 953 2759 1009 pag.
2797 938 2936 1008 177).
2970 938 3382 994 Verumtamen
3431 939 3713 1011 Origenes,
3741 944 3841 997 sic-

2243 1025 2328 1079 uti
2360 1024 2496 1080 alibi
2528 1025 2969 1081 observavimus
3002 1030 3166 1097 (tom.
3192 1027 3211 1081 Ι
3240 1028 3642 1101 Apparat.pag.
3684 1030 3838 1099 10110),

2242 1114 2492 1184 ingenue
2525 1114 2737 1169 fatetur
2765 1114 2945 1186 hujus
2975 1114 3123 1172 ritus
3155 1117 3299 1171 satis
3321 1117 3567 1173 validam
3590 1118 3840 1174 rationem

2244 1220 2355 1257 non
2386 1218 2556 1274 posse
2592 1202 2851 1274 proferri.
2887 1203 3116 1258 Nemini
3148 1209 3339 1259 tamen
3373 1205 3539 1261 facile
3571 1208 3840 1277 persuade-

2241 1291 2401 1345 bitur
2428 1289 2592 1345 illum
2627 1309 2660 1345 a
2688 1291 3036 1348 Christianis
3084 1292 3303 1348 nullam
3351 1294 3425 1348 ob
3455 1310 3681 1350 causam
3709 1311 3840 1350 rece-

2242 1385 2433 1453 ptum,
2467 1381 2659 1452 quiita
2683 1380 2914 1453 publico
2940 1385 2996 1437 et
3026 1382 3290 1437 unanimi
3308 1384 3567 1439 omnium
3591 1401 3839 1441 consensu

2243 1470 2750 1535 observabatur,ut
2780 1487 2884 1525 nec
2914 1471 3185 1541 ipsismet
3203 1472 3458 1528 ethnicis
3486 1472 3844 1547 ineompertus

2243 1559 2436 1614 fuerit.
2468 1560 2613 1615 Nam
2666 1560 2803 1615 hinc
2852 1560 3092 1631 quidam
3146 1577 3213 1616 ex
3266 1562 3385 1617 illis
3434 1563 3844 1634 suspicabantur

2242 1664 2584 1721 corporeum
2621 1648 2826 1718 solem,
2859 1650 3012 1705 sicut
3040 1650 3117 1704 ait
3150 1656 3357 1707 auctor
3382 1652 3843 1722 noster,Christia-

2243 1752 2452 1789 norum
2484 1740 2666 1790 Deum
2695 1752 2842 1802 esse,
2877 1740 2933 1790 et
2962 1738 3032 1792 ab
3082 1735 3197 1792 illis
3230 1738 3484 1793 adoravi.
3527 1740 3626 1794 Sed
3672 1740 3843 1794 absur-

2244 1823 2469 1895 daShaac
2494 1824 2788 1880 calumnia
2817 1825 3017 1896 paucis
3047 1825 3206 1881 hisce
3236 1827 3431 1881 verbis
3452 1828 3519 1881 ab
3547 1844 3609 1883 eo
3631 1832 3841 1883 contun-

2244 1913 2449 1968 ditur:
2486 1934 2511 1963 α
2560 1917 2640 1969 Ad
2699 1915 2904 1969 Persas
2976 1915 3022 1969 si
3071 1915 3219 1969 forte
3271 1916 3698 1988 deputabimur,
3736 1916 3844 1971 licet

2245 2000 2452 2068 solem,
2482 2019 2596 2057 non
2630 2004 2686 2057 in
2722 2003 2899 2058 linteo
2926 2002 3245 2073 depictum,
3268 2005 3847 2073 adoremus,habentss

2244 2089 2440 2161 ipsum
2474 2091 2688 2161 ubique
2718 2092 2777 2146 in
2806 2108 2911 2146 suo
2944 2092 3141 2164 clypeo
3167 2112 3192 2143 ι
3233 2093 3842 2165 (Tertullian.Apologet.

2247 2194 2371 2251 cap.
2409 2180 2495 2250 16,
2528 2196 2658 2252 pag.
2692 2182 2838 2249 369).
2871 2182 3111 2237 Constat
3137 2188 3335 2237 autem
3385 2188 3590 2239 Persas
3638 2183 3844 2238 coluisse

2246 2270 2452 2335 solem,
2493 2287 2667 2342 quem
2702 2289 2803 2343 pro
2833 2289 2966 2327 vero
3000 2276 3109 2327 Deo
3142 2272 3461 2328 habebant.
3481 2274 3671 2329 Testes
3692 2274 3845 2328 enim-

2243 2375 2379 2413 vero
2409 2359 2588 2430 hujus
2608 2359 2932 2432 impietatis
2955 2366 3095 2417 sunt
3114 2361 3845 2432 Herodotus,Strabo,Justi-

2246 2465 2358 2503 nus
2391 2448 2729 2516 historicus,
2764 2453 2821 2504 et
2850 2450 2947 2504 alii
2980 2450 3337 2522 complures,
3370 2468 3517 2524 quos
3546 2453 3843 2522 quidem,ns

2249 2538 2319 2593 ab
2352 2538 2481 2593 aliis
2512 2538 2725 2610 saepius
2758 2544 2952 2593 actum
2977 2556 3374 2612 agamus,non
3406 2542 3731 2597 censuimus
3746 2558 3846 2595 esse

2247 2626 2628 2698 appellandos
2668 2628 2962 2699 (Herodot.
2996 2629 3098 2684 lib.
3131 2648 3169 2698 ι,
3204 2632 3228 2696 §
3260 2630 3361 2684 131
3394 2648 3409 2699 ;
3442 2631 3624 2687 Strab.
3666 2630 3755 2686 lib.
3792 2647 3845 2685 xv

2248 2717 2437 2783 Geogr.
2473 2733 2605 2788 pag.
2636 2718 2778 2784 732;
2830 2718 3050 2773 Justin.
3102 2718 3204 2773 lib.
3256 2736 3273 2774 ι
3332 2722 3546 2777 Hister.
3600 2738 3714 2793 cap.
3758 2722 3841 2789 10).

2246 2804 2455 2859 Mirum
2489 2805 2686 2876 itaque
2716 2805 2861 2859 nulli
2895 2807 3075 2861 videri
3107 2808 3280 2862 debet
3297 2808 3354 2864 si
3387 2808 3448 2863 hi
3480 2809 3615 2864 solis
3634 2809 3845 2865 cultores

2241 2892 2410 2949 illum
2441 2894 2496 2948 in
2525 2894 2722 2966 clypeo
2744 2895 3041 2965 depictum
3066 2896 3389 2953 haberent:
3416 2899 3843 2970 quandoquidem

2243 2982 2461 3039 milites
2492 2983 2617 3037 suis
2649 2984 2707 3038 in
2740 2983 2959 3056 elypeis
2989 2985 3251 3056 depictas
3272 2986 3367 3041 vel
3399 2988 3650 3059 scalptas
3678 2987 3847 3058 imagi-

2242 3087 2346 3125 nes
2376 3071 2600 3127 deferre
2631 3077 3073 3128 consueverant.
3108 3073 3386 3139 Quinimo
3420 3076 3469 3130 si
3503 3076 3675 3131 Plinio
3702 3075 3846 3130 credi-

2168 3150 2210 3217 C
2250 3176 2404 3224 mus,
2437 3160 2572 3214 inde
2605 3161 2931 3216 derivatum
2954 3166 3042 3217 est
3072 3160 3219 3216 illud
3252 3162 3442 3235 clypei
3477 3162 3847 3220 namen.Addit

2246 3264 2379 3303 vero
2411 3265 2424 3304 :
2461 3271 2481 3297 ι
2516 3249 2689 3321 Origo
2721 3249 2891 3320 plena
2915 3250 3148 3305 virtutis
3180 3252 3393 3307 faciem
3435 3254 3596 3309 reddi
3632 3255 3686 3308 in
3714 3257 3846 3308 scuto

2248 3338 2663 3409 cujusque,qui
2695 3338 2871 3393 fuerit
2903 3355 3048 3393 usus
3069 3339 3363 3396 Μαι)ωηί
3397 3357 3463 3396 ex
3496 3359 3632 3397 auro
3660 3342 3845 3396 factita-

2247 3442 2400 3495 vere,
2428 3431 2485 3481 et
2512 3426 2746 3499 clypeos
2776 3432 2832 3481 et
2869 3427 3157 3499 imagines
3212 3446 3535 3501 secumque
3580 3432 3634 3485 in
3680 3427 3847 3485 castris

2248 3516 2492 3569 tulere":
2538 3515 2735 3586 (Plin..
2770 3515 2870 3571 lib.
2903 3534 3069 3572 xxxv.
3104 3519 3240 3573 Hist.
3276 3520 3474 3575 Nalur.
3514 3537 3634 3591 cap.
3666 3520 3714 3588 3,
3742 3533 3845 3590 pag.

2251 3603 2399 3672 177).
2434 3604 2532 3658 Cui
2559 3620 2692 3659 vero
2744 3605 2946 3674 ignota
2995 3610 3135 3660 sunt
3183 3622 3271 3674 ea,
3333 3625 3464 3679 quae
3516 3609 3772 3664 Homerus
3796 3606 3849 3660 de

2251 3692 2492 3761 Achilis,
2524 3700 2579 3748 et
2609 3693 2883 3766 Virgilius
2919 3695 2990 3749 de
3019 3695 3209 3750 ZEncse
3256 3695 3479 3768 clypeis
3514 3698 3697 3753 Graeco
3725 3694 3846 3751 Lati-

2251 3796 2444 3851 noque
2475 3783 2735 3837 carmine
2766 3782 3147 3838 cecinerunt?
3185 3785 3447 3855 (Homer.
3498 3786 3671 3842 llliad.
3721 3800 3851 3852 xvm,

2248 3886 2303 3924 v.
2337 3871 2459 3935 478,
2508 3874 2567 3924 et
2615 3886 2820 3942 seqq.;
2873 3871 3078 3940 Virgil.
3119 3872 3224 3927 lib.
3278 3890 3339 3928 IIl
3397 3876 3634 3945 Αἰπείἀ.ν
3682 3892 3728 3927 v.
3768 3872 3851 3925 935

2252 3963 2309 4014 et
2339 3960 2692 4030 seqq.)ﬂPari
2719 3960 2917 4031 itaque
2949 3962 3173 4016 ratione
3221 3962 3411 4018 Persas
3466 3965 3523 4018 in
3570 3962 3750 4035 clypeo
3776 3976 3851 4032 ge-

2254 4049 2489 4103 stabant
2517 4048 2769 4119 efﬁgiem
2803 4048 2967 4118 solis,
3002 4066 3174 4119 quem
3209 4051 3538 4107 maximum
3570 4054 3727 4108 deum
3755 4062 3855 4106 esse

2255 4136 2715 4194 arbitrabantur.

2326 4262 2481 4331 Esto,
2514 4260 2766 4332 inquies,
2802 4278 2865 4316 ae
2898 4262 3038 4317 cedo
3070 4262 3229 4317 hunc
3264 4263 3451 4320 fuisse
3481 4282 3667 4321 revera
3695 4264 3855 4319 Persa-

2258 4365 2388 4405 rum
2421 4366 2653 4406 morem.
2693 4351 2801 4405 Sed
2836 4351 3129 4422 quomodo
3160 4352 3295 4407 inde
3328 4353 3525 4426 colligi
3559 4356 3733 4427 potest
3752 4349 3856 4423 quis

2257 4453 2427 4492 verus
2461 4437 2537 4492 sit
2565 4436 2906 4493 Tertulliani
2936 4454 3143 4494 sensus
3166 4439 3193 4493 ?
3226 4442 3506 4497 Nonnulli
3526 4443 3737 4515 quidem
3758 4440 3858 4509 ejus

1225 4509 1409 4573 (OVid‘
1441 4508 1533 4557 lib'
1572 4522 1618 4554 ’ν
1649 4508 1841 4556 Fam"
1872 4521 1925 4556 ν·
1958 4508 2086 4567 ³⁶⁵·)
2179 4508 2227 4574 Ῐ)
2261 4526 2434 4581 verba
2462 4526 2545 4582 sic
2577 4526 3039 4599 interpretantur
3072 4543 3085 4581 :
3123 4528 3307 4583 Persas
3340 4530 3398 4585 in
3448 4508 3622 4587 linteo
3652 4508 3859 4603 pingunt

502 4626 575 4683 At
602 4620 835 4680 tametsi
861 4618 1032 4675 fuerit
1054 4616 1386 4673 communis
1410 4615 1507 4671 ille
1529 4615 1992 4672 Christianorum
2016 4630 2148 4687 gen-

505 4713 818 4783 tiliumque
854 4706 1160 4779 ritus,aliis
1192 4712 1390 4762 tamen
1415 4703 1744 4761 rationibus
1765 4704 1823 4759 hi
1848 4704 1987 4760 deos
2010 4721 2149 4760 suos

506 4803 594 4861 illi
622 4818 756 4859 vero
786 4800 971 4855 Deum
1004 4814 1188 4853 unum
1220 4801 1275 4852 et
1306 4812 1504 4851 verum
1556 4795 1628 4850 ad
1674 4794 1961 4851 orientem
2011 4811 2149 4850 eon-

505 4892 658 4951 versi
686 4878 932 4947 orabant
966 4905 978 4943 :
1012 4884 1257 4957 gentiles
1286 4886 1466 4955 enim,
1519 4888 1581 4939 ut
1635 4888 1797 4939 notat
1840 4882 2149 4939 Tertullia-

505 4998 642 5046 nus,
684 4978 965 5050 aﬂectione
1013 4972 1266 5045 profecto
1324 4970 1581 5045 pessima
1622 4971 1927 5043 aliquando
1983 4973 2151 5028 etiam

502 5070 749 5130 eximia
778 5064 1046 5123 adorandi
1076 5061 1728 5133 (Tertullian.Apotoget.
1762 5076 1887 5132 cap.
1922 5061 2146 5132 16,pag.

501 5162 628 5229 371,
662 5166 717 5216 et
746 5157 847 5212 lib.
880 5154 990 5211 Iud
1019 5155 1236 5209 Nation.
1271 5168 1396 5222 cap.
1436 5150 1521 5217 13,
1553 5166 1685 5222 pag.
1718 5150 1865 5219 579).
1899 5152 2010 5205 Res
2040 5148 2149 5220 igi-

501 5256 601 5308 tur
631 5246 915 5312 coslestes,
952 5241 1176 5308 stellas,
1229 5239 1534 5308 nimirum,
1589 5254 1654 5293 ac
1705 5238 1970 5310 planetas
2015 5254 2149 5293 cum

501 5338 831 5403 adorarent,
864 5336 1118 5403 deosque
1149 5345 1276 5386 esse
1308 5327 1929 5399 Opinarcntur,ideirco
1963 5327 2033 5383 ad
2054 5344 2147 5383 so-

501 5429 618 5487 lem
648 5424 886 5482 illorum
924 5422 1074 5476 945
1137 5415 1406 5473 omnium
1462 5415 1785 5470 maximum
1836 5422 1891 5473 et
1939 5416 2152 5489 prima-

502 5518 679 5587 rium,
710 5516 944 5570 orantes
975 5525 1101 5565 sese
1133 5504 1567 5563 convertebant.

575 5608 649 5663 At
678 5599 990 5662 Christiani
1030 5598 1201 5671 longe
1233 5594 1477 5654 diversis
1522 5591 1850 5653 rationibus
1904 5595 2061 5654 hunc
2090 5594 2150 5653 in

2260 4614 2465 4685 solem,
2499 4632 2667 4687 quem
2720 4615 3035 4671 Christiani
3076 4615 3295 4671 habent
3337 4617 3397 4672 in
3444 4618 3637 4692 clypeo
3680 4632 3788 4685 suo,
3814 4613 3857 4668 id

2258 4707 2366 4770 est,
2402 4704 2460 4758 in
2492 4703 2591 4759 illo
2621 4703 2719 4775 qui
2754 4705 2957 4759 mundi
2991 4703 3196 4760 oculus
3228 4710 3284 4761 et
3333 4706 3523 4763 instar
3560 4707 3727 4778 clypei
3769 4706 3858 4768 est,

2261 4797 2361 4847 aut
2381 4793 2530 4849 sicut
2561 4792 2659 4848 alii
2681 4793 3138 4864 volunt,vultum
3166 4796 3309 4851 solis
3332 4801 3609 4867 tanquam
3633 4794 3856 4865 inclypeo

2261 4888 2525 4938 cernunt.
2560 4884 2667 4938 Sed
2705 4882 2823 4937 hac
2850 4884 3038 4955 magis
3070 4885 3271 4954 utique
3304 4880 3858 4956 subtilis,quamsoli-

2262 4973 2335 5027 da
2364 4970 2669 5043 explicatio
2711 4988 3015 5043 nunquam
3062 4973 3238 5029 dubio
3292 4972 3492 5045 procul
3547 4975 3600 5028 in
3650 4977 3859 5027 mentem

2260 5058 2597 5116 Tertulliani
2625 5064 2880 5115 venerat.
2912 5058 3247 5132 Simplicior
3278 5065 3496 5132 autem,
3528 5065 3591 5115 ut
3620 5075 3680 5114 ex
3699 5059 3858 5114 obser-

2260 5150 2408 5205 vatis
2440 5148 2637 5220 liquet,
2665 5148 2896 5204 videtur
2925 5166 3051 5204 esse
3084 5149 3175 5204 hic
3218 5149 3375 5205 illius
3418 5166 3622 5205 sensus
3654 5167 3665 5202 :
3695 5144 3859 5202 Ethni-

2262 5237 2311 5294 ci
2347 5237 2491 5293 falso
2522 5237 2809 5309 putabant
2840 5237 3023 5294 solem
3048 5255 3081 5293 a
3112 5238 3482 5306 Christianis,
3520 5237 3858 5310 quemadmo-

2262 5328 2399 5383 dum
2434 5344 2467 5381 a
2499 5327 2689 5382 Persis
2723 5327 2976 5381 adorari.
3010 5331 3154 5382 Nam
3189 5328 3247 5382 hi
3280 5328 3336 5382 in
3367 5327 3580 5399 clypeis
3602 5326 3715 5381 suis
3733 5322 3859 5378 emc-

2261 5420 2377 5471 tam
2414 5420 2471 5470 et
2501 5419 2975 5486 reprmsentatam
3010 5415 3153 5470 solis
3184 5416 3274 5470 dei
3307 5415 3390 5471 sui
3420 5415 3722 5487 imaginem
3753 5408 3857 5465 ubi-

2264 5521 2376 5577 que
2405 5503 2716 5571 habebant,
2751 5503 3069 5561 Christianl
3101 5521 3233 5561 vero
3266 5522 3334 5561 ne
3366 5504 3597 5576 quidem
3628 5504 3681 5560 in
3713 5499 3856 5557 linteo

2263 5592 2430 5651 ullibi
2464 5592 2797 5665 depictam.
