4118 6182
357 279 515 338 1037

869 415 1024 471 916
1056 432 1373 474 armemus
1414 436 1488 475 1v.

355 515 464 572 Cur
486 516 788 574 Christiani
807 518 952 575 diem
975 522 1341 591 Dominicum,
1366 525 1433 579 ab
1455 525 1685 581 ethnicis
1707 525 1829 583 Soli
1850 526 2001 583 dica-

423 591 718 666 tum,__lazti
743 594 942 666 festum
971 603 1217 662 agerent,
1240 598 1425 666 sicque
1454 614 1562 653 uno
1591 604 1811 653 tantum
1838 601 1948 655 loco
1969 617 2001 655 a

421 662 726 729 gentilibus
754 670 805 719 et
834 665 1047 721 Iudaeis
1096 666 1242 722 diem
1294 662 1505 724 sabbati
1532 672 1825 728 solemnem
1854 671 1998 726 cele-

424 734 710 790 brantibus
739 736 1139 807 discreparent.

422 893 585 950 Alius
616 913 758 952 sane
787 914 892 952 nec
942 898 1133 953 minor
1179 902 1432 971 profecto
1480 918 1641 957 error
1689 910 1814 958 erat
1859 920 1997 974 gen-

342 981 511 1051 lium,
534 986 635 1055 qui
664 986 856 1042 adhuc
877 988 1271 1059 opinabantur
1301 989 1484 1046 solem
1518 991 1646 1047 ideo
1669 1009 1701 1047 a
1721 993 1999 1048 Christia-

344 1071 438 1127 nis
463 1076 745 1144 tanquam
777 1075 960 1130 Deum
988 1074 1118 1145 coli,
1148 1077 1287 1148 quia
1321 1079 1682 1135 Dominicum
1716 1081 1891 1147 diem,
1924 1082 1997 1135 ab

340 1157 462 1216 illis
491 1161 603 1216 Soli
636 1163 919 1229 dicatum,
943 1164 1001 1218 hi
1033 1182 1167 1220 cum
1199 1166 1399 1222 laetitia
1426 1174 1685 1239 agerent.
1710 1171 1997 1235 Quamob-

341 1265 466 1303 rem
499 1250 895 1307 Tertullianus
916 1269 1014 1307 eos
1038 1254 1121 1309 sic
1143 1254 1435 1323 refellit,et
1453 1258 1737 1327 exagitat:
1765 1279 1791 1306 «
1819 1259 1999 1328 IEque

342 1339 393 1393 si
425 1340 579 1395 diem
611 1342 776 1407 solis,
804 1342 861 1395 id
903 1346 992 1397 est
1035 1342 1431 1413 Dominicum,
1478 1343 1690 1399 latitia;
1722 1346 1995 1418 indulge-

341 1445 498 1493 mus,
532 1429 646 1485 alia
674 1430 847 1501 longe
879 1432 1122 1497 ratione,
1155 1449 1332 1503 quam
1366 1433 1648 1505 religione
1682 1435 1802 1489 sive
1833 1434 1993 1489 cultu

340 1516 485 1572 solis
520 1539 549 1566 »
583 1518 852 1589 (Tertull.
888 1521 1163 1589 Apologet.
1193 1538 1321 1592 cap.
1355 1523 1444 1591 16,
1470 1540 1602 1594 pag.
1633 1525 1783 1595 371).
1818 1525 1995 1579 Tacet

338 1607 567 1677 quidem
591 1606 842 1677 ille,qua2
870 1625 938 1662 ea
967 1608 1045 1663 sit
1075 1608 1191 1663 alia
1222 1610 1368 1664 ratio
1398 1627 1501 1664 cur
1532 1627 1664 1665 eum
1699 1612 1851 1666 diem
1874 1610 1991 1680 lenti

338 1701 510 1764 atque
532 1698 670 1750 adeo
696 1696 904 1751 festum
934 1696 1314 1751 celebrarent.
1334 1698 1445 1752 Sed
1476 1698 1637 1753 illam
1673 1699 1840 1754 nobis
1867 1700 1990 1754 red-

1263 287 1337 346 D.
1384 288 1481 349 LE
1525 289 1855 352 NOURRY
1898 290 2553 355 OBSERVATIONES
2596 295 2855 357 NOVIE.

3611 302 3767 364 {038

2032 428 2084 493 Α
2120 422 2222 491 λεῖ,
2258 423 2319 477 οὖ
2350 425 2615 496 νηστεύει.
2650 430 2972 486 Dominica:
3018 447 3202 487 omnes
3248 436 3421 505 festas
3456 433 3767 508 hilaresque

2108 514 2379 569 catholica
2408 518 2599 571 sanxit
2629 518 2885 589 Ecclesia,
2921 536 2983 573 ac
3022 520 3289 577 solemnes
3316 533 3608 579 conventus
3637 542 3763 581 ma-

2110 604 2311 657 tutinis
2342 604 2491 658 947
2540 605 2691 661 horis
2724 607 2939 673 indicit,
2983 626 3084 663 nec
3133 611 3248 665 ulla
3286 613 3505 684 jejunia
3533 614 3768 672 celebrat

2109 692 2419 764 (Epiphan.
2454 691 2702 766 Emposit.
2737 696 2852 767 ﬁd.,
2883 699 2910 765 §
2939 698 3028 769 2‘3,
3050 716 3180 771 pag.
3209 702 3351 773 105).
3386 702 3532 757 Alibi
3563 708 3759 760 autem

2110 799 2217 842 nos
2248 785 2524 839 admonet
2572 786 2729 841 hunc
2770 804 2991 843 morem
3034 788 3105 843 ab
3156 791 3437 861 apostolis
3468 793 3758 863 proficisci

2110 872 2313 943 (ldem.
2344 875 2551 930 Haeres.
2601 877 2741 945 Arii,
2774 879 2800 944 §
2849 878 2902 942 6,
2939 892 3068 948 pag.
3124 880 3273 946 910).
3312 879 3484 934 Plura
3514 881 3570 935 in
3604 882 3756 939 hanc

2109 977 2253 1028 rem,
2280 978 2405 1032 qua:
2430 963 2705 1019 omnibus
2733 970 2865 1020 nota
2887 972 2992 1030 est,
3018 966 3389 1022 accumulare
3420 968 3562 1023 nihil
3586 969 3757 1041 plane

2108 1066 2255 1121 opus
2305 1057 2412 1106 est.
2462 1052 2692 1107 Sufﬁcit
2734 1053 2888 1108 enim
2935 1055 3209 1110 omnibus
3263 1056 3542 1128 probasse
3601 1058 3755 1113 hunc

2107 1138 2261 1194 diem
2308 1139 2366 1193 in
2414 1141 2650 1208 Christi,
2684 1160 2714 1197 a
2765 1143 3010 1197 mortuis
3064 1143 3170 1198 hoc
3221 1144 3346 1215 ipso
3378 1144 3471 1200 die
3503 1146 3752 1217 excitati,

2106 1227 2385 1284 honorem
2410 1230 2545 1300 jure
2579 1230 2783 1285 merito
2818 1231 2999 1286 fuisse
3029 1231 3388 1288 institutum.

2177 1334 2537 1407 Quapropter
2568 1336 2652 1391 sic
2706 1337 2895 1407 pergit
2941 1337 3333 1394 Tertullianus
3368 1356 3381 1395 :
3430 1363 3457 1390 ιι
3492 1342 3756 1399 Secundo

2102 1422 2227 1479 loco
2265 1425 2336 1479 ab
2370 1426 2453 1481 eis
2498 1442 2727 1493 sumus,
2761 1426 2861 1496 qui
2893 1426 3045 1482 diem
3078 1427 3313 1483 Saturni
3344 1428 3461 1483 otio
3492 1434 3549 1485 et
3578 1431 3757 1487 victui

2102 1515 2445 1582 decernunt,
2480 1516 2872 1572 exorbitantes
2916 1525 2973 1572 et
3021 1518 3135 1588 ipsi
3184 1535 3216 1574 a
3261 1520 3509 1575 Judaico
3568 1538 3751 1590 more,

2103 1619 2277 1675 quem
2321 1605 2588 1675 ignorant
2624 1628 2652 1653 »
2704 1605 3071 1674 (Tertullian.
3120 1610 3399 1679 Apologet.
3459 1626 3589 1681 cap.
3662 1612 3748 1685 15,

2102 1709 2233 1764 pag.
2266 1694 2414 1760 357).
2447 1694 2555 1749 Sed
2590 1693 2707 1748 haec
2761 1694 2997 1749 uberius
3046 1696 3379 1767 clariusque
3405 1698 3543 1752 alibi
3575 1716 3747 1771 expo-

335 1783 487 1837 didit
518 1785 813 1839 Barnabas
848 1800 860 1839 ;
892 1806 919 1833 ι(
954 1786 1169 1840 Idcirco
1200 1787 1353 1841 diem
1388 1794 1676 1855 octavum,
1714 1788 1987 1858 inquit,id
2018 1798 2065 1861 B
2098 1783 2237 1847 suit,
2274 1783 2369 1836 ubi
2402 1782 2648 1853 gentiles
2679 1782 2841 1837 hisce
2870 1784 3063 1837 verbis
3094 1785 3305 1839 affatur
3340 1802 3351 1840 :
3391 1806 3417 1837 α
3448 1786 3561 1842 Vos
3592 1795 3746 1845 certe

336 1879 430 1927 est
462 1872 852 1942 Dominicum,
880 1873 939 1928 in
972 1873 1171 1929 laetitia
1202 1876 1454 1946 agimus,
1490 1878 1547 1930 in
1581 1893 1696 1947 quo
1727 1881 1783 1931 et
1811 1878 1987 1932 Jesus

337 1961 655 2017 resurrexit
685 1979 718 2017 a
748 1961 1013 2030 mortuis,
1049 1970 1104 2017 et
1131 1980 1264 2018 cum
1299 1964 1690 2035 apparuisset,
1723 1966 1989 2021 ascendit

338 2051 411 2105 ad
444 2050 620 2106 ccelos
666 2071 689 2101 ι
735 2051 1008 2122 (Barnab.
1058 2052 1229 2123 epist.
1276 2052 1306 2123 §
1355 2053 1440 2123 15,
1476 2069 1607 2125 pag.
1665 2056 1773 2124 16).
1826 2055 1986 2118 Quod

336 2139 572 2212 quidem
608 2139 847 2211 pulchre
876 2141 1185 2197 confirmat
1211 2141 1481 2196 Justinus
1514 2142 1752 2213 Martyr,
1777 2144 1875 2215 qui
1899 2144 1983 2197 id-

334 2229 489 2284 circo
522 2246 634 2283 non
670 2246 839 2285 secus
872 2246 936 2285 ac
968 2230 1263 2284 Barnabas
1284 2236 1341 2284 et
1366 2230 1762 2285 Tertullianus
1790 2236 1987 2286 noster

335 2324 533 2388 aperte
565 2318 822 2383 declarat
877 2319 1032 2373 hunc
1081 2319 1237 2373 diem
1269 2318 1421 2373 Solis
1453 2318 1832 2391 appellatum,
1867 2337 1977 2390 quo

332 2407 649 2461 Christiani
679 2408 1016 2479 congregari
1052 2407 1318 2462 solebant
1352 2424 1364 2460 :
1398 2410 1473 2478 Τῇ
1531 2410 1626 2459 τοῦ
1666 2404 1859 2460 Ἡλίου
1891 2405 1980 2460 λε-

328 2494 534 2568 γομὲνῃ
564 2494 764 2568 ἡμέρᾳ,
795 2497 883 2551 die
909 2513 1033 2567 quae
1060 2498 1200 2553 Solis
1234 2505 1457 2551 vocatur
1490 2497 1729 2567 (Justin.
1755 2499 1975 2568 Apolog.

330 2586 396 2654 1),
448 2585 659 2639 Eodem
704 2601 936 2657 quoque
989 2586 1225 2641 nomine
1278 2591 1651 2657 nuncupatur
1690 2586 1749 2641 in
1800 2587 1979 2641 variis

332 2674 702 2729 Constantini
756 2674 970 2747 Magni,
1002 2674 1391 2729 Valentiniani
1416 2675 1671 2745 junioris
1703 2679 1759 2730 et
1789 2675 1978 2731 Theo-

333 2763 484 2817 dosii
534 2762 784 2835 legibus,
828 2764 886 2819 in
938 2780 1087 2836 quas
1138 2764 1525 2819 Gothofredus
1557 2763 1727 2835 plura
1754 2764 1813 2818 in
1856 2780 1974 2819 rem

330 2857 594 2908 nostram
646 2853 863 2925 aliique
907 2854 1043 2907 alibi
1094 2856 1476 2909 observarunt
1525 2854 1669 2920 (Cod.
1718 2856 1975 2912 Thcodos.

332 2940 447 3015 leg.
484 2944 506 2997 1
544 2951 592 2997 et
623 2943 657 2995 2
684 2942 751 2997 de
775 2944 960 3015 feriis,
998 2958 1127 3015 pag.
1164 2943 1264 2997 118
1293 2948 1348 2997 et
1380 2944 1548 3015 seq.).

407 3032 735 3103 Aliquando
767 3033 941 3088 etiam
983 3032 1107 3087 dies
1165 3032 1525 3101 Dominieus,
1558 3031 1643 3088 vel
1676 3033 1979 3089 Dominica

332 3121 642 3187 solemnia,
673 3121 758 3177 vel
795 3121 1085 3193 simpliter
1116 3120 1486 3177 Dominicum
1520 3123 1979 3194 cognominaba-

331 3216 445 3265 tur.
479 3210 769 3281 Scriptum
805 3211 1022 3282 quippe
1053 3209 1451 3265 Tertullianus
1479 3217 1677 3266 noster
1709 3212 1977 3284 reliquit:

333 3323 360 3349 α
394 3300 696 3363 Quomodo
750 3300 1053 3354 Dominica
1102 3299 1389 3355 solemnia
1436 3300 1861 3355 celebrabimus
1892 3300 1919 3355 ?
1952 3323 1978 3349 ››

331 3389 599 3459 (Tertull.
631 3389 695 3444 de
726 3394 896 3459 Fuga,
932 3405 1057 3460 cap.
1098 3388 1316 3461 ultim.)
1369 3390 1695 3461 Cyprianus
1752 3407 1884 3446 vero
1919 3390 1977 3445 in

330 3496 441 3532 sua
471 3478 540 3532 ad
573 3478 961 3551 presbyteros,
1004 3478 1281 3533 diaconos
1312 3483 1367 3533 et
1398 3478 1729 3535 universam
1752 3479 1979 3551 plebem

332 3567 582 3639 cpistola
603 3566 841 3638 scripsit
870 3582 882 3619 :
911 3566 1256 3620 «Dominico
1289 3566 1521 3621 interim
1557 3568 1693 3639 legit
1725 3568 1979 3636 nobis,id

334 3662 445 3722 est,
470 3655 812 3727 auspicatus
835 3658 923 3707 est
948 3669 1171 3724 pacem,
1194 3653 1335 3707 dum
1369 3654 1599 3708 dedicat
1620 3654 1929 3709 lectionem
1951 3677 1977 3702 ››

336 3743 628 3816 (Cyprian.
662 3742 830 3814 epist.
864 3741 951 3811 38,
986 3758 1117 3813 pag.
1167 3741 1277 3812 59).
1310 3742 1442 3805 Quae
1492 3749 1575 3797 est
1625 3747 1842 3807 autem,
1876 3744 1979 3797 ob-

334 3837 602 3899 secrete,
625 3847 691 3886 ea
711 3830 902 3900 lectio,
926 3830 1038 3884 nisi
1063 3828 1316 3900 illa,quae
1349 3829 1404 3883 in
1431 3829 1679 3901 publicis
1702 3831 1977 3886 Christia-

333 3937 545 3975 norum
595 3920 866 3984 coetibus,
902 3919 981 3973 uti
1031 3920 1087 3971 in
1138 3918 1404 3989 sequenti
1460 3920 1646 3989 capite
1693 3920 1978 3990 dicemus,

329 4012 459 4067 ﬁeri
490 4008 919 4065 consueverat?
939 4006 998 4063 Si
1030 4007 1167 4079 quid
1202 4023 1335 4062 vero
1359 4006 1574 4061 clarius
1597 4008 1977 4079 desiderabis,

330 4102 541 4158 audias
558 4098 727 4155 velim
750 4097 1089 4166 Eusebium,
1113 4096 1213 4167 qui
1234 4096 1523 4151 memoriae
1547 4097 1803 4168 prodidit
1825 4096 1979 4152 hunc

328 4191 447 4247 diei
500 4187 783 4244 Dominici
845 4185 1091 4241 solemni
1152 4185 1265 4239 ritu
1328 4185 1657 4240 celebrandi
1694 4201 1913 4240 morem
1949 4202 1981 4239 a

329 4280 564 4335 Christo
597 4276 841 4332 Domino
875 4290 1147 4329 manasse
1178 4290 1191 4328 :
1229 4274 1343 4349 Ἐφ’
1393 4273 1620 4344 ὶκάστης
1674 4268 1979 4345 ἑϐδομάδος

326 4371 431 4436 τὴν
493 4365 767 4440 Κυριακήν
823 4361 1270 4436 χρηματίζουσαν
1328 4361 1531 4436 κμὲραν
1586 4363 1777 4437 ἑορτήν
1834 4360 1976 4437 ἄγειν

333 4458 424 4515 ἐπὶ
453 4455 617 4510 ταυτὸ
676 4452 953 4511 συνιόντας
1002 4447 1373 4524 παραδέδωκε,
1425 4453 1513 4505 καὶ
1573 4451 1706 4507 αὐτὰ
1754 4452 1979 4524 σώματα.

331 4546 589 4614 πιαίνειν,
646 4543 741 4604 τὰς
800 4539 857 4596 δὲ
914 4540 1093 4615 ψυχὰς
1151 4538 1351 4603 ἑνθὲοις
1381 4538 1739 4613 παιδεύμασιν
1775 4541 1977 4609 ἀναζω-

334 4640 527 4712 πυριῖν
561 4631 942 4707 παρεσκεύασε.
979 4632 1245 4701 l’rwcepit
1284 4634 1340 4684 ut
1383 4632 1622 4701 singulis
1663 4632 1984 4703 septimanis

336 4732 399 4784 in
434 4742 603 4781 unum
637 4724 1035 4785 convenientes,
1064 4722 1421 4774 Dominicum
1448 4720 1591 4775 diem
1621 4722 1819 4786 festum
1852 4735 1982 4790 age~

335 4825 487 4881 rent,
521 4830 621 4869 nec
649 4826 875 4881 corpora
904 4826 1009 4863 sua
1044 4810 1384 4879 saginarent,
1415 4811 1511 4863 sed
1542 4812 1753 4864 animos
1780 4809 1984 4863 divinis

334 4901 793 4979 praeceptionibus
822 4898 1205 4970 refocillarent
1234 4898 1470 4968 (Euseb.
1530 4898 1689 4953 Orat.
1740 4897 1805 4952 de
1835 4897 1984 4953 laud.

336 4993 683 5053 Constantia.
717 5005 845 5061 cap.
881 4988 967 5057 17,
1004 5002 1137 5058 pag.
1170 4986 1318 5057 664).
1372 4990 1559 5057 Atque
1607 4986 1686 5040 ita
1716 4986 1987 5041 Valesius

334 5089 492 5143 hunc
520 5078 755 5137 Eusebii
776 5076 969 5132 locum
994 5075 1433 5147 interpretatur,
1455 5075 1553 5146 qui
1587 5080 1722 5131 ante
1742 5076 1982 5130 verbum

333 5173 566 5231 πιαίνειν
624 5165 970 5243 particulam
1024 5161 1084 5217 οὐ
1124 5163 1351 5219 librarii
1417 5164 1646 5221 incuria
1705 5164 1985 5221 omissam

339 5266 524 5323 fuisse
572 5277 682 5316 non
731 5255 979 5326 dubitat,
1018 5253 1160 5325 quia
1186 5251 1249 5306 τὸ
1280 5251 1506 5307 πιαίνειν
1541 5272 1656 5310 non
1720 5254 1993 5310 convenit

340 5350 927 5412 Christianis.Postea
975 5360 1110 5398 vero
1132 5342 1497 5414 Epiphanius
1529 5345 1600 5399 de
1655 5344 1857 5398 eadem
1880 5343 1993 5397 Do-

346 5443 575 5501 minicis
608 5436 719 5493 diei
752 5433 1085 5490 celebritate
1116 5430 1236 5486 haec
1279 5430 1511 5503 scriptis
1563 5433 1841 5488 tradidit:
1890 5432 1993 5492 Τὰς

348 5527 623 5608 Κυρεακᾶς
686 5521 890 5583 ἁπάσας
966 5518 1232 5597 τρυφερᾶς
1305 5520 1519 5594 ἡγεῖται
1580 5522 1614 5591 ἡ
1672 5520 1798 5597 ἁγία
1856 5520 1994 5589 αὐτὴ

2096 1869 2257 1935 estis,
2282 1870 2382 1941 qui
2404 1872 2579 1926 etiam
2605 1871 2663 1925 in
2690 1870 3034 1926 laterculum
3060 1877 3279 1942 septem
3306 1872 3535 1929 dierum
3559 1875 3743 1932 solem

2095 1959 2417 2029 recepistis,
2454 1965 2509 2014 et
2538 1976 2605 2014 ex
2637 1959 2844 2014 diebus
2875 1960 3069 2031 ipsum
3101 1960 3467 2033 praelegistis,
3504 1980 3619 2035 quo
3652 1965 3745 2019 die

2094 2047 2387 2102 lavacrum
2439 2048 2823 2114 subtrahatis,
2858 2056 2962 2103 aut
3000 2049 3057 2103 in
3106 2065 3405 2120 vesperam
3438 2052 3744 2123 diti‘eratis,

2094 2140 2194 2190 aut
2225 2137 2427 2203 otium,
2463 2142 2563 2190 aut
2593 2138 2904 2207 prandium
2936 2139 3171 2193 curetis.
3202 2138 3364 2202 Quod
3398 2142 3632 2211 quidem
3664 2144 3744 2198 fa-

2094 2224 2224 2279 citis
2255 2225 2649 2279 exorbitantes
2680 2230 2737 2280 et
2766 2225 2877 2297 ipsi
2913 2244 2947 2281 a
2978 2227 3184 2283 vestris
3216 2229 3289 2282 ad
3330 2228 3475 2285 alias
3507 2230 3742 2301 religio-

2096 2330 2217 2368 nes.
2250 2314 2438 2367 Judaai
2478 2314 2634 2368 enim
2686 2315 2837 2375 festi.
2872 2315 3147 2380 Sabbata,
3200 2321 3256 2369 et
3293 2332 3458 2371 caena
3505 2334 3653 2388 pura
3691 2322 3749 2374 et

2089 2402 2322 2457 Judaici
2359 2404 2508 2457 ritus
2543 2403 2938 2473 lucernarum,
2966 2404 3267 2474 etjejunia
3288 2421 3420 2459 cum
3445 2406 3748 2478 azymis,et

2094 2492 2385 2546 orationes
2419 2491 2720 2560 littorales,
2757 2508 2883 2563 quae
2917 2493 3118 2563 utique
3160 2492 3349 2547 aliena
3398 2498 3537 2549 sunt
3568 2512 3601 2550 a
3632 2496 3745 2552 diis

2090 2579 2317 2631 vestris.
2352 2579 2539 2643 Quare
2571 2584 2636 2633 ut
2665 2580 2737 2634 ab
2768 2595 3006 2633 excessu
3040 2585 3317 2643 revertar,
3352 2581 3447 2651 qui
3481 2582 3663 2637 solem
3687 2589 3745 2639 et

2089 2667 2240 2722 diem
2277 2669 2409 2739 ejus
2434 2667 2602 2723 nobis
2624 2668 3008 2739 exprobratis,
3033 2670 3329 2741 agnoscite
3360 2670 3740 2727 vicinitatem.

2088 2756 2211 2810 Non
2245 2756 2415 2828 longe
2446 2774 2478 2810 a
2509 2761 2758 2811 Saturno
2809 2763 2867 2811 et
2920 2757 3192 2812 Sabbatis
3233 2758 3440 2813 vestris
3471 2776 3677 2814 sumus
3714 2782 3736 2807 ι

2089 2845 2289 2915 (idem,
2327 2845 2427 2899 lib.
2468 2862 2485 2899 1
2516 2845 2611 2899 ad.
2648 2847 2776 2900 Nat.
2810 2860 2938 2916 cap.
2975 2846 3060 2910 13,
3096 2862 3229 2917 pag.
3261 2847 3408 2917 579).
3440 2848 3550 2901 Sed
3584 2848 3739 2904 dictu

2088 2935 2239 2989 haud
2277 2934 2443 2990 facile
2475 2952 2543 2989 an
2579 2936 2832 3003 genuina
2862 2938 2919 2991 et
2949 2935 3287 3006 incorrupta
3316 2938 3434 2993 sint
3464 2937 3585 2991 haec
3616 2954 3742 2992 ver-

2088 3024 2161 3078 ba
2215 3026 2503 3081 Orationes
2555 3024 2822 3079 littorales
2882 3022 3093 3093 (Philo.
3144 3024 3280 3079 Jud.
3343 3027 3404 3079 in
3462 3026 3743 3081 Flaccum.

2093 3129 2222 3184 pag.
2256 3113 2361 3167 992
2395 3114 2480 3185 D).
2514 3112 2569 3165 Si
2620 3112 2773 3167 enim
2833 3112 2954 3168 haec
3014 3130 3047 3167 a
3104 3112 3465 3168 Tertulliano
3525 3115 3746 3188 scripta

2094 3205 2252 3271 sunt,
2281 3202 2421 3271 quid
2457 3201 2529 3255 iis
2570 3201 2933 3271 signiﬁcetur
2986 3202 3145 3256 dictu
3181 3200 3373 3256 anhuc
3423 3202 3745 3274 difﬁcilius,

2090 3306 2193 3344 nec
2224 3288 2381 3344 ullus
2414 3306 2480 3344 ea
2511 3289 2569 3342 in
2600 3289 2756 3344 notis
2780 3289 2904 3343 suis
2940 3288 3227 3359 explicare
3257 3289 3522 3346 tentavit.
3554 3294 3739 3345 Num-

2090 3378 2229 3449 quid
2260 3381 2451 3431 autem
2488 3380 2689 3431 auctor
2736 3381 2931 3431 noster
2961 3377 3029 3431 ad
3078 3377 3366 3447 quasdam
3406 3377 3744 3433 Judaorum

2090 3483 2289 3539 preces
2322 3465 2669 3532 collineavit,
2704 3481 2849 3536 quas
2904 3464 3090 3519 Judaei
3147 3466 3216 3519 ad
3276 3464 3587 3520 ﬂuviorum
3644 3470 3745 3520 aut

2090 3555 2337 3624 fontium
2370 3554 2571 3609 littora
2603 3553 2844 3607 fundere
2875 3551 3165 3619 solebant,
3188 3556 3507 3625 antequam
3538 3570 3741 3609 eorum

2090 3644 2259 3715 aquis
2292 3642 2671 3697 abluerentur
2696 3641 2723 3694 ?
2770 3641 3028 3711 Castigat
3078 3646 3274 3696 autem
3328 3642 3602 3713 gentiles,
3636 3642 3739 3715 qui

2090 3731 2435 3787 Christianis
2462 3730 2606 3785 vitio
2642 3729 2962 3796 vertebant,
2997 3730 3149 3800 quod
3183 3730 3337 3785 diem
3372 3731 3738 3786 Dominicum

2089 3822 2300 3875 festum
2333 3823 2591 3890 agerent.
2628 3818 2751 3872 Non
2784 3817 2955 3889 longe
2985 3818 3138 3872 enim
3179 3818 3235 3871 hi
3290 3820 3639 3875 recedebant
3669 3820 3742 3875 ab

2089 3908 2349 3964 sabbatis
2368 3908 2723 3971 Judeeorum,
2757 3910 2814 3960 et
2844 3906 2955 3960 ritu
2988 3906 3377 3976 ipsorummet
3405 3908 3741 3978 gentilium,

2091 3998 2184 4067 qui
2220 3996 2327 4051 soli
2359 3996 2536 4049 etiam
2568 4010 2753 4049 unum
2779 3994 3161 4049 hebdomadas
3184 3994 3337 4050 diem
3371 4011 3743 4066 nuncupave-

2090 4089 2243 4139 rant.

2161 4194 2443 4245 Praeterea
2473 4187 2715 4261 singuli,
2743 4192 2805 4243 ut
2834 4186 3040 4242 scribit
3070 4186 3517 4254 PhiloJudaaus,
3539 4186 3741 4259 populi

2088 4285 2145 4337 et
2177 4280 2443 4334 nationes
2477 4277 2711 4333 tametsi
2744 4277 2869 4331 suis
2892 4276 3145 4348 propriis
3168 4279 3224 4331 et
3249 4274 3494 4330 diversis
3514 4275 3743 4346 legibus

2085 4366 2570 4433 viverent,nullus
2601 4371 2796 4419 tamen
2830 4368 2956 4419 erat
2989 4363 3115 4435 ,qui
3166 4362 3265 4429 τὴν
3322 4361 3471 4436 ἱερὰν
3532 4361 3739 4433 ἐκείνην

2087 4452 2327 4529 ἑϐδόμην
2372 4456 2475 4509 οὐκ
2527 4453 2895 4526 ἱκτετίμηκεν,
2953 4449 3123 4505 ἄνεσιν
3176 4449 3353 4505 πόνων
3402 4450 3490 4504 καὶ
3542 4449 3747 4527 ῥᾳστώ-

2010 4530 2056 4594 D
2087 4563 2181 4616 νην
2241 4543 2386 4616 αὐτῷ
2442 4565 2498 4598 τι
2558 4542 2645 4596 καὶ
2702 4547 2818 4605 τοῖς
2846 4540 3265 4611 πλησιάζουσιν,
3309 4538 3408 4594 οὐκ
3438 4538 3742 4615 ἐλευθέροις

2095 4637 2275 4708 μόνον,
2338 4630 2483 4687 ἀλλὰ
2535 4630 2622 4685 καὶ
2656 4629 2712 4685 δὲ
2745 4627 2987 4701 δούλοις,
3055 4627 3267 4702 μᾶλλον
3329 4626 3385 4683 δὲ
3434 4628 3745 4704 ὑποζυγίοις

2092 4721 2300 4785 διδούς.
2337 4722 2566 4777 Sacrum
2595 4722 2755 4775 illum
2786 4720 2927 4776 diem
2956 4736 3055 4792 per
3097 4719 3349 4790 singulas
3378 4718 3747 4776 hebdomadas

2091 4820 2461 4870 recurrentem
2528 4826 2637 4865 non
2693 4811 3006 4879 honoraret,
3058 4812 3433 4866 remissionem
3496 4809 3748 4865 laborum

2091 4906 2377 4977 feriasque
2405 4901 2722 4971 aﬂerentem
2741 4900 3143 4971 patrifamilias
3164 4915 3287 4954 cum
3313 4898 3622 4954 domesticis
3637 4914 3747 4953 non

2094 4994 2351 5063 ingenuis
2382 4994 2619 5057 tantum,
2644 5004 2833 5043 verum
2863 4990 3031 5043 etiam
3061 4990 3383 5059 mancipiis,
3406 4996 3456 5043 et
3475 4988 3749 5059 jumentis

2095 5085 2329 5154 insuper
2360 5078 2529 5151 (Phil.
2563 5077 2664 5133 lib.
2700 5096 2715 5131 1
2747 5077 2814 5132 de
2866 5078 2988 5132 Vita
3042 5078 3205 5149 Moys.
3258 5080 3391 5149 post
3435 5076 3562 5131 init.
3611 5092 3745 5148 pag.

2099 5172 2245 5243 657).
2280 5170 2537 5224 Alterum
2573 5167 2837 5239 ejusdem
2872 5166 3063 5237 gentis
3094 5169 3303 5221 testem
3333 5164 3620 5221 habemus
3650 5165 3748 5221 Jo-

2101 5260 2375 5332 sephum,
2409 5256 2508 5327 qui
2541 5255 2813 5313 similiter
2842 5254 3020 5310 edixit
3053 5270 3065 5309 :
3102 5249 3230 5310 066’
3286 5248 3397 5307 ἔστι
3429 5252 3593 5315 πόλις
3623 5251 3750 5309 Ἐλ-

2104 5346 2306 5417 λήνων,
2360 5341 2483 5398 οὐδὲ
2547 5338 2818 5421 βαρϐαρος
2876 5338 3000 5396 οὐδὲ
3040 5338 3093 5395 ἓν
3143 5335 3313 5411 ἔθνος,
3377 5338 3497 5405 ἔνθα
3554 5343 3629 5415 μὴ
3688 5342 3749 5395 τὸ

2103 5439 2198 5506 τῆς
2260 5431 2585 5507 ἑϐδομάδος,
2618 5435 2681 5501 ἣν
2713 5429 2979 5510 ἁργοῦμεν
3008 5433 3193 5504 ἡμεῖς,
3228 5430 3289 5484 τὸ
3320 5426 3439 5499 ἔθος
3473 5430 3532 5484 οὐ
3566 5428 3749 5507 διαπι-

2108 5524 2382 5604 φοίτηκιν,
2440 5523 2528 5579 καὶ
2586 5524 2639 5577 αἱ
2687 5526 2950 5592 νηστεῖαι,
3002 5519 3089 5575 καὶ
3140 5518 3358 5594 λύχνων
3415 5515 3749 5579 ἅνακαύσιις.

348 5619 620 5689 καθολικὴ
680 5611 999 5686 Ἐκκλησία,
1047 5610 1136 5668 καὶ
1174 5608 1412 5680 συνάξιις
1459 5612 1548 5687 ἀφ’
1601 5609 1762 5667 ἕωθεν
1818 5610 1999 5668 ἐπιτε-

2108 5617 2277 5677 Nulia
2320 5624 2399 5673 est
2446 5616 2637 5673 civitas
2688 5617 3015 5674 Graecorum
3059 5614 3158 5667 aut
3210 5612 3606 5681 Barbarorum,
3654 5625 3753 5667 nec
