4118 6182
451 344 609 407 1039

1001 338 1533 400 TERTULLIANI
1575 335 1898 398 OPERUM
1943 334 2145 395 PARS
2187 334 2633 396 L—SERIES
2680 337 2727 407 Ι,
2771 334 3333 397 APOLOGETICA.

3671 340 3802 401 1040

450 477 572 534 ulla
602 491 753 546 gens,
785 472 865 528 ad
893 488 1057 542 quam
1075 470 1419 542 septimanae,
1453 470 1515 524 in
1543 484 1651 541 qua
1679 481 2095 534 racamus,con-
2132 466 2185 531 Α
2213 473 2428 521 orantes
2460 465 2716 521 divinam
2758 468 2888 537 ejus
2940 466 3398 522 misericordiam
3443 470 3808 539 precationibus

450 566 691 624 suetudo
722 580 832 619 non
859 562 1191 633 pervenerit,
1205 560 1539 630 jejuniaque
1559 575 1624 614 ac
1651 557 1989 613 candelabra
2007 572 2098 610 ac-

449 671 616 715 censa
646 651 903 725 (Joseph.
943 649 1044 705 lib.
1109 667 1149 704 ιι
1212 648 1393 703 Contr.
1451 650 1688 719 Appion.
1747 662 1879 718 pag.
1915 647 2095 713 1081).

454 744 714 814 Denique
743 740 881 796 alibi
914 737 1359 794 observavimus
1391 738 1553 807 (tom.
1583 737 1603 791 Ι
1634 738 1893 807 Apparat.
1926 735 2099 789 lib.m

456 836 691 892 dissert.
720 834 775 901 2,
808 846 934 900 cap.
976 829 1055 896 16,
1090 830 1197 882 art.
1251 827 1302 896 1,
1353 842 1485 898 pag.
1537 826 1695 894 1117)
1744 842 1777 879 a
1806 822 2103 880 Clemente

456 920 843 981 Alexandrino
873 922 929 973 et
958 916 1204 971 Eusebio
1236 915 1411 970 variis
1453 914 1804 986 scriptorum
1835 913 2105 968 testimo-

458 1012 573 1068 niis
602 1008 834 1083 probari
868 1005 1181 1077 septimum
1214 1004 1368 1058 948
1400 1003 1779 1059 hebdomadas
1818 1002 1969 1056 diem
2002 1000 2105 1055 Ju-

458 1101 601 1157 daeis
629 1104 685 1155 et
714 1096 927 1153 Graecis
959 1095 1143 1150 fuisse
1172 1110 1428 1149 sacrum.

527 1191 760 1245 Certum
784 1188 981 1258 itaque
1013 1200 1079 1239 ex
1109 1184 1392 1239 hactenus
1423 1183 1594 1238 dictis
1627 1181 1946 1253 unicuique
1977 1196 2105 1235 esse

456 1281 647 1349 debet,
679 1276 868 1350 primo
898 1274 1261 1331 Christianos
1292 1272 1462 1344 longe
1493 1272 1607 1327 alia
1657 1271 1877 1326 ratione
1909 1274 1965 1326 et
1993 1269 2104 1325 alio

457 1370 572 1425 ritu
604 1367 758 1422 diem
790 1363 936 1419 Solis
968 1363 1090 1419 sive
1141 1362 1503 1418 Dominicum
1546 1359 1893 1425 celebrasse,
1927 1375 2104 1430 quam

456 1458 689 1513 Judaeos
721 1470 785 1510 ac
816 1451 1083 1525 gentiles,
1108 1453 1178 1505 de
1203 1451 1415 1522 quibus
1442 1448 1796 1519 Lactantius,
1820 1446 2103 1519 quidquid

458 1544 685 1602 nonulli
719 1543 990 1607 dixerint,
1027 1540 1200 1595 etiam
1235 1540 1515 1611 loquitur.
1548 1538 1834 1605 Secundo,
1868 1537 2103 1591 eosdem

459 1633 821 1690 Christianos
844 1646 946 1703 per
972 1629 1303 1701 huncdiem
1332 1628 1653 1683 indulsisse
1681 1625 2106 1693 laetitizemimi-

459 1720 876 1795 rumspiritali;
894 1719 1030 1791 quia
1050 1734 1254 1773 omnes
1269 1717 1621 1788 undique,ut
1638 1733 1703 1771 ex
1716 1716 1946 1770 Justino
1962 1715 2108 1769 Mar-

2214 554 2339 611 suis
2370 555 2684 611 flecterent.
2728 556 2842 611 Nec
2874 555 3165 628 ingratam
3212 555 3293 610 illi
3339 556 3454 611 vim
3508 556 3806 616 faciebant:

2216 644 2359 701 Nam
2388 646 2506 701 hac
2534 646 2634 711 vis,
2666 644 2860 717 inquit
2915 649 3119 701 auctor
3165 649 3378 713 noster,
3428 650 3531 701 Deo
3575 657 3718 716 grata
3742 655 3808 703 est

2216 734 2583 805 (Tertullian.
2616 736 2895 808 Apologet.
2932 752 3059 807 cap.
3089 735 3178 801 39,
3207 750 3338 806 pag.
3366 735 3506 806 467),
3538 752 3645 807 qua
3670 736 3810 791 Cbri-

2216 823 2415 891 stiani,
2449 824 2777 895 conjunctis
2806 824 3070 881 omnium
3103 824 3394 895 precibus,
3416 841 3544 880 eum
3574 825 3813 882 formida-

2216 912 2357 967 bilia
2386 913 2540 967 949
2562 913 2805 983 justitiaa
2838 930 3001 969 arma
3032 928 3266 985 ponere,
3298 930 3363 968 ac
3388 913 3664 985 postulata
3689 914 3811 969 divi-

2218 1018 2302 1055 nae
2360 1001 2681 1056 clementiae
2741 1002 2895 1058 dona
2951 1002 3063 1058 sibi
3124 1018 3239 1057 non
3288 1003 3566 1075 denegare
3596 1005 3815 1074 quadam

2218 1090 2387 1162 quasi
2416 1090 2689 1146 violentia
2721 1093 3025 1164 cogebant.

2288 1198 2351 1252 In
2384 1198 2539 1253 hunc
2569 1203 2764 1254 autem
2799 1199 3035 1254 modum
3070 1200 3315 1255 orabant
3342 1216 3457 1255 non
3488 1215 3585 1272 pro
3616 1216 3671 1255 se
3698 1200 3819 1272 ipsis

2214 1288 2574 1354 tantum,sed
2607 1287 2779 1343 etiam
2809 1304 2915 1360 pro
2944 1289 3395 1360 imperatoribus,
3428 1288 3509 1342 uti
3538 1288 3630 1343 ille
3658 1289 3820 1344 adhuc

2218 1375 2319 1440 ait,
2376 1391 2474 1446 pro
2528 1378 2801 1431 ministris
2855 1393 3044 1432 eorum
3091 1395 3153 1432 ac
3194 1378 3548 1449 potestatibus
3595 1377 3818 1446 (Tertull.

2220 1464 2398 1536 ibid.),
2432 1464 2489 1519 id
2522 1470 2609 1520 est
2638 1466 3078 1534 magistratibus
3107 1472 3163 1521 et
3194 1467 3563 1539 praesidibus,
3595 1466 3702 1522 sive
3740 1483 3818 1521 ur-

2216 1552 2401 1622 bium,
2436 1553 2553 1608 sive
2582 1554 3035 1625 provinciarum,
3086 1563 3142 1609 et
3172 1555 3241 1609 iis
3288 1555 3559 1610 omnibus
3606 1571 3820 1626 quorum

2216 1642 2544 1698 ministerio
2604 1644 2673 1698 ad
2732 1646 3017 1716 regendos
3068 1644 3315 1716 populos
3374 1645 3822 1715 utebantar;pro

2212 1734 2360 1785 statu
2390 1732 2605 1802 saeculi,
2639 1732 2696 1785 id
2754 1738 2843 1788 est
2896 1732 3150 1805 imperii,
3210 1738 3276 1788 ut
3332 1733 3536 1788 firmus
3590 1738 3729 1789 esset
3770 1750 3823 1788 ac

459 1817 585 1886 tyre
615 1811 753 1868 alibi
783 1808 1196 1866 annotavimus
1227 1806 1396 1879 (Ibid.
1430 1822 1562 1878 pag.
1594 1806 1707 1875 23),
1741 1805 1799 1859 in
1832 1804 2100 1905 eumdem

2216 1818 2464 1887 stabilis,
2504 1836 2610 1875 nec
2655 1820 2825 1876 bellis
2856 1827 2958 1876 aut
2988 1804 3377 1878 seditionibus
3416 1825 3821 1887 concuteretur;

456 1901 651 1958 locum
683 1898 1071 1961 conﬂuebant,
1105 1910 1452 1966 sacramque
1492 1911 1683 1959 suam,
1716 1910 1780 1948 eo
1814 1909 1927 1963 quo
1960 1893 2109 1946 dixi-

459 2007 593 2048 mus
625 1989 820 2055 modo,
842 1987 1091 2057 agebant
1115 1984 1404 2054 synaxim.
1429 1983 1537 2039 Sed
1571 1982 1739 2054 plura
1770 1983 1839 2037 de
1871 1982 1973 2037 illa
2006 1998 2108 2036 no-

456 2076 978 2137 sterTertullianus
991 2073 1388 2144 tradidit,qute
1402 2089 1558 2127 nunc
1572 2071 1930 2127 enucleanda
1948 2076 2106 2139 sunt,

1089 2197 1317 2253 CAPUT
1354 2201 1478 2254 XV.

704 2293 798 2364 (De
824 2290 997 2345 sacris
1027 2288 1484 2344 Christianorum
1510 2286 1832 2359 synaxibus.

987 2429 1299 2470 ARTICULUS
1340 2429 1580 2468 PRIMUS.

462 2532 635 2599 Quam
664 2526 741 2599 ob,
758 2540 982 2599 causam
1016 2520 1331 2599 Christiani
1358 2535 1541 2599 sacros
1575 2523 1738 2573 artus
1770 2518 2110 2599 inirentrde

530 2600 670 2671 fusis
700 2597 780 2652 ibi
803 2595 1079 2671 precibus,
1111 2609 1174 2647 ac
1216 2592 1559 2671 potissimum
1605 2606 1705 2662 pro
1730 2606 1909 2671 Amora
1938 2591 2065 2671 finis
2086 2607 2107 2651 ;

530 2662 594 2725 tle
622 2662 907 2724 sacrarum
934 2667 1352 2735 Scripturarum
1404 2664 1653 2731 lectione,
1678 2669 1738 2735 et
1768 2662 2104 2735 (cohortatio-

526 2742 732 2805 nibus;
776 2740 841 2794 de
883 2734 1242 2810 praesidibus,
1263 2734 1898 2810 ρνοιφαῑίδηδρηξονίῥιιε,
1930 2738 1979 2789 et
2016 2734 2107 2788 ho-

526 2830 717 2869 norem
742 2806 897 2867 nullo
923 2810 1118 2882 pretio,
1150 2807 1242 2864 sed
1272 2808 1581 2862 testimonio
1604 2806 1836 2877 adeptis.

524 2920 683 2978 Nihil
714 2918 885 2991 plane
915 2916 973 2972 in
1005 2919 1125 2971 tota
1156 2913 1621 2971 Christianorum
1670 2911 1980 2984 disciplina
2011 2926 2105 2966 eo-

455 3025 705 3082 rumque
726 3007 987 3065 moribus
1010 3008 1154 3072 erat,
1176 3004 1331 3075 quod
1359 3002 1683 3059 acrioribus
1703 3000 1919 3057 ethnici
1940 3015 2109 3055 vexa-

452 3107 662 3157 verunt
692 3095 1022 3162 calumniis,
1047 3110 1225 3166 quam
1248 3092 1483 3148 illorum
1518 3108 1765 3164 synaxes
1796 3107 1861 3145 ac
1892 3089 2106 3145 solem-

2211 1925 2314 1981 pro
2355 1926 2546 1966 rerum
2576 1911 2773 1983 quiete,
2806 1916 2869 1966 ut
2899 1928 3103 1967 omnes
3142 1912 3473 1968 fruerentur
3503 1928 3719 1984 semper
3742 1928 3826 1983 op-

2217 2000 2406 2054 tanda
2438 2000 2599 2071 pacis
2628 2000 2801 2056 bono.
2834 2001 3124 2056 Noverant
3153 2000 3309 2057 enim
3342 2000 3671 2067 Christiani,
3694 2000 3825 2072 quod

2214 2088 2528 2160 Apostolus
2561 2094 2911 2161 praeceperat
2961 2090 3085 2145 fieri
3116 2091 3533 2154 obsecrationes,
3565 2091 3826 2153 orationes,

2211 2179 2627 2249 postulationes,
2675 2181 2988 2249 gratiarum
3034 2182 3300 2253 actiones,
3333 2196 3430 2252 pro
3479 2180 3715 2235 omnibus
3749 2180 3826 2233 ho-

2215 2267 2481 2334 minibus,
2512 2284 2612 2339 pro
2650 2269 2887 2339 regibus,
2920 2277 2973 2325 et
3018 2270 3269 2325 omnibus
3311 2271 3412 2342 qui
3440 2271 3498 2324 in
3528 2269 3829 2324 sublimitate

2214 2364 2343 2410 sunt
2360 2372 2382 2417 ;
2425 2364 2491 2411 ut
2544 2358 2791 2427 quietam
2818 2363 2868 2413 et
2910 2360 3274 2429 tranquillam
3316 2360 3495 2416 vitam
3546 2374 3756 2430 agamus
3779 2360 3825 2411 in

2216 2446 2368 2500 omni
2400 2447 2607 2517 pietate
2634 2452 2685 2501 et
2715 2449 2961 2503 castitate
3004 2448 3049 2519 (1
3084 2449 3215 2503 Tim.
3278 2465 3345 2517 ιι,
3408 2450 3459 2515 1,
3515 2449 3586 2517 2).
3638 2449 3703 2502 De
3753 2444 3827 2500 bis

2218 2548 2389 2605 porro
2419 2533 2713 2604 precibus,
2749 2552 2895 2606 quas
2926 2535 3241 2591 Christiani
3274 2537 3337 2591 in
3393 2536 3517 2592 suis
3547 2536 3826 2609 synaxibus

2217 2638 2319 2693 pro
2350 2638 2413 2676 se
2442 2625 2499 2677 et
2530 2622 2662 2678 aliis
2693 2624 2936 2680 fundere
2966 2624 3251 2695 solebant,
3284 2625 3429 2681 alibi
3478 2625 3827 2681 disseruimus

2216 2711 2534 2783 (Dissertat.
2567 2714 2627 2767 in
2657 2714 2858 2768 Arnob.
2893 2730 3019 2785 cap.
3052 2716 3105 2784 8,
3139 2719 3247 2770 art.
3278 2716 3359 2785 2).

2286 2818 2651 2890 Quapropter
2679 2819 2825 2875 illud
2871 2837 3028 2876 nunc
3079 2821 3394 2879 observare
3426 2826 3648 2878 tantum
3674 2821 3829 2890 juvat,

2216 2908 2370 2978 quod
2421 2907 2635 2964 ibidem
2692 2909 3090 2966 Tertullianus
3139 2912 3379 2982 adjecit,
3413 2911 3756 2968 Christianos
3782 2909 3828 2962 in

2215 2996 2376 3051 hisce
2407 2997 2724 3066 synaxibus
2757 2998 2941 3054 Deum
2994 3000 3188 3055 adhuc
3236 3006 3508 3072 precatos
3557 3000 3721 3055 fuisse
3742 3012 3827 3069 pro

2216 3100 2369 3141 mora
2422 3087 2549 3156 ﬁnis
2587 3088 2855 3160 (Tertull.
2888 3088 3169 3161 Apologet.
3211 3106 3343 3162 cap.
3404 3091 3494 3157 39,
3529 3106 3652 3163 pag.
3684 3085 3830 3157 1:67)?

460 3207 564 3247 nes
599 3190 671 3244 ad
704 3202 869 3243 sacra
899 3184 1176 3257 mysteria
1207 3182 1433 3253 agenda
1462 3180 2108 3244 conventus.Quamob-
2140 3220 2183 3287 Ο
2222 3175 2363 3241 Quis
2393 3179 2609 3243 autem,
2656 3178 2843 3233 anabo
2891 3182 2968 3246 te,
3018 3178 3113 3233 ille
3171 3179 3307 3235 ﬁnis
3368 3185 3513 3250 erat,
3545 3178 3651 3234 nisi
3680 3177 3829 3231 totius

590 3278 635 3287 ..-
708 3280 717 3287 .
772 3275 831 3287 ιιι
1008 3273 1019 3285 ο
1190 3272 1203 3287 1
1294 3275 1303 3287 ι
1494 3270 1505 3287 1
1576 3286 1603 3287 η
1664 3268 1905 3287 ἐγιγημ-ᾼ,
1945 3268 2079 3287 1--3-
2224 3264 2426 3287 ..Α--..Δί
2488 3280 2653 3287 ----...
2696 3282 2817 3287 ---μ
2859 3267 3102 3287 n-____3
3137 3268 3247 3287 1A-"
3273 3269 3371 3287 ,,,'!
3482 3269 3493 3287 9
3518 3286 3561 3287 κγ
3610 3271 3801 3287 --1-..ι--

454 3275 988 3336 remTertullianus
1005 3272 1405 3344 impudentem
1424 3268 1913 3325 calumniatorum
1938 3268 2113 3323 auda-

458 3369 611 3424 ciam
631 3382 745 3421 non
764 3364 877 3420 alio
898 3361 1162 3419 validiori
1186 3362 1533 3431 argumento
1555 3357 1786 3429 penitus
1800 3356 2109 3427 comprimi

457 3472 630 3531 posse
654 3452 904 3519 censuit,
930 3465 1106 3522 quam
1131 3448 1358 3504 sincera
1380 3451 1437 3501 et
1461 3445 1718 3516 simplici
1749 3461 2108 3516 eorum,quae

457 3547 517 3601 in
549 3545 621 3600 iis
651 3542 996 3615 agebantur,
1020 3536 1399 3609 expositione.
1425 3534 1684 3589 Primum
1717 3534 1916 3605 itaque
1938 3549 2107 3589 enar-

454 3637 547 3691 rat
567 3647 739 3704 quem
763 3630 821 3684 in
848 3629 1022 3682 finem
1038 3624 1351 3681 Christiani
1377 3626 1867 3694 congregarentur
1892 3638 1904 3677 :
1934 3645 1961 3673 ‹‹
1985 3623 2109 3679 Coi-

453 3738 613 3787 mus,
645 3717 859 3789 inquit,
892 3715 951 3770 in
1007 3719 1220 3770 ccetum
1271 3716 1327 3768 et
1380 3712 1890 3784 congregationem
1937 3716 2003 3767 ut
2032 3714 2104 3768 ad

451 3812 661 3878 Deum,
695 3806 863 3880 quasi
898 3822 1072 3861 manu
1108 3805 1279 3871 facta,
1316 3803 1748 3875 precationibus
1772 3803 2107 3859 ambiamus

453 3904 686 3959 orantes
709 3919 737 3948 »
761 3894 1020 3969 (Tertull.
1054 3894 1271 3964 Apolog.
1299 3909 1424 3964 cap.
1458 3893 1546 3961 39,
1581 3909 1636 3964 p.
1662 3893 1808 3963 467).
1843 3893 1952 3949 Sed
1978 3908 2105 3963 qua:

451 3990 695 4047 totidem
721 3985 909 4043 verbis
931 3984 989 4039 in
1021 3983 1297 4039 omnibus
1329 3982 1544 4037 nostris
1576 3981 1875 4037 codicibus
1902 3998 2107 4037 manu-

455 4079 691 4151 scriptis
722 4079 779 4132 et
808 4074 1069 4145 antiquis
1122 4072 1479 4128 editionibus
1513 4071 1819 4139 habentur,
1854 4070 2105 4143 Rigaltio

454 4167 717 4240 longiora
747 4182 815 4221 ac
845 4165 993 4219 forte
1025 4161 1364 4217 obscuriora
1394 4160 1523 4216 visa
1545 4164 1704 4216 sunt.
1729 4161 1791 4215 In
1815 4164 1974 4215 textu
1998 4160 2105 4233 igi-

452 4262 553 4313 tur
581 4259 781 4313 contra
810 4252 1020 4326 ipsius,
1048 4266 1162 4324 quo
1194 4267 1339 4305 usus
1371 4253 1479 4314 est,
1506 4248 1857 4321 antiquioris
1889 4248 2103 4304 codicis

2223 3264 2451 3332 mundi,
2484 3280 2657 3335 quem
2692 3282 2823 3321 cum
2859 3267 3103 3322 Romani
3136 3268 3374 3340 imperii
3406 3269 3575 3325 ruina
3603 3271 3829 3323 evertes.

2218 3352 2362 3407 dum
2393 3369 2521 3408 esse
2549 3354 2945 3425 opinabantur
2970 3356 3176 3424 (Idem,
3226 3357 3297 3412 ad
3351 3358 3569 3430 Seaput.
3626 3353 3827 3426 cap.2).

2218 3441 2492 3506 Quamvis
2522 3447 2716 3498 autem
2746 3443 2890 3510 hinc,
2922 3444 2993 3499 de
3025 3462 3142 3517 qua
3172 3445 3399 3516 aliquid
3439 3451 3634 3519 postea
3662 3445 3827 3499 dicen-

2218 3531 2357 3585 dum
2393 3531 2549 3596 (Infr.
2583 3549 2710 3604 cap.
2733 3534 2825 3600 21,
2851 3537 2958 3588 art.
2996 3535 3069 3606 1),
3098 3534 3336 3590 omnino
3369 3536 3519 3591 falsa
3545 3535 3617 3591 sit
3643 3530 3824 3604 Opinio,

2219 3618 2353 3674 inde
2382 3623 2577 3675 tamen
2628 3620 3014 3694 intelligimus
3060 3623 3431 3681 Christianos
3482 3624 3646 3681 toties
3675 3622 3827 3677 Deum

2216 3727 2319 3782 pro
2368 3712 2615 3766 Romani
2664 3712 2893 3784 imperii
2944 3714 3335 3769 diuturnitate
3388 3732 3607 3781 orasse,
3636 3711 3830 3786 quoties

2216 3801 2383 3857 illum
2432 3820 2535 3875 pro
2582 3804 2878 3861 afferenda
2925 3807 3131 3861 mundi
3185 3807 3431 3863 finiendi
3460 3824 3619 3864 mora
3664 3818 3830 3878 preca-

2216 3892 2451 3947 bantur.
2474 3893 2537 3948 In
2560 3910 2738 3949 suum
2760 3894 2916 3950 enim
2940 3895 3587 3969 animum,pra3postere
3608 3895 3830 3968 quidem,

2216 3982 2314 4036 sed
2350 3983 2584 4054 penitus
2624 3988 2821 4039 tamen
2875 3984 3227 4041 induxerant
3284 3986 3602 4043 clausulam
3653 3980 3833 4048 siccati,

2214 4071 2344 4142 ipsa
2397 4072 2589 4128 adhuc
2648 4078 2791 4129 sunt
2847 4074 3101 4131 auctoris
3152 4076 3340 4132 nostri
3402 4078 3597 4148 verba,
3640 4069 3836 4130 Romani

2214 4162 2444 4232 imperii
2470 4172 2776 4218 commeatu
2806 4164 3085 4219 retardari
3114 4165 3322 4237 (Idem,
3368 4169 3658 4240 Apotoget.
3689 4179 3733 4217 c.
3760 4158 3831 4223 32:

2215 4266 2352 4322 pag.
2388 4252 2534 4322 447).

453 4347 653 4417 ﬁdem,
685 4344 808 4399 hac
837 4345 1069 4397 tantum
1122 4338 1303 4395 voluit
1355 4337 1595 4393 retineri
1640 4354 1653 4393 :
1712 4357 1734 4385 ι
1767 4336 2001 4393 Coimus
2034 4338 2104 4393 ad
2286 4344 2359 4396 At
2388 4346 2675 4413 quantum
2725 4343 2846 4400 haec
2895 4344 3062 4413 falsa,
3097 4349 3325 4401 tantum
3378 4346 3482 4402 illa
3524 4362 3651 4401 vera
3702 4344 3831 4399 sunt,

453 4430 838 4504 Deum,quasi
861 4446 1036 4485 manu
1059 4428 1229 4495 facta,
1255 4425 1693 4498 precationibus
1714 4426 2105 4481 ambiamus.»
2216 4446 2342 4501 qua;
2393 4431 2451 4485 in
2500 4432 2682 4487 sacris
2742 4432 3207 4492 Christianorum
3255 4436 3577 4507 synaxibus
3627 4437 3741 4489 acta
3766 4427 3833 4482 sic

453 4528 566 4579 Cur
588 4525 782 4578 autem
812 4524 899 4575 tot
918 4519 1095 4575 verba
1119 4516 1398 4573 deleverit
1428 4520 1630 4571 contra
1653 4515 1991 4571 unanimem
2016 4532 2107 4571 co-
2217 4526 2634 4576 commemorat
2697 4539 2709 4577 :
2770 4525 2991 4579 Coimus
3038 4525 3109 4578 ad
3162 4526 3484 4580 litterarum
3552 4524 3833 4579 divinarum

452 4612 652 4667 dicum
683 4624 1059 4674 consensum,
1084 4622 1156 4662 ne
1186 4605 1492 4661 minimam
1528 4605 1767 4677 quidem
1800 4606 1990 4660 reddit
2020 4622 2105 4661 ra-
2134 4594 2182 4659 D
2213 4612 2793 4666 commemorationem
2842 4612 3006 4682 (Ibid.
3062 4628 3185 4684 cap.
3240 4614 3329 4681 39,
3384 4631 3442 4685 p.
3492 4615 3603 4683 34),
3650 4611 3703 4666 id
3747 4608 3835 4669 est,

450 4702 695 4758 tionem.
742 4696 971 4754 Siccine
1031 4710 1167 4767 ergo
1215 4694 1465 4766 Rigaltio
1519 4694 1683 4750 licuit
1730 4699 1853 4750 tam
1903 4696 2112 4752 veteris
2221 4713 2421 4753 earum
2466 4698 2774 4755 lectionem
2824 4705 2882 4755 et
2918 4699 3343 4758 recitationem.
3378 4704 3524 4758 Nam
3557 4703 3613 4757 in
3650 4700 3748 4753 hoc
3776 4695 3832 4748 ﬁ—

453 4788 755 4862 scriptoris
798 4786 1013 4841 librum
1062 4788 1346 4856 tanquam
1392 4801 1565 4841 suum
1600 4802 1703 4857 pro
1734 4783 1900 4840 libito
1933 4786 2105 4842 corri-

2220 4786 2438 4841 delium
2469 4792 2620 4844 cmtu
2658 4805 2670 4843 :
2704 4787 2778 4841 Τὰ
2808 4788 3368 4863 ἀπομνημονεύματα,
3400 4796 3467 4847 ut
3496 4792 3577 4847 ait
3603 4786 3837 4846 Justinus

455 4896 612 4954 gere,
643 4895 709 4933 ac
752 4892 879 4948 quae
911 4874 1140 4930 volebat
1168 4889 1235 4929 ex
1266 4872 1364 4929 illo
1398 4874 1629 4930 demere
1658 4878 1715 4930 et
1762 4876 2105 4946 amputare?

2223 4876 2458 4945 Martyr.
2517 4880 2624 4930 τῶν
2675 4875 3018 4945 ἀποστόλων,
3078 4878 3112 4948 ἢ
3187 4880 3255 4934 τὰ
3311 4879 3698 4956 συγγράμματα
3749 4876 3835 4925 τῶν

456 4968 614 5026 Dixit
644 4970 841 5023 autem
873 4962 1269 5018 Tortullianus
1304 4978 1317 5018 :
1375 4985 1401 5013 ‹‹
1435 4962 1671 5019 Coimus
1704 4963 1762 5017 in
1810 4968 2023 5019 emtum
2056 4968 2105 5020 et

2220 4968 2517 5041 προφητῶν
2594 4966 3009 5034 ἀναγινώσκεται
3096 4970 3293 5045 μέχρις
3371 4969 3631 5045 ἐγχωρεῖ,
3702 4968 3838 5021 Com-

458 5055 1055 5130 congregationem,»
1110 5050 1281 5107 sicuti
1334 5050 1530 5108 Cicero
1562 5056 1694 5124 post
1724 5052 2108 5109 Terentium:
2220 5058 2499 5111 mentaria
2553 5058 2949 5128 apostolorum,
3030 5066 3128 5115 aut
3202 5062 3408 5132 scripta
3482 5056 3835 5130 apostolorum,

458 5170 487 5199 ‹‹
518 5146 752 5203 Coimus
781 5144 841 5199 in
870 5142 1119 5197 Piraeum
1169 5161 1199 5191 ››
1250 5140 1454 5211 (Cicer.
1496 5140 1599 5197 lib.
1645 5159 1745 5210 vn,
1780 5143 1950 5214 epist.
1978 5144 2011 5198 3
2041 5144 2115 5199 ad
2222 5145 2360 5215 quod
2397 5148 2609 5217 tempus
2667 5152 2795 5218 fert,
2859 5149 3120 5217 leguntur
3176 5149 3418 5221 (Justin.
3475 5148 3685 5220 Apolog.
3727 5155 3834 5211 1,11-

455 5237 616 5293 Attic.
645 5250 778 5308 pag.
808 5232 936 5300 275,
978 5229 1084 5285 lin.
1115 5228 1193 5297 8;
1245 5229 1481 5289 Terent.
1552 5231 1795 5287 Eunuch.
1853 5235 1964 5288 act.
2026 5249 2110 5301 ιιι,
2220 5234 2331 5304 67),
2367 5240 2470 5290 aut
2500 5238 2565 5291 ut
2594 5235 2673 5291 ait
2712 5236 3108 5294 Tertullianus
3160 5256 3173 5295 :
3230 5238 3289 5294 Si
3335 5239 3469 5310 quid
3514 5233 3837 5309 praesentium

456 5343 614 5385 scen.
646 5342 723 5398 1v,
745 5340 799 5381 ν.
834 5322 910 5395 1),
943 5317 1227 5391 Virgilius
1258 5324 1453 5377 autem
1485 5320 1730 5376 canebat
1756 5336 1770 5375 :
2222 5327 2544 5396 temporum,
2569 5324 2787 5396 quibus
2815 5326 3033 5382 ethnici
3066 5328 3124 5383 in
3148 5328 3509 5384 Christianos
3541 5329 3695 5381 tanta
3722 5334 3835 5375 cru-

743 5461 761 5483 .
826 5427 1042 5478 Socium
1071 5425 1251 5490 virtus,
1273 5426 1379 5490 coit
1407 5426 1584 5490 omnis
1618 5426 1869 5490 i_n_unum
2221 5412 2462 5469 delitate
2493 5415 2939 5487 grassabantur,
2962 5418 3207 5489 qualitas
3227 5426 3322 5473 aut
3334 5430 3671 5490 prazmonere
3696 5406 3833 5477 cogit,

1074 5487 1275 5551 (Virgil.
1307 5488 1400 5539 lib.
1431 5503 1465 5537 χ
1496 5488 1704 5538 ίΕηείᾱ.
1734 5502 1787 5539 v.
1819 5492 1956 5555 “0.)

2221 5510 2317 5559 aut
2369 5519 2751 5573 recognoscere
2802 5487 3165 5575 (Tertullian.
3219 5487 3350 5564 Ιοο.⁷
3381 5507 3524 5578 cit.).
3575 5503 3673 5558 His
3700 5496 3833 5555 enim

455 5594 550 5652 sic
580 5596 781 5650 autem
837 5585 1177 5660 congregati
1223 5586 1540 5644 Christiani
1582 5588 1740 5658 quasi
1765 5604 1941 5646 manu
1965 5591 2111 5661 facta
2220 5592 2404 5650 sacris
2432 5593 2672 5651 vocibus
2722 5594 2897 5650 ﬁdem
2946 5599 3287 5668 pascebant,
3320 5596 3616 5669 erigebant
3668 5599 3831 5660 spem,

456 5682 721 5752 undique
754 5682 935 5737 Deum
985 5674 1298 5749 cingebant
1339 5678 1397 5734 et
1427 5675 1787 5748 ambiebant,
1840 5682 1904 5734 ut
1933 5680 2112 5738 simul
2221 5698 2287 5739 ac
2321 5682 2601 5740 fiduciam
2624 5684 3121 5759 securitatemque
3142 5704 3312 5747 suam
3341 5672 3836 5759 ﬁgebant.Tradita
