4118 6182
404 321 553 382 1041

1308 319 1381 378 D.
1427 318 1524 378 LE
1569 316 1897 380 NOURBY
1942 315 2592 379 OBSERVATIONES
2638 320 2898 381 NOV/E.

3653 319 3812 377 1042

400 466 636 523 quoque
674 450 735 504 in
755 448 839 505 eis
862 464 1093 505 morum
1132 452 1420 520 precepta
1469 448 1684 519 saepius
1738 447 2046 519 relegendo
2076 450 2130 516 Α
2158 446 2377 504 fuerint
2414 447 2501 503 illi
2532 452 2776 506 seniores
2835 448 3240 522 praesidentes,
3298 465 3467 521 quos,
3526 448 3680 504 sicut
3728 448 3810 503 ibi

398 545 453 596 et
509 539 823 601 audiendo,
884 538 1203 594 ﬁrmiorem
1262 539 1587 594 reddebant
1663 537 2043 610 disciplinam

396 646 567 685 suam
602 645 667 684 ac
690 634 843 684 recte
871 628 1102 683 vivendi
1133 628 1442 684 rationem.

468 729 653 783 Sacra)
731 743 865 782 vero
920 727 1231 798 Scriptura:
1308 726 1618 783 lectionem
1680 725 2045 797 excipiebant

396 816 848 887 exhortationes,
882 816 966 873 ait
1015 820 1217 873 auctor
1266 822 1482 872 noster.
1539 819 1724 872 Antea
1777 815 2044 870 Justinus

394 907 659 980 Martyr:
724 905 875 973 Εἶτα,
938 905 1167 978 inquit,
1226 903 1574 978 παυσαμένου
1622 908 1718 958 τοῦ
1774 900 2040 977 ἀναγινώ-

391 1015 631 1065 σ’κοντος⁹
685 994 713 1048 ὁ
771 992 1051 1070 προεστὼς
1102 990 1191 1047 διὰ
1247 989 1418 1068 λὸγου
1474 995 1575 1063 τήν
1623 994 1899 1057 νουθεσίαν
1950 984 2039 1046 καὶ

386 1081 696 1159 πρόκλησιν
752 1081 852 1151 τῆς
880 1085 1036 1142 950
1078 1086 1185 1136 τῶν
1244 1081 1427 1137 καλῶν
1486 1084 1692 1138 τούτων
1753 1083 2042 1155 μιμήσεως

382 1177 645 1228 ποιεῖται.
697 1173 907 1229 Deinde
946 1174 1148 1229 lectore
1191 1175 1513 1245 quiescente,
1572 1174 1877 1246 praesidens
1934 1172 2039 1228 ad-

382 1265 749 1320 monitionem
777 1265 932 1333 facit,
974 1279 1082 1334 qua
1140 1263 1211 1317 ad
1269 1268 1381 1318 tam
1433 1264 1797 1333 pulchrarum
1852 1279 2039 1317 rerum

386 1354 759 1408 imitationem
791 1352 934 1406 alios
951 1361 1205 1422 provocat
1235 1356 1285 1407 et
1314 1354 1568 1408 hortatur
1589 1351 2033 1423 (Justin.ibid.).

382 1445 573 1514 Atque
603 1441 685 1497 ita
714 1440 812 1496 ille
838 1441 1185 1513 explicatius
1217 1448 1471 1510 enarrat,
1526 1458 1677 1514 quae,
1727 1447 1780 1497 et
1813 1460 1847 1496 a
1895 1458 2031 1514 quo,

386 1540 444 1587 et
480 1548 659 1603 quam
705 1531 778 1586 ob
824 1548 1063 1587 causam
1120 1531 1281 1587 factis
1331 1531 1549 1587 fuerint
1596 1531 1708 1587 illac
1764 1530 2033 1587 exhorta-

385 1621 600 1677 tiones.

456 1711 565 1766 Eas
604 1713 823 1776 autem,
855 1709 1048 1782 pergit
1076 1710 1478 1767 Tertullianus
1509 1710 1716 1783 (Ibid),
1769 1709 2032 1782 proxime

380 1800 783 1872 sequebantur
810 1801 1214 1871 castigationes,
1263 1805 1317 1856 et
1356 1818 1591 1855 censura
1634 1800 1846 1868 divina,
1879 1816 2025 1870 quas
2064 1826 2112 1891 B

385 1890 626 1962 quidem
655 1888 930 1945 Justinus
979 1888 1221 1962 Martyr,
1280 1895 1381 1945 aut
1424 1891 1560 1961 quia
1599 1888 1865 1945 brevitati
1893 1905 2033 1945 con-

386 1978 640 2046 sulebat,
698 1983 801 2034 aut
850 1978 990 2049 quia
1052 1980 1123 2034 ad
1175 1980 1543 2051 pr0positum
1598 1996 1773 2034 suum
1824 1996 2033 2050 parum

384 2068 699 2137 faciebant,
752 2068 987 2139 penitus
1056 2069 1449 2140 praetermisit.
1488 2070 1561 2124 At
1607 2068 1885 2141 Origenes
1942 2067 2031 2122 di-

386 2162 541 2213 serte
572 2156 848 2228 primum
918 2158 1133 2212 asserit
1186 2157 1551 2213 Christianos
1598 2158 1693 2213 sui
1753 2156 2035 2228 temporis

389 2262 629 2318 operam
677 2246 955 2302 omnibus
997 2246 1189 2303 modis
1238 2247 1494 2313 dedisse,
1548 2251 1612 2302 ut
1659 2262 1861 2302 eorum
1895 2263 2035 2302 con-

390 2339 601 2392 ventus
648 2340 705 2391 et
751 2353 998 2409 synaxes
1043 2337 1432 2408 prudentibus
1481 2335 1823 2391 hominibus
1876 2352 2034 2391 com-

394 2423 710 2495 plerentur,
744 2424 961 2495 quibus
1009 2424 1290 2496 quidquid
1340 2424 1638 2497 egregium
1683 2429 1741 2480 et
1770 2424 2035 2479 divinum

392 2513 704 2584 habemus,
758 2513 1143 2586 popularibus
1204 2515 1577 2570 sermonibus
1626 2531 1693 2569 ac
1755 2530 1859 2585 pro
1915 2513 2039 2569 sin-

393 2602 665 2674 gulorum
698 2608 869 2677 captu
901 2604 1303 2677 explicabatur
1332 2604 1591 2677 (Origen.
1624 2602 1728 2659 lib.
1762 2620 1825 2658 ιιι
1854 2612 2037 2660 contr-

393 2690 587 2746 Cels).

388 2692 587 2764 Cels).

458 2791 608 2847 Tum
658 2791 871 2848 deinde
927 2792 1326 2849 Tertullianus
1383 2793 1659 2848 continuo
1710 2793 1923 2863 adjecit
1960 2793 2033 2848 ab

386 2879 600 2937 iisdem
630 2882 877 2939 cmtibus
907 2900 1007 2939 eos
1037 2900 1280 2954 prorsus
1310 2883 1548 2953 ejectos,
1597 2881 1697 2954 qui
1756 2881 2029 2953 peccatis,

384 2974 561 3041 atque
583 2970 641 3025 in
668 2971 877 3043 primis
900 2972 1143 3028 libidine
1163 2971 1448 3027 sordidati
1472 2976 1639 3027 erant
1662 2970 2026 3043 (Tertullian.

379 3058 655 3130 Apologet.
707 3077 833 3132 cap.
883 3062 975 3125 29,
1028 3078 1084 3133 p.
1134 3060 1277 3133 469).
1325 3061 1558 3132 Triplex
1606 3077 1740 3115 vero
1799 3059 1931 3125 fuit,
1966 3063 2030 3114 ut

2154 535 2263 592 hoc
2296 537 2418 593 solo
2450 538 2708 609 nomine,
2742 540 2822 595 ita
2854 539 2913 593 in
2946 538 3082 609 alio,
3115 537 3217 593 ubi
3250 539 3319 594 de
3373 537 3585 594 iisdem
3635 554 3808 610 syna-

2151 625 2324 682 xibus
2350 628 2606 697 disserit,
2630 629 3009 700 praesidentes
3046 628 3448 684 tantummodo
3498 626 3754 701 appellat
3789 642 3802 682 :

2156 736 2183 763 ‹‹
2216 716 2594 772 Eucharistias
2627 722 3084 786 sacramentum,
3114 716 3323 788 inquit,
3358 720 3415 772 et
3444 716 3503 772 in
3534 721 3799 788 tempore

2148 804 2339 861 victus
2370 810 2427 862 et
2457 807 2733 863 omnibus
2766 808 3111 863 mandatum
3142 824 3174 861 a
3205 806 3451 862 Domino
3483 806 3661 861 etiam
3692 823 3801 861 an-

2151 892 2436 951 telucanis
2477 896 2748 966 coetibus,
2811 914 2915 953 nec
2949 898 3018 952 de
3079 895 3331 952 aliorum
3382 912 3587 963 manu,
3618 911 3798 966 quam

2149 983 2591 1055 praesidentium
2624 987 2920 1043 sumimus
2949 1007 2977 1039 ι
3021 987 3203 1058 (Idem
3252 986 3324 1041 de
3374 984 3565 1040 Coron.
3636 985 3797 1039 Milit.

2149 1090 2277 1145 cap.
2308 1074 2385 1146 3).
2418 1077 2465 1131 A
2493 1076 2726 1133 Justino
2757 1076 2933 1133 etiam
2967 1077 3238 1148 Martyre,
3277 1079 3339 1130 ut
3367 1073 3543 1146 paulo
3560 1076 3693 1128 ante
3715 1072 3796 1126 vi-

2147 1162 2365 1233 dimus,
2426 1164 2795 1237 singularum
2850 1182 3143 1238 synaxeon
3216 1180 3453 1236 praeses,
3514 1180 3795 1234 προεστως

2146 1255 2377 1308 tantum
2411 1260 2806 1326 nuncupatur.
2844 1255 3053 1310 Verum
3097 1254 3346 1325 ipsemet
3397 1250 3797 1308 Tertullianus

2147 1341 2247 1397 ubi
2300 1344 2371 1398 de
2416 1343 2567 1399 sacri
2616 1343 3013 1415 baptismatis,
3093 1342 3152 1397 in
3210 1342 3419 1397 iisdem
3478 1341 3798 1412 synaxibus

2146 1431 2364 1499 collati,
2424 1434 2573 1491 951
2651 1433 3162 1488 administratione
3236 1430 3523 1502 disputat,
3600 1435 3792 1501 aperte

2146 1520 2415 1593 designat
2474 1522 2575 1594 qui
2630 1522 2748 1577 sint
2800 1522 2862 1578 hi
2923 1521 3218 1593 praesides.
3273 1519 3359 1576 lbi
3425 1523 3622 1575 autem
3675 1518 3796 1573 haec
3898 1582 3903 1588 ,

2142 1609 2397 1681 ipsemet
2442 1613 2571 1681 ejus
2620 1613 2799 1667 verba
2848 1610 3100 1683 legimus
3162 1628 3175 1666 :
3231 1632 3260 1660 ι(
3312 1607 3502 1664 Dandi
3555 1606 3793 1679 quidem

2141 1700 2515 1770 baptismatis
2550 1701 2729 1756 habet
2767 1703 2868 1772 jus
2906 1717 3177 1756 summus
3232 1699 3527 1765 sacerdos,
3576 1694 3673 1768 qui
3703 1699 3793 1751 est

2142 1789 2476 1862 episcopus,
2507 1791 2718 1847 dehinc
2750 1790 3071 1864 presbyteri
3102 1793 3157 1845 et
3187 1787 3570 1855 diaconi,non
3595 1794 3786 1841 tamen

2143 1877 2271 1935 sine
2302 1880 2560 1951 episcopi
2585 1880 2953 1949 auctoritate,
3005 1883 3242 1951 propter
3287 1874 3557 1932 Ecclesiae
3600 1874 3789 1928 hono-

2144 1984 2289 2036 rem,
2323 1986 2437 2039 quo
2468 1969 2647 2040 salvo,
2682 1969 2843 2025 salva
2872 1986 2983 2041 pax
3013 1971 3103 2023 est
3133 1989 3162 2017 ››
3193 1964 3467 2036 (ldem,de
3495 1965 3786 2035 Baptism,

2145 2058 2390 2129 cap.17).
2416 2059 2685 2131 Episcopi
2717 2058 2896 2130 igitur
2925 2058 3017 2113 his
3051 2056 3300 2127 aliisque
3320 2053 3788 2109 Christianorum

2145 2146 2467 2219 synaxibus
2499 2148 2910 2219 praesidebant,
2943 2152 2999 2204 et
3027 2162 3229 2203 eorum
3259 2143 3605 2201 auctoritate
3653 2157 3790 2214 pre-

2144 2236 2363 2307 sbyteri
2394 2241 2451 2292 et
2470 2236 2720 2293 diaconi.

2216 2362 2330 2418 Cur
2360 2366 2555 2418 autem
2611 2362 2849 2419 seniores
2893 2361 2965 2417 ab
3012 2359 3112 2415 illo
3162 2362 3527 2427 vocarentur,
3576 2354 3672 2411 his
3703 2354 3791 2409 di-

2146 2470 2308 2509 scere
2336 2458 2424 2509 est
2455 2452 2727 2526 Cypriani
2778 2451 2969 2509 verbis
3002 2465 3017 2507 :
3056 2472 3081 2505 ι
3108 2449 3471 2520 Jampridem
3529 2460 3633 2517 per
3660 2461 3791 2500 om-

2148 2560 2253 2598 nes
2286 2543 2636 2615 provincias,
2660 2545 2716 2597 et
2747 2558 2849 2613 per
2874 2541 3048 2595 urbes
3080 2537 3366 2611 singulas,
3400 2534 3623 2592 odinati
3650 2536 3791 2590 sunt

2146 2631 2404 2703 episcopi
2432 2631 2491 2687 in
2522 2634 2688 2687 aetate
2720 2628 2967 2701 antiqui,
3001 2628 3061 2683 in
3096 2628 3207 2682 ﬁde
3262 2624 3496 2698 integri,
3532 2624 3593 2679 in
3626 2638 3789 2696 pres-

2145 2738 2285 2776 sura
2314 2721 2631 2793 probati,in
2663 2718 3068 2792 persecutione
3093 2714 3461 2789 proscripti»
3492 2711 3784 2786 (Cyprian.

2143 2810 2313 2882 epist.
2345 2812 2437 2877 55,
2468 2811 2536 2865 ad
2565 2812 2807 2879 Anton).
2840 2808 3041 2865 Cernis
3091 2806 3171 2862 ibi
3230 2804 3533 2877 episcopos
3593 2799 3785 2857 vocari

2140 2898 2198 2953 in
2232 2904 2398 2955 atate
2428 2900 2723 2970 antiquos,
2758 2915 2824 2954 ac
2854 2897 3099 2970 proinde
3125 2896 3387 2951 seniores.
3412 2893 3615 2948 Nonne
3646 2906 3783 2962 ergo

2138 3005 2204 3045 eo
2237 2989 2469 3043 nomine
2500 2988 2900 3043 Tertullianus
2932 2986 3237 3058 episcopos
3254 2982 3603 3053 designavit,
3638 2995 3782 3051 quo-

2137 3095 2268 3132 rum
2301 3077 2508 3133 saltem
2541 3076 2779 3149 plurimi
2810 3093 2917 3131 suo
2949 3080 3211 3144 tempore
3242 3072 3499 3128 seniores
3538 3070 3788 3136 erant,et

379 3163 490 3203 suo
537 3148 662 3204 loco
720 3150 1110 3218 ostendimus,
1162 3155 1530 3224 peccatorum
1588 3149 2024 3221 criminumque

382 3252 566 3260 ~-_--_
599 3244 833 3260 ___-__1-__
890 3241 1033 3260 μη-)
1092 3241 1164 3260 Ικι
1265 3241 1324 3260 ,,_I
1384 3239 1703 3260 A__A__ml.-__
1778 3237 2024 3260 A___A_‘:

2142 3172 2309 3222 aetate
2338 3148 2590 3239 provecti
2617 3167 2644 3221 ‘P
2670 3167 2754 3221 Ad
2787 3166 2905 3220 haec
2936 3182 3091 3229 vero,
3123 3164 3195 3218 ab
3243 3162 3447 3217 eodem
3499 3158 3785 3260 Cypriane

378 3252 569 3308 genus
597 3244 836 3312 propter
881 3241 1038 3311 quod
1087 3241 1223 3310 lata,
1257 3241 1328 3297 ad
1377 3239 1709 3311 exemplum
1763 3237 2027 3310 Apostoli

382 3325 431 3397 (Ι
465 3326 587 3381 Cor.
622 3344 655 3382 v
684 3334 742 3385 et
770 3329 944 3401 seq.),
976 3329 1033 3385 in
1069 3346 1198 3385 reos
1250 3328 1873 3385 excommunicationis
1905 3345 2033 3384 sen—

379 3417 587 3487 tentia,
619 3417 692 3472 ab
722 3418 979 3475 ecclesia)
1014 3420 1285 3491 ingressu
1318 3419 1689 3474 arcebantur.
1724 3423 1845 3473 Non
1872 3417 2033 3487 prius

382 3510 585 3561 autem
615 3507 837 3563 absolvi
871 3512 1158 3579 poterant,
1192 3525 1369 3579 quam
1403 3508 1682 3565 horumce
1715 3506 2031 3563 criminum

382 3594 684 3665 publicam
720 3596 1125 3668 paenitentiam
1160 3597 1439 3669 egissent.

453 3694 637 3749 Antea
665 3697 862 3749 tamen
895 3693 1131 3748 illorum
1161 3698 1399 3765 peccata
1446 3694 1739 3749 debebant
1776 3693 2027 3765 diligen-

379 3779 611 3838 tissime
639 3783 957 3839 examinari
989 3788 1046 3839 et
1076 3782 1334 3855 agnosci.
1386 3783 2029 3853 Quamobremjudica-

379 3874 499 3939 tur,
532 3872 613 3926 ait
643 3876 846 3928 auctor
877 3876 1093 3940 noster,
1143 3892 1170 3925 α
1210 3889 1422 3944 magno
1470 3888 1606 3927 cum
1659 3874 1931 3943 pondere,
1966 3875 2029 3926 ut

378 3960 536 4029 apud
568 3964 755 4017 certos
778 3962 848 4017 de
883 3962 978 4017 Dei
998 3965 1309 4032 conspectu
1355 3978 1367 4016 :
1400 3976 1821 4031 summumque
1842 3960 2025 4014 futuri

367 4048 584 4118 judicii
615 4049 1029 4120 przsjudicium
1060 4055 1169 4120 est,
1201 4050 1249 4105 si
1282 4049 1415 4121 quis
1446 4049 1527 4103 ita
1558 4048 1963 4121 deliquerit,ut
1992 4066 2026 4103 a

374 4138 912 4194 communicatione
933 4139 1214 4195 orationis
1245 4145 1302 4195 et
1332 4144 1675 4203 conventus,
1736 4142 1793 4192 et
1830 4137 2024 4193 omnis

373 4226 566 4281 sancti
615 4227 948 4283 commercii
1005 4228 1298 4299 relegetur
1356 4248 1377 4276 υ
1430 4224 1693 4296 (Tertull.
1746 4225 2019 4297 Apologet.

372 4329 502 4385 cap.
536 4314 625 4385 39,
659 4332 714 4387 p.
748 4316 894 4387 469).
927 4316 1173 4371 Summa
1204 4315 1385 4387 igitur
1414 4331 1574 4381 cura,
1601 4318 1657 4369 et
1687 4330 1804 4386 qua
1836 4314 2023 4384 major

371 4401 538 4458 nulla
561 4420 689 4460 esse
705 4404 1388 4476 poterat,investigabant
1404 4419 1531 4474 quae
1563 4408 1621 4458 et
1637 4402 1835 4474 qualia
1856 4406 2023 4457 erant

370 4506 607 4547 reorum
630 4498 1068 4566 peccata,atque
1095 4492 1155 4547 in
1186 4492 1479 4548 convictos
1499 4491 1853 4547 sententiam
1875 4490 2019 4545 fere-

372 4580 705 4652 bant,quasi
733 4587 1290 4653 Deum,supremum
1312 4581 2019 4652 omniumjudiccm,ante
2046 4557 2094 4621 Ῑ)

370 4667 572 4725 oculos
605 4670 968 4727 habuissent.
1002 4672 1082 4726 Ea
1124 4672 1321 4741 itaque
1351 4670 1645 4725 sententia
1692 4668 2014 4724 maximum

366 4764 497 4813 erat
516 4758 746 4830 judicii,
780 4777 813 4815 a
842 4760 958 4815 Deo
988 4760 1048 4814 in
1080 4759 1209 4832 ipso
1241 4758 1446 4814 mundi
1478 4759 1589 4813 line
1620 4757 1838 4812 ferendi
1872 4774 2014 4828 prai-

356 4847 832 4917 judicium.Nam
865 4848 1017 4905 sicut
1046 4850 1117 4905 ad
1140 4848 1530 4920 Pomponium
1558 4847 1794 4918 scripsit
1814 4851 2015 4917 postea

363 4936 692 5009 Cyprianus
737 4953 750 4995 :
803 4958 831 4989 «
886 4940 1056 5008 Apud
1110 4939 1310 4995 ﬁdeles
1364 4954 1564 4993 servos
1617 4937 1715 4991 Dei
1762 4935 2012 5008 spiritali

358 5025 558 5098 gladio
588 5027 1215 5083 excommunicationis
1248 5025 1487 5099 superbi
1535 5030 1595 5082 et
1635 5028 2014 5080 contumaces

355 5120 666 5184 necantur,
699 5117 841 5172 dum
872 5118 943 5171 de
972 5116 1232 5172 Ecclesia
1262 5116 1601 5187 ejiciuntur.
1626 5114 1825 5185 Neque
1857 5113 2014 5169 enim

357 5203 550 5261 vivere
582 5204 723 5260 foris
756 5210 1029 5278 possunt,
1061 5222 1194 5261 cum
1227 5205 1439 5260 domus
1460 5203 1561 5261 Dei
1583 5220 1701 5258 una
1731 5201 1892 5268 sit,et
1912 5218 2013 5257 ne-

359 5293 509 5348 mini
541 5294 703 5349 salus
735 5311 864 5350 esse
896 5293 1011 5350 nisi
1044 5294 1104 5350 in
1136 5293 1393 5350 Ecclesia
1443 5292 1628 5366 possit
1657 5316 1685 5343 ››
1717 5290 2011 5364 (Cyprias.

361 5382 535 5454 epist.
567 5385 623 5450 5,
654 5382 724 5439 ad
752 5384 990 5456 Pomp.).

439 5484 814 5554 Prosequitur
842 5482 1234 5539 Tertullianus
1269 5500 1282 5539 :
1321 5505 1342 5532 ι
1375 5481 1693 5538 Praesident
1722 5480 1815 5535 his
1846 5478 2013 5535 Chri-

368 5568 700 5627 stianorum
749 5570 1017 5641 coetibus,
1081 5572 1311 5644 probati
1383 5570 1599 5643 quique
1674 5568 1933 5625 seniores
1983 5588 2011 5616 »

372 5658 643 5734 (Tertull.
674 5659 784 5719 loc.
817 5660 961 5735 cit.).
991 5660 1172 5720 Nobis
1219 5665 1417 5718 autem
1465 5675 1583 5716 non
1612 5656 1863 5731 explicat
1911 5655 2014 5730 qui

2144 3257 2421 3312 dicuntur
2452 3258 2510 3311 in
2535 3272 2812 3327 pressura,
2846 3255 2904 3308 id
2935 3259 3023 3309 est
3066 3251 3421 3308 cruciatibus
3472 3264 3574 3320 pro
3622 3246 3785 3301 Chri-

2143 3346 2217 3400 sti
2250 3346 2363 3400 fide
2395 3348 2728 3401 constanter
2777 3341 3063 3410 toleratis,
3118 3340 3355 3412 probati.
3418 3336 3539 3393 Alio
3598 3340 3790 3391 tamen

2142 3452 2316 3491 sensu
2349 3436 2421 3490 ab
2452 3439 2688 3489 auctore
2718 3438 2917 3489 nostro
2964 3430 3315 3502 simpliciter
3372 3429 3794 3498 nuncupantur

2137 3524 2376 3596 probati,
2412 3522 2694 3578 nimirum
2726 3522 2978 3578 aliorum
3019 3519 3317 3591 suffragiis
3376 3517 3448 3572 ob
3512 3515 3638 3571 vita:
3669 3530 3793 3570 suae

2142 3613 2596 3670 sanctimoniam
2624 3613 2849 3684 probati
2876 3615 2931 3666 et
2959 3608 3145 3666 electi.
3182 3609 3312 3678 Ipse
3342 3606 3635 3661 enimvero
3666 3603 3787 3658 hac

2140 3703 2359 3758 ibidem
2394 3702 2701 3773 subjunxit
2732 3717 2745 3755 :
2782 3723 2809 3751 «
2846 3701 3132 3755 Honorem
3165 3696 3346 3752 istum
3406 3711 3521 3750 non
3581 3692 3784 3765 pretio,

2139 3793 2241 3848 sed
2274 3792 2611 3847 testimonio
2644 3789 2858 3861 adepti.
2892 3789 3091 3859 Neque
3118 3786 3274 3842 enim
3310 3784 3494 3857 pretio
3527 3782 3645 3838 ulla
3692 3798 3785 3838 res

2137 3879 2240 3936 Dei
2291 3884 2523 3935 constat
2566 3902 2595 3927 ››
2647 3876 3015 3949 (Tertullian.
3066 3876 3340 3945 Apologet.
3406 3888 3531 3943 cap.
3583 3871 3672 3939 39,
3722 3886 3779 3940 p.

2138 3970 2240 4023 469
2270 3975 2328 4023 et
2358 3968 2527 4037 seq.).
2560 3967 2740 4021 Nemo
2792 3971 3011 4031 autem,
3048 3963 3132 4018 uti
3184 3967 3485 4033 putamus,
3546 3958 3785 4029 negabit

2136 4056 2216 4111 ibi
2248 4074 2280 4112 a
2304 4054 2661 4110 Tertulliano
2695 4056 2853 4109 hisce
2886 4053 3073 4108 verbis
3103 4052 3364 4106 honorem
3422 4050 3592 4105 istum
3623 4046 3781 4100 desi-

2134 4145 2301 4216 gnari
2342 4160 2539 4199 sacros
2571 4142 2974 4197 ministrorum
3009 4140 3106 4196 Dei
3157 4139 3414 4204 ordines,
3466 4135 3566 4207 qui
3618 4133 3780 4189 nullo

2134 4234 2389 4305 penitus,
2424 4232 2804 4303 quantumvis
2836 4230 3080 4285 minimo
3115 4228 3324 4300 pretio,
3378 4225 3480 4281 sed
3538 4226 3695 4278 certo
3726 4226 3783 4278 et

2131 4321 2295 4393 gravi
2327 4320 2735 4391 religiosorum
2768 4316 3075 4372 hominum
3110 4312 3445 4370 testimonio
3476 4310 3618 4365 viris
3649 4327 3788 4382 pro-

2130 4410 2285 4465 batis
2319 4414 2375 4465 et
2422 4408 2626 4465 electis
2686 4406 2936 4463 conferri
2989 4404 3299 4460 debebant.
3363 4400 3669 4456 Rationem
3701 4399 3784 4455 si-

2130 4512 2380 4567 quaeras,
2436 4495 2589 4551 hanc
2644 4494 2714 4550 ab
2775 4492 3106 4561 Ambrosio,
3184 4488 3358 4545 dictis
3433 4485 3781 4544 Tertulliani

2127 4586 2298 4657 plane
2327 4588 2770 4657 congruentem,
2804 4581 3000 4653 accipe
3032 4598 3045 4637 :
3083 4603 3110 4630 ‹‹
3142 4579 3335 4635 Habes
3367 4576 3598 4633 Domini
3628 4594 3775 4649 prte—

2126 4680 2360 4746 ceptum
2406 4674 2552 4729 vatis
2604 4671 2833 4745 (Eliseei,
2887 4672 3123 4726 Giezum
3179 4668 3525 4741 punientis),
3578 4682 3773 4722 exem-

2126 4763 2289 4836 plum
2322 4763 2503 4834 gratis
2536 4764 2693 4830 dare,
2739 4778 2843 4816 nec
2891 4761 3139 4817 vendere
3197 4757 3615 4827 ministerium,
3669 4757 3769 4811 sed

2125 4855 2330 4909 oll‘erre
2363 4869 2376 4908 :
2412 4870 2527 4908 non
2558 4853 2714 4907 enim
2747 4851 2933 4923 pretio
2964 4855 3196 4906 taxatur
3244 4848 3345 4904 Dei
3396 4848 3604 4920 gratia,
3665 4862 3770 4903 nec

2124 4943 2184 4998 in
2218 4942 2603 4999 sacramentis
2647 4941 2878 4995 lucrum
2927 4955 3208 5011 quaerere,
3260 4938 3361 4993 sed
3423 4935 3768 5008 obsequium

2126 5032 2447 5088 sacerdotis
2476 5054 2503 5079 ››
2532 5031 2821 5102 (Ambros.
2869 5028 2973 5085 lib.
3024 5046 3079 5083 ιν
3133 5028 3466 5098 Exposition
3524 5027 3584 5080 in
3641 5028 3770 5081 Luc.

2125 5122 2290 5192 §52).
2324 5121 2395 5175 Et
2424 5119 2599 5193 paulo
2629 5124 2761 5190 post
2796 5136 2808 5174 :
2843 5140 2871 5169 «
2916 5117 3293 5190 lnexpiabilis
3322 5120 3413 5172 est
3452 5114 3609 5171 enim
3630 5131 3775 5170 ven-

2126 5210 2231 5266 diti
2265 5209 2439 5281 culpa
2468 5207 2779 5265 ministerii
2811 5212 2868 5263 et
2916 5207 3105 5280 gratia
3156 5224 3169 5262 :
3225 5205 3481 5262 vindicta
3527 5203 3776 5259 cmlestis

2124 5300 2339 5355 transit
2368 5300 2440 5355 ad
2472 5303 2739 5372 posteros
2772 5320 2794 5349 ι
2834 5296 2991 5368 (Ibid,
3024 5296 3052 5369 ἕ
3097 5297 3210 5368 53).
3265 5298 3475 5349 Postea
3524 5292 3581 5346 id
3634 5308 3772 5346 con-

2126 5389 2323 5443 firmat
2353 5386 2617 5459 exemplo
2650 5385 2908 5442 Simonis
2936 5385 3087 5457 Magi
3118 5384 3274 5457 (Ibid.
3308 5382 3412 5437 lib.
3472 5398 3549 5448 ix,
3583 5378 3611 5453 §
3664 5380 3771 5449 19),

2126 5495 2159 5532 a
2191 5494 2304 5547 quo
2347 5477 2621 5545 simonia,
2660 5480 2778 5532 tam
2829 5491 2982 5547 saepe
3030 5472 3356 5529 canonibus
3402 5468 3668 5526 Ecclesiae
3703 5485 3771 5523 ac

2126 5569 2466 5622 sanctorum
2503 5566 2739 5622 Patrum
2786 5563 3023 5636 scriptis
3070 5563 3367 5628 damnata,
3430 5572 3641 5613 nomen
3673 5573 3768 5612 ac-

2122 5655 2295 5729 cepit.
