4118 6182
434 366 593 427 1043

1070 511 1387 551 Λιιτιευιυε
1430 512 1471 549 II

441 618 515 671 De
549 615 710 684 stipe,
764 629 929 685 quam
977 612 1288 667 Christiani
1333 614 1390 665 in
1439 613 1556 665 suis
1601 609 1907 685 synaxibus
1950 607 2085 685 o/fe—

507 680 735 747 rebdnt;
762 680 856 740 ubi
891 687 1127 755 reposita
1162 686 1343 755 fuerit
1380 700 1393 750 ;
1428 680 1643 738 utrum’
1671 683 1899 736 illorum
1949 680 2084 755 cha-

507 758 646 812 rilas
691 752 961 828 tempore
988 754 1320 828 Tertulliani
1374 755 1699 828 refrixerit;
1748 770 1831 828 ac,
1861 752 2081 823 quibus,

512 832 563 884 et
592 828 661 883 ad
693 824 822 901 quos
871 844 1001 883 usus
1048 842 1174 898 qua:
1213 827 1278 881 ab
1332 828 1413 881 eis
1458 826 1730 881 dabantur
1774 824 2086 895 dispensata

509 901 641 956 sint.

501 1070 850 1139 Quanquam
888 1066 1237 1123 Tertulliani
1284 1072 1542 1136 tempore
1575 1066 1646 1119 ab
1694 1061 1949 1119 Ecclesia
1979 1079 2083 1134 pe-

431 1157 593 1213 nitus
627 1155 921 1213 exsularet
950 1157 1142 1210 omnis
1192 1155 1514 1209 simoniaca
1546 1154 1726 1219 labes,
1786 1154 1845 1206 in
1904 1168 1971 1206 ea
2001 1157 2084 1206 ta-

432 1262 567 1300 men
591 1245 851 1313 domo,in
883 1261 1057 1314 quam
1089 1244 1407 1297 Christiani
1442 1244 1511 1296 ad
1547 1257 1794 1313 synaxes
1826 1242 2082 1312 agendas

432 1333 607 1389 solito
640 1350 802 1389 more
829 1332 1568 1401 convolabant,repositum
1601 1336 1723 1386 erat
1746 1346 1893 1385 arca:
1912 1345 2083 1396 genus

434 1421 590 1476 sicut
622 1422 718 1475 ille
766 1425 870 1486 ait,
921 1437 1031 1475 non
1078 1420 1454 1475 dehonoraria
1496 1436 1737 1483 summa,
1778 1421 1939 1489 quasi
1994 1434 2079 1472 re-

431 1508 676 1580 demptae
714 1507 1008 1578 religionis
1057 1509 1419 1578 (Tertullian.
1473 1509 1745 1578 Apologet.
1797 1524 1845 1562 c.
1896 1508 1986 1569 39.
2024 1524 2079 1578 p.

430 1598 578 1661 469).
610 1602 795 1668 Atque
828 1598 907 1651 ita
956 1598 1195 1669 quidem
1259 1598 1318 1651 in
1372 1598 1605 1651 duobus
1653 1596 2082 1667 antiquioribus

435 1686 657 1741 nostris
688 1688 1012 1742 codicibus.
1066 1688 1125 1739 ln
1186 1686 1416 1741 duobus
1470 1702 1602 1740 vero
1662 1685 2082 1740 recentioribus

432 1772 803 1845 Golbertinis,
835 1790 944 1830 non
978 1775 1042 1829 de
1080 1775 1401 1830 honoraria.
1454 1776 1606 1831 οη
1664 1775 1727 1828 In
1776 1773 1983 1845 priscis
2017 1789 2083 1828 ac

434 1864 787 1933 quibusdam
837 1864 1258 1920 recentioribus
1315 1866 1545 1919 excusis
1576 1881 1685 1920 non
1706 1864 1769 1918 de
1799 1866 2081 1918 oneraria.
2114 1862 2162 1927 B

438 1952 701 2008 Pessime
732 1953 964 2008 tandem
999 1953 1059 2007 in
1097 1952 1332 2007 Pamelii
1364 1954 1617 2007 editione
1648 1972 1760 2007 non
1806 1954 1871 2007 de
1927 1953 2081 2007 ordi-

435 2043 607 2096 naria
640 2083 652 2095 .
684 2041 831 2096 Nam
862 2042 1113 2113 singulis
1144 2041 1354 2096 saltem
1385 2042 1707 2108 mensibus,
1741 2046 1806 2097 ut
1838 2058 1970 2097 mox
1992 2042 2079 2096 di-

436 2134 619 2199 cetur,
652 2147 718 2185 ea
749 2146 983 2185 summa
1013 2131 1401 2185 deferebatur.
1433 2130 1689 2186 Primam
1732 2131 1931 2202 itaque
1962 2131 2075 2187 lec-

431 2218 655 2274 tionem
700 2221 926 2275 caateris
970 2219 1222 2291 praetulit
1278 2219 1588 2291 Rigaltius,
1641 2226 1765 2275 tum
1820 2222 1959 2292 quia
2016 2222 2077 2276 in

425 2306 829 2367 vetustissimo
877 2310 1073 2363 codice
1126 2308 1391 2378 habetur,
1440 2312 1561 2364 tum
1619 2311 1759 2380 quia
1804 2310 1914 2365 hoc
1972 2328 2073 2367 no-

425 2396 584 2453 mine
615 2397 983 2453 dehonoraria
1012 2397 1333 2468 signiﬁcari
1369 2406 1540 2469 putat
1594 2417 1913 2465 summam,
1950 2418 2075 2471 qua:

423 2501 532 2542 nec
561 2485 805 2553 venalis,
837 2504 932 2541 nec
963 2487 1276 2558 redemptae,
1311 2493 1374 2541 ut
1405 2488 1487 2541 ait
1513 2488 1928 2553 Tertullianus,
1979 2507 2073 2543 re-

429 2576 648 2643 ligioni,
684 2580 857 2646 atque
889 2576 971 2630 ita
1002 2575 1147 2629 nulli
1190 2576 1711 2632 dehonestamento
1763 2582 1903 2632 erat.
1967 2578 2073 2632 Mi-

430 2680 546 2719 nus
571 2663 767 2734 itaque
796 2664 944 2719 bene
975 2682 1044 2718 ex
1073 2664 1181 2719 hoc
1220 2664 1456 2720 nomine
1504 2665 1605 2719 illa
1636 2666 1752 2721 duo
1781 2668 1846 2721 de
1905 2667 2071 2723 hono-

428 2753 587 2807 raria
617 2769 650 2807 a
680 2750 936 2807 librariis
962 2751 1114 2808 facta
1135 2757 1307 2819 sunt;
1341 2753 1455 2808 nisi
1482 2753 1908 2824 hissigniﬁcari
1932 2755 2074 2812 velis

429 2842 583 2896 hanc
614 2856 909 2896 summam
936 2859 969 2895 a
1000 2841 1489 2913 Christianis,qui
1521 2862 1553 2897 a
1583 2844 1891 2914 gentilium
1919 2848 2073 2900 fastu

431 2929 592 2985 omni
647 2930 1060 2997 abhorrebant,
1093 2947 1209 2985 non
1238 2931 1363 2985 dari
1422 2932 1493 2985 ad
1552 2932 1806 3002 aliquem
1866 2934 2073 2988 huma-

429 3032 573 3071 num
622 3015 903 3072 honorem
962 3018 1401 3087 aucupandum.
1464 3018 1526 3074 Si
1581 3036 1713 3075 vero
1759 3020 2073 3092 legendum

431 3120 670 3161 censeas
721 3120 829 3161 non
868 3105 932 3161 de
972 3108 1231 3161 oneraria
1302 3124 1540 3174 summa,
1599 3126 1725 3179 quae
1806 3110 2074 3165 videlicet

427 3193 774 3250 Christianis
806 3211 910 3249 nec
950 3194 1217 3262 molesta,
1254 3212 1356 3251 nec
1388 3198 1547 3251 oneri
1582 3208 1704 3252 erat
1751 3198 1871 3253 haec
1906 3199 2073 3254 lectio

426 3298 545 3337 non
576 3282 775 3338 minus
806 3300 984 3353 quam
1017 3283 1345 3355 Rigaltiana
1375 3286 1704 3340 conﬁrmari
1758 3293 1950 3357 potest
1981 3288 2072 3342 his

426 3371 810 3441 sequentibus
839 3372 1180 3427 Tertulliani
1231 3373 1423 3428 verbis
1457 3392 1469 3429 :
1504 3396 1529 3422 ‹‹
1566 3374 1849 3429 Modicam
1885 3393 2072 3431 unus-

426 3459 678 3531 quisque
710 3459 924 3532 stipem
958 3465 1262 3515 menstrua
1309 3461 1426 3527 die,
1458 3461 1545 3516 vel
1580 3478 1713 3517 cum
1747 3464 1901 3531 velit,
1938 3470 1995 3519 et
2025 3466 2073 3519 si

429 3548 604 3604 modo
632 3548 789 3614 velit,
823 3554 881 3603 et
912 3548 959 3603 si
994 3549 1165 3603 modo
1199 3550 1383 3619 possit
1432 3552 1692 3621 apponit.
1726 3556 1869 3606 Nam
1905 3570 2073 3608 nemo

430 3635 821 3706 compellitur,
858 3638 957 3690 sed
990 3644 1197 3706 sponte
1224 3638 1449 3693 confert
1480 3660 1508 3687 »
1541 3640 1743 3710 (Ibid).
1788 3641 1913 3697 Non
1948 3660 2072 3697 ma-

431 3738 547 3795 gno
579 3722 759 3795 igitur
811 3728 893 3779 vel
930 3724 1155 3791 honori,
1217 3725 1302 3780 vel
1351 3727 1511 3781 oneri
1560 3742 1689 3783 esse
1737 3736 1962 3800 poterat
2008 3749 2073 3788 ea

433 3812 663 3867 modica
694 3812 961 3883 pecunia,
1008 3830 1185 3884 quam
1220 3815 1627 3887 unusquisque
1669 3834 1770 3888 pro
1815 3818 1978 3876 libito
2011 3839 2076 3877 ac

435 3899 711 3956 facultate
743 3902 1039 3957 ctferebat.
1074 3904 1235 3967 Quod
1274 3910 1471 3958 autem
1505 3906 1716 3975 adjecit
1771 3924 1898 3963 eam
1958 3926 2073 3965 non

433 4005 562 4045 esse
592 3991 750 4061 quasi
778 3991 1074 4063 redempta?
1104 3994 1388 4061 religionis
1417 3994 1621 4060 (Idem,
1668 3996 1801 4050 ibid.
1844 4014 1971 4068 cap.
2009 4000 2075 4053 13

432 4082 491 4134 et
522 4079 633 4151 42),
665 4079 759 4152 h)s
791 4080 983 4136 verbis
1032 4081 1297 4138 ethnicos
1349 4084 1710 4155 perstringit,
1753 4086 1851 4156 qui
1911 4104 2079 4143 sacra

432 4167 630 4223 omnia
660 4168 905 4237 venalia,
950 4174 1012 4224 ut
1059 4170 1185 4241 ipse
1234 4172 1315 4225 ait
1360 4178 1417 4226 et
1465 4171 1615 4226 infra
1671 4175 2072 4243 ostendemus,

431 4254 748 4326 habebant,
776 4262 835 4315 et
864 4274 967 4330 pro
991 4257 1076 4313 eis
1106 4260 1415 4330 exigebant
1445 4262 1794 4318 mercedem.

505 4344 807 4402 Testatum
859 4346 1115 4419 posthaec
1154 4348 1550 4405 Tertullianus
1582 4352 1718 4405 facit
1756 4368 1883 4407 eam
1917 4370 2077 4410 sum-

433 4448 591 4489 mam
623 4435 741 4491 sive
771 4436 983 4507 stipem
1016 4454 1047 4491 a
1079 4435 1427 4492 Christianis
1459 4439 1655 4494 datam
1706 4441 1886 4498 fuisse
1916 4460 2075 4499 men-

432 4524 562 4575 irua
613 4522 701 4577 die
748 4524 907 4595 (ibid.
957 4541 1083 4596 cap.
1136 4526 1224 4589 39,
1277 4542 1331 4597 p.
1386 4528 1535 4598 469),
1585 4529 1692 4583 hoc
1746 4536 1836 4584 est
1893 4533 2073 4589 semel

953 361 1487 425 TEHTULLIANI
1533 359 1861 421 OPERUM
1905 357 2107 418 PARS
2154 358 2202 418 l.
2237 387 2314 399 -—
2351 355 2624 417 SElllES
2672 354 2718 427 Ι,
2770 352 3333 416 APOLOGETIGA.

2116 489 2168 556 Α
2200 492 2321 554 nat,
2353 488 2652 544 recondens
2682 487 2823 559 quod
2851 488 2903 541 ei
2935 486 3065 542 bene
3091 486 3356 557 placuerit
3374 502 3394 547 ;
3421 492 3479 541 ut
3516 502 3635 555 non,
3685 505 3793 543 cum

3657 359 3789 417 l0“

2194 593 2411 643 venero,
2444 579 2576 633 tunc
2602 575 2855 632 collecta:
2881 576 3020 645 ﬁant
3051 574 3095 645 (Ι
3131 573 3253 628 Cor.
3286 590 3398 640 xv1,
3445 575 3492 638 1,
3521 576 3592 643 2).
3622 574 3791 647 Neque

2194 666 2274 721 ibi
2309 666 2407 721 ille
2440 672 2693 730 tantum,
2729 666 2830 719 sed
2890 688 2916 715 ι(
2971 664 3029 718 in
3090 663 3310 718 cunctis
3360 679 3497 734 pene
3550 664 3790 730 Epistolis

2195 753 2337 823 suis,
2387 753 2467 808 ait
2518 752 2927 824 Hieronymus,
2978 750 3253 821 loquitur,
3293 755 3351 805 et
3416 750 3664 820 precepit
3701 750 3789 806 Ec-

2194 841 2387 897 clesiis
2436 841 2701 914 gentium
2754 857 2855 913 per
2900 856 3077 895 unam
3128 839 3376 905 sabbati,
3425 838 3528 893 hoc
3584 844 3664 893 est
3716 839 3792 895 die

2195 930 2515 999 Dominico,
2550 946 2755 985 omnes
2799 929 3059 984 conferre
3089 928 3297 983 debere
3347 943 3470 998 quis
3500 925 3793 996 Hierosoly-

2192 1037 2351 1075 mam
2384 1019 2443 1075 in
2471 1024 2810 1075 sanctorum
2842 1017 3051 1074 solatia
3081 1016 3450 1088 dirigantur»
3476 1015 3794 1087 (Hieronym.

2192 1108 2388 1164 advers
2427 1108 2731 1179 Vigilant.).
2762 1106 2949 1162 Jussit
2980 1122 3116 1178 ergo
3150 1104 3464 1183 Apostolus
3506 1105 3666 1160 hasce
3694 1105 3793 1160 col-

2192 1196 2372 1252 lectas
2403 1196 2654 1269 singulis
2686 1195 3004 1252 Dominicis
3035 1193 3184 1262 fieri,
3216 1210 3282 1249 ac
3340 1196 3635 1265 pecuniam
3667 1194 3797 1265 apud

2192 1286 2420 1358 aliquos
2449 1286 2682 1357 deponi,
2737 1286 2919 1341 donec
2969 1284 3171 1355 egenis
3221 1282 3468 1354 aliisque
3517 1282 3726 1339 miseris
3752 1287 3799 1338 et

2189 1373 2590 1446 indigentibus
2624 1375 2972 1429 mitteretur.
3017 1372 3252 1428 Litteris
3285 1388 3515 1443 quoque
3562 1371 3798 1427 Justinus

2192 1464 2408 1535 Martyr
2442 1464 2736 1518 mandavit
2768 1464 2923 1517 hunc
2972 1478 3193 1517 morem
3256 1478 3363 1516 suo
3418 1466 3667 1533 tempore
3694 1477 3795 1515 ser-

2192 1558 2412 1621 vatum,
2446 1570 2511 1608 ac
2543 1552 2795 1625 singulis
2825 1552 3159 1623 quibusque
3189 1550 3522 1623 synaxibus,
3558 1549 3643 1605 die
3671 1548 3798 1605 Solis

2193 1640 2311 1696 sive
2342 1642 2645 1697 Duminico
2677 1643 2917 1713 coactis,
2952 1640 3019 1695 Ol
3078 1638 3431 1714 εὐποροῦντες
3478 1639 3563 1692 καὶ
3625 1636 3796 1713 βἰυλό-

2196 1750 2369 1802 μενοι,
2428 1730 2564 1784 κατᾶ
2615 1729 2926 1804 προαίρεσιν
2978 1726 3201 1790 ἕκαστος
3238 1729 3339 1795 τὴν
3392 1728 3597 1794 ἑαυτοῦ,
3638 1726 3799 1802 ’ὀβοῦ-

2194 1816 2344 1873 λεται
2379 1816 2591 1885 δίδωσι,
2618 1818 2709 1873 καὶ
2738 1819 2799 1872 τὸ
2830 1816 3232 1892 συλλεγόμενον
3262 1816 3504 1892 παρᾶτῷ
3533 1821 3801 1891 προεστῶτι

2191 1907 2526 1975 ἀποτίθεται,
2560 1912 2666 1978 Qui
2694 1911 3016 1980 copiosiores
3052 1913 3203 1976 sunt,
3264 1913 3312 1963 et
3350 1909 3556 1972 volunt,
3609 1924 3698 1979 pro
3725 1924 3804 1962 ar-

2192 1999 2363 2053 bitrio
2396 2003 2618 2073 quisque
2646 2016 2743 2054 suo
2794 2000 2933 2070 quod
2991 2001 3172 2054 visum
3201 2003 3298 2065 est,
3353 1998 3711 2065 rontribuunt,
3761 2004 3803 2051 et

2188 2089 2325 2157 quod
2359 2091 2435 2143 ita
2464 2090 2618 2145 953
2650 2090 2953 2159 colligitur,
2986 2088 3132 2159 apud
3159 2088 3523 2158 prmpositum
3544 2086 3802 2157 deponitur

2188 2175 2426 2247 (Justin.
2462 2178 2699 2249 Martyr.
2734 2178 2944 2249 Apolog.
2986 2195 3026 2242 ι,
3061 2194 3118 2231 n.
3152 2179 3262 2247 67).

2258 2284 2315 2339 Si
2363 2300 2498 2357 ergo
2558 2284 2900 2340 Tertulliani
2960 2288 3126 2339 astate
3184 2286 3335 2340 hanc
3395 2286 3599 2357 stipem
3657 2300 3796 2339 men~

2187 2376 2350 2428 strua
2411 2378 2640 2429 tantum
2679 2376 2789 2432 die.
2850 2390 3096 2446 eamque
3140 2374 3433 2429 modicam
3512 2372 3794 2429 Christiani

2184 2464 2521 2535 erogabant,
2558 2481 2747 2519 nonne
2780 2463 3013 2519 illorum
3050 2463 3457 2519 misericordia
3484 2469 3539 2519 et
3567 2463 3796 2517 rharitas

2186 2568 2300 2606 non
2352 2569 2582 2623 parum,
2636 2553 2719 2607 uti
2773 2556 2945 2607 antea
2988 2553 3421 2608 annotabamus
3464 2559 3637 2624 (supr.
3683 2568 3790 2621 cap.

2186 2642 2271 2709 12,
2306 2647 2413 2696 art.
2446 2641 2519 2708 3),
2577 2642 2889 2698 imminuta
2948 2646 3004 2697 et
3060 2641 3367 2697 debilitata
3424 2641 3795 2712 erat?Neque

2183 2730 2530 2801 Cyprianus,
2564 2732 2639 2785 ibi
2676 2749 2707 2786 a
2743 2729 2907 2786 nobis
2941 2730 3179 2797 citatus,
3232 2731 3289 2785 id
3337 2729 3683 2797 dissimulat,
3713 2727 3796 2798 qui

2185 2818 2255 2872 de
2283 2819 2502 2875 duriori
2538 2824 2815 2874 matrona:
2846 2819 3187 2875 Christiana;
3220 2818 3279 2874 in
3314 2837 3598 2893 pauperes
3626 2824 3677 2871 et
3709 2815 3797 2870 mi-

2185 2923 2344 2963 seros
2376 2909 2572 2963 animo
2604 2910 2685 2964 sic
2718 2910 3132 2980 conqueritur:
3171 2930 3198 2958 (ι
3238 2908 3523 2981 Locuples
3571 2914 3623 2963 et
3661 2906 3798 2961 dives

2184 3013 2268 3063 es,
2301 3001 2357 3050 et
2421 2998 2783 3052 Dominicum
2846 2996 3138 3051 celebrare
3196 3001 3252 3051 te
3295 2997 3509 3063 credis,
3543 3014 3663 3068 qua:
3701 3011 3804 3049 cor-

2187 3084 2394 3140 bonam
2428 3087 2666 3141 omnino
2698 3102 2811 3140 non
2859 3085 3122 3157 respicis,
3178 3103 3307 3157 quas
3355 3087 3416 3141 in
3466 3084 3801 3142 Dominicum

2185 3173 2311 3228 sine
2359 3174 2644 3230 sacrificio
2693 3175 2877 3245 venis,
2916 3191 3044 3245 qua:
3118 3179 3346 3246 partem
3400 3176 3471 3231 de
3526 3172 3802 3236 sacrificio,

2185 3263 2339 3332 quod
2387 3280 2609 3335 pauper
2646 3263 2879 3328 obtulit,
2930 3262 3119 3318 sumis
3170 3283 3195 3315 η
3249 3264 3548 3336 (Cyprian.
3592 3263 3803 3335 0per.et

2184 3350 2501 3421 Kleemos)
2547 3354 2755 3409 Verum
2808 3353 3041 3407 tametsi
3096 3353 3332 3423 quidam
3390 3358 3529 3407 tunc
3579 3350 3801 3407 avaritia:

2182 3440 2320 3495 vitio
2352 3443 2622 3513 correpti,
2675 3441 2895 3496 nullam
2929 3458 2996 3496 ea
3053 3441 3145 3496 die
3199 3442 3417 3513 stipem
3475 3443 3799 3505 conferrent,

2185 3529 2357 3583 multi
2393 3530 2777 3586 nihilominus
2808 3527 2977 3602 plura
3008 3547 3122 3585 non
3164 3529 3356 3586 solum
3407 3536 3680 3586 menstrua
3707 3528 3799 3594 die,

2185 3618 2311 3686 sed,
2343 3620 2425 3673 ait
2468 3619 2887 3686 Tertullianus,
2940 3636 3075 3674 cum
3125 3619 3422 3691 volebant,
3475 3618 3802 3693 pauperibus

2186 3706 2594 3763 distribuenda
2645 3708 3059 3780 largiebantur.
3105 3708 3532 3789 Ibi.enimvero
3582 3709 3672 3763 ille
3715 3707 3802 3760 de-

2185 3795 2366 3851 clarat
2396 3801 2625 3852 tantum
2664 3798 2843 3853 fuisse
2869 3797 3031 3853 illam
3073 3796 3545 3853 Christianorum
3576 3793 3803 3852 liberali-

2184 3889 2387 3951 tatem,
2422 3890 2483 3939 ut
2514 3886 2786 3955 eiusmodi
2814 3887 2897 3941 vel
2924 3888 3190 3942 maximae
3218 3886 3537 3943 dilectionis
3587 3885 3799 3957 operatio

2185 3982 2370 4028 notam
2404 3975 2597 4030 nimias
2631 3973 2831 4047 procul
2865 3974 3044 4030 dubio
3096 3974 3486 4047 pecuniarum
3534 3972 3807 4031 etl‘usionis

2184 4064 2342 4119 nobis
2399 4066 2587 4119 inurat
2657 4080 2820 4136 penes
2875 4066 3157 4135 quosdam,
3236 4064 3513 4121 videlicet
3586 4063 3806 4137 gentiles

2184 4152 2446 4221 (Tertull.
2481 4153 2751 4224 Apologet.
2788 4170 2912 4224 cap.
2950 4153 3041 4221 39,
3071 4170 3126 4225 p.
3161 4153 3309 4224 471).

2257 4262 2483 4324 Quanta
2512 4265 2709 4315 autem
2742 4263 2900 4315 esset
2953 4258 3054 4314 illa
3095 4258 3567 4316 Christianorum
3604 4256 3807 4331 largitio

2184 4365 2250 4405 ac
2282 4349 2671 4405 beneﬁcentia
2695 4366 2762 4405 ex
2788 4349 3290 4421 subsequentibus
3322 4350 3519 4405 adhuc
3549 4362 3806 4420 agnosces

2184 4438 2528 4495 Tertulliani
2563 4438 2780 4506 verbis,
2816 4438 3053 4509 {quibus
3092 4443 3289 4509 aperte
3336 4448 3631 4495 asseverat
3674 4452 3805 4499 eam,

2182 4530 2462 4598 tanquam
2498 4527 2731 4600 pietatis
2777 4526 3132 4598 depositum,
3192 4527 3591 4597 dispensatam
3648 4526 3807 4581 fuisse

432 4625 788 4682 unoquoque
837 4627 1057 4667 mense.
1102 4612 1325 4685 Stipem
1386 4616 1541 4671 enim
1598 4623 1942 4675 menstruam
1995 4621 2078 4678 sic
2108 4605 2154 4668 Ι)
2184 4619 2368 4685 egenis
2398 4618 2610 4672 alendis
2642 4616 3063 4686 humandisque,
3093 4624 3147 4670 et
3172 4618 3362 4687 pueris
3408 4633 3477 4672 ac
3501 4616 3716 4688 puellis,
3759 4626 3807 4666 re

434 4697 683 4769 explicat
712 4701 1041 4755 Marcianus
1076 4720 1089 4756 :
1125 4726 1151 4751 ‹‹
1188 4702 1545 4759 Perniittitur
1578 4706 1941 4764 tenuioribus
1974 4712 2074 4765 sti-

432 4803 567 4859 pem
602 4793 967 4863 menstruam
1026 4792 1303 4859 conferre,
1355 4794 1493 4849 dum
1542 4802 1737 4851 tamen
1788 4798 1967 4854 semel
2015 4801 2072 4855 in

433 4892 635 4931 mense
666 4882 890 4945 coeant,
924 4879 1075 4950 quod
1114 4896 1227 4934 non
1262 4882 1318 4935 in
1362 4881 1535 4948 Urbe,
1578 4888 1675 4940 sed
1710 4888 1767 4940 in
1799 4887 1984 4955 Italia,
2016 4894 2073 4945 et

428 4966 745 5037 provinciis
774 4967 967 5023 locum
1002 4968 1213 5025 habere
1245 4970 1412 5029 divus
1444 4991 1679 5046 quoque
1713 4976 1959 5033 Severus
1983 4995 2071 5035 re-

426 5055 665 5128 scripsit
694 5076 718 5108 »
746 5058 892 5130 (Lib.
927 5075 1075 5113 XLVII
1106 5059 1314 5128 Digest.
1359 5062 1507 5118 titul.
1562 5065 1651 5134 22,
1688 5065 1797 5137 leg.
1854 5068 1923 5136 1).
1960 5068 2069 5123 Eo-

423 5145 557 5201 dem
589 5151 783 5204 autem
816 5148 1022 5204 Severo
1054 5148 1378 5221 imperante
1402 5152 1542 5219 haec,
1579 5156 1659 5211 uti
1683 5172 1864 5228 supra
1893 5174 2070 5214 anno-

422 5239 613 5291 tatum
645 5242 751 5307 est,
786 5238 1183 5294 Tertullianus
1216 5241 1532 5297 scribebat.

496 5324 643 5388 Quid
678 5331 861 5401 ergo?
893 5328 1119 5400 inquiet
1166 5328 1403 5402 aliquis,
1459 5332 1745 5404 numquid
1796 5338 1936 5391 tunc
1976 5353 2066 5393 re-

424 5415 663 5474 frixerat
690 5420 1153 5476 Christianorum
1186 5417 1439 5473 Charitas
1465 5421 1490 5473 τ
1521 5419 1722 5475 Nonne
1754 5424 2069 5495 Apostolus

426 5506 498 5561 ad
530 5509 858 5565 Corinthios
890 5509 1204 5579 scripserat
1235 5521 1249 5561 :
1285 5508 1357 5562 De
1393 5509 1635 5565 collectis
1682 5502 1808 5583 quae
1839 5514 1979 5583 ﬁunt
2006 5516 2065 5570 in

427 5604 659 5666 sanctos,
690 5596 1110 5653 siculordinavi
1155 5595 1411 5651 Ecclesiis
1465 5597 1721 5667 Galatiae,
1770 5607 1853 5657 ita
1899 5610 1949 5656 et
1978 5617 2068 5658 ros

429 5686 613 5761 facile.
648 5687 751 5741 Per
776 5702 946 5742 unam
977 5686 1201 5741 Sabbati
1228 5690 1600 5760 unusquisque
1640 5693 1877 5746 vestrum
1909 5706 2067 5764 sepo-

2185 4722 2249 4759 (ιο
2275 4708 2599 4777 parentibus
2627 4706 2927 4771 destitutis,
2952 4706 3181 4775 jamque
3230 4704 3539 4761 domesticis
3586 4703 3805 4765 senibus,

2184 4794 2315 4849 item
2345 4797 2657 4866 naufragis,
2686 4798 2737 4850 et
2765 4793 2816 4848 si
2851 4794 2952 4865 qui
2998 4794 3056 4847 in
3100 4794 3356 4861 metallis,
3418 4795 3541 4850 sive
3597 4793 3665 4848 ad
3707 4804 3809 4845 me-

2181 4882 2323 4939 talla
2352 4884 2633 4953 damnati,
2676 4887 2726 4938 et
2762 4884 2814 4937 si
2842 4884 2943 4953 qui
2973 4883 3033 4936 in
3080 4883 3301 4951 insulis,
3344 4898 3449 4937 seu
3516 4881 3575 4936 in
3607 4878 3808 4934 insulas

2181 4973 2441 5045 relegati,
2476 4974 2559 5029 vel
2599 4974 2656 5027 in
2704 4971 2983 5041 custodiis,
3014 4970 3072 5026 id
3117 4975 3227 5039 est,
3280 4970 3632 5035 carceribus,
3681 4967 3805 5022 dun-

2181 5068 2340 5117 taxat
2368 5079 2437 5118 ea:
2490 5072 2658 5117 causa
2700 5062 2797 5118 Dei
2841 5068 3022 5127 seem,
3068 5060 3287 5116 alumni
3331 5060 3685 5131 confessionis
3710 5071 3808 5111 sum

2180 5152 2320 5222 ﬁunt
2352 5153 2565 5224 (Ibid.),
2598 5151 2707 5207 hoc
2737 5154 2827 5206 est
2857 5148 3199 5205 Christianae
3249 5148 3550 5222 religionis
3580 5148 3810 5202 sectato-

2182 5258 2295 5311 res,
2329 5242 2430 5313 qui
2464 5241 2536 5297 ob
2575 5242 2704 5312 ejus
2753 5238 3181 5296 confessionem
3234 5237 3327 5294 bis
3376 5237 3565 5310 poenis
3613 5232 3804 5296 allecti,

2180 5331 2428 5402 pecunia
2476 5348 2508 5387 a
2557 5328 2905 5386 Christianis
2952 5326 3273 5383 liberaliter
3312 5326 3522 5382 collata
3562 5324 3802 5381 aluntur.

2180 5420 2570 5484 Quamobrem
2601 5419 2698 5475 ille
2729 5433 2904 5475 suum
2934 5416 3004 5471 ad
3034 5416 3300 5489 Martyres
3352 5416 3567 5471 librum
3612 5414 3691 5469 sic
3719 5428 3799 5466 or-

2179 5510 2337 5565 ditur
2376 5528 2388 5565 :
2428 5532 2449 5558 α
2486 5510 2645 5565 Inter
2684 5508 2878 5564 carnis
2917 5506 3221 5572 alimenta,
3272 5504 3560 5562 benedicti
3594 5508 3794 5569 marty—

2179 5615 2272 5654 res
2302 5597 2613 5671 designati,
2644 5615 2768 5670 quts
2800 5595 2963 5652 vobis
2993 5599 3049 5650 et
3078 5594 3317 5650 domina
3348 5598 3532 5651 mater
3560 5589 3797 5646 Ecclesia

2178 5690 2252 5746 de
2281 5687 2561 5747 uberibus
2590 5688 2737 5757 suis,
2770 5691 2827 5744 et
2858 5683 3072 5758 singuli
3106 5684 3317 5743 fratres
3348 5684 3417 5741 de
3445 5680 3651 5754 opibus
3679 5675 3792 5735 suis
