  <div class='ocr_page' id='page_1' title='image "/cluster/home/n/w/nwhite01/storage/ocr_20150623/1/hvd.32044096580337/530.png"; bbox 0 0 4046 6168; ppageno 0'>
   <div class='ocr_carea' id='block_1_1' title="bbox 299 313 457 373">
    <p class='ocr_par' dir='ltr' id='par_1_1' title="bbox 299 313 457 373">
     <span class='ocr_line' id='line_1_1' title="bbox 299 313 457 373; baseline -0.019 0"><span class='ocrx_word' id='word_1_1' title='bbox 299 313 457 373; x_wconf 75' lang='grc'>1045</span> 
     </span>
    </p>
   </div>
   <div class='ocr_carea' id='block_1_2' title="bbox 1238 318 2831 380">
    <p class='ocr_par' dir='ltr' id='par_1_2' title="bbox 1238 318 2831 380">
     <span class='ocr_line' id='line_1_2' title="bbox 1238 318 2831 380; baseline 0.001 -1"><span class='ocrx_word' id='word_1_2' title='bbox 1238 321 1311 379; x_wconf 90' lang='lat' dir='ltr'>D.</span> <span class='ocrx_word' id='word_1_3' title='bbox 1358 321 1455 379; x_wconf 85' lang='lat' dir='ltr'>LE</span> <span class='ocrx_word' id='word_1_4' title='bbox 1500 319 1827 380; x_wconf 74' lang='lat' dir='ltr'>NOUltltY</span> <span class='ocrx_word' id='word_1_5' title='bbox 1870 318 2525 379; x_wconf 82' lang='lat' dir='ltr'>OBSERVATIONES</span> <span class='ocrx_word' id='word_1_6' title='bbox 2569 318 2831 380; x_wconf 69' lang='grc' dir='ltr'>ΝονιλΕ.</span> 
     </span>
    </p>
   </div>
   <div class='ocr_carea' id='block_1_3' title="bbox 3561 319 3718 381">
    <p class='ocr_par' dir='ltr' id='par_1_3' title="bbox 3561 319 3718 381">
     <span class='ocr_line' id='line_1_3' title="bbox 3561 319 3718 381; baseline 0.019 -3"><span class='ocrx_word' id='word_1_7' title='bbox 3561 319 3718 381; x_wconf 76' lang='grc'>1046</span> 
     </span>
    </p>
   </div>
   <div class='ocr_carea' id='block_1_4' title="bbox 299 443 3712 522">
    <p class='ocr_par' dir='ltr' id='par_1_4' title="bbox 299 443 3712 522">
     <span class='ocr_line' id='line_1_4' title="bbox 299 443 3712 522; baseline 0.002 -24"><span class='ocrx_word' id='word_1_8' title='bbox 299 443 554 515; x_wconf 81' lang='lat' dir='ltr'>propriis</span> <span class='ocrx_word' id='word_1_9' title='bbox 584 446 645 501; x_wconf 91' lang='lat' dir='ltr'>in</span> <span class='ocrx_word' id='word_1_10' title='bbox 676 463 969 504; x_wconf 89' lang='lat' dir='ltr'>carcerem</span> <span class='ocrx_word' id='word_1_11' title='bbox 1000 449 1474 518; x_wconf 76' lang='lat' dir='ltr'>subministrant,</span> <span class='ocrx_word' id='word_1_12' title='bbox 1509 449 1697 522; x_wconf 82' lang='lat' dir='ltr'>capite</span> <span class='ocrx_word' id='word_1_13' title='bbox 1726 448 1948 521; x_wconf 88' lang='lat' dir='ltr'>aliquid</span> <span class='ocrx_word' id='word_1_14' title='bbox 1979 451 2035 517; x_wconf 81' lang='grc' dir='ltr'><strong>Α</strong></span> <span class='ocrx_word' id='word_1_15' title='bbox 2062 449 2337 516; x_wconf 67' lang='lat' dir='ltr'>coenulas,</span> <span class='ocrx_word' id='word_1_16' title='bbox 2371 450 2586 522; x_wconf 79' lang='lat' dir='ltr'>quibus</span> <span class='ocrx_word' id='word_1_17' title='bbox 2610 466 2676 505; x_wconf 91' lang='lat' dir='ltr'>ea</span> <span class='ocrx_word' id='word_1_18' title='bbox 2698 449 3077 521; x_wconf 89' lang='lat' dir='ltr'>poeissimum</span> <span class='ocrx_word' id='word_1_19' title='bbox 3108 448 3394 520; x_wconf 75' lang='lat' dir='ltr'>alebatur,</span> <span class='ocrx_word' id='word_1_20' title='bbox 3427 452 3712 521; x_wconf 79' lang='lat' dir='ltr'>tanquam</span> 
     </span>
    </p>
   </div>
   <div class='ocr_carea' id='block_1_5' title="bbox 300 535 1945 611">
    <p class='ocr_par' dir='ltr' id='par_1_5' title="bbox 300 535 1945 611">
     <span class='ocr_line' id='line_1_5' title="bbox 300 535 1945 611; baseline 0.004 -24"><span class='ocrx_word' id='word_1_21' title='bbox 300 536 359 587; x_wconf 88' lang='lat' dir='ltr'>et</span> <span class='ocrx_word' id='word_1_22' title='bbox 384 550 418 587; x_wconf 90' lang='lat' dir='ltr'>a</span> <span class='ocrx_word' id='word_1_23' title='bbox 449 535 640 603; x_wconf 90' lang='lat' dir='ltr'>nobis,</span> <span class='ocrx_word' id='word_1_24' title='bbox 673 538 825 605; x_wconf 90' lang='lat' dir='ltr'>quod</span> <span class='ocrx_word' id='word_1_25' title='bbox 859 538 1032 593; x_wconf 87' lang='lat' dir='ltr'>faciat</span> <span class='ocrx_word' id='word_1_26' title='bbox 1086 540 1157 595; x_wconf 88' lang='lat' dir='ltr'>ad</span> <span class='ocrx_word' id='word_1_27' title='bbox 1208 539 1475 611; x_wconf 77' lang='lat' dir='ltr'>spiritum</span> <span class='ocrx_word' id='word_1_28' title='bbox 1525 556 1756 611; x_wconf 91' lang='lat' dir='ltr'>quoque</span> <span class='ocrx_word' id='word_1_29' title='bbox 1804 539 1945 593; x_wconf 92' lang='lat' dir='ltr'>edu-</span> 
     </span>
    </p>
   </div>
   <div class='ocr_carea' id='block_1_6' title="bbox 238 622 1941 701">
    <p class='ocr_par' dir='ltr' id='par_1_6' title="bbox 238 622 1941 701">
     <span class='ocr_line' id='line_1_6' title="bbox 238 622 1941 701; baseline 0.006 -27"><span class='ocrx_word' id='word_1_30' title='bbox 238 692 243 696; x_wconf 21' lang='grc' dir='ltr'><strong>θ</strong></span> <span class='ocrx_word' id='word_1_31' title='bbox 300 622 556 677; x_wconf 88' lang='lat' dir='ltr'>candum</span> <span class='ocrx_word' id='word_1_32' title='bbox 589 646 617 674; x_wconf 91' lang='grc'>››</span> <span class='ocrx_word' id='word_1_33' title='bbox 650 624 826 695; x_wconf 89' lang='lat' dir='ltr'>(Idem</span> <span class='ocrx_word' id='word_1_34' title='bbox 860 627 929 682; x_wconf 87' lang='lat' dir='ltr'>ad</span> <span class='ocrx_word' id='word_1_35' title='bbox 959 632 1201 700; x_wconf 86' lang='lat' dir='ltr'>Martyr.</span> <span class='ocrx_word' id='word_1_36' title='bbox 1235 647 1359 701; x_wconf 88' lang='lat' dir='ltr'>cap.</span> <span class='ocrx_word' id='word_1_37' title='bbox 1384 630 1455 700; x_wconf 92' lang='grc'>1).</span> <span class='ocrx_word' id='word_1_38' title='bbox 1479 632 1548 684; x_wconf 84' lang='lat' dir='ltr'>Et</span> <span class='ocrx_word' id='word_1_39' title='bbox 1579 629 1750 701; x_wconf 89' lang='lat' dir='ltr'>paulo</span> <span class='ocrx_word' id='word_1_40' title='bbox 1782 632 1941 701; x_wconf 88' lang='lat' dir='ltr'>post:</span> 
     </span>
    </p>
   </div>
   <div class='ocr_carea' id='block_1_7' title="bbox 299 712 1940 790">
    <p class='ocr_par' dir='ltr' id='par_1_7' title="bbox 299 712 1940 790">
     <span class='ocr_line' id='line_1_7' title="bbox 299 712 1940 790; baseline 0.004 -24"><span class='ocrx_word' id='word_1_41' title='bbox 299 732 327 759; x_wconf 92' lang='grc'><em>‹‹</em></span> <span class='ocrx_word' id='word_1_42' title='bbox 362 713 494 777; x_wconf 77' lang='lat' dir='ltr'>Quos</span> <span class='ocrx_word' id='word_1_43' title='bbox 548 713 715 785; x_wconf 72' lang='lat' dir='ltr'>jueta</span> <span class='ocrx_word' id='word_1_44' title='bbox 772 723 911 772; x_wconf 89' lang='lat' dir='ltr'>sunt</span> <span class='ocrx_word' id='word_1_45' title='bbox 969 734 1101 774; x_wconf 91' lang='lat' dir='ltr'>caro</span> <span class='ocrx_word' id='word_1_46' title='bbox 1160 735 1272 774; x_wconf 94' lang='lat' dir='ltr'>non</span> <span class='ocrx_word' id='word_1_47' title='bbox 1326 718 1563 790; x_wconf 88' lang='lat' dir='ltr'>amittit,</span> <span class='ocrx_word' id='word_1_48' title='bbox 1598 736 1700 790; x_wconf 92' lang='lat' dir='ltr'>per</span> <span class='ocrx_word' id='word_1_49' title='bbox 1742 712 1940 773; x_wconf 63' lang='lat' dir='ltr'>curam</span> 
     </span>
    </p>
   </div>
   <div class='ocr_carea' id='block_1_8' title="bbox 1362 808 1939 879">
    <p class='ocr_par' dir='ltr' id='par_1_8' title="bbox 1362 808 1939 879">
     <span class='ocr_line' id='line_1_8' title="bbox 1362 808 1939 879; baseline -0.003 -16"><span class='ocrx_word' id='word_1_50' title='bbox 1362 809 1523 879; x_wconf 87' lang='lat' dir='ltr'>(Ibia.</span> <span class='ocrx_word' id='word_1_51' title='bbox 1559 825 1684 879; x_wconf 85' lang='lat' dir='ltr'>cap.</span> <span class='ocrx_word' id='word_1_52' title='bbox 1716 809 1792 875; x_wconf 88' lang='lat'>2).</span> <span class='ocrx_word' id='word_1_53' title='bbox 1824 808 1939 862; x_wconf 85' lang='lat' dir='ltr'>An-</span> 
     </span>
    </p>
   </div>
   <div class='ocr_carea' id='block_1_9' title="bbox 288 892 1936 967">
    <p class='ocr_par' dir='ltr' id='par_1_9' title="bbox 288 892 1936 967">
     <span class='ocr_line' id='line_1_9' title="bbox 288 892 1936 967; baseline 0.005 -24"><span class='ocrx_word' id='word_1_54' title='bbox 288 893 386 944; x_wconf 92' lang='lat' dir='ltr'>tea</span> <span class='ocrx_word' id='word_1_55' title='bbox 417 907 549 947; x_wconf 88' lang='lat' dir='ltr'>vero</span> <span class='ocrx_word' id='word_1_56' title='bbox 579 892 851 951; x_wconf 81' lang='lat' dir='ltr'>Justinus</span> <span class='ocrx_word' id='word_1_57' title='bbox 885 896 1121 967; x_wconf 85' lang='lat' dir='ltr'>Martyr,</span> <span class='ocrx_word' id='word_1_58' title='bbox 1169 917 1203 953; x_wconf 91' lang='lat' dir='ltr'>a</span> <span class='ocrx_word' id='word_1_59' title='bbox 1250 897 1416 954; x_wconf 92' lang='lat' dir='ltr'>nobis</span> <span class='ocrx_word' id='word_1_60' title='bbox 1446 897 1746 967; x_wconf 88' lang='lat' dir='ltr'>laudatus,</span> <span class='ocrx_word' id='word_1_61' title='bbox 1779 896 1936 951; x_wconf 86' lang='lat' dir='ltr'>dixe-</span> 
     </span>
    </p>
   </div>
   <div class='ocr_carea' id='block_1_10' title="bbox 289 979 1938 1059">
    <p class='ocr_par' dir='ltr' id='par_1_10' title="bbox 289 979 1938 1059">
     <span class='ocr_line' id='line_1_10' title="bbox 289 979 1938 1059; baseline 0.005 -26"><span class='ocrx_word' id='word_1_62' title='bbox 289 982 379 1034; x_wconf 86' lang='lat' dir='ltr'>rat</span> <span class='ocrx_word' id='word_1_63' title='bbox 429 979 538 1036; x_wconf 89' lang='lat' dir='ltr'>hac</span> <span class='ocrx_word' id='word_1_64' title='bbox 579 984 827 1053; x_wconf 84' lang='lat' dir='ltr'>pecunia</span> <span class='ocrx_word' id='word_1_65' title='bbox 882 988 1284 1058; x_wconf 65' lang='lat' dir='ltr'>praepositum,</span> <span class='ocrx_word' id='word_1_66' title='bbox 1317 988 1473 1059; x_wconf 78' lang='lat' dir='ltr'>apud</span> <span class='ocrx_word' id='word_1_67' title='bbox 1523 1004 1696 1059; x_wconf 88' lang='lat' dir='ltr'>quem</span> <span class='ocrx_word' id='word_1_68' title='bbox 1753 986 1938 1041; x_wconf 82' lang='lat' dir='ltr'>fuerat</span> 
     </span>
    </p>
   </div>
   <div class='ocr_carea' id='block_1_11' title="bbox 294 800 1312 877">
    <p class='ocr_par' dir='ltr' id='par_1_11' title="bbox 294 800 1312 877">
     <span class='ocr_line' id='line_1_11' title="bbox 294 800 1312 877; baseline 0.011 -24"><span class='ocrx_word' id='word_1_69' title='bbox 294 800 585 867; x_wconf 67' lang='lat' dir='ltr'>Ecclesiae,</span> <span class='ocrx_word' id='word_1_70' title='bbox 620 808 674 859; x_wconf 91' lang='lat' dir='ltr'>et</span> <span class='ocrx_word' id='word_1_71' title='bbox 716 821 937 877; x_wconf 87' lang='lat' dir='ltr'>agapen</span> <span class='ocrx_word' id='word_1_72' title='bbox 994 808 1239 863; x_wconf 82' lang='lat' dir='ltr'>fratrum</span> <span class='ocrx_word' id='word_1_73' title='bbox 1287 832 1312 857; x_wconf 76' lang='grc' dir='ltr'>ι»</span> 
     </span>
    </p>
   </div>
   <div class='ocr_carea' id='block_1_12' title="bbox 284 1066 1932 1150">
    <p class='ocr_par' dir='ltr' id='par_1_12' title="bbox 284 1066 1932 1150">
     <span class='ocr_line' id='line_1_12' title="bbox 284 1066 1932 1150; baseline 0.002 -28"><span class='ocrx_word' id='word_1_74' title='bbox 284 1066 571 1139; x_wconf 89' lang='lat' dir='ltr'>deposita,</span> <span class='ocrx_word' id='word_1_75' title='bbox 613 1072 888 1144; x_wconf 87' lang='lat' dir='ltr'>opitulari</span> <span class='ocrx_word' id='word_1_76' title='bbox 949 1075 1203 1149; x_wconf 70' lang='grc' dir='ltr'>ὀρφανοῖς</span> <span class='ocrx_word' id='word_1_77' title='bbox 1260 1074 1348 1129; x_wconf 70' lang='grc' dir='ltr'>καὶ</span> <span class='ocrx_word' id='word_1_78' title='bbox 1398 1076 1621 1150; x_wconf 70' lang='grc' dir='ltr'>χήραις,</span> <span class='ocrx_word' id='word_1_79' title='bbox 1678 1075 1764 1127; x_wconf 73' lang='grc' dir='ltr'>καὶ</span> <span class='ocrx_word' id='word_1_80' title='bbox 1816 1079 1932 1136; x_wconf 76' lang='grc' dir='ltr'>τοῖς</span> 
     </span>
    </p>
   </div>
   <div class='ocr_carea' id='block_1_13' title="bbox 280 1152 1930 1237">
    <p class='ocr_par' dir='ltr' id='par_1_13' title="bbox 280 1152 1930 1237">
     <span class='ocr_line' id='line_1_13' title="bbox 280 1152 1930 1237; baseline 0.005 -29"><span class='ocrx_word' id='word_1_81' title='bbox 280 1152 372 1210; x_wconf 66' lang='grc' dir='ltr'>διὰ</span> <span class='ocrx_word' id='word_1_82' title='bbox 416 1156 574 1213; x_wconf 81' lang='grc' dir='ltr'>νόσον</span> <span class='ocrx_word' id='word_1_83' title='bbox 622 1159 657 1228; x_wconf 71' lang='grc' dir='ltr'>ἢ</span> <span class='ocrx_word' id='word_1_84' title='bbox 706 1157 775 1213; x_wconf 73' lang='grc' dir='ltr'>δι’</span> <span class='ocrx_word' id='word_1_85' title='bbox 823 1159 998 1234; x_wconf 64' lang='grc' dir='ltr'>ἄλλην</span> <span class='ocrx_word' id='word_1_86' title='bbox 1052 1163 1227 1219; x_wconf 63' lang='grc' dir='ltr'>αἰτίαν</span> <span class='ocrx_word' id='word_1_87' title='bbox 1278 1162 1649 1237; x_wconf 69' lang='grc' dir='ltr'>λειπομένοις,</span> <span class='ocrx_word' id='word_1_88' title='bbox 1679 1164 1765 1217; x_wconf 77' lang='grc' dir='ltr'>καὶ</span> <span class='ocrx_word' id='word_1_89' title='bbox 1812 1169 1930 1225; x_wconf 84' lang='grc' dir='ltr'>τοῖς</span> 
     </span>
    </p>
   </div>
   <div class='ocr_carea' id='block_1_14' title="bbox 280 1242 1932 1329">
    <p class='ocr_par' dir='ltr' id='par_1_14' title="bbox 280 1242 1932 1329">
     <span class='ocr_line' id='line_1_14' title="bbox 280 1242 1932 1329; baseline 0.005 -30"><span class='ocrx_word' id='word_1_90' title='bbox 280 1243 331 1299; x_wconf 67' lang='grc' dir='ltr'>ἓν</span> <span class='ocrx_word' id='word_1_91' title='bbox 389 1242 609 1319; x_wconf 82' lang='grc' dir='ltr'>δεσμοῖς</span> <span class='ocrx_word' id='word_1_92' title='bbox 666 1250 805 1318; x_wconf 72' lang='grc' dir='ltr'>οὖσι,</span> <span class='ocrx_word' id='word_1_93' title='bbox 884 1252 972 1306; x_wconf 79' lang='grc' dir='ltr'>καὶ</span> <span class='ocrx_word' id='word_1_94' title='bbox 1024 1259 1141 1315; x_wconf 78' lang='grc' dir='ltr'>τοῖς</span> <span class='ocrx_word' id='word_1_95' title='bbox 1204 1251 1609 1329; x_wconf 52' lang='lat' dir='ltr'>“agema-apol;</span> <span class='ocrx_word' id='word_1_96' title='bbox 1679 1250 1795 1308; x_wconf 71' lang='grc' dir='ltr'>οὖσι</span> <span class='ocrx_word' id='word_1_97' title='bbox 1856 1252 1932 1323; x_wconf 69' lang='grc' dir='ltr'>ξε.</span> 
     </span>
    </p>
   </div>
   <div class='ocr_carea' id='block_1_15' title="bbox 276 1339 1927 1417">
    <p class='ocr_par' dir='ltr' id='par_1_15' title="bbox 276 1339 1927 1417">
     <span class='ocr_line' id='line_1_15' title="bbox 276 1339 1927 1417; baseline 0.001 -20"><span class='ocrx_word' id='word_1_98' title='bbox 276 1356 415 1397; x_wconf 75' lang='grc' dir='ltr'>νοις·</span> <span class='ocrx_word' id='word_1_99' title='bbox 452 1339 726 1410; x_wconf 85' lang='lat' dir='ltr'>Orphanis</span> <span class='ocrx_word' id='word_1_100' title='bbox 775 1351 824 1397; x_wconf 85' lang='lat' dir='ltr'>et</span> <span class='ocrx_word' id='word_1_101' title='bbox 874 1343 1078 1411; x_wconf 77' lang='lat' dir='ltr'>viduis,</span> <span class='ocrx_word' id='word_1_102' title='bbox 1112 1359 1207 1400; x_wconf 80' lang='lat' dir='ltr'>aut</span> <span class='ocrx_word' id='word_1_103' title='bbox 1256 1346 1338 1401; x_wconf 87' lang='lat' dir='ltr'>his</span> <span class='ocrx_word' id='word_1_104' title='bbox 1383 1348 1479 1417; x_wconf 86' lang='lat' dir='ltr'>qui</span> <span class='ocrx_word' id='word_1_105' title='bbox 1520 1354 1737 1417; x_wconf 75' lang='lat' dir='ltr'>propter</span> <span class='ocrx_word' id='word_1_106' title='bbox 1784 1360 1927 1399; x_wconf 87' lang='lat' dir='ltr'>mor-</span> 
     </span>
    </p>
   </div>
   <div class='ocr_carea' id='block_1_16' title="bbox 2056 539 3707 613">
    <p class='ocr_par' dir='ltr' id='par_1_16' title="bbox 2056 539 3707 613">
     <span class='ocr_line' id='line_1_16' title="bbox 2056 539 3707 613; baseline 0.001 -20"><span class='ocrx_word' id='word_1_107' title='bbox 2056 539 2335 612; x_wconf 87' lang='lat' dir='ltr'>prodigas</span> <span class='ocrx_word' id='word_1_108' title='bbox 2392 539 2769 595; x_wconf 88' lang='lat' dir='ltr'>infamarent.</span> <span class='ocrx_word' id='word_1_109' title='bbox 2826 541 2937 595; x_wconf 83' lang='lat' dir='ltr'>Sed</span> <span class='ocrx_word' id='word_1_110' title='bbox 2969 540 3040 595; x_wconf 91' lang='lat' dir='ltr'>de</span> <span class='ocrx_word' id='word_1_111' title='bbox 3071 540 3165 596; x_wconf 92' lang='lat' dir='ltr'>his</span> <span class='ocrx_word' id='word_1_112' title='bbox 3198 556 3355 595; x_wconf 90' lang='lat' dir='ltr'>nunc</span> <span class='ocrx_word' id='word_1_113' title='bbox 3384 540 3707 613; x_wconf 87' lang='lat' dir='ltr'>agendum.</span> 
     </span>
    </p>
   </div>
   <div class='ocr_carea' id='block_1_17' title="bbox 2649 680 3096 721">
    <p class='ocr_par' dir='ltr' id='par_1_17' title="bbox 2649 680 3096 721">
     <span class='ocr_line' id='line_1_17' title="bbox 2649 680 3096 721; baseline 0 -2"><span class='ocrx_word' id='word_1_114' title='bbox 2649 680 2971 720; x_wconf 79' lang='lat' dir='ltr'>ARTICULUS</span> <span class='ocrx_word' id='word_1_115' title='bbox 3012 682 3096 721; x_wconf 83' lang='lat' dir='ltr'>III.</span> 
     </span>
    </p>
   </div>
   <div class='ocr_carea' id='block_1_18' title="bbox 2051 771 3704 843">
    <p class='ocr_par' dir='ltr' id='par_1_18' title="bbox 2051 771 3704 843">
     <span class='ocr_line' id='line_1_18' title="bbox 2051 771 3704 843; baseline 0.001 -17"><span class='ocrx_word' id='word_1_116' title='bbox 2051 772 2126 826; x_wconf 88' lang='lat' dir='ltr'>De</span> <span class='ocrx_word' id='word_1_117' title='bbox 2156 771 2285 825; x_wconf 85' lang='lat' dir='ltr'>data</span> <span class='ocrx_word' id='word_1_118' title='bbox 2320 773 2377 825; x_wconf 88' lang='lat' dir='ltr'>in</span> <span class='ocrx_word' id='word_1_119' title='bbox 2430 771 2872 825; x_wconf 86' lang='lat' dir='ltr'>Christianorum</span> <span class='ocrx_word' id='word_1_120' title='bbox 2920 774 3233 843; x_wconf 71' lang='lat' dir='ltr'>synazibus</span> <span class='ocrx_word' id='word_1_121' title='bbox 3273 788 3442 841; x_wconf 76' lang='lat' dir='ltr'>caena,</span> <span class='ocrx_word' id='word_1_122' title='bbox 3477 776 3529 826; x_wconf 86' lang='lat' dir='ltr'>et</span> <span class='ocrx_word' id='word_1_123' title='bbox 3555 789 3704 843; x_wconf 69' lang='lat' dir='ltr'>pra:-</span> 
     </span>
    </p>
   </div>
   <div class='ocr_carea' id='block_1_19' title="bbox 2126 844 3702 916">
    <p class='ocr_par' dir='ltr' id='par_1_19' title="bbox 2126 844 3702 916">
     <span class='ocr_line' id='line_1_19' title="bbox 2126 844 3702 916; baseline 0.002 -20"><span class='ocrx_word' id='word_1_124' title='bbox 2126 845 2309 897; x_wconf 86' lang='lat' dir='ltr'>missis</span> <span class='ocrx_word' id='word_1_125' title='bbox 2337 846 2391 898; x_wconf 86' lang='lat' dir='ltr'>ei</span> <span class='ocrx_word' id='word_1_126' title='bbox 2417 846 2708 913; x_wconf 75' lang='lat' dir='ltr'>precibus;</span> <span class='ocrx_word' id='word_1_127' title='bbox 2739 862 2813 900; x_wconf 88' lang='lat' dir='ltr'>ac</span> <span class='ocrx_word' id='word_1_128' title='bbox 2862 855 3052 901; x_wconf 64' lang='lat' dir='ltr'>contra</span> <span class='ocrx_word' id='word_1_129' title='bbox 3109 847 3477 916; x_wconf 69' lang='lat' dir='ltr'>impendentes</span> <span class='ocrx_word' id='word_1_130' title='bbox 3521 844 3702 899; x_wconf 84' lang='lat' dir='ltr'>ethni-</span> 
     </span>
    </p>
   </div>
   <div class='ocr_carea' id='block_1_20' title="bbox 2117 916 3703 989">
    <p class='ocr_par' dir='ltr' id='par_1_20' title="bbox 2117 916 3703 989">
     <span class='ocr_line' id='line_1_20' title="bbox 2117 916 3703 989; baseline 0.002 -20"><span class='ocrx_word' id='word_1_131' title='bbox 2117 931 2303 989; x_wconf 81' lang='lat' dir='ltr'>corum</span> <span class='ocrx_word' id='word_1_132' title='bbox 2352 916 2659 970; x_wconf 74' lang='lat' dir='ltr'>calumnias</span> <span class='ocrx_word' id='word_1_133' title='bbox 2706 918 3013 974; x_wconf 78' lang='lat' dir='ltr'>ostenditur</span> <span class='ocrx_word' id='word_1_134' title='bbox 3038 933 3205 989; x_wconf 85' lang='lat' dir='ltr'>quam</span> <span class='ocrx_word' id='word_1_135' title='bbox 3233 917 3493 987; x_wconf 82' lang='lat' dir='ltr'>frugalis,</span> <span class='ocrx_word' id='word_1_136' title='bbox 3515 917 3703 972; x_wconf 86' lang='lat' dir='ltr'>sobria</span> 
     </span>
    </p>
   </div>
   <div class='ocr_carea' id='block_1_21' title="bbox 2118 986 2675 1058">
    <p class='ocr_par' dir='ltr' id='par_1_21' title="bbox 2118 986 2675 1058">
     <span class='ocr_line' id='line_1_21' title="bbox 2118 986 2675 1058; baseline 0.004 -18"><span class='ocrx_word' id='word_1_137' title='bbox 2118 986 2461 1058; x_wconf 81' lang='lat' dir='ltr'>modeslaquc</span> <span class='ocrx_word' id='word_1_138' title='bbox 2488 990 2675 1057; x_wconf 78' lang='lat' dir='ltr'>fuerit.</span> 
     </span>
    </p>
   </div>
   <div class='ocr_carea' id='block_1_22' title="bbox 2115 1111 3696 1183">
    <p class='ocr_par' dir='ltr' id='par_1_22' title="bbox 2115 1111 3696 1183">
     <span class='ocr_line' id='line_1_22' title="bbox 2115 1111 3696 1183; baseline 0.001 -17"><span class='ocrx_word' id='word_1_139' title='bbox 2115 1111 2487 1182; x_wconf 81' lang='lat' dir='ltr'>Compertum</span> <span class='ocrx_word' id='word_1_140' title='bbox 2529 1112 2785 1183; x_wconf 83' lang='lat' dir='ltr'>profecto</span> <span class='ocrx_word' id='word_1_141' title='bbox 2833 1115 3053 1169; x_wconf 89' lang='lat' dir='ltr'>ethnici</span> <span class='ocrx_word' id='word_1_142' title='bbox 3088 1113 3382 1169; x_wconf 83' lang='lat' dir='ltr'>habebant</span> <span class='ocrx_word' id='word_1_143' title='bbox 3410 1112 3696 1168; x_wconf 87' lang='lat' dir='ltr'>Christia-</span> 
     </span>
    </p>
   </div>
   <div class='ocr_carea' id='block_1_23' title="bbox 2043 1201 3698 1273">
    <p class='ocr_par' dir='ltr' id='par_1_23' title="bbox 2043 1201 3698 1273">
     <span class='ocr_line' id='line_1_23' title="bbox 2043 1201 3698 1273; baseline 0.002 -20"><span class='ocrx_word' id='word_1_144' title='bbox 2043 1215 2150 1256; x_wconf 89' lang='lat' dir='ltr'>nos</span> <span class='ocrx_word' id='word_1_145' title='bbox 2192 1201 2318 1256; x_wconf 88' lang='lat' dir='ltr'>suis</span> <span class='ocrx_word' id='word_1_146' title='bbox 2367 1201 2425 1254; x_wconf 91' lang='lat' dir='ltr'>in</span> <span class='ocrx_word' id='word_1_147' title='bbox 2478 1202 2798 1272; x_wconf 83' lang='lat' dir='ltr'>synaxibus</span> <span class='ocrx_word' id='word_1_148' title='bbox 2840 1220 3142 1269; x_wconf 78' lang='lat' dir='ltr'>cumesse;</span> <span class='ocrx_word' id='word_1_149' title='bbox 3190 1203 3292 1258; x_wconf 85' lang='lat' dir='ltr'>sed</span> <span class='ocrx_word' id='word_1_150' title='bbox 3347 1202 3698 1273; x_wconf 83' lang='lat' dir='ltr'>ignorabant</span> 
     </span>
    </p>
   </div>
   <div class='ocr_carea' id='block_1_24' title="bbox 2040 1288 3694 1363">
    <p class='ocr_par' dir='ltr' id='par_1_24' title="bbox 2040 1288 3694 1363">
     <span class='ocr_line' id='line_1_24' title="bbox 2040 1288 3694 1363; baseline 0.002 -21"><span class='ocrx_word' id='word_1_151' title='bbox 2040 1288 2243 1361; x_wconf 86' lang='lat' dir='ltr'>utique</span> <span class='ocrx_word' id='word_1_152' title='bbox 2273 1295 2489 1360; x_wconf 92' lang='lat' dir='ltr'>quanta</span> <span class='ocrx_word' id='word_1_153' title='bbox 2521 1291 2829 1355; x_wconf 86' lang='lat' dir='ltr'>modestia,</span> <span class='ocrx_word' id='word_1_154' title='bbox 2869 1292 3204 1363; x_wconf 81' lang='lat' dir='ltr'>frugalitate</span> <span class='ocrx_word' id='word_1_155' title='bbox 3234 1294 3291 1345; x_wconf 89' lang='lat' dir='ltr'>et</span> <span class='ocrx_word' id='word_1_156' title='bbox 3320 1290 3533 1362; x_wconf 90' lang='lat' dir='ltr'>pietate</span> <span class='ocrx_word' id='word_1_157' title='bbox 3572 1290 3694 1346; x_wconf 65' lang='lat' dir='ltr'>haec</span> 
     </span>
    </p>
   </div>
   <div class='ocr_carea' id='block_1_25' title="bbox 2040 1379 3688 1452">
    <p class='ocr_par' dir='ltr' id='par_1_25' title="bbox 2040 1379 3688 1452">
     <span class='ocr_line' id='line_1_25' title="bbox 2040 1379 3688 1452; baseline 0.001 -20"><span class='ocrx_word' id='word_1_158' title='bbox 2040 1393 2203 1433; x_wconf 79' lang='lat' dir='ltr'>ccena</span> <span class='ocrx_word' id='word_1_159' title='bbox 2234 1380 2467 1434; x_wconf 85' lang='lat' dir='ltr'>condita</span> <span class='ocrx_word' id='word_1_160' title='bbox 2500 1380 2699 1434; x_wconf 87' lang='lat' dir='ltr'>fuerit.</span> <span class='ocrx_word' id='word_1_161' title='bbox 2735 1382 3103 1452; x_wconf 88' lang='lat' dir='ltr'>Quapropter</span> <span class='ocrx_word' id='word_1_162' title='bbox 3152 1379 3325 1434; x_wconf 88' lang='lat' dir='ltr'>solito</span> <span class='ocrx_word' id='word_1_163' title='bbox 3359 1379 3418 1433; x_wconf 90' lang='lat' dir='ltr'>in</span> <span class='ocrx_word' id='word_1_164' title='bbox 3451 1379 3688 1434; x_wconf 90' lang='lat' dir='ltr'>eosdem</span> 
     </span>
    </p>
   </div>
   <div class='ocr_carea' id='block_1_26' title="bbox 280 1427 3684 1539">
    <p class='ocr_par' dir='ltr' id='par_1_26' title="bbox 280 1427 3684 1539">
     <span class='ocr_line' id='line_1_26' title="bbox 280 1427 3684 1539; baseline 0.007 -40"><span class='ocrx_word' id='word_1_165' title='bbox 280 1427 864 1539; x_wconf 34' lang='lat' dir='ltr'>fgf’figf‘tualfflu‘f’&quot;</span> <span class='ocrx_word' id='word_1_166' title='bbox 919 1435 1090 1489; x_wconf 63' lang='lat' dir='ltr'>“liam</span> <span class='ocrx_word' id='word_1_167' title='bbox 1147 1451 1369 1539; x_wconf 43' lang='lat' dir='ltr'>ca&#39;w‘&quot;?</span> <span class='ocrx_word' id='word_1_168' title='bbox 1425 1444 1601 1539; x_wconf 57' lang='grc' dir='ltr'>ξ’ξζεηίν</span> <span class='ocrx_word' id='word_1_169' title='bbox 1632 1436 1927 1539; x_wconf 54' lang='grc' dir='ltr'>βαίίῖξξίίη</span> <span class='ocrx_word' id='word_1_170' title='bbox 2036 1466 2401 1523; x_wconf 88' lang='lat' dir='ltr'>Christianos</span> <span class='ocrx_word' id='word_1_171' title='bbox 2452 1427 3252 1539; x_wconf 38' lang='lat' dir='ltr'>effrenato‘fur‘orersemper</span> <span class='ocrx_word' id='word_1_172' title='bbox 3284 1466 3684 1522; x_wconf 89' lang='lat' dir='ltr'>inflammati:</span> 
     </span>
    </p>
   </div>
   <div class='ocr_carea' id='block_1_27' title="bbox 276 1518 1927 1597">
    <p class='ocr_par' dir='ltr' id='par_1_27' title="bbox 276 1518 1927 1597">
     <span class='ocr_line' id='line_1_27' title="bbox 276 1518 1927 1597; baseline 0.005 -26"><span class='ocrx_word' id='word_1_173' title='bbox 276 1518 515 1573; x_wconf 84' lang='lat' dir='ltr'>vinculis</span> <span class='ocrx_word' id='word_1_174' title='bbox 568 1529 714 1588; x_wconf 86' lang='lat' dir='ltr'>sunt,</span> <span class='ocrx_word' id='word_1_175' title='bbox 756 1526 808 1577; x_wconf 80' lang='lat' dir='ltr'>et</span> <span class='ocrx_word' id='word_1_176' title='bbox 862 1539 1089 1594; x_wconf 79' lang='lat' dir='ltr'>peregre</span> <span class='ocrx_word' id='word_1_177' title='bbox 1148 1525 1565 1581; x_wconf 77' lang='lat' dir='ltr'>advenientibus</span> <span class='ocrx_word' id='word_1_178' title='bbox 1624 1525 1927 1597; x_wconf 77' lang='lat' dir='ltr'>hospitibus</span> 
     </span>
    </p>
   </div>
   <div class='ocr_carea' id='block_1_28' title="bbox 276 1604 1087 1682">
    <p class='ocr_par' dir='ltr' id='par_1_28' title="bbox 276 1604 1087 1682">
     <span class='ocr_line' id='line_1_28' title="bbox 276 1604 1087 1682; baseline 0.007 -23"><span class='ocrx_word' id='word_1_179' title='bbox 276 1604 518 1676; x_wconf 89' lang='lat' dir='ltr'>(Justin.</span> <span class='ocrx_word' id='word_1_180' title='bbox 551 1607 790 1682; x_wconf 82' lang='lat' dir='ltr'>Apolog.</span> <span class='ocrx_word' id='word_1_181' title='bbox 822 1628 861 1681; x_wconf 84' lang='grc' dir='ltr'>ι,</span> <span class='ocrx_word' id='word_1_182' title='bbox 886 1629 945 1668; x_wconf 91' lang='lat' dir='ltr'>n.</span> <span class='ocrx_word' id='word_1_183' title='bbox 975 1613 1087 1682; x_wconf 84' lang='lat'>67).</span> 
     </span>
    </p>
   </div>
   <div class='ocr_carea' id='block_1_29' title="bbox 346 1714 1921 1792">
    <p class='ocr_par' dir='ltr' id='par_1_29' title="bbox 346 1714 1921 1792">
     <span class='ocr_line' id='line_1_29' title="bbox 346 1714 1921 1792; baseline 0.004 -25"><span class='ocrx_word' id='word_1_184' title='bbox 346 1714 529 1770; x_wconf 83' lang='lat' dir='ltr'>Nobis</span> <span class='ocrx_word' id='word_1_185' title='bbox 598 1732 831 1788; x_wconf 89' lang='lat' dir='ltr'>quoque</span> <span class='ocrx_word' id='word_1_186' title='bbox 884 1720 1171 1775; x_wconf 77' lang='lat' dir='ltr'>Eusebius</span> <span class='ocrx_word' id='word_1_187' title='bbox 1236 1720 1470 1776; x_wconf 84' lang='lat' dir='ltr'>exhibet</span> <span class='ocrx_word' id='word_1_188' title='bbox 1527 1722 1921 1792; x_wconf 88' lang='lat' dir='ltr'>fragmentum</span> 
     </span>
    </p>
   </div>
   <div class='ocr_carea' id='block_1_30' title="bbox 2037 1556 3683 1627">
    <p class='ocr_par' dir='ltr' id='par_1_30' title="bbox 2037 1556 3683 1627">
     <span class='ocr_line' id='line_1_30' title="bbox 2037 1556 3683 1627; baseline -0.001 -16"><span class='ocrx_word' id='word_1_189' title='bbox 2037 1556 2363 1612; x_wconf 73' lang='lat' dir='ltr'>«Cmnulas</span> <span class='ocrx_word' id='word_1_190' title='bbox 2422 1563 2675 1624; x_wconf 91' lang='lat' dir='ltr'>nostras,</span> <span class='ocrx_word' id='word_1_191' title='bbox 2737 1558 2928 1627; x_wconf 91' lang='lat' dir='ltr'>inquit</span> <span class='ocrx_word' id='word_1_192' title='bbox 2974 1556 3391 1621; x_wconf 76' lang='lat' dir='ltr'>Tertullianus,</span> <span class='ocrx_word' id='word_1_193' title='bbox 3448 1560 3683 1626; x_wconf 66' lang='lat' dir='ltr'>praeter-</span> 
     </span>
    </p>
   </div>
   <div class='ocr_carea' id='block_1_31' title="bbox 2032 1643 3676 1718">
    <p class='ocr_par' dir='ltr' id='par_1_31' title="bbox 2032 1643 3676 1718">
     <span class='ocr_line' id='line_1_31' title="bbox 2032 1643 3676 1718; baseline -0.004 -19"><span class='ocrx_word' id='word_1_194' title='bbox 2032 1660 2206 1713; x_wconf 88' lang='lat' dir='ltr'>quam</span> <span class='ocrx_word' id='word_1_195' title='bbox 2240 1645 2478 1700; x_wconf 85' lang='lat' dir='ltr'>sceleris</span> <span class='ocrx_word' id='word_1_196' title='bbox 2509 1645 2785 1715; x_wconf 83' lang='lat' dir='ltr'>infames,</span> <span class='ocrx_word' id='word_1_197' title='bbox 2844 1652 2907 1701; x_wconf 89' lang='lat' dir='ltr'>ut</span> <span class='ocrx_word' id='word_1_198' title='bbox 2952 1646 3227 1718; x_wconf 87' lang='lat' dir='ltr'>prodigas</span> <span class='ocrx_word' id='word_1_199' title='bbox 3259 1643 3621 1714; x_wconf 86' lang='lat' dir='ltr'>sugillabant</span> <span class='ocrx_word' id='word_1_200' title='bbox 3648 1666 3676 1693; x_wconf 83' lang='lat'>»</span> 
     </span>
    </p>
   </div>
   <div class='ocr_carea' id='block_1_32' title="bbox 2032 1731 3681 1807">
    <p class='ocr_par' dir='ltr' id='par_1_32' title="bbox 2032 1731 3681 1807">
     <span class='ocr_line' id='line_1_32' title="bbox 2032 1731 3681 1807; baseline 0 -20"><span class='ocrx_word' id='word_1_201' title='bbox 2032 1734 2397 1803; x_wconf 87' lang='lat' dir='ltr'>(Tertullian.</span> <span class='ocrx_word' id='word_1_202' title='bbox 2452 1736 2731 1805; x_wconf 83' lang='lat' dir='ltr'>Apologet.</span> <span class='ocrx_word' id='word_1_203' title='bbox 2790 1752 2917 1807; x_wconf 92' lang='lat' dir='ltr'>cap.</span> <span class='ocrx_word' id='word_1_204' title='bbox 2972 1738 3061 1803; x_wconf 90' lang='lat'>39,</span> <span class='ocrx_word' id='word_1_205' title='bbox 3114 1751 3245 1806; x_wconf 91' lang='lat' dir='ltr'>pag.</span> <span class='ocrx_word' id='word_1_206' title='bbox 3281 1734 3426 1801; x_wconf 81' lang='grc'>473).</span> <span class='ocrx_word' id='word_1_207' title='bbox 3462 1731 3681 1803; x_wconf 87' lang='lat' dir='ltr'>Duplex</span> 
     </span>
    </p>
   </div>
   <div class='ocr_carea' id='block_1_33' title="bbox 271 1802 3678 1895">
    <p class='ocr_par' dir='ltr' id='par_1_33' title="bbox 271 1802 3678 1895">
     <span class='ocr_line' id='line_1_33' title="bbox 271 1802 3678 1895; baseline 0.006 -39"><span class='ocrx_word' id='word_1_208' title='bbox 271 1802 544 1895; x_wconf 61' lang='lat' dir='ltr'>epistolis</span> <span class='ocrx_word' id='word_1_209' title='bbox 564 1804 825 1895; x_wconf 82' lang='lat' dir='ltr'>Dionysii</span> <span class='ocrx_word' id='word_1_210' title='bbox 857 1810 1292 1865; x_wconf 79' lang='lat' dir='ltr'>Corinthiorum</span> <span class='ocrx_word' id='word_1_211' title='bbox 1324 1810 1580 1882; x_wconf 84' lang='lat' dir='ltr'>episcopi</span> <span class='ocrx_word' id='word_1_212' title='bbox 1612 1813 1683 1866; x_wconf 89' lang='lat' dir='ltr'>ad</span> <span class='ocrx_word' id='word_1_213' title='bbox 1716 1814 1923 1865; x_wconf 78' lang='lat' dir='ltr'>Roma-</span> <span class='ocrx_word' id='word_1_214' title='bbox 1950 1826 1999 1892; x_wconf 84' lang='grc' dir='ltr'><strong>Β</strong></span> <span class='ocrx_word' id='word_1_215' title='bbox 2029 1802 2208 1891; x_wconf 86' lang='lat' dir='ltr'>igitur</span> <span class='ocrx_word' id='word_1_216' title='bbox 2232 1830 2358 1878; x_wconf 88' lang='lat' dir='ltr'>erat</span> <span class='ocrx_word' id='word_1_217' title='bbox 2388 1802 2637 1894; x_wconf 80' lang='lat' dir='ltr'>hujusce</span> <span class='ocrx_word' id='word_1_218' title='bbox 2666 1802 3057 1879; x_wconf 73' lang='lat' dir='ltr'>accusationis</span> <span class='ocrx_word' id='word_1_219' title='bbox 3091 1802 3284 1895; x_wconf 71' lang='lat' dir='ltr'>caput.</span> <span class='ocrx_word' id='word_1_220' title='bbox 3322 1823 3390 1875; x_wconf 85' lang='lat' dir='ltr'>Et</span> <span class='ocrx_word' id='word_1_221' title='bbox 3422 1802 3678 1892; x_wconf 88' lang='lat' dir='ltr'>primum</span> 
     </span>
    </p>
   </div>
   <div class='ocr_carea' id='block_1_34' title="bbox 270 1892 1920 1971">
    <p class='ocr_par' dir='ltr' id='par_1_34' title="bbox 270 1892 1920 1971">
     <span class='ocr_line' id='line_1_34' title="bbox 270 1892 1920 1971; baseline 0.005 -26"><span class='ocrx_word' id='word_1_222' title='bbox 270 1907 405 1960; x_wconf 88' lang='lat' dir='ltr'>nos,</span> <span class='ocrx_word' id='word_1_223' title='bbox 448 1892 548 1947; x_wconf 91' lang='lat' dir='ltr'>ubi</span> <span class='ocrx_word' id='word_1_224' title='bbox 590 1893 825 1951; x_wconf 89' lang='lat' dir='ltr'>illorum</span> <span class='ocrx_word' id='word_1_225' title='bbox 878 1896 1081 1953; x_wconf 89' lang='lat' dir='ltr'>laudat</span> <span class='ocrx_word' id='word_1_226' title='bbox 1137 1900 1642 1963; x_wconf 77' lang='lat' dir='ltr'>consuetudinem,</span> <span class='ocrx_word' id='word_1_227' title='bbox 1675 1902 1747 1955; x_wconf 87' lang='lat' dir='ltr'>ab</span> <span class='ocrx_word' id='word_1_228' title='bbox 1794 1900 1920 1971; x_wconf 91' lang='lat' dir='ltr'>ipso</span> 
     </span>
    </p>
   </div>
   <div class='ocr_carea' id='block_1_35' title="bbox 269 1979 1920 2056">
    <p class='ocr_par' dir='ltr' id='par_1_35' title="bbox 269 1979 1920 2056">
     <span class='ocr_line' id='line_1_35' title="bbox 269 1979 1920 2056; baseline 0.007 -26"><span class='ocrx_word' id='word_1_229' title='bbox 269 1982 458 2033; x_wconf 87' lang='lat' dir='ltr'>ortam</span> <span class='ocrx_word' id='word_1_230' title='bbox 518 1979 860 2037; x_wconf 64' lang='lat' dir='ltr'>Christiana;</span> <span class='ocrx_word' id='word_1_231' title='bbox 912 1984 1208 2056; x_wconf 82' lang='lat' dir='ltr'>religionis</span> <span class='ocrx_word' id='word_1_232' title='bbox 1256 1988 1510 2053; x_wconf 85' lang='lat' dir='ltr'>exordio,</span> <span class='ocrx_word' id='word_1_233' title='bbox 1544 1993 1599 2041; x_wconf 91' lang='lat' dir='ltr'>et</span> <span class='ocrx_word' id='word_1_234' title='bbox 1648 2005 1682 2042; x_wconf 91' lang='lat' dir='ltr'>a</span> <span class='ocrx_word' id='word_1_235' title='bbox 1723 1991 1920 2043; x_wconf 88' lang='lat' dir='ltr'>Sotere</span> 
     </span>
    </p>
   </div>
   <div class='ocr_carea' id='block_1_36' title="bbox 269 2065 1916 2145">
    <p class='ocr_par' dir='ltr' id='par_1_36' title="bbox 269 2065 1916 2145">
     <span class='ocr_line' id='line_1_36' title="bbox 269 2065 1916 2145; baseline 0.007 -28"><span class='ocrx_word' id='word_1_236' title='bbox 269 2065 507 2122; x_wconf 92' lang='lat' dir='ltr'>illorum</span> <span class='ocrx_word' id='word_1_237' title='bbox 583 2070 855 2142; x_wconf 93' lang='lat' dir='ltr'>episcopo</span> <span class='ocrx_word' id='word_1_238' title='bbox 930 2080 1185 2145; x_wconf 86' lang='lat' dir='ltr'>auctam,</span> <span class='ocrx_word' id='word_1_239' title='bbox 1239 2092 1356 2145; x_wconf 91' lang='lat' dir='ltr'>qua</span> <span class='ocrx_word' id='word_1_240' title='bbox 1428 2074 1916 2141; x_wconf 74' lang='lat' dir='ltr'>Christianorum,</span> 
     </span>
    </p>
   </div>
   <div class='ocr_carea' id='block_1_37' title="bbox 268 2154 1920 2233">
    <p class='ocr_par' dir='ltr' id='par_1_37' title="bbox 268 2154 1920 2233">
     <span class='ocr_line' id='line_1_37' title="bbox 268 2154 1920 2233; baseline 0.006 -24"><span class='ocrx_word' id='word_1_241' title='bbox 268 2154 447 2209; x_wconf 86' lang='lat' dir='ltr'>etiam</span> <span class='ocrx_word' id='word_1_242' title='bbox 497 2155 627 2213; x_wconf 86' lang='lat' dir='ltr'>aliis</span> <span class='ocrx_word' id='word_1_243' title='bbox 675 2159 733 2213; x_wconf 94' lang='lat' dir='ltr'>in</span> <span class='ocrx_word' id='word_1_244' title='bbox 790 2161 1033 2217; x_wconf 82' lang='lat' dir='ltr'>urbibus</span> <span class='ocrx_word' id='word_1_245' title='bbox 1082 2164 1441 2233; x_wconf 88' lang='lat' dir='ltr'>degentium,</span> <span class='ocrx_word' id='word_1_246' title='bbox 1476 2170 1531 2218; x_wconf 88' lang='lat' dir='ltr'>et</span> <span class='ocrx_word' id='word_1_247' title='bbox 1578 2164 1649 2219; x_wconf 92' lang='lat' dir='ltr'>ad</span> <span class='ocrx_word' id='word_1_248' title='bbox 1684 2163 1920 2219; x_wconf 87' lang='lat' dir='ltr'>metalla</span> 
     </span>
    </p>
   </div>
   <div class='ocr_carea' id='block_1_38' title="bbox 272 2243 1919 2325">
    <p class='ocr_par' dir='ltr' id='par_1_38' title="bbox 272 2243 1919 2325">
     <span class='ocr_line' id='line_1_38' title="bbox 272 2243 1919 2325; baseline 0.007 -28"><span class='ocrx_word' id='word_1_249' title='bbox 272 2243 692 2303; x_wconf 88' lang='lat' dir='ltr'>damnatorum</span> <span class='ocrx_word' id='word_1_250' title='bbox 726 2249 984 2321; x_wconf 89' lang='lat' dir='ltr'>inopiam</span> <span class='ocrx_word' id='word_1_251' title='bbox 1042 2253 1202 2307; x_wconf 90' lang='lat' dir='ltr'>vario</span> <span class='ocrx_word' id='word_1_252' title='bbox 1252 2253 1670 2308; x_wconf 80' lang='lat' dir='ltr'>beneficiorum</span> <span class='ocrx_word' id='word_1_253' title='bbox 1708 2270 1919 2325; x_wconf 84' lang='lat' dir='ltr'>genere</span> 
     </span>
    </p>
   </div>
   <div class='ocr_carea' id='block_1_39' title="bbox 269 2334 1913 2413">
    <p class='ocr_par' dir='ltr' id='par_1_39' title="bbox 269 2334 1913 2413">
     <span class='ocr_line' id='line_1_39' title="bbox 269 2334 1913 2413; baseline 0.005 -26"><span class='ocrx_word' id='word_1_254' title='bbox 269 2334 659 2391; x_wconf 88' lang='lat' dir='ltr'>sublevabant</span> <span class='ocrx_word' id='word_1_255' title='bbox 704 2339 936 2408; x_wconf 84' lang='lat' dir='ltr'>(Euseb.</span> <span class='ocrx_word' id='word_1_256' title='bbox 988 2341 1090 2395; x_wconf 89' lang='lat' dir='ltr'>lib.</span> <span class='ocrx_word' id='word_1_257' title='bbox 1140 2342 1207 2397; x_wconf 79' lang='grc' dir='ltr'>ιν</span> <span class='ocrx_word' id='word_1_258' title='bbox 1270 2344 1403 2397; x_wconf 87' lang='lat' dir='ltr'>Ilist.</span> <span class='ocrx_word' id='word_1_259' title='bbox 1439 2343 1633 2398; x_wconf 74' lang='lat' dir='ltr'>Eccles.</span> <span class='ocrx_word' id='word_1_260' title='bbox 1666 2358 1792 2413; x_wconf 90' lang='lat' dir='ltr'>cap.</span> <span class='ocrx_word' id='word_1_261' title='bbox 1825 2343 1913 2411; x_wconf 89' lang='lat'>33,</span> 
     </span>
    </p>
   </div>
   <div class='ocr_carea' id='block_1_40' title="bbox 266 2426 1914 2504">
    <p class='ocr_par' dir='ltr' id='par_1_40' title="bbox 266 2426 1914 2504">
     <span class='ocr_line' id='line_1_40' title="bbox 266 2426 1914 2504; baseline 0.006 -28"><span class='ocrx_word' id='word_1_262' title='bbox 266 2440 400 2494; x_wconf 87' lang='lat' dir='ltr'>pag.</span> <span class='ocrx_word' id='word_1_263' title='bbox 440 2426 585 2495; x_wconf 82' lang='grc'>145).</span> <span class='ocrx_word' id='word_1_264' title='bbox 619 2428 775 2485; x_wconf 76' lang='grc'>954</span> <span class='ocrx_word' id='word_1_265' title='bbox 805 2429 952 2493; x_wconf 89' lang='lat' dir='ltr'>Quin</span> <span class='ocrx_word' id='word_1_266' title='bbox 986 2432 1160 2485; x_wconf 87' lang='lat' dir='ltr'>etiam</span> <span class='ocrx_word' id='word_1_267' title='bbox 1194 2432 1517 2504; x_wconf 82' lang='lat' dir='ltr'>Cyprianus</span> <span class='ocrx_word' id='word_1_268' title='bbox 1567 2432 1639 2486; x_wconf 90' lang='lat' dir='ltr'>ad</span> <span class='ocrx_word' id='word_1_269' title='bbox 1671 2435 1914 2503; x_wconf 88' lang='lat' dir='ltr'>presby-</span> 
     </span>
    </p>
   </div>
   <div class='ocr_carea' id='block_1_41' title="bbox 264 2513 1913 2592">
    <p class='ocr_par' dir='ltr' id='par_1_41' title="bbox 264 2513 1913 2592">
     <span class='ocr_line' id='line_1_41' title="bbox 264 2513 1913 2592; baseline 0.007 -27"><span class='ocrx_word' id='word_1_270' title='bbox 264 2513 425 2567; x_wconf 87' lang='lat' dir='ltr'>teros</span> <span class='ocrx_word' id='word_1_271' title='bbox 455 2518 512 2568; x_wconf 88' lang='lat' dir='ltr'>et</span> <span class='ocrx_word' id='word_1_272' title='bbox 542 2516 819 2573; x_wconf 89' lang='lat' dir='ltr'>diaconos</span> <span class='ocrx_word' id='word_1_273' title='bbox 850 2518 971 2574; x_wconf 69' lang='lat' dir='ltr'>haec</span> <span class='ocrx_word' id='word_1_274' title='bbox 1018 2520 1254 2592; x_wconf 87' lang='lat' dir='ltr'>scripsit</span> <span class='ocrx_word' id='word_1_275' title='bbox 1297 2522 1355 2575; x_wconf 92' lang='lat' dir='ltr'>in</span> <span class='ocrx_word' id='word_1_276' title='bbox 1403 2521 1579 2576; x_wconf 90' lang='lat' dir='ltr'>verba</span> <span class='ocrx_word' id='word_1_277' title='bbox 1610 2537 1623 2575; x_wconf 86' lang='lat'><strong>:</strong></span> <span class='ocrx_word' id='word_1_278' title='bbox 1658 2544 1685 2569; x_wconf 86' lang='lat'><strong>«</strong></span> <span class='ocrx_word' id='word_1_279' title='bbox 1721 2522 1913 2585; x_wconf 88' lang='lat' dir='ltr'>Quan-</span> 
     </span>
    </p>
   </div>
   <div class='ocr_carea' id='block_1_42' title="bbox 260 2603 1912 2682">
    <p class='ocr_par' dir='ltr' id='par_1_42' title="bbox 260 2603 1912 2682">
     <span class='ocr_line' id='line_1_42' title="bbox 260 2603 1912 2682; baseline 0.007 -27"><span class='ocrx_word' id='word_1_280' title='bbox 260 2603 393 2656; x_wconf 85' lang='lat' dir='ltr'>tum</span> <span class='ocrx_word' id='word_1_281' title='bbox 425 2604 496 2657; x_wconf 91' lang='lat' dir='ltr'>ad</span> <span class='ocrx_word' id='word_1_282' title='bbox 535 2612 810 2678; x_wconf 88' lang='lat' dir='ltr'>sumptus</span> <span class='ocrx_word' id='word_1_283' title='bbox 868 2611 1266 2682; x_wconf 88' lang='lat' dir='ltr'>suggerendos</span> <span class='ocrx_word' id='word_1_284' title='bbox 1316 2612 1436 2665; x_wconf 84' lang='lat' dir='ltr'>sive</span> <span class='ocrx_word' id='word_1_285' title='bbox 1484 2610 1625 2679; x_wconf 83' lang='lat' dir='ltr'>illis,</span> <span class='ocrx_word' id='word_1_286' title='bbox 1657 2611 1756 2682; x_wconf 91' lang='lat' dir='ltr'>qui</span> <span class='ocrx_word' id='word_1_287' title='bbox 1787 2610 1912 2682; x_wconf 87' lang='lat' dir='ltr'>glo-</span> 
     </span>
    </p>
   </div>
   <div class='ocr_carea' id='block_1_43' title="bbox 260 2690 1909 2755">
    <p class='ocr_par' dir='ltr' id='par_1_43' title="bbox 260 2690 1909 2755">
     <span class='ocr_line' id='line_1_43' title="bbox 260 2690 1909 2755; baseline 0.006 -12"><span class='ocrx_word' id='word_1_288' title='bbox 260 2690 420 2746; x_wconf 84' lang='lat' dir='ltr'>riosa</span> <span class='ocrx_word' id='word_1_289' title='bbox 464 2710 598 2749; x_wconf 92' lang='lat' dir='ltr'>voce</span> <span class='ocrx_word' id='word_1_290' title='bbox 646 2696 829 2752; x_wconf 92' lang='lat' dir='ltr'>Deum</span> <span class='ocrx_word' id='word_1_291' title='bbox 880 2699 1129 2755; x_wconf 85' lang='lat' dir='ltr'>confessi</span> <span class='ocrx_word' id='word_1_292' title='bbox 1171 2699 1229 2754; x_wconf 95' lang='lat' dir='ltr'>in</span> <span class='ocrx_word' id='word_1_293' title='bbox 1262 2715 1492 2755; x_wconf 87' lang='lat' dir='ltr'>carcere</span> <span class='ocrx_word' id='word_1_294' title='bbox 1522 2703 1661 2755; x_wconf 89' lang='lat' dir='ltr'>sunt</span> <span class='ocrx_word' id='word_1_295' title='bbox 1691 2700 1909 2755; x_wconf 90' lang='lat' dir='ltr'>consti-</span> 
     </span>
    </p>
   </div>
   <div class='ocr_carea' id='block_1_44' title="bbox 257 2779 1908 2859">
    <p class='ocr_par' dir='ltr' id='par_1_44' title="bbox 257 2779 1908 2859">
     <span class='ocr_line' id='line_1_44' title="bbox 257 2779 1908 2859; baseline 0.007 -28"><span class='ocrx_word' id='word_1_296' title='bbox 257 2779 391 2849; x_wconf 90' lang='lat' dir='ltr'>tuti,</span> <span class='ocrx_word' id='word_1_297' title='bbox 425 2781 545 2837; x_wconf 87' lang='lat' dir='ltr'>sive</span> <span class='ocrx_word' id='word_1_298' title='bbox 574 2784 647 2839; x_wconf 89' lang='lat' dir='ltr'>iis</span> <span class='ocrx_word' id='word_1_299' title='bbox 678 2786 778 2857; x_wconf 91' lang='lat' dir='ltr'>qui</span> <span class='ocrx_word' id='word_1_300' title='bbox 806 2804 1096 2859; x_wconf 87' lang='lat' dir='ltr'>pauperes</span> <span class='ocrx_word' id='word_1_301' title='bbox 1137 2795 1191 2843; x_wconf 90' lang='lat' dir='ltr'>et</span> <span class='ocrx_word' id='word_1_302' title='bbox 1236 2788 1564 2859; x_wconf 83' lang='lat' dir='ltr'>indigentes</span> <span class='ocrx_word' id='word_1_303' title='bbox 1618 2788 1908 2859; x_wconf 89' lang='lat' dir='ltr'>laborant,</span> 
     </span>
    </p>
   </div>
   <div class='ocr_carea' id='block_1_45' title="bbox 256 2872 1906 2948">
    <p class='ocr_par' dir='ltr' id='par_1_45' title="bbox 256 2872 1906 2948">
     <span class='ocr_line' id='line_1_45' title="bbox 256 2872 1906 2948; baseline 0.007 -28"><span class='ocrx_word' id='word_1_304' title='bbox 256 2872 315 2921; x_wconf 87' lang='lat' dir='ltr'>et</span> <span class='ocrx_word' id='word_1_305' title='bbox 348 2872 543 2926; x_wconf 89' lang='lat' dir='ltr'>tamen</span> <span class='ocrx_word' id='word_1_306' title='bbox 575 2873 635 2929; x_wconf 91' lang='lat' dir='ltr'>in</span> <span class='ocrx_word' id='word_1_307' title='bbox 689 2874 937 2932; x_wconf 92' lang='lat' dir='ltr'>Domino</span> <span class='ocrx_word' id='word_1_308' title='bbox 972 2882 1363 2948; x_wconf 87' lang='lat' dir='ltr'>perseverant,</span> <span class='ocrx_word' id='word_1_309' title='bbox 1397 2882 1527 2947; x_wconf 91' lang='lat' dir='ltr'>peto</span> <span class='ocrx_word' id='word_1_310' title='bbox 1560 2876 1703 2932; x_wconf 90' lang='lat' dir='ltr'>nihil</span> <span class='ocrx_word' id='word_1_311' title='bbox 1737 2878 1906 2946; x_wconf 85' lang='lat' dir='ltr'>desit,</span> 
     </span>
    </p>
   </div>
   <div class='ocr_carea' id='block_1_46' title="bbox 257 2964 1904 3037">
    <p class='ocr_par' dir='ltr' id='par_1_46' title="bbox 257 2964 1904 3037">
     <span class='ocr_line' id='line_1_46' title="bbox 257 2964 1904 3037; baseline 0.007 -27"><span class='ocrx_word' id='word_1_312' title='bbox 257 2970 397 3011; x_wconf 87' lang='lat' dir='ltr'>cum</span> <span class='ocrx_word' id='word_1_313' title='bbox 427 2976 663 3017; x_wconf 89' lang='lat' dir='ltr'>summa</span> <span class='ocrx_word' id='word_1_314' title='bbox 694 2964 907 3033; x_wconf 91' lang='lat' dir='ltr'>omnis,</span> <span class='ocrx_word' id='word_1_315' title='bbox 940 2983 1066 3037; x_wconf 72' lang='lat' dir='ltr'>quis</span> <span class='ocrx_word' id='word_1_316' title='bbox 1097 2966 1333 3021; x_wconf 88' lang='lat' dir='ltr'>redacta</span> <span class='ocrx_word' id='word_1_317' title='bbox 1371 2966 1603 3035; x_wconf 88' lang='lat' dir='ltr'>est,illic</span> <span class='ocrx_word' id='word_1_318' title='bbox 1642 2966 1719 3021; x_wconf 87' lang='lat' dir='ltr'>sit</span> <span class='ocrx_word' id='word_1_319' title='bbox 1750 2968 1904 3037; x_wconf 90' lang='lat' dir='ltr'>apud</span> 
     </span>
    </p>
   </div>
   <div class='ocr_carea' id='block_1_47' title="bbox 257 3042 1907 3126">
    <p class='ocr_par' dir='ltr' id='par_1_47' title="bbox 257 3042 1907 3126">
     <span class='ocr_line' id='line_1_47' title="bbox 257 3042 1907 3126; baseline 0.007 -28"><span class='ocrx_word' id='word_1_320' title='bbox 257 3042 503 3104; x_wconf 86' lang='lat' dir='ltr'>clericos</span> <span class='ocrx_word' id='word_1_321' title='bbox 535 3050 851 3108; x_wconf 88' lang='lat' dir='ltr'>distributa</span> <span class='ocrx_word' id='word_1_322' title='bbox 880 3059 1117 3126; x_wconf 88' lang='lat' dir='ltr'>propter</span> <span class='ocrx_word' id='word_1_323' title='bbox 1141 3055 1429 3126; x_wconf 90' lang='lat' dir='ltr'>ejusmodi</span> <span class='ocrx_word' id='word_1_324' title='bbox 1462 3071 1668 3123; x_wconf 90' lang='lat' dir='ltr'>casus;</span> <span class='ocrx_word' id='word_1_325' title='bbox 1704 3061 1769 3110; x_wconf 93' lang='lat' dir='ltr'>ut</span> <span class='ocrx_word' id='word_1_326' title='bbox 1798 3055 1907 3110; x_wconf 85' lang='lat' dir='ltr'>ha-</span> 
     </span>
    </p>
   </div>
   <div class='ocr_carea' id='block_1_48' title="bbox 256 3132 1903 3217">
    <p class='ocr_par' dir='ltr' id='par_1_48' title="bbox 256 3132 1903 3217">
     <span class='ocr_line' id='line_1_48' title="bbox 256 3132 1903 3217; baseline 0.007 -29"><span class='ocrx_word' id='word_1_327' title='bbox 256 3132 464 3192; x_wconf 86' lang='lat' dir='ltr'>berent</span> <span class='ocrx_word' id='word_1_328' title='bbox 508 3140 707 3211; x_wconf 88' lang='lat' dir='ltr'>plures</span> <span class='ocrx_word' id='word_1_329' title='bbox 767 3144 921 3199; x_wconf 91' lang='lat' dir='ltr'>unde</span> <span class='ocrx_word' id='word_1_330' title='bbox 969 3144 1040 3199; x_wconf 89' lang='lat' dir='ltr'>ad</span> <span class='ocrx_word' id='word_1_331' title='bbox 1090 3144 1464 3200; x_wconf 86' lang='lat' dir='ltr'>necessitates</span> <span class='ocrx_word' id='word_1_332' title='bbox 1507 3151 1563 3200; x_wconf 90' lang='lat' dir='ltr'>et</span> <span class='ocrx_word' id='word_1_333' title='bbox 1593 3162 1903 3217; x_wconf 82' lang='lat' dir='ltr'>pressurae</span> 
     </span>
    </p>
   </div>
   <div class='ocr_carea' id='block_1_49' title="bbox 252 3222 1898 3306">
    <p class='ocr_par' dir='ltr' id='par_1_49' title="bbox 252 3222 1898 3306">
     <span class='ocr_line' id='line_1_49' title="bbox 252 3222 1898 3306; baseline 0.007 -30"><span class='ocrx_word' id='word_1_334' title='bbox 252 3222 625 3297; x_wconf 88' lang='lat' dir='ltr'>singulorum</span> <span class='ocrx_word' id='word_1_335' title='bbox 669 3234 895 3303; x_wconf 86' lang='lat' dir='ltr'>operari</span> <span class='ocrx_word' id='word_1_336' title='bbox 946 3234 1175 3305; x_wconf 89' lang='lat' dir='ltr'>possint</span> <span class='ocrx_word' id='word_1_337' title='bbox 1221 3258 1244 3285; x_wconf 77' lang='grc' dir='ltr'><strong><em>ι</em></strong></span> <span class='ocrx_word' id='word_1_338' title='bbox 1300 3234 1590 3306; x_wconf 86' lang='lat' dir='ltr'>(Cyprian.</span> <span class='ocrx_word' id='word_1_339' title='bbox 1624 3234 1790 3305; x_wconf 89' lang='lat' dir='ltr'>epist.</span> <span class='ocrx_word' id='word_1_340' title='bbox 1821 3236 1898 3299; x_wconf 82' lang='grc'>5).</span> 
     </span>
    </p>
   </div>
   <div class='ocr_carea' id='block_1_50' title="bbox 251 3311 1899 3395">
    <p class='ocr_par' dir='ltr' id='par_1_50' title="bbox 251 3311 1899 3395">
     <span class='ocr_line' id='line_1_50' title="bbox 251 3311 1899 3395; baseline 0.005 -27"><span class='ocrx_word' id='word_1_341' title='bbox 251 3311 557 3376; x_wconf 87' lang='lat' dir='ltr'>Quomodo</span> <span class='ocrx_word' id='word_1_342' title='bbox 587 3325 783 3376; x_wconf 91' lang='lat' dir='ltr'>autem</span> <span class='ocrx_word' id='word_1_343' title='bbox 809 3322 913 3377; x_wconf 90' lang='lat' dir='ltr'>hac</span> <span class='ocrx_word' id='word_1_344' title='bbox 945 3323 1095 3395; x_wconf 89' lang='lat' dir='ltr'>stipe</span> <span class='ocrx_word' id='word_1_345' title='bbox 1123 3328 1180 3377; x_wconf 91' lang='lat' dir='ltr'>et</span> <span class='ocrx_word' id='word_1_346' title='bbox 1228 3322 1611 3395; x_wconf 86' lang='lat' dir='ltr'>eleemosynis</span> <span class='ocrx_word' id='word_1_347' title='bbox 1646 3323 1899 3379; x_wconf 89' lang='lat' dir='ltr'>necessi-</span> 
     </span>
    </p>
   </div>
   <div class='ocr_carea' id='block_1_51' title="bbox 252 3404 1899 3479">
    <p class='ocr_par' dir='ltr' id='par_1_51' title="bbox 252 3404 1899 3479">
     <span class='ocr_line' id='line_1_51' title="bbox 252 3404 1899 3479; baseline 0.009 -24"><span class='ocrx_word' id='word_1_348' title='bbox 252 3404 477 3461; x_wconf 88' lang='lat' dir='ltr'>tatibus</span> <span class='ocrx_word' id='word_1_349' title='bbox 507 3410 804 3479; x_wconf 87' lang='lat' dir='ltr'>egentium</span> <span class='ocrx_word' id='word_1_350' title='bbox 838 3413 1305 3468; x_wconf 88' lang='lat' dir='ltr'>subvenieudum</span> <span class='ocrx_word' id='word_1_351' title='bbox 1336 3419 1510 3479; x_wconf 90' lang='lat' dir='ltr'>esset,</span> <span class='ocrx_word' id='word_1_352' title='bbox 1536 3413 1619 3468; x_wconf 89' lang='lat' dir='ltr'>sic</span> <span class='ocrx_word' id='word_1_353' title='bbox 1642 3412 1737 3469; x_wconf 91' lang='lat' dir='ltr'>ille</span> <span class='ocrx_word' id='word_1_354' title='bbox 1764 3430 1899 3469; x_wconf 90' lang='lat' dir='ltr'>con-</span> 
     </span>
    </p>
   </div>
   <div class='ocr_carea' id='block_1_52' title="bbox 252 3491 1898 3573">
    <p class='ocr_par' dir='ltr' id='par_1_52' title="bbox 252 3491 1898 3573">
     <span class='ocr_line' id='line_1_52' title="bbox 252 3491 1898 3573; baseline 0.009 -29"><span class='ocrx_word' id='word_1_355' title='bbox 252 3491 451 3548; x_wconf 88' lang='lat' dir='ltr'>stituit</span> <span class='ocrx_word' id='word_1_356' title='bbox 482 3513 495 3550; x_wconf 91' lang='lat'><strong>:</strong></span> <span class='ocrx_word' id='word_1_357' title='bbox 537 3516 557 3544; x_wconf 74' lang='grc' dir='ltr'>ι</span> <span class='ocrx_word' id='word_1_358' title='bbox 590 3500 752 3562; x_wconf 87' lang='lat' dir='ltr'>Quod</span> <span class='ocrx_word' id='word_1_359' title='bbox 803 3500 852 3555; x_wconf 92' lang='lat' dir='ltr'>si</span> <span class='ocrx_word' id='word_1_360' title='bbox 886 3500 1189 3573; x_wconf 89' lang='lat' dir='ltr'>penuriam</span> <span class='ocrx_word' id='word_1_361' title='bbox 1222 3501 1357 3557; x_wconf 89' lang='lat' dir='ltr'>talis</span> <span class='ocrx_word' id='word_1_362' title='bbox 1405 3508 1460 3556; x_wconf 90' lang='lat' dir='ltr'>et</span> <span class='ocrx_word' id='word_1_363' title='bbox 1491 3503 1898 3558; x_wconf 84' lang='lat' dir='ltr'>necessitatem</span> 
     </span>
    </p>
   </div>
   <div class='ocr_carea' id='block_1_53' title="bbox 251 3585 1900 3663">
    <p class='ocr_par' dir='ltr' id='par_1_53' title="bbox 251 3585 1900 3663">
     <span class='ocr_line' id='line_1_53' title="bbox 251 3585 1900 3663; baseline 0.007 -28"><span class='ocrx_word' id='word_1_364' title='bbox 251 3585 619 3654; x_wconf 79' lang='lat' dir='ltr'>paupertatis</span> <span class='ocrx_word' id='word_1_365' title='bbox 650 3587 934 3659; x_wconf 87' lang='lat' dir='ltr'>obtendit,</span> <span class='ocrx_word' id='word_1_366' title='bbox 967 3594 1155 3660; x_wconf 87' lang='lat' dir='ltr'>potest</span> <span class='ocrx_word' id='word_1_367' title='bbox 1186 3592 1337 3646; x_wconf 91' lang='lat' dir='ltr'>inter</span> <span class='ocrx_word' id='word_1_368' title='bbox 1367 3595 1625 3661; x_wconf 59' lang='lat' dir='ltr'>caeteros,</span> <span class='ocrx_word' id='word_1_369' title='bbox 1660 3592 1759 3663; x_wconf 92' lang='lat' dir='ltr'>qui</span> <span class='ocrx_word' id='word_1_370' title='bbox 1791 3592 1900 3648; x_wconf 90' lang='lat' dir='ltr'>ali-</span> 
     </span>
    </p>
   </div>
   <div class='ocr_carea' id='block_1_54' title="bbox 251 3672 1901 3752">
    <p class='ocr_par' dir='ltr' id='par_1_54' title="bbox 251 3672 1901 3752">
     <span class='ocr_line' id='line_1_54' title="bbox 251 3672 1901 3752; baseline 0.008 -28"><span class='ocrx_word' id='word_1_371' title='bbox 251 3672 470 3729; x_wconf 88' lang='lat' dir='ltr'>mentis</span> <span class='ocrx_word' id='word_1_372' title='bbox 529 3675 797 3733; x_wconf 69' lang='lat' dir='ltr'>Ecclesiaa</span> <span class='ocrx_word' id='word_1_373' title='bbox 856 3679 1242 3751; x_wconf 89' lang='lat' dir='ltr'>sustinentur,</span> <span class='ocrx_word' id='word_1_374' title='bbox 1302 3680 1481 3751; x_wconf 85' lang='lat' dir='ltr'>hujus</span> <span class='ocrx_word' id='word_1_375' title='bbox 1540 3698 1771 3752; x_wconf 89' lang='lat' dir='ltr'>quoque</span> <span class='ocrx_word' id='word_1_376' title='bbox 1806 3699 1901 3738; x_wconf 86' lang='lat' dir='ltr'>ne-</span> 
     </span>
    </p>
   </div>
   <div class='ocr_carea' id='block_1_55' title="bbox 249 3762 1898 3843">
    <p class='ocr_par' dir='ltr' id='par_1_55' title="bbox 249 3762 1898 3843">
     <span class='ocr_line' id='line_1_55' title="bbox 249 3762 1898 3843; baseline 0.007 -28"><span class='ocrx_word' id='word_1_377' title='bbox 249 3762 500 3819; x_wconf 87' lang='lat' dir='ltr'>cessitas</span> <span class='ocrx_word' id='word_1_378' title='bbox 529 3766 793 3836; x_wconf 89' lang='lat' dir='ltr'>adjuvari</span> <span class='ocrx_word' id='word_1_379' title='bbox 820 3785 833 3835; x_wconf 91' lang='lat'><strong>;</strong></span> <span class='ocrx_word' id='word_1_380' title='bbox 862 3768 912 3823; x_wconf 92' lang='lat' dir='ltr'>si</span> <span class='ocrx_word' id='word_1_381' title='bbox 946 3772 1141 3824; x_wconf 89' lang='lat' dir='ltr'>tamen</span> <span class='ocrx_word' id='word_1_382' title='bbox 1174 3774 1483 3825; x_wconf 82' lang='lat' dir='ltr'>contentus</span> <span class='ocrx_word' id='word_1_383' title='bbox 1513 3770 1589 3825; x_wconf 89' lang='lat' dir='ltr'>sit</span> <span class='ocrx_word' id='word_1_384' title='bbox 1621 3770 1898 3843; x_wconf 82' lang='lat' dir='ltr'>frugalio-</span> 
     </span>
    </p>
   </div>
   <div class='ocr_carea' id='block_1_56' title="bbox 248 3851 1897 3931">
    <p class='ocr_par' dir='ltr' id='par_1_56' title="bbox 248 3851 1897 3931">
     <span class='ocr_line' id='line_1_56' title="bbox 248 3851 1897 3931; baseline 0.006 -27"><span class='ocrx_word' id='word_1_385' title='bbox 248 3851 441 3922; x_wconf 85' lang='lat' dir='ltr'>ribus,</span> <span class='ocrx_word' id='word_1_386' title='bbox 474 3854 576 3909; x_wconf 89' lang='lat' dir='ltr'>sed</span> <span class='ocrx_word' id='word_1_387' title='bbox 622 3855 1033 3913; x_wconf 86' lang='lat' dir='ltr'>innocentibus</span> <span class='ocrx_word' id='word_1_388' title='bbox 1077 3857 1245 3914; x_wconf 88' lang='lat' dir='ltr'>cibis.</span> <span class='ocrx_word' id='word_1_389' title='bbox 1305 3881 1333 3909; x_wconf 87' lang='grc'><strong>››</strong></span> <span class='ocrx_word' id='word_1_390' title='bbox 1387 3859 1591 3931; x_wconf 89' lang='lat' dir='ltr'>(Idem,</span> <span class='ocrx_word' id='word_1_391' title='bbox 1641 3859 1810 3931; x_wconf 90' lang='lat' dir='ltr'>epist.</span> <span class='ocrx_word' id='word_1_392' title='bbox 1842 3861 1897 3931; x_wconf 86' lang='lat'>2,</span> 
     </span>
    </p>
   </div>
   <div class='ocr_carea' id='block_1_57' title="bbox 245 3940 1897 4019">
    <p class='ocr_par' dir='ltr' id='par_1_57' title="bbox 245 3940 1897 4019">
     <span class='ocr_line' id='line_1_57' title="bbox 245 3940 1897 4019; baseline 0.006 -25"><span class='ocrx_word' id='word_1_393' title='bbox 245 3940 551 4013; x_wconf 84' lang='lat' dir='ltr'>Eucratio).</span> <span class='ocrx_word' id='word_1_394' title='bbox 584 3948 730 4001; x_wconf 84' lang='lat' dir='ltr'>Eum</span> <span class='ocrx_word' id='word_1_395' title='bbox 760 3946 957 4017; x_wconf 89' lang='lat' dir='ltr'>itaque</span> <span class='ocrx_word' id='word_1_396' title='bbox 988 3947 1047 4002; x_wconf 90' lang='lat' dir='ltr'>in</span> <span class='ocrx_word' id='word_1_397' title='bbox 1081 3948 1340 4019; x_wconf 91' lang='lat' dir='ltr'>modum,</span> <span class='ocrx_word' id='word_1_398' title='bbox 1381 3964 1627 4019; x_wconf 87' lang='lat' dir='ltr'>eamque</span> <span class='ocrx_word' id='word_1_399' title='bbox 1659 3949 1730 4004; x_wconf 92' lang='lat' dir='ltr'>ob</span> <span class='ocrx_word' id='word_1_400' title='bbox 1762 3965 1897 4004; x_wconf 92' lang='lat' dir='ltr'>cau-</span> 
     </span>
    </p>
   </div>
   <div class='ocr_carea' id='block_1_58' title="bbox 246 4034 1898 4109">
    <p class='ocr_par' dir='ltr' id='par_1_58' title="bbox 246 4034 1898 4109">
     <span class='ocr_line' id='line_1_58' title="bbox 246 4034 1898 4109; baseline 0.006 -25"><span class='ocrx_word' id='word_1_401' title='bbox 246 4045 382 4085; x_wconf 86' lang='lat' dir='ltr'>sam</span> <span class='ocrx_word' id='word_1_402' title='bbox 416 4034 663 4103; x_wconf 89' lang='lat' dir='ltr'>pecunia</span> <span class='ocrx_word' id='word_1_403' title='bbox 693 4034 751 4090; x_wconf 94' lang='lat' dir='ltr'>in</span> <span class='ocrx_word' id='word_1_404' title='bbox 786 4036 1105 4108; x_wconf 82' lang='lat' dir='ltr'>synaxibus</span> <span class='ocrx_word' id='word_1_405' title='bbox 1137 4037 1352 4105; x_wconf 89' lang='lat' dir='ltr'>oblata,</span> <span class='ocrx_word' id='word_1_406' title='bbox 1387 4042 1443 4093; x_wconf 90' lang='lat' dir='ltr'>et</span> <span class='ocrx_word' id='word_1_407' title='bbox 1474 4038 1627 4109; x_wconf 91' lang='lat' dir='ltr'>apud</span> <span class='ocrx_word' id='word_1_408' title='bbox 1660 4038 1898 4094; x_wconf 90' lang='lat' dir='ltr'>clericos</span> 
     </span>
    </p>
   </div>
   <div class='ocr_carea' id='block_1_59' title="bbox 246 4118 1901 4198">
    <p class='ocr_par' dir='ltr' id='par_1_59' title="bbox 246 4118 1901 4198">
     <span class='ocr_line' id='line_1_59' title="bbox 246 4118 1901 4198; baseline 0.005 -25"><span class='ocrx_word' id='word_1_409' title='bbox 246 4118 539 4191; x_wconf 89' lang='lat' dir='ltr'>deposita,</span> <span class='ocrx_word' id='word_1_410' title='bbox 572 4122 688 4193; x_wconf 90' lang='lat' dir='ltr'>his,</span> <span class='ocrx_word' id='word_1_411' title='bbox 713 4124 813 4195; x_wconf 87' lang='lat' dir='ltr'>qui</span> <span class='ocrx_word' id='word_1_412' title='bbox 846 4125 1131 4181; x_wconf 89' lang='lat' dir='ltr'>nominati</span> <span class='ocrx_word' id='word_1_413' title='bbox 1163 4132 1321 4196; x_wconf 90' lang='lat' dir='ltr'>sunt,</span> <span class='ocrx_word' id='word_1_414' title='bbox 1356 4126 1759 4198; x_wconf 88' lang='lat' dir='ltr'>indigentibus</span> <span class='ocrx_word' id='word_1_415' title='bbox 1778 4128 1901 4183; x_wconf 83' lang='lat' dir='ltr'>dis~</span> 
     </span>
    </p>
   </div>
   <div class='ocr_carea' id='block_1_60' title="bbox 245 4209 643 4269">
    <p class='ocr_par' dir='ltr' id='par_1_60' title="bbox 245 4209 643 4269">
     <span class='ocr_line' id='line_1_60' title="bbox 245 4209 643 4269; baseline 0.015 -6"><span class='ocrx_word' id='word_1_416' title='bbox 245 4209 643 4269; x_wconf 83' lang='lat' dir='ltr'>tribuebatur.</span> 
     </span>
    </p>
   </div>
   <div class='ocr_carea' id='block_1_61' title="bbox 326 4320 1898 4383">
    <p class='ocr_par' dir='ltr' id='par_1_61' title="bbox 326 4320 1898 4383">
     <span class='ocr_line' id='line_1_61' title="bbox 326 4320 1898 4383; baseline 0.004 -10"><span class='ocrx_word' id='word_1_417' title='bbox 326 4320 720 4383; x_wconf 88' lang='lat' dir='ltr'>Quamobrem</span> <span class='ocrx_word' id='word_1_418' title='bbox 776 4323 1175 4381; x_wconf 88' lang='lat' dir='ltr'>Tertullianus</span> <span class='ocrx_word' id='word_1_419' title='bbox 1234 4325 1384 4381; x_wconf 91' lang='lat' dir='ltr'>hanc</span> <span class='ocrx_word' id='word_1_420' title='bbox 1432 4323 1898 4380; x_wconf 87' lang='lat' dir='ltr'>Christianorum</span> 
     </span>
    </p>
   </div>
   <div class='ocr_carea' id='block_1_62' title="bbox 245 4406 1900 4485">
    <p class='ocr_par' dir='ltr' id='par_1_62' title="bbox 245 4406 1900 4485">
     <span class='ocr_line' id='line_1_62' title="bbox 245 4406 1900 4485; baseline 0.005 -24"><span class='ocrx_word' id='word_1_421' title='bbox 245 4406 621 4476; x_wconf 87' lang='lat' dir='ltr'>oharitatem,</span> <span class='ocrx_word' id='word_1_422' title='bbox 648 4428 765 4481; x_wconf 90' lang='lat' dir='ltr'>qua</span> <span class='ocrx_word' id='word_1_423' title='bbox 812 4413 1032 4477; x_wconf 86' lang='lat' dir='ltr'>omnia,</span> <span class='ocrx_word' id='word_1_424' title='bbox 1065 4418 1271 4485; x_wconf 69' lang='lat' dir='ltr'>praeter</span> <span class='ocrx_word' id='word_1_425' title='bbox 1321 4429 1549 4479; x_wconf 84' lang='lat' dir='ltr'>uxores,</span> <span class='ocrx_word' id='word_1_426' title='bbox 1584 4413 1900 4469; x_wconf 87' lang='lat' dir='ltr'>indiscreta</span> 
     </span>
    </p>
   </div>
   <div class='ocr_carea' id='block_1_63' title="bbox 244 4494 1899 4575">
    <p class='ocr_par' dir='ltr' id='par_1_63' title="bbox 244 4494 1899 4575">
     <span class='ocr_line' id='line_1_63' title="bbox 244 4494 1899 4575; baseline 0.005 -25"><span class='ocrx_word' id='word_1_427' title='bbox 244 4494 568 4565; x_wconf 87' lang='lat' dir='ltr'>habebant,</span> <span class='ocrx_word' id='word_1_428' title='bbox 619 4504 848 4556; x_wconf 89' lang='lat' dir='ltr'>tantum</span> <span class='ocrx_word' id='word_1_429' title='bbox 893 4502 1135 4569; x_wconf 82' lang='lat' dir='ltr'>extollit,</span> <span class='ocrx_word' id='word_1_430' title='bbox 1178 4508 1464 4575; x_wconf 89' lang='lat' dir='ltr'>quantum</span> <span class='ocrx_word' id='word_1_431' title='bbox 1513 4502 1573 4556; x_wconf 92' lang='lat' dir='ltr'>in</span> <span class='ocrx_word' id='word_1_432' title='bbox 1632 4502 1899 4559; x_wconf 90' lang='lat' dir='ltr'>ethnicos</span> 
     </span>
    </p>
   </div>
   <div class='ocr_carea' id='block_1_64' title="bbox 2031 1918 3676 1992">
    <p class='ocr_par' dir='ltr' id='par_1_64' title="bbox 2031 1918 3676 1992">
     <span class='ocr_line' id='line_1_64' title="bbox 2031 1918 3676 1992; baseline 0 -19"><span class='ocrx_word' id='word_1_433' title='bbox 2031 1920 2268 1992; x_wconf 90' lang='lat' dir='ltr'>quidem</span> <span class='ocrx_word' id='word_1_434' title='bbox 2318 1921 2451 1977; x_wconf 89' lang='lat' dir='ltr'>illas</span> <span class='ocrx_word' id='word_1_435' title='bbox 2501 1921 2843 1992; x_wconf 88' lang='lat' dir='ltr'>sceleribus,</span> <span class='ocrx_word' id='word_1_436' title='bbox 2875 1921 3154 1975; x_wconf 89' lang='lat' dir='ltr'>nimirum</span> <span class='ocrx_word' id='word_1_437' title='bbox 3190 1920 3411 1973; x_wconf 83' lang='lat' dir='ltr'>infante</span> <span class='ocrx_word' id='word_1_438' title='bbox 3465 1918 3676 1973; x_wconf 87' lang='lat' dir='ltr'>occiso.</span> 
     </span>
    </p>
   </div>
   <div class='ocr_carea' id='block_1_65' title="bbox 2030 2006 3677 2081">
    <p class='ocr_par' dir='ltr' id='par_1_65' title="bbox 2030 2006 3677 2081">
     <span class='ocr_line' id='line_1_65' title="bbox 2030 2006 3677 2081; baseline -0.004 -14"><span class='ocrx_word' id='word_1_439' title='bbox 2030 2029 2097 2067; x_wconf 90' lang='lat' dir='ltr'>ac</span> <span class='ocrx_word' id='word_1_440' title='bbox 2155 2010 2445 2066; x_wconf 88' lang='lat' dir='ltr'>horrendo</span> <span class='ocrx_word' id='word_1_441' title='bbox 2498 2012 2691 2065; x_wconf 89' lang='lat' dir='ltr'>carnis</span> <span class='ocrx_word' id='word_1_442' title='bbox 2744 2012 2873 2080; x_wconf 87' lang='lat' dir='ltr'>ejus</span> <span class='ocrx_word' id='word_1_443' title='bbox 2922 2009 3157 2081; x_wconf 90' lang='lat' dir='ltr'>pabulo,</span> <span class='ocrx_word' id='word_1_444' title='bbox 3220 2013 3277 2063; x_wconf 87' lang='lat' dir='ltr'>et</span> <span class='ocrx_word' id='word_1_445' title='bbox 3332 2006 3677 2078; x_wconf 86' lang='lat' dir='ltr'>turpissimo</span> 
     </span>
    </p>
   </div>
   <div class='ocr_carea' id='block_1_66' title="bbox 2028 2094 3679 2157">
    <p class='ocr_par' dir='ltr' id='par_1_66' title="bbox 2028 2094 3679 2157">
     <span class='ocr_line' id='line_1_66' title="bbox 2028 2094 3679 2157; baseline -0.004 -1"><span class='ocrx_word' id='word_1_446' title='bbox 2028 2102 2255 2157; x_wconf 92' lang='lat' dir='ltr'>incestu</span> <span class='ocrx_word' id='word_1_447' title='bbox 2298 2102 2480 2155; x_wconf 88' lang='lat' dir='ltr'>fuisse</span> <span class='ocrx_word' id='word_1_448' title='bbox 2526 2100 2796 2155; x_wconf 90' lang='lat' dir='ltr'>infames.</span> <span class='ocrx_word' id='word_1_449' title='bbox 2832 2100 2942 2154; x_wconf 79' lang='lat' dir='ltr'>Sed</span> <span class='ocrx_word' id='word_1_450' title='bbox 2988 2103 3171 2154; x_wconf 86' lang='lat' dir='ltr'>totam</span> <span class='ocrx_word' id='word_1_451' title='bbox 3224 2095 3375 2151; x_wconf 83' lang='lat' dir='ltr'>hanc</span> <span class='ocrx_word' id='word_1_452' title='bbox 3425 2094 3679 2151; x_wconf 84' lang='lat' dir='ltr'>falsissi-</span> 
     </span>
    </p>
   </div>
   <div class='ocr_carea' id='block_1_67' title="bbox 2028 2186 3679 2259">
    <p class='ocr_par' dir='ltr' id='par_1_67' title="bbox 2028 2186 3679 2259">
     <span class='ocr_line' id='line_1_67' title="bbox 2028 2186 3679 2259; baseline -0.002 -14"><span class='ocrx_word' id='word_1_453' title='bbox 2028 2208 2187 2245; x_wconf 91' lang='lat' dir='ltr'>mam</span> <span class='ocrx_word' id='word_1_454' title='bbox 2246 2190 2699 2259; x_wconf 88' lang='lat' dir='ltr'>accusationem,</span> <span class='ocrx_word' id='word_1_455' title='bbox 2751 2195 2813 2243; x_wconf 90' lang='lat' dir='ltr'>ut</span> <span class='ocrx_word' id='word_1_456' title='bbox 2870 2188 3023 2243; x_wconf 84' lang='lat' dir='ltr'>infra</span> <span class='ocrx_word' id='word_1_457' title='bbox 3081 2186 3432 2255; x_wconf 90' lang='lat' dir='ltr'>videbimus,</span> <span class='ocrx_word' id='word_1_458' title='bbox 3475 2190 3679 2241; x_wconf 88' lang='lat' dir='ltr'>auctor</span> 
     </span>
    </p>
   </div>
   <div class='ocr_carea' id='block_1_68' title="bbox 2027 2272 3677 2346">
    <p class='ocr_par' dir='ltr' id='par_1_68' title="bbox 2027 2272 3677 2346">
     <span class='ocr_line' id='line_1_68' title="bbox 2027 2272 3677 2346; baseline -0.004 -11"><span class='ocrx_word' id='word_1_459' title='bbox 2027 2285 2229 2335; x_wconf 91' lang='lat' dir='ltr'>noster</span> <span class='ocrx_word' id='word_1_460' title='bbox 2256 2279 2523 2333; x_wconf 79' lang='lat' dir='ltr'>funditus</span> <span class='ocrx_word' id='word_1_461' title='bbox 2572 2278 2795 2333; x_wconf 89' lang='lat' dir='ltr'>evertit.</span> <span class='ocrx_word' id='word_1_462' title='bbox 2837 2275 3095 2331; x_wconf 89' lang='lat' dir='ltr'>Alteram</span> <span class='ocrx_word' id='word_1_463' title='bbox 3126 2292 3258 2331; x_wconf 89' lang='lat' dir='ltr'>vero</span> <span class='ocrx_word' id='word_1_464' title='bbox 3292 2272 3677 2346; x_wconf 89' lang='lat' dir='ltr'>prodigalita-</span> 
     </span>
    </p>
   </div>
   <div class='ocr_carea' id='block_1_69' title="bbox 2024 2364 3671 2424">
    <p class='ocr_par' dir='ltr' id='par_1_69' title="bbox 2024 2364 3671 2424">
     <span class='ocr_line' id='line_1_69' title="bbox 2024 2364 3671 2424; baseline -0.004 -1"><span class='ocrx_word' id='word_1_465' title='bbox 2024 2368 2101 2424; x_wconf 89' lang='lat' dir='ltr'>tis</span> <span class='ocrx_word' id='word_1_466' title='bbox 2132 2366 2599 2423; x_wconf 89' lang='lat' dir='ltr'>criminationem</span> <span class='ocrx_word' id='word_1_467' title='bbox 2631 2367 2877 2421; x_wconf 85' lang='lat' dir='ltr'>conterit</span> <span class='ocrx_word' id='word_1_468' title='bbox 2915 2366 3074 2421; x_wconf 88' lang='lat' dir='ltr'>nuda</span> <span class='ocrx_word' id='word_1_469' title='bbox 3104 2382 3170 2421; x_wconf 89' lang='lat' dir='ltr'>ac</span> <span class='ocrx_word' id='word_1_470' title='bbox 3223 2364 3531 2419; x_wconf 88' lang='lat' dir='ltr'>verissima</span> <span class='ocrx_word' id='word_1_471' title='bbox 3559 2380 3671 2418; x_wconf 79' lang='lat' dir='ltr'>ece-</span> 
     </span>
    </p>
   </div>
   <div class='ocr_carea' id='block_1_70' title="bbox 2025 2454 3666 2527">
    <p class='ocr_par' dir='ltr' id='par_1_70' title="bbox 2025 2454 3666 2527">
     <span class='ocr_line' id='line_1_70' title="bbox 2025 2454 3666 2527; baseline -0.003 -15"><span class='ocrx_word' id='word_1_472' title='bbox 2025 2473 2111 2513; x_wconf 67' lang='lat' dir='ltr'>na:</span> <span class='ocrx_word' id='word_1_473' title='bbox 2143 2456 2303 2511; x_wconf 90' lang='lat' dir='ltr'>illius</span> <span class='ocrx_word' id='word_1_474' title='bbox 2334 2455 2709 2527; x_wconf 85' lang='lat' dir='ltr'>expositione.</span> <span class='ocrx_word' id='word_1_475' title='bbox 2746 2456 2891 2510; x_wconf 90' lang='lat' dir='ltr'>Eum</span> <span class='ocrx_word' id='word_1_476' title='bbox 2947 2454 3141 2526; x_wconf 89' lang='lat' dir='ltr'>itaque</span> <span class='ocrx_word' id='word_1_477' title='bbox 3192 2456 3525 2508; x_wconf 88' lang='lat' dir='ltr'>narrantem</span> <span class='ocrx_word' id='word_1_478' title='bbox 3562 2469 3666 2507; x_wconf 90' lang='lat' dir='ltr'>au-</span> 
     </span>
    </p>
   </div>
   <div class='ocr_carea' id='block_1_71' title="bbox 2023 2542 3668 2617">
    <p class='ocr_par' dir='ltr' id='par_1_71' title="bbox 2023 2542 3668 2617">
     <span class='ocr_line' id='line_1_71' title="bbox 2023 2542 3668 2617; baseline -0.004 -14"><span class='ocrx_word' id='word_1_479' title='bbox 2023 2547 2168 2615; x_wconf 91' lang='lat' dir='ltr'>dire,</span> <span class='ocrx_word' id='word_1_480' title='bbox 2201 2552 2257 2603; x_wconf 94' lang='lat' dir='ltr'>et</span> <span class='ocrx_word' id='word_1_481' title='bbox 2286 2547 2413 2617; x_wconf 89' lang='lat' dir='ltr'>ejus</span> <span class='ocrx_word' id='word_1_482' title='bbox 2443 2546 2619 2601; x_wconf 90' lang='lat' dir='ltr'>verba</span> <span class='ocrx_word' id='word_1_483' title='bbox 2668 2544 2972 2600; x_wconf 89' lang='lat' dir='ltr'>nobiscum</span> <span class='ocrx_word' id='word_1_484' title='bbox 3022 2548 3291 2599; x_wconf 89' lang='lat' dir='ltr'>accurate</span> <span class='ocrx_word' id='word_1_485' title='bbox 3336 2542 3668 2598; x_wconf 81' lang='lat' dir='ltr'>examinare</span> 
     </span>
    </p>
   </div>
   <div class='ocr_carea' id='block_1_72' title="bbox 2022 2631 3667 2708">
    <p class='ocr_par' dir='ltr' id='par_1_72' title="bbox 2022 2631 3667 2708">
     <span class='ocr_line' id='line_1_72' title="bbox 2022 2631 3667 2708; baseline -0.004 -16"><span class='ocrx_word' id='word_1_486' title='bbox 2022 2653 2094 2693; x_wconf 92' lang='lat' dir='ltr'>ne</span> <span class='ocrx_word' id='word_1_487' title='bbox 2139 2638 2267 2707; x_wconf 91' lang='lat' dir='ltr'>tibi,</span> <span class='ocrx_word' id='word_1_488' title='bbox 2318 2653 2512 2708; x_wconf 61' lang='lat' dir='ltr'>quaeso</span> <span class='ocrx_word' id='word_1_489' title='bbox 2560 2652 2732 2708; x_wconf 86' lang='lat' dir='ltr'>grave</span> <span class='ocrx_word' id='word_1_490' title='bbox 2763 2634 2858 2690; x_wconf 90' lang='lat' dir='ltr'>sit.</span> <span class='ocrx_word' id='word_1_491' title='bbox 2904 2635 2999 2689; x_wconf 92' lang='lat' dir='ltr'>Sic</span> <span class='ocrx_word' id='word_1_492' title='bbox 3047 2638 3241 2689; x_wconf 90' lang='lat' dir='ltr'>autem</span> <span class='ocrx_word' id='word_1_493' title='bbox 3282 2632 3375 2688; x_wconf 91' lang='lat' dir='ltr'>ille</span> <span class='ocrx_word' id='word_1_494' title='bbox 3423 2650 3436 2688; x_wconf 89' lang='lat'><strong>:</strong></span> <span class='ocrx_word' id='word_1_495' title='bbox 3480 2655 3508 2681; x_wconf 89' lang='grc'>‹‹</span> <span class='ocrx_word' id='word_1_496' title='bbox 3542 2631 3667 2687; x_wconf 72' lang='grc' dir='ltr'>ϐω·</span> 
     </span>
    </p>
   </div>
   <div class='ocr_carea' id='block_1_73' title="bbox 2020 2722 3661 2782">
    <p class='ocr_par' dir='ltr' id='par_1_73' title="bbox 2020 2722 3661 2782">
     <span class='ocr_line' id='line_1_73' title="bbox 2020 2722 3661 2782; baseline -0.002 0"><span class='ocrx_word' id='word_1_497' title='bbox 2020 2742 2097 2782; x_wconf 91' lang='lat' dir='ltr'>na</span> <span class='ocrx_word' id='word_1_498' title='bbox 2127 2733 2328 2781; x_wconf 90' lang='lat' dir='ltr'>nostra</span> <span class='ocrx_word' id='word_1_499' title='bbox 2358 2726 2428 2781; x_wconf 91' lang='lat' dir='ltr'>de</span> <span class='ocrx_word' id='word_1_500' title='bbox 2460 2725 2694 2780; x_wconf 89' lang='lat' dir='ltr'>nomine</span> <span class='ocrx_word' id='word_1_501' title='bbox 2726 2724 3008 2779; x_wconf 90' lang='lat' dir='ltr'>rationem</span> <span class='ocrx_word' id='word_1_502' title='bbox 3040 2724 3191 2780; x_wconf 78' lang='lat'>955</span> <span class='ocrx_word' id='word_1_503' title='bbox 3228 2723 3319 2778; x_wconf 92' lang='lat' dir='ltr'>sui</span> <span class='ocrx_word' id='word_1_504' title='bbox 3360 2722 3616 2778; x_wconf 89' lang='lat' dir='ltr'>ostendit</span> <span class='ocrx_word' id='word_1_505' title='bbox 3647 2736 3661 2778; x_wconf 89' lang='lat'>:</span> 
     </span>
    </p>
   </div>
   <div class='ocr_carea' id='block_1_74' title="bbox 2016 2811 3666 2886">
    <p class='ocr_par' dir='ltr' id='par_1_74' title="bbox 2016 2811 3666 2886">
     <span class='ocr_line' id='line_1_74' title="bbox 2016 2811 3666 2886; baseline -0.004 -15"><span class='ocrx_word' id='word_1_506' title='bbox 2016 2814 2076 2871; x_wconf 92' lang='lat' dir='ltr'>id</span> <span class='ocrx_word' id='word_1_507' title='bbox 2104 2821 2360 2886; x_wconf 87' lang='lat' dir='ltr'>vocatur,</span> <span class='ocrx_word' id='word_1_508' title='bbox 2395 2815 2550 2886; x_wconf 90' lang='lat' dir='ltr'>quod</span> <span class='ocrx_word' id='word_1_509' title='bbox 2602 2813 2832 2869; x_wconf 89' lang='lat' dir='ltr'>dilectio</span> <span class='ocrx_word' id='word_1_510' title='bbox 2878 2830 3052 2885; x_wconf 90' lang='lat' dir='ltr'>penes</span> <span class='ocrx_word' id='word_1_511' title='bbox 3099 2816 3327 2868; x_wconf 61' lang='lat' dir='ltr'>Gracos</span> <span class='ocrx_word' id='word_1_512' title='bbox 3356 2828 3369 2867; x_wconf 88' lang='lat'><strong>:</strong></span> <span class='ocrx_word' id='word_1_513' title='bbox 3405 2835 3433 2861; x_wconf 86' lang='lat'>»</span> <span class='ocrx_word' id='word_1_514' title='bbox 3464 2811 3525 2865; x_wconf 91' lang='lat' dir='ltr'>in</span> <span class='ocrx_word' id='word_1_515' title='bbox 3558 2828 3666 2866; x_wconf 89' lang='lat' dir='ltr'>an-</span> 
     </span>
    </p>
   </div>
   <div class='ocr_carea' id='block_1_75' title="bbox 2017 2898 3664 2976">
    <p class='ocr_par' dir='ltr' id='par_1_75' title="bbox 2017 2898 3664 2976">
     <span class='ocr_line' id='line_1_75' title="bbox 2017 2898 3664 2976; baseline -0.004 -16"><span class='ocrx_word' id='word_1_516' title='bbox 2017 2904 2200 2975; x_wconf 90' lang='lat' dir='ltr'>tiquis</span> <span class='ocrx_word' id='word_1_517' title='bbox 2249 2904 2605 2959; x_wconf 86' lang='lat' dir='ltr'>editionibus</span> <span class='ocrx_word' id='word_1_518' title='bbox 2645 2907 2869 2959; x_wconf 87' lang='lat' dir='ltr'>vocatur</span> <span class='ocrx_word' id='word_1_519' title='bbox 2915 2900 3119 2976; x_wconf 77' lang='grc' dir='ltr'>ἆγάπη,</span> <span class='ocrx_word' id='word_1_520' title='bbox 3172 2902 3228 2957; x_wconf 86' lang='lat' dir='ltr'>id</span> <span class='ocrx_word' id='word_1_521' title='bbox 3256 2900 3396 2973; x_wconf 85' lang='lat' dir='ltr'>quod</span> <span class='ocrx_word' id='word_1_522' title='bbox 3441 2898 3664 2955; x_wconf 73' lang='lat' dir='ltr'>dileczio</span> 
     </span>
    </p>
   </div>
   <div class='ocr_carea' id='block_1_76' title="bbox 2014 2990 3663 3064">
    <p class='ocr_par' dir='ltr' id='par_1_76' title="bbox 2014 2990 3663 3064">
     <span class='ocr_line' id='line_1_76' title="bbox 2014 2990 3663 3064; baseline -0.004 -15"><span class='ocrx_word' id='word_1_523' title='bbox 2014 2994 2161 3064; x_wconf 86' lang='lat' dir='ltr'>apud</span> <span class='ocrx_word' id='word_1_524' title='bbox 2194 2993 2403 3049; x_wconf 70' lang='lat' dir='ltr'>Graecos</span> <span class='ocrx_word' id='word_1_525' title='bbox 2437 2998 2521 3047; x_wconf 85' lang='lat' dir='ltr'>est</span> <span class='ocrx_word' id='word_1_526' title='bbox 2558 2991 2824 3059; x_wconf 73' lang='lat' dir='ltr'>(Tertull.</span> <span class='ocrx_word' id='word_1_527' title='bbox 2876 2993 3151 3063; x_wconf 79' lang='lat' dir='ltr'>Apologet.</span> <span class='ocrx_word' id='word_1_528' title='bbox 3207 3006 3337 3061; x_wconf 89' lang='lat' dir='ltr'>cap.</span> <span class='ocrx_word' id='word_1_529' title='bbox 3384 2990 3474 3059; x_wconf 88' lang='lat'>39,</span> <span class='ocrx_word' id='word_1_530' title='bbox 3527 3004 3663 3060; x_wconf 88' lang='lat' dir='ltr'>pag.</span> 
     </span>
    </p>
   </div>
   <div class='ocr_carea' id='block_1_77' title="bbox 2014 3077 3662 3153">
    <p class='ocr_par' dir='ltr' id='par_1_77' title="bbox 2014 3077 3662 3153">
     <span class='ocr_line' id='line_1_77' title="bbox 2014 3077 3662 3153; baseline -0.002 -16"><span class='ocrx_word' id='word_1_531' title='bbox 2014 3084 2161 3153; x_wconf 77' lang='grc'>473).</span> <span class='ocrx_word' id='word_1_532' title='bbox 2191 3082 2489 3152; x_wconf 90' lang='lat' dir='ltr'>Numquid</span> <span class='ocrx_word' id='word_1_533' title='bbox 2521 3097 2659 3151; x_wconf 89' lang='lat' dir='ltr'>ergo</span> <span class='ocrx_word' id='word_1_534' title='bbox 2690 3081 2784 3135; x_wconf 91' lang='lat' dir='ltr'>his</span> <span class='ocrx_word' id='word_1_535' title='bbox 2823 3080 3180 3136; x_wconf 87' lang='lat' dir='ltr'>editionibus</span> <span class='ocrx_word' id='word_1_536' title='bbox 3211 3078 3463 3151; x_wconf 72' lang='lat' dir='ltr'>praefecti</span> <span class='ocrx_word' id='word_1_537' title='bbox 3510 3077 3662 3133; x_wconf 89' lang='lat' dir='ltr'>hanc</span> 
     </span>
    </p>
   </div>
   <div class='ocr_carea' id='block_1_78' title="bbox 1934 3167 3660 3260">
    <p class='ocr_par' dir='ltr' id='par_1_78' title="bbox 1934 3167 3660 3260">
     <span class='ocr_line' id='line_1_78' title="bbox 1934 3167 3660 3260; baseline -0.003 -34"><span class='ocrx_word' id='word_1_538' title='bbox 1934 3194 1977 3260; x_wconf 65' lang='grc' dir='ltr'>α</span> <span class='ocrx_word' id='word_1_539' title='bbox 2016 3171 2272 3227; x_wconf 60' lang='lat' dir='ltr'>Grecam</span> <span class='ocrx_word' id='word_1_540' title='bbox 2304 3187 2503 3225; x_wconf 89' lang='lat' dir='ltr'>vocem</span> <span class='ocrx_word' id='word_1_541' title='bbox 2537 3170 2833 3238; x_wconf 90' lang='lat' dir='ltr'>addidere,</span> <span class='ocrx_word' id='word_1_542' title='bbox 2868 3186 3047 3240; x_wconf 84' lang='lat' dir='ltr'>quam</span> <span class='ocrx_word' id='word_1_543' title='bbox 3097 3168 3289 3225; x_wconf 68' lang='lat' dir='ltr'>Graece</span> <span class='ocrx_word' id='word_1_544' title='bbox 3333 3167 3660 3223; x_wconf 87' lang='lat' dir='ltr'>nescientes</span> 
     </span>
    </p>
   </div>
   <div class='ocr_carea' id='block_1_79' title="bbox 2013 3254 3659 3314">
    <p class='ocr_par' dir='ltr' id='par_1_79' title="bbox 2013 3254 3659 3314">
     <span class='ocr_line' id='line_1_79' title="bbox 2013 3254 3659 3314; baseline -0.002 -1"><span class='ocrx_word' id='word_1_545' title='bbox 2013 3258 2240 3314; x_wconf 89' lang='lat' dir='ltr'>librarii</span> <span class='ocrx_word' id='word_1_546' title='bbox 2279 3259 2531 3314; x_wconf 87' lang='lat' dir='ltr'>scribere</span> <span class='ocrx_word' id='word_1_547' title='bbox 2589 3257 2716 3313; x_wconf 87' lang='lat' dir='ltr'>ausi</span> <span class='ocrx_word' id='word_1_548' title='bbox 2749 3275 2864 3312; x_wconf 94' lang='lat' dir='ltr'>non</span> <span class='ocrx_word' id='word_1_549' title='bbox 2898 3257 3083 3313; x_wconf 85' lang='lat' dir='ltr'>sunt?</span> <span class='ocrx_word' id='word_1_550' title='bbox 3111 3258 3238 3313; x_wconf 86' lang='lat' dir='ltr'>Alio</span> <span class='ocrx_word' id='word_1_551' title='bbox 3272 3263 3464 3312; x_wconf 89' lang='lat' dir='ltr'>tamen</span> <span class='ocrx_word' id='word_1_552' title='bbox 3496 3256 3557 3310; x_wconf 93' lang='lat' dir='ltr'>in</span> <span class='ocrx_word' id='word_1_553' title='bbox 3588 3254 3659 3310; x_wconf 91' lang='lat' dir='ltr'>li-</span> 
     </span>
    </p>
   </div>
   <div class='ocr_carea' id='block_1_80' title="bbox 2010 3344 3657 3419">
    <p class='ocr_par' dir='ltr' id='par_1_80' title="bbox 2010 3344 3657 3419">
     <span class='ocr_line' id='line_1_80' title="bbox 2010 3344 3657 3419; baseline -0.003 -15"><span class='ocrx_word' id='word_1_554' title='bbox 2010 3349 2114 3404; x_wconf 93' lang='lat' dir='ltr'>bro</span> <span class='ocrx_word' id='word_1_555' title='bbox 2146 3348 2363 3419; x_wconf 92' lang='lat' dir='ltr'>scripta</span> <span class='ocrx_word' id='word_1_556' title='bbox 2394 3348 2595 3402; x_wconf 89' lang='lat' dir='ltr'>Latine</span> <span class='ocrx_word' id='word_1_557' title='bbox 2626 3347 2943 3414; x_wconf 88' lang='lat' dir='ltr'>invenitur,</span> <span class='ocrx_word' id='word_1_558' title='bbox 2975 3348 3076 3401; x_wconf 91' lang='lat' dir='ltr'>ubi</span> <span class='ocrx_word' id='word_1_559' title='bbox 3109 3347 3232 3417; x_wconf 88' lang='lat' dir='ltr'>ipse</span> <span class='ocrx_word' id='word_1_560' title='bbox 3260 3344 3657 3400; x_wconf 90' lang='lat' dir='ltr'>Tertullianus</span> 
     </span>
    </p>
   </div>
   <div class='ocr_carea' id='block_1_81' title="bbox 2011 3433 3651 3509">
    <p class='ocr_par' dir='ltr' id='par_1_81' title="bbox 2011 3433 3651 3509">
     <span class='ocr_line' id='line_1_81' title="bbox 2011 3433 3651 3509; baseline -0.002 -16"><span class='ocrx_word' id='word_1_561' title='bbox 2011 3439 2081 3493; x_wconf 91' lang='lat' dir='ltr'>de</span> <span class='ocrx_word' id='word_1_562' title='bbox 2133 3437 2493 3509; x_wconf 80' lang='lat' dir='ltr'>martyribus</span> <span class='ocrx_word' id='word_1_563' title='bbox 2552 3437 2610 3491; x_wconf 92' lang='lat' dir='ltr'>in</span> <span class='ocrx_word' id='word_1_564' title='bbox 2670 3452 2961 3492; x_wconf 89' lang='lat' dir='ltr'>carcerem</span> <span class='ocrx_word' id='word_1_565' title='bbox 3020 3435 3217 3490; x_wconf 89' lang='lat' dir='ltr'>missis</span> <span class='ocrx_word' id='word_1_566' title='bbox 3249 3434 3371 3489; x_wconf 70' lang='lat' dir='ltr'>haec</span> <span class='ocrx_word' id='word_1_567' title='bbox 3401 3433 3651 3490; x_wconf 89' lang='lat' dir='ltr'>scribit:</span> 
     </span>
    </p>
   </div>
   <div class='ocr_carea' id='block_1_82' title="bbox 2009 3524 3651 3597">
    <p class='ocr_par' dir='ltr' id='par_1_82' title="bbox 2009 3524 3651 3597">
     <span class='ocr_line' id='line_1_82' title="bbox 2009 3524 3651 3597; baseline 0 -20"><span class='ocrx_word' id='word_1_568' title='bbox 2009 3550 2038 3577; x_wconf 75' lang='grc' dir='ltr'>(ς</span> <span class='ocrx_word' id='word_1_569' title='bbox 2072 3527 2205 3590; x_wconf 69' lang='lat' dir='ltr'>Quae</span> <span class='ocrx_word' id='word_1_570' title='bbox 2254 3527 2421 3597; x_wconf 88' lang='lat' dir='ltr'>justa</span> <span class='ocrx_word' id='word_1_571' title='bbox 2472 3528 2611 3580; x_wconf 84' lang='lat' dir='ltr'>sunt</span> <span class='ocrx_word' id='word_1_572' title='bbox 2666 3542 2797 3581; x_wconf 89' lang='lat' dir='ltr'>caro</span> <span class='ocrx_word' id='word_1_573' title='bbox 2856 3541 2972 3579; x_wconf 91' lang='lat' dir='ltr'>non</span> <span class='ocrx_word' id='word_1_574' title='bbox 3029 3524 3265 3590; x_wconf 89' lang='lat' dir='ltr'>amittit,</span> <span class='ocrx_word' id='word_1_575' title='bbox 3295 3540 3397 3594; x_wconf 90' lang='lat' dir='ltr'>per</span> <span class='ocrx_word' id='word_1_576' title='bbox 3449 3540 3651 3578; x_wconf 91' lang='lat' dir='ltr'>curam</span> 
     </span>
    </p>
   </div>
   <div class='ocr_carea' id='block_1_83' title="bbox 2008 3611 3651 3686">
    <p class='ocr_par' dir='ltr' id='par_1_83' title="bbox 2008 3611 3651 3686">
     <span class='ocr_line' id='line_1_83' title="bbox 2008 3611 3651 3686; baseline -0.003 -14"><span class='ocrx_word' id='word_1_577' title='bbox 2008 3615 2275 3672; x_wconf 65' lang='lat' dir='ltr'>Ecclesiae</span> <span class='ocrx_word' id='word_1_578' title='bbox 2324 3620 2381 3670; x_wconf 89' lang='lat' dir='ltr'>et</span> <span class='ocrx_word' id='word_1_579' title='bbox 2422 3631 2648 3686; x_wconf 89' lang='lat' dir='ltr'>agapen</span> <span class='ocrx_word' id='word_1_580' title='bbox 2702 3613 2947 3669; x_wconf 87' lang='lat' dir='ltr'>fratrum</span> <span class='ocrx_word' id='word_1_581' title='bbox 3000 3636 3028 3663; x_wconf 85' lang='lat'><strong><em>»</em></strong></span> <span class='ocrx_word' id='word_1_582' title='bbox 3076 3613 3282 3685; x_wconf 88' lang='lat' dir='ltr'>(Idem,</span> <span class='ocrx_word' id='word_1_583' title='bbox 3322 3611 3392 3667; x_wconf 87' lang='lat' dir='ltr'>ad</span> <span class='ocrx_word' id='word_1_584' title='bbox 3420 3611 3651 3682; x_wconf 74' lang='lat' dir='ltr'>Martyr.</span> 
     </span>
    </p>
   </div>
   <div class='ocr_carea' id='block_1_84' title="bbox 2009 3699 3655 3775">
    <p class='ocr_par' dir='ltr' id='par_1_84' title="bbox 2009 3699 3655 3775">
     <span class='ocr_line' id='line_1_84' title="bbox 2009 3699 3655 3775; baseline -0.003 -16"><span class='ocrx_word' id='word_1_585' title='bbox 2009 3721 2136 3775; x_wconf 90' lang='lat' dir='ltr'>cap.</span> <span class='ocrx_word' id='word_1_586' title='bbox 2168 3707 2235 3774; x_wconf 86' lang='lat'>2).</span> <span class='ocrx_word' id='word_1_587' title='bbox 2272 3704 2360 3758; x_wconf 92' lang='lat' dir='ltr'>Ibi</span> <span class='ocrx_word' id='word_1_588' title='bbox 2410 3709 2604 3759; x_wconf 84' lang='lat' dir='ltr'>autem</span> <span class='ocrx_word' id='word_1_589' title='bbox 2646 3719 2857 3758; x_wconf 84' lang='lat' dir='ltr'>nomen</span> <span class='ocrx_word' id='word_1_590' title='bbox 2888 3701 3032 3757; x_wconf 90' lang='lat' dir='ltr'>illud</span> <span class='ocrx_word' id='word_1_591' title='bbox 3068 3720 3175 3757; x_wconf 89' lang='lat' dir='ltr'>sua</span> <span class='ocrx_word' id='word_1_592' title='bbox 3210 3701 3443 3774; x_wconf 87' lang='lat' dir='ltr'>prepria</span> <span class='ocrx_word' id='word_1_593' title='bbox 3472 3699 3655 3772; x_wconf 88' lang='lat' dir='ltr'>signi-</span> 
     </span>
    </p>
   </div>
   <div class='ocr_carea' id='block_1_85' title="bbox 2008 3790 3656 3865">
    <p class='ocr_par' dir='ltr' id='par_1_85' title="bbox 2008 3790 3656 3865">
     <span class='ocr_line' id='line_1_85' title="bbox 2008 3790 3656 3865; baseline -0.002 -17"><span class='ocrx_word' id='word_1_594' title='bbox 2008 3792 2277 3849; x_wconf 87' lang='lat' dir='ltr'>ﬁcatione</span> <span class='ocrx_word' id='word_1_595' title='bbox 2316 3810 2419 3865; x_wconf 89' lang='lat' dir='ltr'>pro</span> <span class='ocrx_word' id='word_1_596' title='bbox 2471 3792 2754 3847; x_wconf 86' lang='lat' dir='ltr'>charitate</span> <span class='ocrx_word' id='word_1_597' title='bbox 2798 3797 2855 3847; x_wconf 87' lang='lat' dir='ltr'>et</span> <span class='ocrx_word' id='word_1_598' title='bbox 2902 3792 3211 3847; x_wconf 90' lang='lat' dir='ltr'>dilectione</span> <span class='ocrx_word' id='word_1_599' title='bbox 3242 3790 3545 3862; x_wconf 89' lang='lat' dir='ltr'>accipitur.</span> <span class='ocrx_word' id='word_1_600' title='bbox 3578 3790 3656 3845; x_wconf 89' lang='lat' dir='ltr'>Eo</span> 
     </span>
    </p>
   </div>
   <div class='ocr_carea' id='block_1_86' title="bbox 2006 3878 3660 3952">
    <p class='ocr_par' dir='ltr' id='par_1_86' title="bbox 2006 3878 3660 3952">
     <span class='ocr_line' id='line_1_86' title="bbox 2006 3878 3660 3952; baseline -0.003 -14"><span class='ocrx_word' id='word_1_601' title='bbox 2006 3888 2205 3938; x_wconf 87' lang='lat' dir='ltr'>tamen</span> <span class='ocrx_word' id='word_1_602' title='bbox 2239 3881 2474 3937; x_wconf 86' lang='lat' dir='ltr'>nomine</span> <span class='ocrx_word' id='word_1_603' title='bbox 2504 3881 2563 3935; x_wconf 94' lang='lat' dir='ltr'>in</span> <span class='ocrx_word' id='word_1_604' title='bbox 2604 3882 2731 3952; x_wconf 88' lang='lat' dir='ltr'>ejus</span> <span class='ocrx_word' id='word_1_605' title='bbox 2763 3878 3137 3951; x_wconf 80' lang='lat' dir='ltr'>Apologetico,</span> <span class='ocrx_word' id='word_1_606' title='bbox 3170 3880 3256 3935; x_wconf 90' lang='lat' dir='ltr'>uti</span> <span class='ocrx_word' id='word_1_607' title='bbox 3305 3881 3376 3935; x_wconf 90' lang='lat' dir='ltr'>ab</span> <span class='ocrx_word' id='word_1_608' title='bbox 3410 3878 3660 3951; x_wconf 88' lang='lat' dir='ltr'>Origene</span> 
     </span>
    </p>
   </div>
   <div class='ocr_carea' id='block_1_87' title="bbox 2009 3967 3659 4042">
    <p class='ocr_par' dir='ltr' id='par_1_87' title="bbox 2009 3967 3659 4042">
     <span class='ocr_line' id='line_1_87' title="bbox 2009 3967 3659 4042; baseline -0.004 -15"><span class='ocrx_word' id='word_1_609' title='bbox 2009 3972 2259 4042; x_wconf 82' lang='lat' dir='ltr'>(Origen.</span> <span class='ocrx_word' id='word_1_610' title='bbox 2298 3970 2441 4037; x_wconf 89' lang='lat' dir='ltr'>lib.;</span> <span class='ocrx_word' id='word_1_611' title='bbox 2499 3980 2672 4025; x_wconf 83' lang='lat' dir='ltr'>contr.</span> <span class='ocrx_word' id='word_1_612' title='bbox 2728 3969 2919 4039; x_wconf 64' lang='grc' dir='ltr'>ϐαι),</span> <span class='ocrx_word' id='word_1_613' title='bbox 2970 3986 3003 4023; x_wconf 93' lang='lat' dir='ltr'>a</span> <span class='ocrx_word' id='word_1_614' title='bbox 3060 3968 3227 4023; x_wconf 91' lang='lat' dir='ltr'>nobis</span> <span class='ocrx_word' id='word_1_615' title='bbox 3286 3967 3425 4023; x_wconf 88' lang='lat' dir='ltr'>alibi</span> <span class='ocrx_word' id='word_1_616' title='bbox 3484 3967 3659 4022; x_wconf 90' lang='lat' dir='ltr'>citato</span> 
     </span>
    </p>
   </div>
   <div class='ocr_carea' id='block_1_88' title="bbox 2008 4056 3657 4131">
    <p class='ocr_par' dir='ltr' id='par_1_88' title="bbox 2008 4056 3657 4131">
     <span class='ocr_line' id='line_1_88' title="bbox 2008 4056 3657 4131; baseline -0.004 -16"><span class='ocrx_word' id='word_1_617' title='bbox 2008 4062 2172 4131; x_wconf 89' lang='lat' dir='ltr'>(tom.</span> <span class='ocrx_word' id='word_1_618' title='bbox 2205 4064 2229 4113; x_wconf 95' lang='grc' dir='ltr'><strong>Ι</strong></span> <span class='ocrx_word' id='word_1_619' title='bbox 2258 4060 2361 4130; x_wconf 72' lang='lat' dir='ltr'>Ap}</span> <span class='ocrx_word' id='word_1_620' title='bbox 2380 4065 2531 4115; x_wconf 83' lang='lat' dir='ltr'>arat.</span> <span class='ocrx_word' id='word_1_621' title='bbox 2565 4074 2695 4130; x_wconf 88' lang='lat' dir='ltr'>pag.</span> <span class='ocrx_word' id='word_1_622' title='bbox 2728 4059 2877 4129; x_wconf 81' lang='lat'>715),</span> <span class='ocrx_word' id='word_1_623' title='bbox 2911 4062 3151 4112; x_wconf 91' lang='lat' dir='ltr'>vocatur</span> <span class='ocrx_word' id='word_1_624' title='bbox 3194 4056 3657 4113; x_wconf 89' lang='lat' dir='ltr'>Christianorum</span> 
     </span>
    </p>
   </div>
   <div class='ocr_carea' id='block_1_89' title="bbox 2008 4144 3660 4219">
    <p class='ocr_par' dir='ltr' id='par_1_89' title="bbox 2008 4144 3660 4219">
     <span class='ocr_line' id='line_1_89' title="bbox 2008 4144 3660 4219; baseline -0.005 -14"><span class='ocrx_word' id='word_1_625' title='bbox 2008 4165 2191 4216; x_wconf 75' lang='lat'>003118,</span> <span class='ocrx_word' id='word_1_626' title='bbox 2233 4148 2294 4203; x_wconf 93' lang='lat' dir='ltr'>in</span> <span class='ocrx_word' id='word_1_627' title='bbox 2325 4165 2441 4219; x_wconf 90' lang='lat' dir='ltr'>qua</span> <span class='ocrx_word' id='word_1_628' title='bbox 2490 4148 2779 4219; x_wconf 75' lang='lat' dir='ltr'>praecipue</span> <span class='ocrx_word' id='word_1_629' title='bbox 2838 4146 3134 4201; x_wconf 88' lang='lat' dir='ltr'>eminebat</span> <span class='ocrx_word' id='word_1_630' title='bbox 3164 4144 3401 4201; x_wconf 90' lang='lat' dir='ltr'>illorum</span> <span class='ocrx_word' id='word_1_631' title='bbox 3452 4149 3660 4198; x_wconf 90' lang='lat' dir='ltr'>mutua</span> 
     </span>
    </p>
   </div>
   <div class='ocr_carea' id='block_1_90' title="bbox 2008 4235 2625 4293">
    <p class='ocr_par' dir='ltr' id='par_1_90' title="bbox 2008 4235 2625 4293">
     <span class='ocr_line' id='line_1_90' title="bbox 2008 4235 2625 4293; baseline -0.005 0"><span class='ocrx_word' id='word_1_632' title='bbox 2008 4237 2238 4293; x_wconf 91' lang='lat' dir='ltr'>dilectio</span> <span class='ocrx_word' id='word_1_633' title='bbox 2264 4240 2321 4291; x_wconf 91' lang='lat' dir='ltr'>et</span> <span class='ocrx_word' id='word_1_634' title='bbox 2352 4235 2625 4291; x_wconf 90' lang='lat' dir='ltr'>charitas.</span> 
     </span>
    </p>
   </div>
   <div class='ocr_carea' id='block_1_91' title="bbox 2080 4321 3657 4397">
    <p class='ocr_par' dir='ltr' id='par_1_91' title="bbox 2080 4321 3657 4397">
     <span class='ocr_line' id='line_1_91' title="bbox 2080 4321 3657 4397; baseline -0.003 -17"><span class='ocrx_word' id='word_1_635' title='bbox 2080 4326 2185 4381; x_wconf 88' lang='lat' dir='ltr'>llla</span> <span class='ocrx_word' id='word_1_636' title='bbox 2213 4325 2417 4397; x_wconf 89' lang='lat' dir='ltr'>igitur,</span> <span class='ocrx_word' id='word_1_637' title='bbox 2447 4325 2506 4379; x_wconf 93' lang='lat' dir='ltr'>in</span> <span class='ocrx_word' id='word_1_638' title='bbox 2558 4323 2805 4395; x_wconf 86' lang='lat' dir='ltr'>hujusce</span> <span class='ocrx_word' id='word_1_639' title='bbox 2854 4324 3071 4379; x_wconf 92' lang='lat' dir='ltr'>amoris</span> <span class='ocrx_word' id='word_1_640' title='bbox 3104 4321 3318 4395; x_wconf 90' lang='lat' dir='ltr'>pignus</span> <span class='ocrx_word' id='word_1_641' title='bbox 3349 4321 3506 4390; x_wconf 89' lang='lat' dir='ltr'>data,</span> <span class='ocrx_word' id='word_1_642' title='bbox 3541 4337 3657 4377; x_wconf 90' lang='lat' dir='ltr'>non</span> 
     </span>
    </p>
   </div>
   <div class='ocr_carea' id='block_1_92' title="bbox 2008 4410 3657 4488">
    <p class='ocr_par' dir='ltr' id='par_1_92' title="bbox 2008 4410 3657 4488">
     <span class='ocr_line' id='line_1_92' title="bbox 2008 4410 3657 4488; baseline -0.004 -17"><span class='ocrx_word' id='word_1_643' title='bbox 2008 4419 2236 4488; x_wconf 90' lang='lat' dir='ltr'>poterat</span> <span class='ocrx_word' id='word_1_644' title='bbox 2269 4415 2469 4485; x_wconf 87' lang='lat' dir='ltr'>utique</span> <span class='ocrx_word' id='word_1_645' title='bbox 2499 4411 2790 4468; x_wconf 89' lang='lat' dir='ltr'>dissoluta</span> <span class='ocrx_word' id='word_1_646' title='bbox 2819 4428 2947 4467; x_wconf 89' lang='lat' dir='ltr'>esse</span> <span class='ocrx_word' id='word_1_647' title='bbox 2978 4416 3034 4466; x_wconf 90' lang='lat' dir='ltr'>et</span> <span class='ocrx_word' id='word_1_648' title='bbox 3065 4410 3327 4482; x_wconf 90' lang='lat' dir='ltr'>prodiga.</span> <span class='ocrx_word' id='word_1_649' title='bbox 3355 4412 3425 4464; x_wconf 83' lang='lat' dir='ltr'>At</span> <span class='ocrx_word' id='word_1_650' title='bbox 3454 4426 3657 4480; x_wconf 85' lang='lat' dir='ltr'>quam-</span> 
     </span>
    </p>
   </div>
   <div class='ocr_carea' id='block_1_93' title="bbox 2008 4499 3658 4575">
    <p class='ocr_par' dir='ltr' id='par_1_93' title="bbox 2008 4499 3658 4575">
     <span class='ocr_line' id='line_1_93' title="bbox 2008 4499 3658 4575; baseline -0.005 -15"><span class='ocrx_word' id='word_1_651' title='bbox 2008 4505 2097 4560; x_wconf 91' lang='lat' dir='ltr'>vis</span> <span class='ocrx_word' id='word_1_652' title='bbox 2126 4504 2185 4559; x_wconf 93' lang='lat' dir='ltr'>in</span> <span class='ocrx_word' id='word_1_653' title='bbox 2219 4504 2317 4559; x_wconf 91' lang='lat' dir='ltr'>illa</span> <span class='ocrx_word' id='word_1_654' title='bbox 2347 4502 2568 4575; x_wconf 91' lang='lat' dir='ltr'>aliquid</span> <span class='ocrx_word' id='word_1_655' title='bbox 2604 4503 2813 4557; x_wconf 82' lang='lat' dir='ltr'>fuisset</span> <span class='ocrx_word' id='word_1_656' title='bbox 2863 4500 3033 4556; x_wconf 75' lang='lat' dir='ltr'>effusi</span> <span class='ocrx_word' id='word_1_657' title='bbox 3080 4505 3256 4570; x_wconf 89' lang='lat' dir='ltr'>atque</span> <span class='ocrx_word' id='word_1_658' title='bbox 3303 4499 3658 4569; x_wconf 89' lang='lat' dir='ltr'>sumptuosi,</span> 
     </span>
    </p>
   </div>
   <div class='ocr_carea' id='block_1_94' title="bbox 245 4568 3658 4662">
    <p class='ocr_par' dir='ltr' id='par_1_94' title="bbox 245 4568 3658 4662">
     <span class='ocr_line' id='line_1_94' title="bbox 245 4568 3658 4662; baseline 0.001 -23"><span class='ocrx_word' id='word_1_659' title='bbox 245 4600 405 4651; x_wconf 88' lang='lat' dir='ltr'>eam,</span> <span class='ocrx_word' id='word_1_660' title='bbox 438 4592 503 4641; x_wconf 92' lang='lat' dir='ltr'>ut</span> <span class='ocrx_word' id='word_1_661' title='bbox 550 4605 729 4661; x_wconf 89' lang='lat' dir='ltr'>supra</span> <span class='ocrx_word' id='word_1_662' title='bbox 786 4568 1451 4662; x_wconf 41' lang='lat' dir='ltr'>ostendimus-avaritia</span> <span class='ocrx_word' id='word_1_663' title='bbox 1496 4596 1549 4645; x_wconf 91' lang='lat' dir='ltr'>et</span> <span class='ocrx_word' id='word_1_664' title='bbox 1584 4590 1901 4662; x_wconf 88' lang='lat' dir='ltr'>cupiditate</span> <span class='ocrx_word' id='word_1_665' title='bbox 1930 4568 1979 4631; x_wconf 79' lang='lat' dir='ltr'><strong>D</strong></span> <span class='ocrx_word' id='word_1_666' title='bbox 2011 4610 2125 4648; x_wconf 91' lang='lat' dir='ltr'>non</span> <span class='ocrx_word' id='word_1_667' title='bbox 2166 4594 2293 4648; x_wconf 90' lang='lat' dir='ltr'>ideo</span> <span class='ocrx_word' id='word_1_668' title='bbox 2343 4568 2541 4647; x_wconf 77' lang='lat' dir='ltr'>tamen</span> <span class='ocrx_word' id='word_1_669' title='bbox 2603 4593 2674 4646; x_wconf 89' lang='lat' dir='ltr'>ab</span> <span class='ocrx_word' id='word_1_670' title='bbox 2733 4590 2983 4645; x_wconf 88' lang='lat' dir='ltr'>ethnicis</span> <span class='ocrx_word' id='word_1_671' title='bbox 3038 4568 3358 4659; x_wconf 79' lang='lat' dir='ltr'>vituperari</span> <span class='ocrx_word' id='word_1_672' title='bbox 3388 4568 3658 4643; x_wconf 83' lang='lat' dir='ltr'>debebat.</span> 
     </span>
    </p>
   </div>
   <div class='ocr_carea' id='block_1_95' title="bbox 243 4675 1895 4751">
    <p class='ocr_par' dir='ltr' id='par_1_95' title="bbox 243 4675 1895 4751">
     <span class='ocr_line' id='line_1_95' title="bbox 243 4675 1895 4751; baseline 0.004 -22"><span class='ocrx_word' id='word_1_673' title='bbox 243 4675 575 4731; x_wconf 90' lang='lat' dir='ltr'>insatiabili</span> <span class='ocrx_word' id='word_1_674' title='bbox 614 4678 959 4735; x_wconf 87' lang='lat' dir='ltr'>dirimentes</span> <span class='ocrx_word' id='word_1_675' title='bbox 1006 4680 1299 4736; x_wconf 89' lang='lat' dir='ltr'>invehitur</span> <span class='ocrx_word' id='word_1_676' title='bbox 1329 4678 1590 4751; x_wconf 88' lang='lat' dir='ltr'>(Tertull.</span> <span class='ocrx_word' id='word_1_677' title='bbox 1623 4681 1895 4751; x_wconf 82' lang='lat' dir='ltr'>Apologet.</span> 
     </span>
    </p>
   </div>
   <div class='ocr_carea' id='block_1_96' title="bbox 245 4765 1897 4839">
    <p class='ocr_par' dir='ltr' id='par_1_96' title="bbox 245 4765 1897 4839">
     <span class='ocr_line' id='line_1_96' title="bbox 245 4765 1897 4839; baseline 0.004 -22"><span class='ocrx_word' id='word_1_678' title='bbox 245 4779 379 4835; x_wconf 90' lang='lat' dir='ltr'>cap.</span> <span class='ocrx_word' id='word_1_679' title='bbox 414 4765 504 4831; x_wconf 88' lang='lat'>39,</span> <span class='ocrx_word' id='word_1_680' title='bbox 540 4783 670 4838; x_wconf 87' lang='lat' dir='ltr'>pag.</span> <span class='ocrx_word' id='word_1_681' title='bbox 705 4769 852 4839; x_wconf 87' lang='grc'>471).</span> <span class='ocrx_word' id='word_1_682' title='bbox 896 4769 1010 4824; x_wconf 91' lang='lat' dir='ltr'>Nec</span> <span class='ocrx_word' id='word_1_683' title='bbox 1044 4775 1283 4835; x_wconf 90' lang='lat' dir='ltr'>mirum,</span> <span class='ocrx_word' id='word_1_684' title='bbox 1316 4769 1397 4823; x_wconf 90' lang='lat' dir='ltr'>ait</span> <span class='ocrx_word' id='word_1_685' title='bbox 1433 4768 1549 4833; x_wconf 89' lang='lat' dir='ltr'>ille,</span> <span class='ocrx_word' id='word_1_686' title='bbox 1605 4768 1654 4823; x_wconf 89' lang='lat' dir='ltr'>si</span> <span class='ocrx_word' id='word_1_687' title='bbox 1689 4770 1759 4823; x_wconf 88' lang='lat' dir='ltr'>ab</span> <span class='ocrx_word' id='word_1_688' title='bbox 1793 4769 1897 4824; x_wconf 91' lang='lat' dir='ltr'>ho-</span> 
     </span>
    </p>
   </div>
   <div class='ocr_carea' id='block_1_97' title="bbox 246 4852 1896 4929">
    <p class='ocr_par' dir='ltr' id='par_1_97' title="bbox 246 4852 1896 4929">
     <span class='ocr_line' id='line_1_97' title="bbox 246 4852 1896 4929; baseline 0.004 -23"><span class='ocrx_word' id='word_1_689' title='bbox 246 4852 511 4909; x_wconf 87' lang='lat' dir='ltr'>rninibus</span> <span class='ocrx_word' id='word_1_690' title='bbox 543 4856 685 4911; x_wconf 90' lang='lat' dir='ltr'>adeo</span> <span class='ocrx_word' id='word_1_691' title='bbox 718 4857 907 4912; x_wconf 89' lang='lat' dir='ltr'>avaris</span> <span class='ocrx_word' id='word_1_692' title='bbox 950 4875 1056 4913; x_wconf 89' lang='lat' dir='ltr'>nec</span> <span class='ocrx_word' id='word_1_693' title='bbox 1097 4858 1430 4913; x_wconf 90' lang='lat' dir='ltr'>Christiana</span> <span class='ocrx_word' id='word_1_694' title='bbox 1461 4857 1739 4929; x_wconf 87' lang='lat' dir='ltr'>religione</span> <span class='ocrx_word' id='word_1_695' title='bbox 1782 4859 1896 4912; x_wconf 88' lang='lat' dir='ltr'>im-</span> 
     </span>
    </p>
   </div>
   <div class='ocr_carea' id='block_1_98' title="bbox 244 4940 1897 5017">
    <p class='ocr_par' dir='ltr' id='par_1_98' title="bbox 244 4940 1897 5017">
     <span class='ocr_line' id='line_1_98' title="bbox 244 4940 1897 5017; baseline 0.005 -23"><span class='ocrx_word' id='word_1_696' title='bbox 244 4940 413 4997; x_wconf 87' lang='lat' dir='ltr'>butis</span> <span class='ocrx_word' id='word_1_697' title='bbox 458 4943 813 5000; x_wconf 87' lang='lat' dir='ltr'>conviolatur</span> <span class='ocrx_word' id='word_1_698' title='bbox 855 4948 1010 5002; x_wconf 82' lang='lat' dir='ltr'>tanta</span> <span class='ocrx_word' id='word_1_699' title='bbox 1056 4949 1324 5013; x_wconf 85' lang='lat' dir='ltr'>charitas,</span> <span class='ocrx_word' id='word_1_700' title='bbox 1358 4946 1445 5000; x_wconf 92' lang='lat' dir='ltr'>uti</span> <span class='ocrx_word' id='word_1_701' title='bbox 1494 4945 1554 4999; x_wconf 94' lang='lat' dir='ltr'>in</span> <span class='ocrx_word' id='word_1_702' title='bbox 1604 4945 1897 5017; x_wconf 88' lang='lat' dir='ltr'>antiquio-</span> 
     </span>
    </p>
   </div>
   <div class='ocr_carea' id='block_1_99' title="bbox 246 5026 1896 5106">
    <p class='ocr_par' dir='ltr' id='par_1_99' title="bbox 246 5026 1896 5106">
     <span class='ocr_line' id='line_1_99' title="bbox 246 5026 1896 5106; baseline 0.004 -22"><span class='ocrx_word' id='word_1_703' title='bbox 246 5030 417 5086; x_wconf 89' lang='lat' dir='ltr'>ribus</span> <span class='ocrx_word' id='word_1_704' title='bbox 449 5034 669 5089; x_wconf 88' lang='lat' dir='ltr'>nostris</span> <span class='ocrx_word' id='word_1_705' title='bbox 699 5026 999 5090; x_wconf 87' lang='lat' dir='ltr'>codicibus</span> <span class='ocrx_word' id='word_1_706' title='bbox 1030 5040 1087 5091; x_wconf 88' lang='lat' dir='ltr'>et</span> <span class='ocrx_word' id='word_1_707' title='bbox 1126 5035 1185 5090; x_wconf 92' lang='lat' dir='ltr'>in</span> <span class='ocrx_word' id='word_1_708' title='bbox 1238 5034 1498 5106; x_wconf 86' lang='lat' dir='ltr'>antiquis</span> <span class='ocrx_word' id='word_1_709' title='bbox 1537 5034 1896 5091; x_wconf 90' lang='lat' dir='ltr'>editionibus</span> 
     </span>
    </p>
   </div>
   <div class='ocr_carea' id='block_1_100' title="bbox 247 5120 1893 5197">
    <p class='ocr_par' dir='ltr' id='par_1_100' title="bbox 247 5120 1893 5197">
     <span class='ocr_line' id='line_1_100' title="bbox 247 5120 1893 5197; baseline 0.005 -24"><span class='ocrx_word' id='word_1_710' title='bbox 247 5120 537 5192; x_wconf 86' lang='lat' dir='ltr'>scriptum</span> <span class='ocrx_word' id='word_1_711' title='bbox 561 5126 668 5193; x_wconf 90' lang='lat' dir='ltr'>est,</span> <span class='ocrx_word' id='word_1_712' title='bbox 696 5122 755 5179; x_wconf 91' lang='lat' dir='ltr'>in</span> <span class='ocrx_word' id='word_1_713' title='bbox 780 5128 989 5195; x_wconf 87' lang='lat' dir='ltr'>quarto</span> <span class='ocrx_word' id='word_1_714' title='bbox 1022 5131 1220 5181; x_wconf 88' lang='lat' dir='ltr'>autem</span> <span class='ocrx_word' id='word_1_715' title='bbox 1254 5124 1604 5197; x_wconf 89' lang='lat' dir='ltr'>simpliciter</span> <span class='ocrx_word' id='word_1_716' title='bbox 1634 5126 1893 5197; x_wconf 89' lang='lat' dir='ltr'>violatur,</span> 
     </span>
    </p>
   </div>
   <div class='ocr_carea' id='block_1_101' title="bbox 250 5211 1897 5286">
    <p class='ocr_par' dir='ltr' id='par_1_101' title="bbox 250 5211 1897 5286">
     <span class='ocr_line' id='line_1_101' title="bbox 250 5211 1897 5286; baseline 0.004 -23"><span class='ocrx_word' id='word_1_717' title='bbox 250 5211 353 5264; x_wconf 90' lang='lat' dir='ltr'>sed</span> <span class='ocrx_word' id='word_1_718' title='bbox 408 5212 611 5267; x_wconf 91' lang='lat' dir='ltr'>eodem</span> <span class='ocrx_word' id='word_1_719' title='bbox 653 5228 887 5283; x_wconf 90' lang='lat' dir='ltr'>semper</span> <span class='ocrx_word' id='word_1_720' title='bbox 916 5230 1111 5270; x_wconf 89' lang='lat' dir='ltr'>sensu.</span> <span class='ocrx_word' id='word_1_721' title='bbox 1148 5213 1437 5286; x_wconf 82' lang='lat' dir='ltr'>Rigaltius</span> <span class='ocrx_word' id='word_1_722' title='bbox 1469 5217 1663 5268; x_wconf 85' lang='lat' dir='ltr'>tamen</span> <span class='ocrx_word' id='word_1_723' title='bbox 1696 5219 1897 5270; x_wconf 91' lang='lat' dir='ltr'>contra</span> 
     </span>
    </p>
   </div>
   <div class='ocr_carea' id='block_1_102' title="bbox 250 5299 1892 5376">
    <p class='ocr_par' dir='ltr' id='par_1_102' title="bbox 250 5299 1892 5376">
     <span class='ocr_line' id='line_1_102' title="bbox 250 5299 1892 5376; baseline 0.002 -22"><span class='ocrx_word' id='word_1_724' title='bbox 250 5299 524 5357; x_wconf 88' lang='lat' dir='ltr'>codicum</span> <span class='ocrx_word' id='word_1_725' title='bbox 576 5302 841 5357; x_wconf 90' lang='lat' dir='ltr'>omnium</span> <span class='ocrx_word' id='word_1_726' title='bbox 890 5302 1063 5359; x_wconf 86' lang='lat' dir='ltr'>ﬁdem</span> <span class='ocrx_word' id='word_1_727' title='bbox 1094 5304 1290 5376; x_wconf 92' lang='lat' dir='ltr'>posuit</span> <span class='ocrx_word' id='word_1_728' title='bbox 1319 5303 1662 5372; x_wconf 72' lang='lat' dir='ltr'>conuiuatur,</span> <span class='ocrx_word' id='word_1_729' title='bbox 1696 5304 1751 5357; x_wconf 93' lang='lat' dir='ltr'>id</span> <span class='ocrx_word' id='word_1_730' title='bbox 1788 5309 1892 5374; x_wconf 89' lang='lat' dir='ltr'>sst,</span> 
     </span>
    </p>
   </div>
   <div class='ocr_carea' id='block_1_103' title="bbox 245 5388 1893 5448">
    <p class='ocr_par' dir='ltr' id='par_1_103' title="bbox 245 5388 1893 5448">
     <span class='ocr_line' id='line_1_103' title="bbox 245 5388 1893 5448; baseline 0.003 -6"><span class='ocrx_word' id='word_1_731' title='bbox 245 5388 583 5444; x_wconf 87' lang='lat' dir='ltr'>Christiana</span> <span class='ocrx_word' id='word_1_732' title='bbox 613 5390 870 5446; x_wconf 89' lang='lat' dir='ltr'>cbaritas</span> <span class='ocrx_word' id='word_1_733' title='bbox 902 5392 1227 5447; x_wconf 88' lang='lat' dir='ltr'>convivium</span> <span class='ocrx_word' id='word_1_734' title='bbox 1285 5392 1439 5448; x_wconf 90' lang='lat' dir='ltr'>facit.</span> <span class='ocrx_word' id='word_1_735' title='bbox 1474 5392 1581 5446; x_wconf 89' lang='lat' dir='ltr'>Sed</span> <span class='ocrx_word' id='word_1_736' title='bbox 1616 5391 1737 5447; x_wconf 85' lang='lat' dir='ltr'>haec</span> <span class='ocrx_word' id='word_1_737' title='bbox 1768 5408 1893 5447; x_wconf 93' lang='lat' dir='ltr'>cor-</span> 
     </span>
    </p>
   </div>
   <div class='ocr_carea' id='block_1_104' title="bbox 248 5477 1895 5538">
    <p class='ocr_par' dir='ltr' id='par_1_104' title="bbox 248 5477 1895 5538">
     <span class='ocr_line' id='line_1_104' title="bbox 248 5477 1895 5538; baseline 0.004 -7"><span class='ocrx_word' id='word_1_738' title='bbox 248 5478 428 5532; x_wconf 87' lang='lat' dir='ltr'>rectio</span> <span class='ocrx_word' id='word_1_739' title='bbox 460 5477 682 5535; x_wconf 91' lang='lat' dir='ltr'>nullius</span> <span class='ocrx_word' id='word_1_740' title='bbox 721 5480 991 5535; x_wconf 83' lang='lat' dir='ltr'>ﬁrmatur</span> <span class='ocrx_word' id='word_1_741' title='bbox 1036 5481 1252 5537; x_wconf 90' lang='lat' dir='ltr'>codicis</span> <span class='ocrx_word' id='word_1_742' title='bbox 1277 5481 1644 5537; x_wconf 87' lang='lat' dir='ltr'>auctoritate.</span> <span class='ocrx_word' id='word_1_743' title='bbox 1684 5481 1895 5538; x_wconf 90' lang='lat' dir='ltr'>Deinde</span> 
     </span>
    </p>
   </div>
   <div class='ocr_carea' id='block_1_105' title="bbox 245 5567 1893 5643">
    <p class='ocr_par' dir='ltr' id='par_1_105' title="bbox 245 5567 1893 5643">
     <span class='ocr_line' id='line_1_105' title="bbox 245 5567 1893 5643; baseline 0.004 -24"><span class='ocrx_word' id='word_1_744' title='bbox 245 5583 385 5623; x_wconf 87' lang='lat' dir='ltr'>vero</span> <span class='ocrx_word' id='word_1_745' title='bbox 417 5567 497 5623; x_wconf 91' lang='lat' dir='ltr'>ibi</span> <span class='ocrx_word' id='word_1_746' title='bbox 538 5568 936 5626; x_wconf 89' lang='lat' dir='ltr'>Tertullianus</span> <span class='ocrx_word' id='word_1_747' title='bbox 964 5569 1228 5643; x_wconf 89' lang='lat' dir='ltr'>loquitur</span> <span class='ocrx_word' id='word_1_748' title='bbox 1257 5571 1327 5627; x_wconf 91' lang='lat' dir='ltr'>de</span> <span class='ocrx_word' id='word_1_749' title='bbox 1360 5571 1615 5625; x_wconf 84' lang='lat' dir='ltr'>fraterna</span> <span class='ocrx_word' id='word_1_750' title='bbox 1645 5570 1893 5625; x_wconf 85' lang='lat' dir='ltr'>charita-</span> 
     </span>
    </p>
   </div>
   <div class='ocr_carea' id='block_1_106' title="bbox 246 5656 1894 5729">
    <p class='ocr_par' dir='ltr' id='par_1_106' title="bbox 246 5656 1894 5729">
     <span class='ocr_line' id='line_1_106' title="bbox 246 5656 1894 5729; baseline 0.001 -14"><span class='ocrx_word' id='word_1_751' title='bbox 246 5661 326 5729; x_wconf 84' lang='lat' dir='ltr'>te,</span> <span class='ocrx_word' id='word_1_752' title='bbox 389 5656 461 5714; x_wconf 89' lang='lat' dir='ltr'>ab</span> <span class='ocrx_word' id='word_1_753' title='bbox 520 5658 771 5717; x_wconf 87' lang='lat' dir='ltr'>ethnicis</span> <span class='ocrx_word' id='word_1_754' title='bbox 827 5658 972 5717; x_wconf 88' lang='lat' dir='ltr'>adeo</span> <span class='ocrx_word' id='word_1_755' title='bbox 1028 5660 1243 5719; x_wconf 89' lang='lat' dir='ltr'>violata</span> <span class='ocrx_word' id='word_1_756' title='bbox 1299 5664 1363 5717; x_wconf 87' lang='lat' dir='ltr'>ut</span> <span class='ocrx_word' id='word_1_757' title='bbox 1428 5658 1894 5717; x_wconf 85' lang='lat' dir='ltr'>Christianorum</span> 
     </span>
    </p>
   </div>
   <div class='ocr_carea' id='block_1_107' title="bbox 2009 4675 3662 4748">
    <p class='ocr_par' dir='ltr' id='par_1_107' title="bbox 2009 4675 3662 4748">
     <span class='ocr_line' id='line_1_107' title="bbox 2009 4675 3662 4748; baseline -0.004 -11"><span class='ocrx_word' id='word_1_758' title='bbox 2009 4682 2394 4748; x_wconf 83' lang='lat' dir='ltr'>Quantumvis</span> <span class='ocrx_word' id='word_1_759' title='bbox 2420 4682 2575 4736; x_wconf 90' lang='lat' dir='ltr'>enim</span> <span class='ocrx_word' id='word_1_760' title='bbox 2609 4697 2740 4735; x_wconf 91' lang='lat' dir='ltr'>care</span> <span class='ocrx_word' id='word_1_761' title='bbox 2771 4678 3151 4747; x_wconf 88' lang='lat' dir='ltr'>constitisset,</span> <span class='ocrx_word' id='word_1_762' title='bbox 3189 4677 3295 4731; x_wconf 90' lang='lat' dir='ltr'>hac</span> <span class='ocrx_word' id='word_1_763' title='bbox 3326 4675 3662 4747; x_wconf 86' lang='lat' dir='ltr'>indigentes</span> 
     </span>
    </p>
   </div>
   <div class='ocr_carea' id='block_1_108' title="bbox 2001 4766 3662 4842">
    <p class='ocr_par' dir='ltr' id='par_1_108' title="bbox 2001 4766 3662 4842">
     <span class='ocr_line' id='line_1_108' title="bbox 2001 4766 3662 4842; baseline -0.005 -16"><span class='ocrx_word' id='word_1_764' title='bbox 2001 4772 2383 4842; x_wconf 89' lang='lat' dir='ltr'>juvabantur.</span> <span class='ocrx_word' id='word_1_765' title='bbox 2417 4768 2607 4839; x_wconf 84' lang='lat' dir='ltr'>Atqui,</span> <span class='ocrx_word' id='word_1_766' title='bbox 2662 4768 2813 4823; x_wconf 90' lang='lat' dir='ltr'>sicut</span> <span class='ocrx_word' id='word_1_767' title='bbox 2870 4767 3090 4839; x_wconf 84' lang='lat' dir='ltr'>Optime</span> <span class='ocrx_word' id='word_1_768' title='bbox 3146 4766 3415 4821; x_wconf 90' lang='lat' dir='ltr'>observat</span> <span class='ocrx_word' id='word_1_769' title='bbox 3457 4770 3662 4820; x_wconf 87' lang='lat' dir='ltr'>auctor</span> 
     </span>
    </p>
   </div>
   <div class='ocr_carea' id='block_1_109' title="bbox 2010 4857 3655 4929">
    <p class='ocr_par' dir='ltr' id='par_1_109' title="bbox 2010 4857 3655 4929">
     <span class='ocr_line' id='line_1_109' title="bbox 2010 4857 3655 4929; baseline -0.003 -12"><span class='ocrx_word' id='word_1_770' title='bbox 2010 4867 2206 4917; x_wconf 90' lang='lat' dir='ltr'>noster</span> <span class='ocrx_word' id='word_1_771' title='bbox 2238 4879 2250 4916; x_wconf 93' lang='lat'><strong>:</strong></span> <span class='ocrx_word' id='word_1_772' title='bbox 2287 4862 2525 4915; x_wconf 77' lang='lat' dir='ltr'>Lucrum</span> <span class='ocrx_word' id='word_1_773' title='bbox 2567 4868 2644 4914; x_wconf 72' lang='lat' dir='ltr'>est</span> <span class='ocrx_word' id='word_1_774' title='bbox 2685 4860 2911 4929; x_wconf 85' lang='lat' dir='ltr'>pietatis</span> <span class='ocrx_word' id='word_1_775' title='bbox 2960 4860 3140 4927; x_wconf 80' lang='lat' dir='ltr'>facere</span> <span class='ocrx_word' id='word_1_776' title='bbox 3186 4863 3468 4927; x_wconf 86' lang='lat' dir='ltr'>sumptum</span> <span class='ocrx_word' id='word_1_777' title='bbox 3500 4857 3655 4927; x_wconf 85' lang='lat' dir='ltr'>(Ter-</span> 
     </span>
    </p>
   </div>
   <div class='ocr_carea' id='block_1_110' title="bbox 2005 4946 3656 5020">
    <p class='ocr_par' dir='ltr' id='par_1_110' title="bbox 2005 4946 3656 5020">
     <span class='ocr_line' id='line_1_110' title="bbox 2005 4946 3656 5020; baseline -0.002 -15"><span class='ocrx_word' id='word_1_778' title='bbox 2005 4950 2135 5005; x_wconf 91' lang='lat' dir='ltr'>tull.</span> <span class='ocrx_word' id='word_1_779' title='bbox 2192 4950 2467 5020; x_wconf 77' lang='lat' dir='ltr'>Apologet.</span> <span class='ocrx_word' id='word_1_780' title='bbox 2521 4965 2646 5019; x_wconf 90' lang='lat' dir='ltr'>cap.</span> <span class='ocrx_word' id='word_1_781' title='bbox 2697 4948 2787 5017; x_wconf 91' lang='lat'>39,</span> <span class='ocrx_word' id='word_1_782' title='bbox 2839 4964 2969 5019; x_wconf 89' lang='lat' dir='ltr'>pag.</span> <span class='ocrx_word' id='word_1_783' title='bbox 3022 4946 3169 5017; x_wconf 85' lang='grc'>473).</span> <span class='ocrx_word' id='word_1_784' title='bbox 3218 4947 3473 5001; x_wconf 92' lang='lat' dir='ltr'>Tantum</span> <span class='ocrx_word' id='word_1_785' title='bbox 3522 4964 3656 5003; x_wconf 92' lang='lat' dir='ltr'>vero</span> 
     </span>
    </p>
   </div>
   <div class='ocr_carea' id='block_1_111' title="bbox 2007 5037 3658 5107">
    <p class='ocr_par' dir='ltr' id='par_1_111' title="bbox 2007 5037 3658 5107">
     <span class='ocr_line' id='line_1_111' title="bbox 2007 5037 3658 5107; baseline -0.001 -12"><span class='ocrx_word' id='word_1_786' title='bbox 2007 5040 2228 5105; x_wconf 90' lang='lat' dir='ltr'>aberat,</span> <span class='ocrx_word' id='word_1_787' title='bbox 2265 5046 2326 5094; x_wconf 88' lang='lat' dir='ltr'>ut</span> <span class='ocrx_word' id='word_1_788' title='bbox 2384 5037 2697 5092; x_wconf 82' lang='lat' dir='ltr'>Christiani</span> <span class='ocrx_word' id='word_1_789' title='bbox 2757 5037 2814 5090; x_wconf 93' lang='lat' dir='ltr'>in</span> <span class='ocrx_word' id='word_1_790' title='bbox 2887 5038 3036 5091; x_wconf 87' lang='lat' dir='ltr'>hanc</span> <span class='ocrx_word' id='word_1_791' title='bbox 3096 5052 3320 5089; x_wconf 81' lang='lat' dir='ltr'>ccenam</span> <span class='ocrx_word' id='word_1_792' title='bbox 3381 5040 3658 5107; x_wconf 90' lang='lat' dir='ltr'>sumptus</span> 
     </span>
    </p>
   </div>
   <div class='ocr_carea' id='block_1_112' title="bbox 2006 5123 3658 5194">
    <p class='ocr_par' dir='ltr' id='par_1_112' title="bbox 2006 5123 3658 5194">
     <span class='ocr_line' id='line_1_112' title="bbox 2006 5123 3658 5194; baseline -0.001 -11"><span class='ocrx_word' id='word_1_793' title='bbox 2006 5129 2297 5183; x_wconf 82' lang='lat' dir='ltr'>maximos</span> <span class='ocrx_word' id='word_1_794' title='bbox 2332 5128 2603 5193; x_wconf 87' lang='lat' dir='ltr'>facerent,</span> <span class='ocrx_word' id='word_1_795' title='bbox 2632 5129 2697 5180; x_wconf 90' lang='lat' dir='ltr'>ut</span> <span class='ocrx_word' id='word_1_796' title='bbox 2736 5142 2967 5180; x_wconf 81' lang='lat' dir='ltr'>summa</span> <span class='ocrx_word' id='word_1_797' title='bbox 3028 5141 3167 5179; x_wconf 89' lang='lat' dir='ltr'>sane</span> <span class='ocrx_word' id='word_1_798' title='bbox 3224 5123 3559 5194; x_wconf 87' lang='lat' dir='ltr'>frugalitate</span> <span class='ocrx_word' id='word_1_799' title='bbox 3593 5143 3658 5181; x_wconf 89' lang='lat' dir='ltr'>ao</span> 
     </span>
    </p>
   </div>
   <div class='ocr_carea' id='block_1_113' title="bbox 2008 5210 3657 5287">
    <p class='ocr_par' dir='ltr' id='par_1_113' title="bbox 2008 5210 3657 5287">
     <span class='ocr_line' id='line_1_113' title="bbox 2008 5210 3657 5287; baseline -0.002 -14"><span class='ocrx_word' id='word_1_800' title='bbox 2008 5217 2294 5274; x_wconf 88' lang='lat' dir='ltr'>modestia</span> <span class='ocrx_word' id='word_1_801' title='bbox 2324 5216 2696 5287; x_wconf 60' lang='lat' dir='ltr'>praberetur.</span> <span class='ocrx_word' id='word_1_802' title='bbox 2747 5216 3052 5270; x_wconf 85' lang='lat' dir='ltr'>Enimvero</span> <span class='ocrx_word' id='word_1_803' title='bbox 3102 5211 3253 5267; x_wconf 91' lang='lat' dir='ltr'>nihil</span> <span class='ocrx_word' id='word_1_804' title='bbox 3300 5210 3657 5285; x_wconf 84' lang='lat' dir='ltr'>intempera-</span> 
     </span>
    </p>
   </div>
   <div class='ocr_carea' id='block_1_114' title="bbox 2006 5301 3657 5373">
    <p class='ocr_par' dir='ltr' id='par_1_114' title="bbox 2006 5301 3657 5373">
     <span class='ocr_line' id='line_1_114' title="bbox 2006 5301 3657 5373; baseline -0.001 -12"><span class='ocrx_word' id='word_1_805' title='bbox 2006 5311 2132 5361; x_wconf 90' lang='lat' dir='ltr'>tum</span> <span class='ocrx_word' id='word_1_806' title='bbox 2165 5309 2265 5361; x_wconf 91' lang='lat' dir='ltr'>aut</span> <span class='ocrx_word' id='word_1_807' title='bbox 2295 5303 2771 5371; x_wconf 89' lang='lat' dir='ltr'>immoderatum,</span> <span class='ocrx_word' id='word_1_808' title='bbox 2796 5305 2906 5373; x_wconf 90' lang='lat' dir='ltr'>vel,</span> <span class='ocrx_word' id='word_1_809' title='bbox 2942 5304 3093 5360; x_wconf 91' lang='lat' dir='ltr'>sicut</span> <span class='ocrx_word' id='word_1_810' title='bbox 3125 5302 3205 5357; x_wconf 89' lang='lat' dir='ltr'>ait</span> <span class='ocrx_word' id='word_1_811' title='bbox 3236 5301 3657 5371; x_wconf 88' lang='lat' dir='ltr'>Tertullianus,</span> 
     </span>
    </p>
   </div>
   <div class='ocr_carea' id='block_1_115' title="bbox 2005 5390 3653 5463">
    <p class='ocr_par' dir='ltr' id='par_1_115' title="bbox 2005 5390 3653 5463">
     <span class='ocr_line' id='line_1_115' title="bbox 2005 5390 3653 5463; baseline -0.003 -13"><span class='ocrx_word' id='word_1_812' title='bbox 2005 5395 2157 5449; x_wconf 87' lang='lat' dir='ltr'>Nihil</span> <span class='ocrx_word' id='word_1_813' title='bbox 2189 5394 2442 5459; x_wconf 78' lang='lat' dir='ltr'>vilitatis,</span> <span class='ocrx_word' id='word_1_814' title='bbox 2474 5392 2622 5446; x_wconf 84' lang='lat' dir='ltr'>nihil</span> <span class='ocrx_word' id='word_1_815' title='bbox 2672 5393 3025 5449; x_wconf 74' lang='lat' dir='ltr'>immodestiae</span> <span class='ocrx_word' id='word_1_816' title='bbox 3056 5391 3301 5446; x_wconf 77' lang='lat' dir='ltr'>admittit</span> <span class='ocrx_word' id='word_1_817' title='bbox 3327 5390 3487 5459; x_wconf 86' lang='lat' dir='ltr'>(Ibid.</span> <span class='ocrx_word' id='word_1_818' title='bbox 3522 5409 3653 5463; x_wconf 84' lang='lat' dir='ltr'>pag.</span> 
     </span>
    </p>
   </div>
   <div class='ocr_carea' id='block_1_116' title="bbox 2004 5479 3653 5555">
    <p class='ocr_par' dir='ltr' id='par_1_116' title="bbox 2004 5479 3653 5555">
     <span class='ocr_line' id='line_1_116' title="bbox 2004 5479 3653 5555; baseline -0.001 -18"><span class='ocrx_word' id='word_1_819' title='bbox 2004 5484 2149 5554; x_wconf 80' lang='grc'>477).</span> <span class='ocrx_word' id='word_1_820' title='bbox 2183 5482 2404 5537; x_wconf 90' lang='lat' dir='ltr'>Nomen</span> <span class='ocrx_word' id='word_1_821' title='bbox 2437 5485 2633 5536; x_wconf 88' lang='lat' dir='ltr'>autem</span> <span class='ocrx_word' id='word_1_822' title='bbox 2664 5483 2770 5538; x_wconf 83' lang='lat' dir='ltr'>vile</span> <span class='ocrx_word' id='word_1_823' title='bbox 2800 5482 3115 5555; x_wconf 91' lang='lat' dir='ltr'>aliquando</span> <span class='ocrx_word' id='word_1_824' title='bbox 3153 5479 3329 5535; x_wconf 91' lang='lat' dir='ltr'>etiam</span> <span class='ocrx_word' id='word_1_825' title='bbox 3378 5495 3479 5549; x_wconf 87' lang='lat' dir='ltr'>pro</span> <span class='ocrx_word' id='word_1_826' title='bbox 3528 5497 3653 5535; x_wconf 85' lang='lat' dir='ltr'>sor-</span> 
     </span>
    </p>
   </div>
   <div class='ocr_carea' id='block_1_117' title="bbox 2006 5566 3650 5643">
    <p class='ocr_par' dir='ltr' id='par_1_117' title="bbox 2006 5566 3650 5643">
     <span class='ocr_line' id='line_1_117' title="bbox 2006 5566 3650 5643; baseline -0.003 -16"><span class='ocrx_word' id='word_1_827' title='bbox 2006 5572 2143 5627; x_wconf 89' lang='lat' dir='ltr'>dido</span> <span class='ocrx_word' id='word_1_828' title='bbox 2175 5574 2233 5626; x_wconf 91' lang='lat' dir='ltr'>et</span> <span class='ocrx_word' id='word_1_829' title='bbox 2275 5569 2523 5641; x_wconf 90' lang='lat' dir='ltr'>abjecto,</span> <span class='ocrx_word' id='word_1_830' title='bbox 2556 5569 2874 5643; x_wconf 90' lang='lat' dir='ltr'>aliquando</span> <span class='ocrx_word' id='word_1_831' title='bbox 2904 5570 3081 5627; x_wconf 84' lang='lat' dir='ltr'>etiam</span> <span class='ocrx_word' id='word_1_832' title='bbox 3132 5583 3236 5640; x_wconf 92' lang='lat' dir='ltr'>pro</span> <span class='ocrx_word' id='word_1_833' title='bbox 3285 5566 3650 5637; x_wconf 85' lang='lat' dir='ltr'>abundanti;</span> 
     </span>
    </p>
   </div>
   <div class='ocr_carea' id='block_1_118' title="bbox 2005 5654 3654 5734">
    <p class='ocr_par' dir='ltr' id='par_1_118' title="bbox 2005 5654 3654 5734">
     <span class='ocr_line' id='line_1_118' title="bbox 2005 5654 3654 5734; baseline -0.001 -17"><span class='ocrx_word' id='word_1_834' title='bbox 2005 5677 2121 5733; x_wconf 87' lang='lat' dir='ltr'>quo</span> <span class='ocrx_word' id='word_1_835' title='bbox 2180 5673 2360 5717; x_wconf 82' lang='lat' dir='ltr'>sensu</span> <span class='ocrx_word' id='word_1_836' title='bbox 2418 5657 2565 5717; x_wconf 81' lang='lat' dir='ltr'>dixit</span> <span class='ocrx_word' id='word_1_837' title='bbox 2591 5658 2844 5734; x_wconf 84' lang='lat' dir='ltr'>Vigilius</span> <span class='ocrx_word' id='word_1_838' title='bbox 2892 5660 3155 5732; x_wconf 73' lang='lat' dir='ltr'>vilemque</span> <span class='ocrx_word' id='word_1_839' title='bbox 3189 5654 3479 5728; x_wconf 80' lang='lat' dir='ltr'>phaselum</span> <span class='ocrx_word' id='word_1_840' title='bbox 3506 5656 3654 5729; x_wconf 85' lang='lat' dir='ltr'>(Vir-</span> 
     </span>
    </p>
   </div>
  </div>
