4118 6182
456 337 609 399 1047

970 334 1495 396 TERTULLIANI
1540 332 1861 395 OPEBUM
1907 328 2105 389 PARS
2150 328 2196 389 Ι.
2230 358 2309 374 -
2337 327 2609 392 SERIES
2654 331 2703 407 Ι,
2750 322 3311 394 APOLOGETICA.

3672 336 3810 395 1048

455 471 556 545 gil.
589 488 607 527 1
640 470 828 542 Georg,
857 486 911 526 ν.
943 468 1092 541 257),
1134 468 1191 523 id
1238 471 1348 533 est,
1393 470 1458 522 ut
1510 465 1924 522 animadvertit
1968 465 2097 518 Ser-
2129 464 2183 530 Α
2213 476 2460 532 cumque
2506 461 2591 519 illi
2643 463 2794 521 inter
2842 480 2905 522 se
2947 465 3018 521 de
3048 466 3224 520 rebus
3268 464 3713 536 colloquerentur
3737 467 3812 522 di-

455 562 605 629 vius,
638 560 1027 615 abundantem.
1060 559 1195 613 Nam
1226 556 1366 628 quod
1396 556 1637 611 abundat
1673 555 1777 611 vite
1831 564 1950 620 est;
1984 556 2049 606 ut
2083 568 2096 606 :

456 651 660 706 vitibus
689 654 787 706 aut
842 651 1033 706 onerat
1080 649 1277 719 pomis.
1310 649 1382 701 At
1428 646 1477 701 si
1526 646 1634 701 hoc
1680 642 1986 717 posteriori
2017 640 2097 696 si-

456 740 733 813 gniﬁcatu
770 743 973 794 auctor
1015 742 1210 792 noster
1238 735 1382 791 illud
1416 752 1628 791 nomen
1690 732 1932 805 accepit,
1967 748 2099 786 sen-

456 847 559 888 sus
589 829 747 885 illius
779 828 888 884 erit
926 826 1072 882 nihil
1121 826 1179 880 in
1229 825 1693 881 Christianorum
1728 840 1888 879 scena
1919 821 2100 877 fuisse

455 919 820 993 superﬂuum
872 922 930 973 et
978 916 1334 972 redundans.
1386 914 1562 970 Nobis
1619 918 1814 969 tamen
1873 910 2100 967 facilius

456 1007 906 1082 persuadebitur
928 1006 1279 1077 adjectivum
1313 1004 1458 1058 illud
1492 1002 1602 1059 vite
1632 1000 1895 1059 adhiberi
1924 998 2101 1071 priori

457 1113 635 1155 sensu
669 1114 771 1169 pro
803 1096 1038 1153 sordido
1071 1101 1128 1149 et
1158 1094 1403 1164 abjecto.
1445 1092 1911 1147 Christianorum
1942 1088 2099 1144 enim

456 1202 681 1243 ccenam
741 1184 981 1257 opponit
1036 1182 1344 1255 gentilium
1403 1182 1702 1249 conviviis,
1765 1180 1824 1234 in
1883 1178 2101 1250 quibus

453 1276 705 1332 infames
752 1273 993 1347 parasiti
1034 1272 1335 1327 hominum
1376 1270 1639 1326 omnium
1670 1268 1962 1338 vilissimi,
1995 1268 2099 1323 ad-

457 1364 863 1429 mittebantur,
896 1363 964 1418 ad
1004 1362 1390 1431 contumelias,
1445 1360 1618 1416 sicuti
1668 1359 1763 1414 ille
1814 1358 2097 1430 loquitur,

454 1454 786 1527 saginandi.
818 1452 970 1507 Nihil
1000 1453 1175 1508 etiam
1212 1451 1569 1508 immodestia:
1600 1450 1657 1504 in
1692 1449 1792 1505 illa
1822 1449 2100 1504 cerneba-

452 1549 571 1615 tur,
606 1547 779 1614 atque
808 1542 978 1615 plane
1010 1542 1380 1612 discrepabat
1412 1558 1445 1595 a
1494 1538 1831 1595 memoratis
1880 1540 1953 1593 ab
2002 1537 2101 1594 illo

453 1633 671 1689 ibidem
706 1632 1012 1706 gentilium
1046 1632 1235 1703 epulis
1269 1634 1325 1686 et
1354 1628 1836 1695 Bacchanalibus,
1871 1629 1941 1683 de
1972 1627 2101 1699 qui-

454 1723 565 1780 bus
598 1739 703 1778 nos
735 1721 896 1793 alibi,
931 1725 987 1777 et
1014 1720 1168 1776 infra
1198 1719 1389 1776 adhuc
1420 1718 1736 1791 agendum.

527 1831 714 1887 Sacrae
746 1846 916 1903 porro
947 1829 1411 1886 Christianorum
1444 1845 1659 1883 mensis
1709 1850 1737 1877 ‹‹

456 1920 870 1990 discumbitur,
904 1920 1094 1990 inquit
1112 1917 1528 1983 Tertullianus,
1563 1933 1739 1988 quam
1799 1916 1981 1971 oratio
2030 1916 2101 1970 ad

453 2010 638 2066 Deum
670 2014 1061 2081 praegustetur
1091 2029 1119 2056 »
1148 2006 1514 2079 (Tertullian.
1550 2006 1823 2077 Apologet.
1858 2022 1983 2076 cap.
2010 2006 2099 2074 39,

452 2115 585 2171 pag.
618 2100 766 2167 477).
796 2098 927 2154 Jam
961 2101 1155 2153 autem
1189 2096 1411 2151 dixerat
1438 2101 1610 2151 antea
1640 2094 1770 2151 illos
1797 2094 1928 2151 ideo
1960 2111 2102 2149 con-

450 2193 742 2261 gregatos,
776 2192 841 2243 ut
868 2193 1078 2255 Deum,
1121 2185 1294 2241 sicuti
1326 2185 1871 2252 animadvertimus,
1906 2201 2102 2256 preca-

449 2283 654 2334 rentur
682 2282 738 2333 et
768 2280 1098 2333 exorarent.
1135 2279 1301 2330 Nunc
1351 2274 1548 2345 itaque
1599 2275 1669 2329 de
1700 2273 1793 2329 his
1827 2273 2099 2345 precibus

444 2366 725 2439 loquitur,
760 2384 905 2437 quas
935 2382 1112 2421 coenae
1142 2362 1493 2436 praemittere
1524 2362 1809 2418 solebant.
1845 2365 1915 2417 At
1945 2366 2097 2417 certe

445 2472 479 2511 a
507 2454 741 2512 Justino
777 2453 1337 2527 Martyrediscimus
1373 2469 1471 2507 eas
1523 2452 1685 2507 fusas
1730 2450 1913 2506 fuisse
1966 2456 2099 2523 post

445 2560 622 2599 sacra:
654 2544 969 2616 Scripturm
1014 2542 1327 2598 lectionem
1390 2546 1445 2597 et
1495 2541 1791 2613 prmpositi
1825 2540 2098 2595 cohorta-

444 2632 688 2703 tionem,
722 2634 821 2689 sed
853 2636 1171 2705 antequam
1202 2630 1393 2703 panis,
1425 2630 1627 2686 vinum
1659 2634 1715 2685 et
1744 2646 1897 2701 aqua
1927 2630 2094 2684 offer-

443 2726 665 2778 rentur.

520 2810 718 2884 Pergit
746 2810 1140 2867 Tcrtullianus
1175 2827 1187 2865 :
1222 2833 1249 2859 «
1278 2810 1484 2865 Editur
1513 2813 1800 2880 quantum
1833 2807 2093 2863 esurien-

443 2905 531 2958 tes
564 2900 805 2973 capiunt
850 2923 877 2950 »
912 2899 1134 2973 (Ibid.);
1182 2917 1309 2971 quae
1359 2898 1595 2970 quidem
1652 2902 1983 2953 nostrorum
2038 2901 2095 2952 et

439 2995 703 3048 veterum
752 2989 1020 3046 codicum
1073 2987 1357 3044 editorum
1408 2987 1576 3042 lectio
1624 2991 1730 3042 est.
1787 2986 2095 3057 Displicuit

440 3084 635 3136 tamen
683 3079 785 3135 illa
827 3078 1099 3151 Rigaltio,
1130 3077 1424 3148 scribique
1470 3076 1705 3148 propria
1750 3076 2094 3130 anctoritate

2206 568 2378 607 VlDlS.

2277 641 2453 697 Addit
2507 642 2751 716 insuper
2791 644 3037 716 hymnos
3087 643 3278 700 adhuc
3328 648 3525 715 postea
3580 644 3685 699 Deo
3726 645 3813 700 de-

2209 733 2492 797 cantatos,
2525 739 2701 804 atque
2731 757 2757 783 ‹‹
2795 733 2951 797 hinc,
3001 734 3211 805 inquit,
3256 733 3530 804 probatur
3556 733 3814 803 quomodo

2209 817 2279 885 is,
2341 838 2371 874 a
2423 837 2538 892 quo
2596 822 2976 890 canebantur,
3033 822 3303 878 biberit»
3363 822 3565 893 (Ibid),
3623 822 3675 876 id
3721 827 3813 889 est,

2210 913 2431 979 quanta
2462 911 2773 967 sobrietate
2805 928 2871 967 ac
2900 910 3287 984 temperantia
3326 911 3555 966 biberit.
3601 912 3670 966 At
3705 913 3819 982 quis

2211 997 2319 1054 hac
2376 1003 2496 1056 tam
2554 1002 2783 1057 sincera
2835 1019 3009 1057 omnis
3066 1000 3405 1056 Christiana:
3466 1000 3822 1073 descriptione

2211 1102 2327 1142 non
2359 1088 2670 1162 intelligat,
2702 1096 2988 1162 quantum
3016 1093 3334 1161 moderata,
3370 1090 3610 1161 frugalis
3638 1089 3821 1162 pieque

2212 1177 2440 1233 fuerit?

2812 1312 3129 1353 ARTICULUS
3178 1312 3253 1352 ιν.

2212 1404 2287 1459 De
2314 1401 2403 1458 his
2434 1420 2552 1472 quae
2579 1413 2698 1474 post
2725 1420 2935 1460 canam
2966 1406 3027 1459 in
3056 1403 3505 1459 Christianorum
3548 1404 3821 1475 synaxibus

2281 1475 2589 1542 agebantur
2608 1492 2627 1536 ,·
2675 1476 2739 1530 de
2785 1494 2930 1547 aqua
2972 1476 3263 1541 manuali;
3318 1475 3385 1531 de
3413 1477 3653 1530 accensis
3682 1477 3822 1529 tumi-

2280 1547 2444 1601 nibus
2473 1556 2526 1602 et
2570 1564 2849 1618 synaxeon
2902 1548 3085 1614 hora;
3123 1548 3190 1602 de
3236 1548 3468 1602 canticis
3516 1556 3568 1602 et
3597 1547 3790 1618 hymnis
3805 1563 3822 1609 ;

2284 1619 2357 1673 de
2382 1620 2698 1688 gratiarum
2726 1622 2958 1689 actione,
2986 1630 3037 1675 et
3068 1619 3510 1675 Christianorum
3537 1619 3773 1674 discessu.

2283 1755 2420 1808 Post
2490 1770 2735 1820 omnem,
2795 1770 2882 1821 eo,
2943 1770 3055 1826 quo
3112 1753 3495 1825 exposuimus
3526 1753 3688 1808 modo
3738 1754 3825 1808 da-

1791 1842 1907 1881 Ποῦ
1940 1824 2104 1897 Prius
2137 1846 2183 1912 Β
2214 1844 2334 1896 tam
2365 1850 2418 1896 et
2451 1842 2701 1909 finitam,
2733 1842 2845 1898 tria
2894 1824 3085 1898 adhuc
3125 1860 3159 1898 a
3188 1824 3558 1898 iChristianis
3606 1848 3720 1897 acta
3750 1842 3824 1897 his

2211 1930 2604 1986 Tertullianus
2658 1932 2849 1986 verbis
2897 1937 3133 1987 enarrat
3181 1948 3194 1986 :
3244 1953 3271 1981 ‹‹
3328 1930 3462 1987 Post
3500 1948 3700 2002 aquam
3730 1948 3824 1985 ma-

2212 2020 2468 2089 nualem,
2501 2026 2557 2075 et
2605 2020 2851 2088 lumina,
2886 2027 2950 2075 ut
2991 2020 3242 2093 quisque
3272 2021 3346 2076 de
3386 2020 3689 2092 Scripturis
3712 2037 3821 2074 san-

2211 2111 2337 2179 ctis,
2368 2110 2453 2165 vel
2504 2112 2573 2165 de
2624 2110 2854 2183 proprio
2906 2110 3141 2183 ingenio
3174 2115 3389 2181 potest,
3425 2110 3819 2181 provocatoria

2210 2201 2469 2256 medium
2502 2200 2618 2255 Deo
2649 2216 2853 2254 canere
2887 2221 2914 2248 »
2962 2197 3225 2269 (Tertull.
3277 2199 3554 2271 Apotogel.
3604 2215 3717 2269 cap.
3747 2198 3819 2263 39,

2208 2306 2340 2361 pag.
2375 2289 2519 2356 477).
2554 2288 2812 2343 Primum
2846 2287 3043 2359 itaque
3088 2288 3312 2343 notavit
3361 2305 3571 2358 aquam
3604 2304 3815 2342 manua-

2208 2377 2345 2442 lem,
2379 2395 2505 2449 quze
2541 2376 2821 2431 nimirum
2872 2378 2943 2431 ad
2997 2394 3208 2431 manus
3240 2376 3566 2433 abluendas
3596 2377 3821 2448 porrige-

2208 2467 2398 2521 batur.
2432 2471 2508 2520 Ea
2537 2470 2731 2520 autem
2757 2466 3120 2520 consuetudo
3154 2482 3267 2520 non
3294 2466 3489 2521 solum
3514 2465 3658 2537 apud
3689 2463 3819 2518 Chri-

2207 2555 2449 2619 stianos,
2476 2554 2576 2609 sed
2610 2553 2855 2626 gentiles
2886 2555 3062 2609 etiam
3096 2553 3448 2609 invaluerat.
3473 2555 3673 2610 Narrat
3692 2553 3818 2608 enim

2203 2644 2515 2699 Athenaeus
2569 2650 2702 2698 ante
2750 2649 2807 2697 et
2855 2647 2988 2714 post
3031 2660 3273 2713 ccenam,
3319 2661 3354 2699 a
3401 2643 3611 2697 Graecis
3658 2643 3822 2696 datam

2205 2732 2514 2788 abluendis
2574 2732 2849 2788 manibus
2899 2749 3137 2804 aquam,
3169 2732 3544 2804 primamque
3573 2730 3695 2784 κατὰ
3721 2748 3821 2803 χει-

2206 2820 2671 2897 ρὸς,εοειιιι(1ειιιι
2733 2820 3089 2893 ἀπονίψασθαι
3150 2839 3183 2877 a
3241 2821 3538 2877 veteribus
3578 2815 3819 2891 appellari

2203 2915 2434 2985 (Athon.
2463 2911 2566 2968 lib.
2600 2929 2656 2967 χι
2686 2911 3043 2982 Dcipnosoph.
3079 2928 3207 2983 cap,
3241 2912 3333 2980 18,
3381 2929 3515 2984 pag.
3566 2913 3662 2965 408
3692 2926 3703 2975 ;
3754 2908 3815 2962 id.

2200 3005 2303 3061 lib.
2362 3022 2437 3073 1v,
2498 3021 2622 3075 cap.
2676 3004 2726 3070 1,
2779 3020 2907 3074 pag.
2959 3003 3079 3074 128,
3133 3008 3189 3058 et
3237 3020 3368 3076 cap.
3416 3005 3471 3075 2,
3525 3020 3645 3074 pag.
3695 2999 3815 3071 129).

2201 3094 2360 3158 Quod
2411 3094 2645 3162 quidem
2702 3091 2801 3147 ille
2848 3091 3024 3147 variis
3075 3092 3429 3163 scriptorum
3505 3086 3819 3147 testimoniis

439 3169 639 3237 voluit,
671 3170 919 3240 cupiunt,
953 3168 1107 3224 956
1139 3166 1296 3220 haud
1329 3166 1504 3219 dubie
1554 3164 1690 3235 quia
1744 3165 1984 3234 putabat
2011 3163 2089 3217 ibi

2206 3185 2566 3256 comprobat.
2602 3183 2769 3239 Prius
2799 3199 2930 3239 vero
2978 3183 3162 3238 edidit
3209 3182 3603 3255 fragmentum
3640 3179 3820 3251 episto-

441 3258 762 3345 είεοίίῑοειτὶ
796 3258 1091 3345 neminem
1118 3272 1267 3345 9536’
1294 3254 1395 3326 QUi
1423 3254 1501 3307 ibi
1525 3254 1595 3307 ad
1626 3254 1754 3323 Plus
1781 3254 2093 3345 ἢυέίξιίηυε
2126 3254 2167 3277 υ
2204 3275 2273 3330 la:
2303 3254 2669 3345 Hippolochi,
2704 3290 2821 3344 qua
2868 3272 3184 3342 scripserat
3210 3254 3473 3343 expletos
3505 3271 3628 3326 cibo
3659 3266 3820 3323 convi-

443 3344 872 3400 comedendum
922 3343 1365 3412 bibendumque
1421 3345 1744 3412 cogeretur.
1780 3340 1925 3405 Quid
1960 3356 2094 3395 vero

442 3434 491 3490 si
524 3433 778 3490 auctoris
812 3434 995 3488 nostri
1028 3448 1239 3486 sensus
1269 3430 1366 3499 sit,
1399 3434 1541 3483 tunc
1588 3427 1913 3482 esurientes
1940 3428 2093 3482 edis-

444 3542 507 3580 se
536 3541 645 3581 non
676 3526 851 3592 ultra,
882 3529 947 3578 ut
976 3523 1223 3594 ipsemet
1252 3526 1454 3591 postea
1477 3518 1739 3590 loquitur
1764 3519 1931 3588 (Ibid.
1965 3534 2089 3589 cap.

447 3614 535 3680 42,
571 3630 703 3685 pag.
755 3614 900 3680 191),
954 3617 1058 3665 aut
1102 3626 1389 3681 perperam
1439 3626 1457 3663 :
1509 3608 1608 3663 sed
1660 3614 1949 3678 quantum
2008 3607 2090 3661 illi

447 3701 697 3773 capiunt,
744 3700 815 3755 ad
867 3701 1081 3754 famem
1132 3697 1412 3753 nimirum
1465 3697 1758 3751 moderate
1796 3696 2094 3768 depellen-

449 3792 625 3859 dam;
658 3794 832 3861 atque
858 3788 940 3844 ita
960 3792 1025 3843 ut
1052 3788 1123 3842 ad
1157 3788 1351 3842 cibum
1378 3790 1703 3858 potumque
1736 3787 2089 3841 sumendum

448 3879 796 3936 necessitate
844 3894 957 3933 non
1007 3877 1301 3949 voluptate
1339 3876 1739 3931 ducerentur?
1787 3875 2095 3932 Continen-

444 3974 535 4026 ter
563 3971 720 4026 enim
751 3967 1057 4039 subjunxit
1096 3984 1109 4022 :
1170 3990 1197 4017 ‹‹
1260 3966 1508 4034 Bibitur,
1540 3969 1824 4035 quantum
1865 3965 2091 4035 pudicis

447 4058 588 4115 utile
618 4062 761 4115 est»
794 4056 955 4129 (Ibid.
1005 4074 1132 4129 cap.
1191 4056 1281 4125 39,
1333 4072 1468 4127 pag.
1523 4056 1669 4126 477),
1730 4055 1837 4109 hoc
1881 4060 1991 4122 est,
2025 4072 2092 4110 ea

443 4149 901 4219 sobrietate,qua
929 4146 1210 4218 pudicitia
1240 4142 1469 4199 nullum
1504 4144 1639 4199 inde
1670 4144 2086 4199 detrimentum

443 4237 708 4311 accipiat.

509 4348 629 4401 Hac
661 4345 857 4416 itaque
890 4343 948 4398 in
980 4341 1108 4397 cibo
1140 4344 1196 4396 et
1228 4344 1364 4412 potu
1402 4338 1792 4411 temperantia.
1825 4361 1851 4387 ‹‹
1886 4338 1965 4393 ita
1996 4356 2089 4394 sa-

438 4438 733 4503 turantur,
766 4432 956 4503 inquit
986 4430 1197 4501 (Ibid.),
1258 4430 1337 4497 [id
1392 4432 1500 4494 est,
1550 4428 1621 4482 iis
1681 4428 1822 4482 adeo
1862 4432 2088 4499 tempe-

440 4527 562 4578 rate
604 4523 899 4590 utuntur,]
947 4525 1014 4575 ut
1061 4520 1161 4591 qui
1221 4517 1592 4573 meminerint
1647 4516 1823 4572 etiam
1857 4534 1959 4588 per
1990 4535 2087 4572 no-

2202 3381 2305 3419 vas
2365 3380 2576 3418 manus
2635 3361 2868 3416 lavisse.
2911 3361 3203 3416 Memorim
3256 3361 3438 3415 etiam
3492 3357 3821 3430 Lampridius

2204 3453 2461 3525 prodidit
2492 3450 2750 3506 exhibita
2781 3451 2851 3505 ab
2887 3448 3255 3520 lleliogabalo
3286 3450 3568 3522 parasitis
3615 3443 3818 3513 fercula,

2203 3543 2283 3597 ita
2334 3551 2397 3596 ut
2450 3558 2552 3613 per
2600 3538 2833 3611 singula
2883 3539 3169 3605 biberent,
3217 3543 3269 3594 et
3318 3556 3544 3604 manus,
3574 3537 3718 3608 quasi
3740 3548 3816 3588 co-

2201 3630 2515 3697 medissent,
2553 3630 2806 3684 labarent
2866 3628 3183 3701 (Lamprid.
3244 3628 3306 3683 in
3367 3630 3467 3685 Vit.
3520 3622 3816 3695 Heliogabat.

2203 3738 2332 3793 pag.
2370 3721 2516 3791 344).
2556 3720 2704 3775 957
2738 3718 2861 3773 Mos
2891 3717 3071 3788 igitur
3100 3718 3195 3772 ille
3228 3733 3442 3772 manus
3476 3720 3603 3788 post
3631 3728 3818 3770 omnem

2202 3810 2497 3877 abluendi,
2551 3813 2751 3879 utpote
2804 3808 3104 3876 honestus,
3137 3824 3171 3862 a
3215 3804 3568 3862 Christianis
3624 3814 3818 3876 quoque

2200 3899 2637 3954 observabatur.
2672 3895 2892 3953 Videsis
2921 3896 3353 3951 Theodoretum
3391 3900 3447 3951 et
3478 3894 3617 3950 alios
3647 3892 3818 3964 (Theo-

2201 3988 2386 4044 doret.
2419 3987 2521 4041 lib.
2555 4002 2594 4056 ι,
2628 3986 2765 4041 Hist.
2796 3985 3007 4040 Eccles.
3050 4001 3178 4056 cap.
3208 3984 3318 4055 10).

2271 4075 2572 4149 Explicatu
2600 4074 2796 4145 itaque
2827 4073 3157 4129 difficiliora
3180 4072 3341 4129 haud
3372 4073 3552 4129 dubie
3576 4065 3815 4144 plurimis

2197 4165 2549 4223 videbuntur
2569 4163 2691 4219 haec
2715 4163 2828 4219 duo
2852 4161 3271 4233 subsequentia
3286 4158 3627 4218 Tertulliani
3650 4156 3813 4212 verba:

2197 4258 2272 4311 Et
2313 4254 2550 4310 lumina.
2586 4252 2764 4310 Nobis
2796 4252 3037 4323 quidem
3071 4251 3128 4305 id
3181 4268 3297 4307 non
3332 4250 3496 4319 latet,
3528 4248 3674 4322 quod
3703 4243 3812 4316 qui-

2198 4346 2333 4399 dam
2386 4345 2743 4398 annotarunt
2773 4340 2831 4395 in
2863 4340 3113 4397 Woverii
3156 4339 3356 4395 codice
3378 4333 3816 4411 scriptumadlu-

2195 4450 2350 4487 mina
2372 4450 2389 4487 :
2412 4432 2511 4487 sed
2545 4432 2596 4487 is
2627 4430 2788 4486 solus
2820 4431 3001 4485 codex
3034 4429 3258 4485 cmteris
3287 4429 3561 4485 omnibus
3590 4419 3815 4499 praeferri

2197 4538 2311 4577 non
2344 4521 2534 4577 debet.
2562 4520 2643 4575 lbi
2664 4526 2858 4575 autem
2891 4524 3094 4574 auctor
3123 4523 3324 4574 noster
3354 4517 3609 4573 monitos
3640 4506 3811 4585 procul

440 4615 591 4666 ctem
624 4610 807 4665 Deum
842 4610 1208 4665 adorandum
1241 4608 1350 4664 sibi
1385 4624 1531 4662 esse.
1563 4628 1590 4655 ››
1632 4606 1748 4661 Nos
1802 4623 1934 4662 vero
1966 4624 2087 4661 ωει-
2119 4582 2165 4646 Ῑ)
2197 4611 2375 4667 dubio
2407 4628 2513 4666 nos
2544 4625 2673 4666 esse
2702 4608 2889 4665 voluit
2918 4612 3061 4663 tunc
3091 4624 3339 4664 accensa
3370 4606 3555 4662 fuisse
3583 4600 3811 4664 lumina;

440 4699 719 4755 niiestum
772 4697 912 4754 alibi
963 4698 1202 4755 cuilibet
1249 4698 1494 4752 fecimus
1544 4697 1707 4767 (tem.
1760 4697 1779 4750 Ι
1820 4698 2084 4767 Apparat.

439 4788 542 4844 lib.
572 4805 654 4856 ιιι,
703 4788 938 4843 dissert.
991 4789 1041 4854 1,
1074 4804 1200 4858 cap.
1234 4788 1289 4853 6,
1322 4803 1453 4858 pag.
1484 4787 1589 4839 712
1643 4790 1699 4840 et
1743 4789 1913 4855 seq.),
1944 4790 2083 4841 tunc

436 4878 497 4933 in
530 4894 691 4934 more
720 4877 1105 4948 institutoque
1136 4876 1415 4948 positum,
1450 4882 1512 4930 ut
1552 4874 1866 4931 Christiani
1916 4883 2082 4931 nocte

435 4968 506 5023 ad
540 4966 726 5023 Deum
759 4967 1042 5022 orandum
1074 4970 1397 5037 surgerent.
1442 4966 1806 5037 Quapropter
1835 4963 1907 5019 ad
1941 4980 2079 5019 uxo-

430 5073 553 5113 rem
585 5073 755 5113 suam
792 5055 888 5112 ille
920 5055 1213 5111 scribebat
1263 5072 1276 5110 :
1344 5076 1369 5107 u
1419 5055 1729 5111 Latebisne
1778 5057 1909 5109 tu...
1944 5070 2077 5109 cum

426 5146 603 5202 etiam
653 5162 756 5219 per
812 5151 1044 5201 noctem
1108 5144 1374 5216 cxsurgis
1433 5151 1661 5199 oratum
1725 5167 1746 5195 ι
1812 5143 2077 5214 (Tertull.

424 5235 528 5293 lib.
562 5254 603 5292 ιι
632 5237 709 5292 ad
742 5236 904 5295 Uxor.
939 5253 1064 5307 cap.
1111 5236 1188 5305 5).
1243 5235 1453 5289 Verum
1504 5233 1563 5287 in
1614 5250 1679 5288 eo
1738 5234 2081 5304 Apotogetici

421 5325 549 5384 loco
583 5344 695 5383 non
731 5328 800 5383 de
850 5324 1101 5397 singulis
1155 5322 1424 5378 noctibus
1464 5321 1676 5393 agitur,
1711 5323 1810 5377 sed
1843 5322 1916 5377 iis
1948 5328 2075 5377 tan-

426 5418 577 5484 tum,
610 5417 826 5489 quibus
883 5414 1015 5469 festi
1066 5427 1369 5466 sacrarum
1419 5427 1712 5481 synaxeon
1767 5411 1891 5467 dies
1921 5410 2072 5467 cele-

425 5504 769 5561 brabantur.
820 5509 928 5559 Per
979 5501 1126 5555 illud
1174 5499 1409 5555 tandem
1460 5516 1633 5556 omnes
1690 5506 1945 5572 tempus,
1986 5500 2075 5555 in-

431 5594 577 5663 quit,
604 5592 918 5651 Christiani
937 5614 964 5641 «
988 5590 1069 5645 ita
1091 5588 1531 5657 tabulantur,ut
1554 5590 1655 5662 qui
1677 5590 1868 5646 sciant
1893 5594 2073 5645 Deum

431 5682 636 5739 audire
668 5704 695 5733 »
724 5683 931 5754 (Idem,
966 5680 1245 5751 Apologet.
1281 5695 1407 5752 cap.
1438 5680 1527 5752 39,
1560 5696 1691 5752 pag.
1724 5679 1872 5751 417),
1922 5695 2074 5751 quaa-

2196 4700 2334 4772 quia
2364 4700 2474 4755 sub
2505 4715 2805 4771 vesperam
2836 4696 3150 4753 Christiani
3181 4696 3697 4769 congregabantur,
3726 4704 3814 4743 cm-

2194 4790 2528 4859 nabantque
2559 4788 2724 4843 {inito
2748 4788 2873 4858 jam
2906 4786 3021 4857 die,
3054 4804 3119 4842 ac
3167 4790 3481 4858 postquam
3529 4800 3594 4839 ea
3621 4778 3811 4841 omnia,

2193 4894 2319 4950 qua:
2352 4877 2775 4941 cnarravimus,
2811 4877 2960 4931 facta
3006 4877 3256 4931 fuerant.
3306 4875 3391 4931 Ob
3438 4870 3809 4929 necessitatem
3910 4878 3926 4891 ⁸

2189 4967 2388 5039 igitur,
2430 4971 2487 5023 et
2533 4966 2606 5022 ad
2656 4965 2969 5038 fugandas,
3016 4964 3515 5036 quemadmodum
3564 4958 3655 5016 ille
3683 4952 3803 5012 alibi

2188 5056 2499 5130 significat,
2534 5054 2721 5111 noctis
2741 5055 2990 5109 tenebras
3020 5053 3140 5109 haec
3166 5053 3396 5109 lumina
3422 5047 3802 5122 {accendeban-

2187 5150 2285 5201 tur
2315 5145 2679 5218 (Tertullian.
2711 5144 2990 5215 Apologet.
3024 5159 3151 5215 cap.
3182 5145 3240 5213 7,
3272 5158 3405 5215 pag.
3440 5141 3583 5209 306).
3625 5134 3722 5189 Sed
3746 5131 3805 5186 dc

2189 5235 2279 5291 nis
2302 5237 2427 5306 jam
2459 5234 2681 5307 aliquid
2700 5232 2841 5290 alibi
2864 5232 3320 5299 observavimus,
3338 5236 3400 5309 et
3423 5233 3617 5303 postea
3638 5222 3801 5309 adhuc

2188 5324 2723 5381 animadvertemus
2792 5324 3096 5395 (Dissertat.
3150 5324 3211 5377 in
3266 5307 3517 5377 Lactant.
3572 5330 3687 5386 cap.
3732 5307 3807 5373 25.

2185 5418 2295 5469 art.
2328 5416 2405 5486 2).

2255 5503 2435 5559 Nobis
2464 5521 2597 5560 vero
2630 5502 2844 5574 aliquis
2878 5501 3079 5575 procul
3111 5500 3291 5557 dubio
3323 5497 3549 5570 objiciet
3574 5510 3587 5547 :
3610 5490 3662 5546 Si
3690 5487 3793 5542 haec

2183 5591 2651 5649 Christianorum
2686 5607 2930 5664 synaxss
2961 5590 3071 5647 sub
3102 5605 3407 5664 vesperum
3440 5582 3786 5657 cogebantur.

2182 5697 2249 5738 ac
2288 5679 2473 5739 noctis
2518 5680 2685 5738 initio
2733 5694 2957 5737 omnem
3000 5677 3087 5735 illi
3123 5678 3497 5745 inchoabant,
3525 5687 3622 5730 cur
3648 5665 3781 5723 idem
