4118 6182
257 377 405 435 1049

1170 381 1243 439 D.
1290 381 1387 439 LE
1433 382 1761 441 NOURRY
1809 371 2458 441 OBSERVATIONES
2504 381 2762 442 NOVIE.

3513 381 3667 443 1050

259 509 653 566 Tertullianus
684 511 791 566 hos
823 517 1007 568 cmtus
1039 511 1176 568 alibi
1200 513 1580 570 antelucanos
1602 512 1903 586 appellat?
1933 517 1986 580 Α
2021 513 2216 569 minus
2249 515 2582 570 antelucani
2614 521 2798 571 cmtus
2848 520 2904 572 et
2937 519 3237 571 nocturnis
3299 516 3661 573 convocatio-

258 602 367 653 Cur
398 599 508 654 alio
541 604 596 654 in
624 600 773 655 libro
797 601 976 655 dixit:
1008 626 1034 650 ‹‹
1057 603 1436 658 Eucharistiaa
1467 608 1900 658 sacramentum

259 688 431 742 etiam
465 689 828 746 antelucanis
860 692 1104 746 cmtibus
1139 695 1472 749 sumimus?
1507 717 1532 742 ››
1565 693 1902 764 (Tertull,de

260 778 434 832 Coron
466 779 627 832 milit.
664 795 788 850 cap.
823 780 901 849 3.)
951 781 1147 852 Neque
1197 782 1310 837 alio
1359 784 1590 838 nomine
1635 802 1666 837 a
1718 783 1898 837 Plinio

255 867 522 921 Secundo
553 867 610 920 in
641 885 747 922 sua
769 869 838 922 ad
862 870 1174 938 Trajanum
1211 872 1623 942 imperatorem
1657 872 1901 943 epistola

253 960 486 1011 vocatos
518 973 646 1011 esse
676 961 944 1012 testatur.
984 959 1047 1012 In
1080 976 1147 1014 ea
1175 961 1490 1032 siquidem,
1525 966 1590 1016 ut
1622 962 1745 1033 ipse
1767 964 1900 1017 Ter-

249 1042 534 1099 tullianus
566 1045 785 1113 retulit,
817 1046 1044 1102 Plinius
1077 1049 1392 1120 scripserat
1425 1051 1568 1105 nihil
1618 1053 1675 1106 in
1710 1069 1900 1107 sacra-

248 1135 457 1188 mentis
471 1150 605 1188 eoru
617 1151 671 1189 m
686 1135 1137 1192 Christianorum
1152 1156 1212 1193 se
1227 1141 1780 1211 comperisse,quam
1796 1159 1878 1196 cm

246 1228 338 1277 tus
374 1223 757 1280 antelucanos
777 1226 847 1280 ad
873 1229 1203 1282 canendum
1227 1229 1455 1284 Christo
1476 1235 1532 1285 et
1555 1231 1666 1286 Deo
1692 1231 1891 1299 (Idem.

247 1313 528 1382 Αροιοθει.
565 1330 688 1384 cap.
722 1317 776 1382 2,
815 1331 943 1385 pag.
996 1317 1145 1387 273).
1182 1318 1328 1384 Quin
1380 1321 1554 1374 etiam
1604 1318 1663 1373 hi
1712 1324 1894 1375 cmtus

245 1418 480 1456 rursum
516 1419 549 1457 a
578 1403 936 1459 Tertulliano
959 1407 1342 1463 nominantur
1365 1415 1665 1464 nocturna:
1687 1426 1892 1465 convo-

245 1491 540 1547 cationes:
577 1493 770 1557 «Quis
803 1497 1891 1570 n0cturnis,inquit,convocationibus,

245 1580 292 1634 si
326 1581 407 1634 ita
439 1582 1026 1652 Oportuerit,uxorem
1052 1602 1083 1638 a
1104 1587 1281 1640 latere
1312 1604 1420 1642 suo
1444 1589 1622 1642 adimi
1648 1589 1896 1643 libenter

243 1670 438 1724 feret?
469 1671 578 1725 nEt
603 1670 776 1742 paulo
799 1677 929 1744 post
963 1691 976 1728 :
1011 1697 1037 1723 ι(
1055 1674 1177 1729 Non
1203 1676 1347 1731 sciet
1370 1678 1617 1732 maritus
1642 1678 1782 1748 quid
1802 1695 1891 1732 sc-

240 1764 395 1814 creto
429 1765 562 1815 ante
596 1778 828 1816 omnem
849 1763 1044 1818 cibum
1077 1771 1278 1835 gustes
1305 1769 1501 1836 (atque
1533 1769 1677 1822 adeo
1703 1773 1890 1821 matu-

241 1847 378 1901 tinis
412 1847 595 1919 horis)
624 1867 638 1915 ;
671 1855 726 1904 et
748 1851 797 1904 si
829 1851 1062 1906 sciverit
1093 1871 1324 1923 panem,
1360 1873 1474 1910 non
1508 1855 1674 1910 illum
1709 1857 1890 1911 credit
1922 1888 1967 1952 Β

234 1953 388 2005 esse,
422 1938 519 2007 qui
554 1938 770 1992 dicitur
801 1961 828 1987 ››
858 1940 1060 2010 (Idem,
1093 1941 1196 1996 lib.
1237 1944 1282 1997 II
1314 1944 1383 1996 ad
1430 1946 1597 2000 Uxor.
1649 1962 1773 2016 cap.
1809 1945 1883 2016 4).

231 2025 426 2081 Simili
453 2027 630 2081 etiam
661 2029 833 2082 modo
867 2028 1191 2100 Cyprianus
1224 2032 1293 2086 ad
1327 2033 1619 2088 Czscilium
1674 2033 1795 2088 haec
1829 2034 1885 2088 in

231 2116 408 2171 verba
442 2116 679 2187 scripsit
714 2133 727 2171 :
763 2117 934 2172 «Nisi
971 2121 1017 2173 si
1042 2118 1099 2173 in
1120 2121 1422 2176 matutinis
1447 2123 1551 2178 hoc
1573 2123 1702 2194 quis
1725 2140 1888 2178 vere-

234 2207 430 2268 tur,ne
445 2221 546 2274 per
560 2221 828 2276 saporem
860 2206 977 2260 vini
993 2208 1608 2281 redoleatsanguinem
1626 2213 1838 2267 Christi
1855 2235 1882 2262 ››

238 2292 527 2362 (Cyprian.
561 2295 737 2364 epist,
768 2296 858 2364 63,
893 2296 961 2350 ad
1001 2297 1226 2368 Caecil.)
1261 2301 1395 2363 Quzs
1437 2305 1627 2357 tamen
1665 2301 1722 2355 in
1755 2301 1886 2357 aliis

236 2379 506 2450 pluribus
535 2383 837 2438 codicibus
863 2387 1285 2458 manuscriptis
1307 2389 1693 2460 italeguntur:
1723 2411 1746 2442 ι
1769 2394 1884 2445 Iloo

239 2469 368 2540 quis
399 2477 650 2538 veretur,
704 2490 774 2528 ne
822 2475 1023 2529 vinum
1074 2477 1294 2542 offerat,
1349 2495 1419 2533 ne
1470 2496 1571 2550 per
1614 2497 1881 2550 saporem

237 2559 380 2624 vini,
418 2562 592 2615 odore
626 2563 926 2634 flagrante,
961 2565 1031 2619 ab
1067 2564 1286 2620 inﬁdeli
1337 2567 1694 2623 conscientia
1741 2570 1886 2624 odor

238 2647 355 2702 vini
389 2648 552 2705 horis
585 2652 892 2707 matutinis
926 2654 1100 2708 fuerit
1138 2655 1395 2725 agnitus,
1428 2662 1486 2711 et
1534 2664 1886 2728 agnoscatur

235 2752 360 2792 esse
419 2737 812 2807 Christianus,
873 2742 1010 2796 dum
1067 2761 1172 2799 nos
1215 2745 1518 2816 saguinein
1577 2746 1792 2801 Christi
1823 2746 1882 2801 in

231 2825 346 2880 vini
381 2826 676 2883 oblatione
709 2846 1239 2888 commemoramus
1269 2835 1295 2888 ἱ)
1328 2856 1356 2883 ››

301 2950 682 3007 Difficultatis
705 2953 882 3024 hujus
914 2957 1131 3012 nodum
1157 2957 1395 3028 quidam
1417 2958 1560 3014 solvi
1586 2976 1759 3030 posse
1782 2978 1881 3016 au-

224 3042 460 3094 tumant
484 3040 902 3114 distinguendo
920 3045 1134 3116 duplex
1151 3065 1443 3119 synaxeon
1467 3066 1672 3120 genus.
1687 3053 1876 3105 Unum

224 3127 379 3182 enim
419 3145 547 3184 esse
587 3130 771 3201 aiunt,
805 3132 864 3187 in
897 3149 1010 3204 quo
1054 3134 1416 3191 Eucharistia
1447 3156 1479 3191 a
1527 3137 1875 3194 Christianis

214 3216 441 3286 jejunis
465 3236 698 3274 summo
723 3237 895 3276 mane
917 3224 1546 3282 sumebatur.Alterum
1580 3245 1709 3282 vero
1732 3227 1874 3283 illud
1908 3259 1949 3326 ρ

220 3321 347 3361 esse
380 3311 722 3378 censent,de
748 3328 860 3381 quo
885 3311 1300 3385 agimus,quod
1325 3333 1546 3388 agapen
1563 3318 1868 3385 vocabant,

222 3394 568 3466 solebatque
601 3399 710 3454 sub
741 3417 1042 3472 vesperam
1067 3403 1464 3461 inchoari.Sed
1497 3412 1698 3461 contra
1723 3407 1871 3463 hanc

221 3486 666 3556 responsionem
703 3489 889 3544 facere
921 3491 1192 3546 videntur
1221 3494 1485 3550 Socrates
1517 3501 1571 3550 et
1601 3497 1870 3552 Sozome-

219 3575 468 3646 nus,qui
491 3584 763 3632 asserunt
787 3596 898 3634 non
926 3582 1196 3636 eumdem
1225 3583 1439 3654 ubique
1470 3602 1503 3639 a
1525 3585 1869 3641 Christianis

216 3669 516 3718 servatum
541 3671 719 3720 ccstus
737 3684 875 3723 suos
903 3670 1112 3740 agendi
1137 3673 1868 3745 morem.Narrantquippe

213 3748 271 3805 in
303 3753 664 3822 quibusdam
701 3755 969 3812 Ecclesiis
999 3759 1272 3827 Sabbato,
1311 3761 1368 3814 in
1404 3762 1534 3816 aliis
1568 3761 1869 3818 Dominica

212 3839 304 3894 die
333 3847 498 3895 actas
533 3859 779 3914 synaxes
810 3861 821 3898 :
861 3863 1025 3901 sacra
1060 3865 1293 3919 quoque
1325 3850 1595 3921 mysteria
1627 3851 1686 3905 in
1719 3868 1864 3906 non-

211 3928 389 3985 nullis
426 3930 580 3986 958
613 3933 722 3986 sub
757 3950 1060 4005 vesperam
1094 3955 1125 3991 a
1157 3937 1420 4004 cmnatis,
1461 3938 1519 3993 in
1555 3938 1689 3994 aliis
1735 3957 1863 3996 vero

210 4022 343 4072 ante
378 4035 617 4074 omnem
652 4021 848 4077 cibum
882 4029 1118 4095 accepta
1157 4027 1400 4096 (Socrat.
1435 4027 1533 4081 liv.
1569 4044 1604 4081 v
1652 4030 1860 4085 Hister.

207 4107 422 4162 Eccles.
460 4125 587 4179 cap.
615 4111 672 4174 2,
705 4127 834 4180 pag.
869 4112 968 4164 187
996 4130 1008 4180 ;
1043 4115 1167 4168 Soz.
1203 4114 1305 4169 lib.
1338 4132 1417 4170 vn
1449 4117 1863 4173 IIz'stor.Eccles-

207 4211 332 4265 cap.
371 4197 462 4261 17,
498 4214 552 4267 p.
585 4198 733 4268 734).
766 4199 821 4252 Si
855 4206 1050 4256 autem
1075 4201 1203 4258 illos
1234 4204 1304 4258 de
1326 4221 1433 4259 suo
1467 4207 1860 4277 potius,quam

205 4286 630 4357 antiquissimo
645 4293 818 4359 atque
840 4289 1016 4345 etiam
1037 4291 1381 4347 Tertulliani
1397 4296 1578 4350 nostri
1599 4299 1861 4368 tempore

202 4371 364 4444 loqui
401 4375 634 4446 dixerit,
669 4393 772 4432 nec
804 4376 862 4432 id
896 4379 1062 4435 facile
1111 4382 1404 4452 probabit,
1439 4399 1545 4439 nec
1600 4385 1856 4442 multum

200 4463 496 4533 proficiet.
533 4464 677 4522 Nam
712 4467 1126 4537 Tertullianus,
1159 4487 1274 4525 non
1325 4489 1494 4527 secus
1544 4478 1721 4546 atque
1749 4475 1856 4531 Ju-

199 4552 397 4608 stinus
432 4555 758 4625 Martyr,uti
782 4572 849 4611 ex
879 4556 950 4612 iis
973 4564 1130 4628 patet
1160 4577 1286 4631 quae
1310 4562 1584 4633 superius
1607 4570 1854 4620 annota-

2014 618 2116 657 nes
2149 603 2604 674 appellarentur.

2082 692 2268 747 Tertio
2300 694 2692 749 Tertullianus
2726 699 2921 750 narrat
2945 699 3077 766 post
3110 695 3269 750 illam
3301 695 3656 751 Christiano-

2013 797 2142 833 rum
2175 799 2420 847 cmnam,
2445 802 2465 827 α
2505 789 2565 836 ut
2597 784 2846 853 quisque
2879 785 2948 838 de
2981 785 3300 856 Scripturis
3329 785 3546 840 sanctis
3570 785 3656 839 vel

2011 870 2080 923 de
2111 872 2345 940 proprio
2381 871 2613 943 ingenio
2645 878 3284 943 potest,provocaretur
3309 874 3364 927 in
3399 874 3656 928 medium

2010 958 2125 1014 Deo
2157 975 2380 1014 canere.
2414 983 2442 1008 »
2476 962 2681 1029 (Idem,
2716 963 2985 1033 Apologet.
3021 980 3148 1034 cap.
3181 965 3268 1032 39,
3323 980 3456 1035 pag.
3507 964 3653 1033 447).

2011 1047 2252 1103 Remota
2274 1048 2470 1120 itaque
2495 1051 3136 1122 mensa,unusquisque
3151 1053 3221 1107 ad
3237 1052 3523 1124 hymnum
3550 1050 3656 1106 ali-

2007 1154 2201 1208 quem,
2239 1143 2338 1194 aut
2368 1139 2748 1210 desumptum
2782 1158 2848 1194 ex
2879 1157 3044 1196 sacra
3077 1142 3657 1214 Scriptura,autpro-

2007 1227 2131 1296 prio
2165 1227 2396 1299 ingenio
2430 1228 2483 1282 in
2523 1228 2804 1282 honorem
2842 1231 2936 1283 Dei
2969 1230 3448 1300 compositum,in
3473 1229 3653 1284 totius

2005 1331 2318 1370 consessus
2341 1321 2630 1371 etcorona:
2648 1317 2833 1372 medio
2856 1319 3183 1372 canendum
3210 1320 3651 1389 provocabatur.

2001 1405 2072 1457 At
2105 1404 2426 1476 Cyprianus
2454 1410 2735 1459 Donatum
2761 1408 2829 1460 ad
2856 1407 3112 1477 psalmos
3128 1409 3382 1478 quodam
3403 1407 3494 1462 die
3516 1424 3651 1461 con-

2004 1493 2280 1548 cinendos
2312 1494 2470 1549 hisce
2521 1495 2862 1548 adhortatur
2909 1497 3102 1551 verbis
3135 1515 3151 1550 :
3187 1519 3213 1546 ‹‹
3251 1498 3317 1551 Et
3370 1496 3649 1567 quoniam

2004 1581 2208 1636 feriata
2240 1600 2394 1637 nunc
2420 1583 2679 1652 quies,ac
2705 1589 2937 1655 tempus
2963 1590 3052 1640 est
3074 1586 3648 1656 otiosum,quidquid

2001 1669 2277 1726 inclinato
2301 1671 2427 1741 jam
2461 1671 2666 1738 sole,in
2702 1689 3001 1744 vesperam
3035 1675 3148 1729 diei
3181 1675 3652 1746 superest,duea-

2003 1776 2132 1814 nius
2165 1761 2319 1814 hunc
2351 1760 2505 1814 diem
2539 1759 2674 1827 laeti,
2707 1777 2810 1815 nec
2844 1762 2922 1816 sit
2951 1762 3035 1816 vel
3071 1763 3211 1817 hora
3237 1763 3480 1818 convivii
3513 1780 3644 1834 gra-

2001 1847 2090 1902 tiae
2127 1848 2378 1904 caelestis
2424 1849 2706 1904 immunis
2743 1866 2756 1905 :
2789 1856 2955 1905 sonet
3010 1851 3265 1922 psalmos
3317 1851 3644 1908 convivium

2003 1937 2351 2006 sobrium,et
2386 1943 2448 1993 ut
2479 1938 2584 1992 tibi
2619 1939 2899 1994 memoria
2931 1945 3099 1994 tenax
3131 1945 3238 2007 est,
3272 1959 3377 1996 vox
3410 1957 3640 2010 canora,

2001 2027 2313 2098 aggredere
2345 2027 2452 2082 hoc
2485 2045 2701 2083 munus
2731 2046 2798 2084 ex
2830 2045 3010 2084 more.
3044 2031 3226 2101 Magis
3259 2030 3641 2086 charissimos

2003 2117 2280 2186 pasces,si
2303 2117 2377 2172 sit
2395 2118 2563 2172 nobis
2585 2118 2873 2190 spiritalis
2892 2119 3136 2186 auditio;
3165 2120 3445 2191 prolectet
3467 2137 3639 2176 aures

1999 2206 2271 2278 religiosa
2301 2206 2543 2261 dulcedo
2576 2228 2600 2258 ο
2638 2208 3036 2280 (Cyprian.lib.
3063 2210 3132 2263 ad
3165 2210 3460 2276 Donat.,z'n
3490 2211 3637 2281 ﬁn.).

1998 2295 2052 2348 Si
2085 2295 2219 2366 quis
2251 2301 2443 2350 autem
2479 2297 2715 2367 objiciat
2745 2297 2823 2351 ibi
2846 2297 3196 2370 Cyprianum
3221 2299 3289 2353 de
3314 2298 3498 2354 sacris
3521 2316 3637 2353 non

2000 2384 2159 2455 loqui
2191 2386 2527 2456 synaxibus,
2563 2386 2702 2456 quid
2755 2386 2888 2441 inde
2938 2387 3348 2458 promovebit?
3377 2389 3433 2441 Si
3483 2388 3640 2442 enim

1998 2473 2057 2526 in
2088 2475 2501 2546 communibus
2539 2474 2718 2529 coenis
2751 2476 2962 2546 psalmi
2995 2477 3636 2548 cantabantur,quanto

1998 2565 2192 2634 potius
2225 2564 2283 2617 in
2317 2565 2500 2618 sacris
2533 2565 2851 2636 synaxibus
2893 2565 3121 2620 concini
3179 2565 3512 2620 debebant?
3570 2565 3641 2620 Et

1997 2659 2148 2707 certe
2203 2653 2447 2720 Plinius,
2481 2654 2572 2724 [ab
2624 2653 2750 2725 ipso
2810 2654 3172 2709 Tertulliano
3230 2655 3440 2709 citatus
3499 2659 3637 2710 Ter-

1996 2743 2224 2797 tullian.
2256 2743 2528 2813 Apologet.
2560 2761 2688 2814 cap.
2722 2744 2812 2807 39,
2845 2760 2976 2814 pag.
3006 2745 3152 2815 467),
3187 2745 3256 2798 ad
3291 2745 3636 2814 Trajanum,

1994 2831 2146 2885 sicut
2177 2837 2346 2886 antea
2375 2832 2652 2901 vidimus,
2687 2832 3005 2904 scripserat
3036 2850 3150 2887 non
3203 2832 3360 2887 aliud
3413 2833 3634 2888 crimen

1992 2920 2053 2974 in
2083 2919 2448 2976 antelucanis
2489 2921 2951 2976 Christianorum
3002 2923 3555 2994 congregationibus
3606 2940 3640 2978 a

1993 3025 2055 3064 se
2087 3009 2668 3081 deprehensum,nisi
2702 3016 2856 3081 quod
2890 3011 3175 3083 hymnum
3209 3010 3433 3067 Christo
3465 3011 3636 3081 quasi

1994 3101 2106 3154 Deo
2138 3103 2431 3153 canerent.
2470 3100 2544 3153 De
2575 3097 2667 3154 his
2700 3116 2866 3170 porro
2901 3100 3134 3171 hymnis
3165 3099 3302 3155 alibi
3353 3100 3634 3156 disserui-

1990 3205 2122 3242 mus
2154 3187 2339 3257 (Tom.
2374 3192 2397 3239 Ι
2431 3189 2692 3258 Apparnt.
2727 3205 2859 3259 pag.
2894 3190 3017 3258 413,
3049 3190 3154 3242 656
3187 3193 3244 3244 et
3270 3191 3418 3260 658).

2057 3276 2213 3332 Talis
2247 3294 2417 3348 porro
2452 3277 2561 3331 l'uit
2593 3277 2771 3347 hujus
2801 3278 3047 3332 couvivii
3098 3278 3256 3346 ﬁnis,
3306 3278 3478 3349 quale
3510 3280 3631 3335 fue-

1983 3370 2074 3420 rat
2103 3366 2264 3420 illius
2296 3366 2565 3420 initium!
2603 3387 2630 3416 «
2672 3365 2815 3420 Nam
2848 3385 3009 3437 aeque
3039 3368 3246 3436 oratio,
3281 3369 3363 3422 ait
3395 3369 3624 3424 Tertul-

1980 3455 2196 3521 lianus,
2231 3455 2557 3510 convivium
2591 3454 2887 3509 dirimit.»
2923 3456 3110 3512 Finito
3143 3457 3341 3530 itaque
3371 3457 3630 3529 psalmo-

1980 3562 2133 3615 rum,
2167 3545 2290 3600 sive
2322 3545 2705 3610 canticorum,
2736 3545 2824 3598 vel
2857 3544 3210 3617 hymnorum
3243 3552 3438 3617 cantu,
3462 3547 3628 3602 Chri-

1979 3634 2154 3689 stiani
2190 3650 2390 3706 preces
2423 3651 2631 3689 rursus
2651 3634 2720 3688 ad
2753 3635 2971 3704 gratias
2993 3637 3101 3690 Deo
3133 3637 3390 3706 agendas
3415 3636 3627 3691 funde-

1978 3724 2142 3779 bant.
2178 3723 2432 3793 Denique
2467 3747 2493 3773 ‹‹
2528 3723 2662 3778 inde
2694 3724 3033 3788 disceditur,
3067 3726 3242 3780 verba
3271 3725 3462 3780 adhuc
3486 3730 3627 3781 sunt

1977 3811 2419 3882 Tertulliani,ad
2444 3813 2710 3866 eamdem
2742 3829 2942 3867 curam
2977 3814 3273 3869 modestia:
3309 3819 3365 3869 et
3396 3815 3623 3886 pudici-

1976 3903 2069 3958 tizs
2119 3904 2221 3972 qui
2252 3919 2367 3956 non
2394 3906 2515 3954 tam
2550 3917 2773 3957 cmnam
2807 3903 3184 3971 coenaverint,
3234 3920 3410 3973 quam
3444 3903 3623 3958 disci-

1974 3991 2195 4062 plinam
2227 4011 2254 4039 »
2285 3987 2552 4060 (Tertull.
2585 3987 2855 4059 Apologct.
2889 4006 3015 4060 cap.
3050 3991 3136 4059 39,
3175 4007 3304 4061 pag.
3340 3992 3485 4061 477),
3511 3991 3620 4047 hoc

1973 4085 2082 4146 est,
2116 4095 2382 4135 normam
2415 4079 2506 4148 pie
2539 4082 2853 4147 sancteque
2885 4078 3135 4147 vivendi,
3168 4095 3233 4134 ac
3279 4080 3431 4136 959
3465 4080 3620 4133 divi-

1972 4186 2108 4224 nam
2140 4172 2196 4223 et
2227 4164 2552 4237 spiritalem
2585 4182 2699 4235 qua
2729 4167 2879 4236 pasti
2911 4166 3164 4234 fuerant,
3191 4168 3620 4223 doctrinam.At

1970 4259 2040 4313 de
2071 4257 2180 4311 hoc
2213 4255 2498 4324 modesto,
2540 4254 2833 4325 religioso,
2884 4256 3098 4327 pudico
3149 4255 3614 4311 Christianorum

1970 4347 2041 4403 ab
2073 4344 2319 4402 ecclesia
2349 4345 2613 4401 discessu
2646 4351 2838 4400 actum
2869 4363 2901 4400 a
2923 4345 3091 4401 nobis
3125 4344 3262 4402 alibi
3285 4345 3395 4402 fuit
3417 4345 3614 4417 (tom.l

1967 4439 2234 4509 Apparat.
2269 4451 2398 4507 pag.
2432 4434 2578 4504 713).

2579 4575 2896 4614 ABTICULUS
2937 4575 2989 4614 ν.

197 4642 416 4710 vimus,
454 4642 717 4713 disputat
747 4646 1028 4702 adversus
1061 4649 1347 4716 ethnicos,
1381 4651 1481 4721 qui
1513 4657 1632 4706 tam
1684 4653 1849 4722 falso,
1883 4637 1930 4699 D
1963 4651 2238 4720 Quomodo
2267 4666 2335 4704 ex
2385 4649 2850 4722 Thcrapeutarum
2909 4648 3259 4704 conventibus
3318 4664 3380 4722 ea
3410 4649 3608 4716 conﬁr-

197 4747 378 4801 quam
434 4733 713 4787 audacter
761 4734 1144 4792 clamitabant
1196 4738 1487 4795 horrenda
1519 4759 1760 4812 prorsus
1792 4743 1850 4798 in

196 4820 673 4877 Christianorum
706 4825 1024 4895 synaxibus
1043 4826 1258 4883 scelera
1285 4831 1634 4901 perpetrari;
1662 4849 1852 4888 nonne

121 4939 130 4945 -
196 4926 332 4982 ergo
367 4912 444 4966 de
473 4912 748 4967 omnibus
780 4913 951 4984 plane
974 4918 1291 4987 synaxibus
1324 4918 1604 4990 loquitur,
1637 4920 1696 4975 in
1721 4923 1849 4992 qui-

195 4999 306 5054 bus
341 5017 435 5070 ea,
471 5016 597 5072 quae
631 5002 972 5073 agebantur,
1032 5005 1286 5063 breviter
1316 5011 1372 5062 et
1405 5023 1534 5063 vere
1567 5009 1851 5080 exponit?

194 5089 430 5145 Certum
447 5106 677 5161 quoque
697 5095 784 5146 est
801 5092 1162 5149 Christianos
1182 5096 1536 5166 quibusdam
1556 5096 1614 5151 in
1637 5097 1849 5154 solem-

193 5179 670 5246 nitatibus,sicut
700 5181 1000 5237 Paschalis
1031 5183 1372 5252 festi,totam
1404 5191 1634 5241 noctem
1659 5188 1849 5259 pervi-

191 5270 522 5339 gilasse.Ad
541 5286 710 5324 suam
730 5287 984 5342 namque
1001 5289 1236 5328 uxorem
1256 5275 1852 5350 Tertullianusscrip-

193 5357 288 5424 sit;
313 5381 340 5406 ‹‹
359 5357 508 5422 Quis
533 5359 897 5414 solemnibus
922 5359 1153 5416 Pascha:
1178 5365 1588 5421 abnoctantem
1605 5383 1848 5424 securus

191 5447 518 5502 sustinebit
548 5449 569 5501 Ρ
602 5469 631 5497 ››
665 5448 919 5519 (Tertull.
957 5449 1057 5505 lib.
1091 5470 1130 5507 II
1161 5453 1230 5508 ad
1257 5455 1418 5511 Uxor.
1453 5473 1580 5528 cap.
1616 5457 1692 5527 4.)
1740 5459 1848 5513 Sed

189 5534 248 5589 in
284 5537 642 5608 Apologetico
673 5553 785 5592 non
811 5538 879 5593 de
909 5538 1002 5595 his
1033 5545 1290 5615 tantum,
1316 5546 1416 5600 sed
1449 5545 1580 5601 aliis
1611 5547 1848 5619 synaxi—

191 5623 300 5679 bus
333 5625 597 5692 disserit,
649 5643 796 5698 quas
843 5627 903 5682 in
954 5630 1199 5687 multam
1251 5639 1476 5689 noctem
1527 5635 1846 5705 producere

191 5713 518 5771 Christiani
548 5723 990 5776 consueverant.
1032 5719 1189 5777 Nihil
1219 5738 1352 5794 ergo
1397 5723 1669 5795 prohibet
1697 5740 1844 5795 quo-

2030 4724 2177 4778 mari
2204 4723 2557 4792 possint,quae
2587 4721 2649 4776 de
2679 4721 3123 4777 Clu-istianorum
3152 4721 3460 4792 synaxibus
3491 4722 3610 4776 dic-

2032 4804 2091 4850 ta
2120 4803 2269 4850 sunt.

2033 4920 2204 4974 Plura
2233 4916 2396 4973 Philo
2429 4917 2689 4984 Judaeus,
2723 4935 2785 4971 ac
2819 4924 2948 4989 post
2979 4919 3145 4974 illum
3197 4919 3502 4987 Eusebius,
3538 4920 3608 4974 de

1959 5010 2467 5080 Therapeutarum
2501 5005 2884 5062 conventibus
2918 5009 3212 5064 memoriae
3256 5009 3609 5064 mandarunt

1958 5099 2031 5156 iis
2061 5098 2299 5162 similia,
2336 5112 2465 5168 quae
2499 5095 2557 5150 in
2590 5094 3056 5153 Christianorum
3108 5099 3427 5170 synaxibus
3480 5102 3610 5152 acta

1960 5190 2244 5245 hactenus
2271 5185 2546 5240 vidimus.
2582 5186 2974 5249 Quamobrem
3007 5205 3140 5242 cum
3187 5189 3303 5242 haec
3338 5193 3606 5241 mutuam

1959 5281 2069 5335 sibi
2100 5279 2292 5334 lucem
2327 5275 2463 5329 dare
2485 5274 2964 5345 possint,nemini
2997 5277 3392 5349 ingratum,ac
3430 5276 3608 5346 pluri-

1957 5371 2068 5425 bus
2086 5371 2279 5425 forsan
2301 5384 2413 5421 non
2435 5382 2676 5437 prorsus
2701 5367 2906 5421 inutile
2927 5369 3044 5424 fore
3067 5367 3422 5439 putamus,si
3449 5366 3604 5420 brevi

1958 5457 2324 5515 enarratione
2357 5460 2492 5510 ante
2520 5455 2788 5511 omnium
2820 5457 3019 5513 oculos
3051 5474 3116 5512 ea
3147 5471 3605 5528 ponamus,quas

1958 5549 2028 5604 ab
2060 5547 2175 5601 illis
2203 5546 2582 5615 Therapeutis
2615 5545 2956 5617 agebantur.
2990 5548 3135 5602 Nam
3167 5547 3228 5601 hi
3261 5545 3380 5599 sive
3401 5542 3607 5596 Mosai-

1957 5654 2085 5692 cam
2116 5636 2324 5707 legem.
2361 5635 2443 5688 uti
2479 5633 2639 5690 Philo
2673 5634 2964 5706 opinatur,
3016 5636 3137 5693 sive
3186 5631 3600 5698 Christianam,

1958 5725 2133 5784 sicuti
2163 5722 2414 5782 Eusebio
2434 5722 2631 5779 visum
2661 5725 2918 5796 est,sive,
2933 5728 2998 5782 ut
3026 5721 3446 5783 recentioribus
3468 5719 3602 5792 quia
