4118 6182
245 383 400 447 1053

1152 391 1227 449 D.
1271 392 1368 450 LE
1415 391 1741 453 NOURRY
1786 389 2435 453 OBSERVATIONES
2481 392 2747 454 ΝονΑῑ.

3499 389 3656 449 1054

237 517 443 589 utique
471 517 891 590 Tertullianus,
924 536 1027 577 nec
1059 522 1244 594 magis
1284 523 1591 593 speciatim
1628 522 1686 577 in
1737 526 1885 595 Apo~
1923 524 1973 590 Α
2000 521 2208 592 timus,
2255 524 2617 595 Scripturam
2666 524 3099 592 interverterint,
3134 522 3215 577 ita
3270 520 3527 576 heretici
3555 535 3626 575 no

235 606 489 679 logetico
523 607 770 664 dicenda
799 626 924 664 esse
956 609 1201 665 censuit.
1225 613 1435 667 Verum
1466 612 1525 667 in
1549 630 1656 669 suo
1686 612 1755 666 ad
1784 613 1890 667 Na-

232 696 407 752 tiones
436 696 584 752 libro
617 697 1086 754 criminationem
1110 699 1272 755 illam
1305 700 1523 756 excutit
1544 718 1608 756 ac
1646 700 1886 769 refellit;

236 806 267 839 «
295 788 368 841 At
399 787 581 853 vobis,
614 786 824 858 inquit,
860 787 1110 844 dicimur
1141 789 1382 861 pessimi
1408 795 1466 846 et
1505 790 1888 862 probrosissi-

234 875 315 931 mi
351 875 613 943 avaritia,
647 875 898 947 luxuria,
933 877 1309 950 improbitate
1343 902 1367 929 ››
1404 880 1609 951 (Idem,
1642 880 1744 935 lib.
1779 881 1891 935 iud

230 966 464 1021 Nation.
517 981 643 1036 cap.
693 966 749 1031 5,
794 982 929 1037 pag.
975 967 1126 1039 565).
1175 968 1258 1023 Ita
1310 985 1452 1024 sane
1500 968 1585 1023 illi
1625 970 1891 1025 solebant

231 1053 599 1110 Christianos
631 1053 998 1111 calumniari.
1032 1055 1179 1123 Quid
1231 1074 1363 1114 vero
1407 1058 1719 1130 respondet
1749 1060 1888 1115 Ter-

228 1142 567 1199 tullianus?
596 1144 717 1199 Non
763 1145 1113 1215 negabimus,
1166 1145 1266 1214 ait,
1316 1146 1598 1218 quosdam.
1653 1151 1890 1203 Fatetur

229 1232 432 1303 itaque
464 1247 569 1288 nec
601 1231 773 1304 plane
801 1232 1141 1290 dissimulat
1172 1237 1459 1305 quosdam
1502 1236 1683 1292 fuisse
1728 1238 1888 1292 Chri-

230 1320 475 1388 stianos,
509 1320 607 1391 qui
642 1321 986 1377 criminibus
1044 1323 1345 1380 nonnullis
1377 1324 1669 1397 inquinati
1700 1331 1885 1382 erant.

229 1409 336 1464 Sed
362 1408 500 1481 quid
527 1409 659 1464 inde
681 1415 883 1465 contra
905 1416 1163 1479 ceteros,
1190 1418 1246 1468 et
1268 1414 1450 1469 multo
1476 1414 1661 1487 magis
1688 1421 1888 1471 contra

231 1498 625 1555 Christianam
682 1499 1075 1572 religionem?
1126 1501 1280 1557 Nihil
1332 1520 1593 1574 prorsus,
1648 1505 1883 1576 inquit:

225 1587 349 1642 imo
411 1586 520 1642 hoc
565 1586 759 1659 ipsum
819 1606 921 1661 pro
973 1591 1101 1659 eius
1131 1596 1187 1646 et
1218 1591 1455 1647 veritate
1486 1597 1541 1647 et
1575 1594 1887 1649 sanctitate

228 1675 588 1733 stabilienda
614 1675 939 1749 plurimum
975 1679 1129 1734 facit.
1165 1680 1310 1735 Nam
1348 1702 1375 1731 ε(
1409 1682 1629 1737 sufficit
1658 1686 1715 1737 et
1755 1684 1882 1751 hoc,

227 1765 313 1822 ait
344 1764 464 1834 ille,
489 1767 556 1822 ad
582 1767 987 1823 testimonium
1021 1769 1277 1825 nominis
1311 1770 1494 1825 nostri
1526 1788 1589 1826 ac
1621 1772 1884 1842 perfecte

225 1854 556 1927 religionis,
589 1855 639 1912 si
692 1874 805 1912 non
851 1874 1077 1925 omnes,
1110 1858 1159 1913 si
1212 1876 1325 1914 non
1375 1858 1573 1930 plures
1606 1883 1632 1908 ››
1681 1861 1882 1931 (Ibid)
1916 1899 1963 1962 B

223 1942 411 2014 Cujus
442 1961 581 1999 sane
616 1944 764 2001 hanc
796 1946 1102 2018 pulchram
1152 1964 1217 2002 ac
1249 1964 1443 2003 veram
1486 1949 1674 2003 reddit
1704 1950 1885 2005 ratio-

224 2048 364 2087 nem
399 2050 410 2086 :
438 2055 467 2083 «
499 2033 745 2089 Necesse
767 2039 874 2102 est,
902 2034 1191 2107 inquit,in
1228 2052 1487 2106 corpore,
1511 2041 1566 2092 et
1597 2045 1884 2109 quantum

222 2120 371 2177 velis
400 2121 625 2193 integro
648 2128 748 2178 aut
771 2140 938 2195 puro,
966 2129 1029 2179 ut
1055 2142 1251 2180 nevus
1283 2124 1463 2197 aliqui
1491 2126 1615 2197 (pro
1646 2126 1885 2200 aliquis)

226 2210 535 2279 eIIruticet,
590 2216 690 2267 aut
755 2212 1065 2268 verrucula
1122 2218 1417 2285 exsurgat,
1481 2219 1580 2269 aut
1624 2215 1884 2287 lentingo

229 2300 553 2355 sordescat.
586 2324 606 2351 ι
647 2301 837 2373 (Ibid.)
870 2302 1117 2372 Scripsit
1149 2303 1386 2373 quidem
1410 2303 1699 2373 effralicet,
1733 2305 1886 2359 sicut

229 2388 293 2444 in
321 2387 473 2444 libro
511 2390 575 2445 de
604 2393 804 2445 Anima
837 2391 1138 2447 hominem
1167 2408 1235 2446 ex
1268 2392 1497 2446 duobus
1534 2393 1790 2460 formari,
1827 2402 1884 2448 ut

228 2476 342 2533 duo
365 2479 581 2550 pariter
607 2481 889 2535 hominem
919 2496 987 2536 ex
1022 2485 1260 2552 utraque
1308 2481 1613 2536 substantia
1642 2484 1883 2553 eas/“ruti-

226 2574 352 2621 cent
380 2567 563 2638 (Idem
592 2568 659 2624 de
684 2569 866 2623 Anim.
901 2586 1026 2641 cap.
1057 2571 1171 2642 27),
1203 2570 1322 2625 sive
1353 2570 1615 2625 oriantur
1644 2575 1699 2626 et
1729 2589 1883 2627 cres-

229 2658 389 2711 cant.
420 2657 492 2710 At
515 2673 692 2728 parva
721 2657 829 2713 hac
859 2658 1089 2714 macula
1135 2658 1461 2715 evidentius
1509 2660 1765 2715 ostendit
1796 2666 1882 2716 to-

226 2744 361 2798 tum
395 2761 605 2816 corpus
636 2746 951 2818 pulchrum
983 2764 1133 2814 esse,
1167 2764 1378 2803 sanum
1427 2752 1484 2803 et
1533 2749 1876 2820 perfectum.

220 2832 315 2887 Sic
347 2849 485 2906 ergo
516 2834 778 2906 quidam,
814 2837 912 2892 sed
948 2837 1309 2908 paucissimi,
1360 2836 1702 2904 Christiani,
1745 2843 1879 2894 tan-

221 2937 405 2993 quam
439 2922 584 2976 nevi
617 2924 858 2995 quidam
892 2924 950 2978 in
984 2928 1104 2979 toto
1138 2924 1370 2980 illorum
1404 2942 1644 2997 corpore
1674 2943 1741 2981 ac
1773 2942 1882 2981 caa-

217 3014 305 3074 τυ,
328 3010 548 3066 clarius
578 3012 1065 3069 demonstrabant
1095 3030 1388 3070 summam
1421 3013 1763 3071 Christiane
1795 3032 1881 3077 re_

220 3098 461 3170 ligionis
492 3102 931 3171 perfectionem.

290 3204 514 3261 Deinde
544 3223 678 3262 vero
728 3207 1043 3263 Christiani
1076 3207 1181 3275 illi,
1216 3225 1247 3262 a
1281 3211 1439 3263 recta
1471 3209 1673 3281 regula
1704 3211 1873 3265 aber-

216 3298 442 3359 rantes,
477 3312 580 3367 pro
613 3295 961 3352 delictorum
993 3268 1278 3370 gravitate
1308 3297 1367 3352 in
1406 3268 1652 3370 publicis
1698 3316 1870 3371 syna-
1903 3268 1945 3335 ρ·

214 3381 391 3437 xibus
424 3383 712 3454 solebant,
750 3391 814 3440 ut
845 3390 1017 3441 antea
1044 3385 1302 3441 vidimus
1336 3390 1462 3455 (art.
1498 3389 1741 3459 super.),
1777 3389 1871 3442 ad-

216 3472 466 3539 moneri,
500 3474 736 3547 corripi,
786 3475 1083 3546 castigari,
1115 3479 1173 3530 et
1228 3474 1544 3546 aliquando
1590 3482 1869 3549 tanquam

218 3561 487 3618 membra
518 3562 753 3633 putrida
788 3562 1407 3619 excommunicationis
1440 3563 1631 3636 gladio
1662 3581 1873 3637 ampu-

214 3649 331 3703 tari
366 3666 432 3705 ac
485 3652 706 3722 projici.
743 3652 1133 3716 Quamobrem
1178 3650 1313 3708 alibi
1346 3656 1548 3708 auctor
1578 3658 1774 3708 noster
1803 3653 1873 3708 ad

216 3739 532 3812 Scapulam
565 3742 803 3813 scripsit
837 3760 849 3799 :
888 3766 915 3794 ‹‹
952 3743 1290 3815 Depositum
1343 3760 1454 3798 non
1490 3744 1871 3815 abnegamus,

216 3827 666 3885 matrimonium
729 3830 951 3887 nullius
1005 3831 1427 3898 adulteramus,
1471 3831 1724 3904 pupillos
1784 3832 1876 3903 pie

212 3920 563 3986 tractamus,
594 3918 990 3993 indigentibus
1024 3919 1619 3993 refrigeramus,nulli
1653 3920 1872 3976 malum

213 4021 321 4076 pro
353 4006 510 4062 malo
543 4008 865 4064 reddimus.
893 4009 1160 4065 Viderint
1188 4009 1286 4082 qui
1323 4014 1542 4065 sectam
1574 4008 1876 4064 mentiun-

208 4097 336 4165 tur,
371 4111 518 4165 quos
549 4100 607 4150 et
638 4096 785 4169 ipsis
818 4113 1214 4153 recusamus»
1249 4097 1513 4170 (Tertull.
1552 4099 1625 4153 ad
1652 4098 1869 4169 Scapul.

210 4199 345 4255 cap.
379 4184 456 4255 4),
491 4183 623 4240 illos
670 4186 976 4256 nimirum,
1008 4187 1109 4258 qui
1143 4204 1250 4242 sua
1292 4192 1527 4260 propter
1557 4186 1777 4243 scelera
1805 4204 1874 4242 ex

211 4272 402 4328 sacris
433 4273 605 4343 ejecti
637 4280 804 4331 erant
835 4276 1084 4332 coetibus
1115 4276 1872 4351 Christianorum,quorum

213 4377 437 4417 nomen
470 4362 924 4420 mentiebantur.

286 4468 406 4523 Alii
439 4484 570 4525 vero
594 4469 979 4527 Christianam
1004 4471 1346 4545 religionem
1370 4487 1430 4528 se
1451 4472 1708 4544 proﬁteri
1730 4488 1869 4529 ven-

212 4558 513 4622 ditabant,
547 4558 823 4615 nimirum
859 4560 1135 4628 heretici,
1161 4562 1261 4632 qui
1291 4562 1360 4617 de
1388 4577 1519 4628 una,
1545 4564 1612 4616 ut
1641 4560 1722 4615 ait
1752 4561 1869 4629 ille,

1999 616 2171 667 stram
2207 613 2347 668 hanc
2374 614 2703 669 novitiolam
2725 619 3082 685 paraturam,
3115 611 3221 666 hoc
3253 614 3339 666 est
3371 609 3503 665 novi
3537 610 3653 666 Te-

2000 702 2277 757 stainenti
2328 701 2530 769 libros,
2573 704 2689 757 suis
2737 701 3086 773 Opinionibus
3135 701 3203 755 ad
3248 698 3651 771 philosophicas

1997 793 2297 846 sententias
2354 791 2810 846 adulteraverunt
2861 789 3126 861 (Tertull.
3180 788 3461 860 Apologet.
3520 805 3650 859 cap.

2000 879 2086 947 47,
2110 897 2239 952 pag.
2268 882 2415 950 519),
2440 880 2496 935 id
2528 886 2636 947 est,
2672 880 2862 935 conati
2898 885 3036 935 sunt
3069 879 3343 933 traditam
3376 879 3435 932 in
3467 880 3649 932 sacris

2000 968 2169 1040 Legis
2201 987 2358 1024 nove
2391 968 2558 1025 libris
2591 969 2913 1024 doctrinam
2946 969 3017 1023 ad
3048 966 3485 1039 philosophicas
3516 982 3650 1021 sen-

1997 1057 2211 1113 tentias
2242 1059 2684 1114 accommodare
2719 1075 2731 1113 :
2766 1058 2868 1113 sed
2903 1056 3050 1112 falsa
3079 1074 3213 1112 cum
3241 1055 3390 1111 veris
3422 1072 3649 1128 prepo-

1997 1153 2152 1201 stere
2184 1146 2521 1216 miscentes,
2555 1146 2626 1201 ab
2661 1146 2789 1218 ipsa
2823 1147 3063 1201 veritate
3109 1145 3495 1213 desciverunt,
3546 1161 3648 1200 ve-

1998 1251 2177 1305 raque
2208 1235 2687 1291 adulteraverunt
2716 1237 3085 1290 documenta.

2067 1340 2280 1395 Verum
2312 1342 2563 1412 expedite
2603 1341 2906 1411 planeque,
2955 1341 3142 1412 pergit
3170 1341 3288 1407 ille,
3321 1343 3645 1411 praescribi-

1996 1445 2119 1483 mus
2150 1430 2423 1484 adulteris
2454 1432 2674 1495 nostris,
2705 1431 2823 1485 sive
2868 1430 3264 1499 exceptionem
3319 1429 3475 1484 hisce
3524 1429 3648 1484 he-

1998 1516 2213 1585 reticis,
2248 1536 2424 1573 sacre
2457 1519 2771 1590 Scripture
2803 1518 3264 1588 corruptoribus,
3289 1518 3643 1589 opponimus

1996 1605 2249 1676 illosque
2295 1607 2380 1663 vel
2430 1624 2495 1663 eo
2548 1607 2673 1663 solo
2723 1612 3069 1677 argumento
3109 1606 3452 1677 refellimus,
3486 1607 3643 1678 quod

1998 1712 2114 1750 una
2145 1696 2222 1749 sit
2253 1697 2510 1751 veritatis
2543 1696 2765 1768 regula,
2789 1720 2807 1744 α
2844 1713 2972 1767 que
3001 1696 3197 1750 veniat
3227 1713 3261 1750 a
3291 1696 3518 1751 Christo
3546 1712 3647 1766 per

1996 1782 2462 1855 comitesipsius,
2489 1786 2703 1854 quibus
2726 1784 3026 1855 aliquanto
3059 1784 3409 1855 posteriores
3432 1783 3645 1838 diversi

1994 1888 2123 1927 esse
2155 1878 2649 1928 commentatores
2682 1874 3089 1944 probabuntur
3119 1896 3140 1924 ι
3182 1872 3366 1944 (lbid.,
3400 1889 3458 1943 p.
3492 1873 3641 1943 519).

1998 1962 2378 2031 Apertissime
2407 1978 2544 2032 ergo
2575 1962 2779 2016 deﬁnit
2811 1962 3041 2016 unicam
3074 1977 3203 2016 esse
3237 1977 3379 2015 vere
3408 1959 3641 2031 religio-

1996 2049 2087 2104 nis
2120 2040 2401 2119 regulam,
2434 2068 2558 2121 que
2600 2051 2769 2105 nobis
2826 2052 3040 2105 tradita
3088 2056 3177 2104 est
3220 2067 3253 2105 a
3302 2050 3555 2115 Christo,
3589 2055 3647 2103 et

1992 2139 2349 2193 transmissa
2399 2156 2498 2209 per
2545 2142 2674 2210 ejus
2722 2144 2943 2194 comites
2986 2138 3279 2210 apostolos
3325 2154 3391 2193 ac
3422 2138 3644 2209 primos

1993 2227 2333 2298 discipulos,
2367 2243 2400 2280 a
2430 2228 2645 2297 quibus
2677 2228 2837 2281 illam
2870 2237 2923 2282 et
2975 2227 3191 2296 scripto
3238 2231 3294 2281 et
3340 2226 3514 2281 verbo
3547 2243 3643 2281 ac-

1993 2316 2278 2385 cepimus.
2312 2314 2604 2385 Quidquid
2637 2316 2833 2386 itaque
2864 2314 3122 2369 heretici
3146 2318 3203 2369 et
3234 2315 3341 2369 hac
3371 2314 3638 2368 traditio-

1994 2404 2086 2458 nis
2118 2420 2320 2457 norma
2340 2403 2637 2458 diversum
2671 2403 2985 2458 commenti
3011 2408 3172 2470 sunt,
3209 2418 3313 2457 nec
3344 2419 3377 2456 a
3406 2402 3637 2457 Christo

1991 2508 2099 2547 nec
2129 2508 2161 2546 a
2192 2491 2398 2562 primis
2437 2492 2566 2561 ejus
2616 2491 2928 2562 discipulis
2962 2491 3257 2561 proﬂuxit,
3291 2490 3434 2545 illud
3469 2490 3640 2563 plane

1990 2580 2204 2635 falsum
2233 2586 2342 2637 est.
2374 2580 2518 2635 Nam
2547 2580 2639 2635 his
2670 2580 3020 2651 posteriores
3046 2580 3443 2650 probabuntur.

2060 2687 2170 2741 Sed
2203 2704 2235 2742 a
2267 2704 2404 2759 quo,
2429 2687 2636 2742 amabo
2670 2692 2743 2756 te,
2764 2687 3189 2757 probabuntur?
3216 2687 3367 2741 Num
3400 2688 3472 2743 ab
3495 2686 3642 2758 ipso-

1991 2780 2109 2830 met
2138 2776 2497 2831 Tertulliano
2520 2777 2547 2831 ‘I
2581 2778 2641 2831 Si
2674 2792 2766 2831 res
2797 2779 2876 2831 ita
2898 2777 2992 2842 sit,
3026 2776 3117 2830 his
3148 2776 3339 2831 verbis
3372 2793 3545 2832 suum
3577 2777 3641 2830 de

1988 2867 2514 2935 Praescriptionibus
2546 2865 2928 2920 hereticorum
2960 2864 3257 2937 pollicitus
3287 2870 3375 2920 est
3395 2865 3636 2929 librum,

1988 2954 2089 3008 ubi
2120 2954 2262 3009 illud
2298 2955 2490 3025 reipsa
2520 2956 2805 3025 probavit.
2838 2954 2950 3009 Sed
3002 2955 3147 3008 satis
3184 2954 3339 3007 inter
3376 2954 3636 3008 eruditos

1986 3058 2102 3097 non
2132 3048 2361 3097 constat
2398 3049 2593 3097 utrum
2627 3043 2720 3096 hic
2752 3043 2898 3097 liber
2927 3047 3063 3097 ante
3093 3042 3181 3096 vel
3216 3046 3347 3112 post
3377 3042 3634 3111 Apologe-

1986 3132 2154 3185 ticum
2185 3132 2378 3186 editus
2409 3132 2605 3185 fuerit.
2638 3132 2840 3185 Nonne
2885 3148 3020 3202 ergo
3053 3130 3244 3201 potuit
3290 3129 3482 3185 dicere
3503 3146 3634 3201 pro-

1986 3219 2284 3286 babuntur,
2318 3220 2453 3289 quia
2503 3219 2743 3274 cuilibet
2802 3219 2946 3274 illud
3003 3221 3249 3291 probatu
3308 3218 3633 3276 facillinum

1985 3314 2133 3363 erat.

2052 3401 2334 3452 Ceterum
2360 3396 2552 3468 palam
2576 3397 2674 3452 ille
2703 3398 2959 3453 affirmat
2980 3397 3281 3453 haereticos
3303 3396 3478 3452 etiam
3502 3400 3635 3453 ante

1984 3486 2284 3556 publicum
2318 3486 2597 3540 falsarum
2643 3487 2990 3557 opinionum
3021 3504 3262 3543 suarum
3297 3502 3537 3541 examen
3569 3503 3635 3541 eo

1983 3574 2111 3645 ipso
2142 3574 2355 3629 erroris
2387 3574 2670 3644 convinci,
2704 3577 2858 3646 quod
2908 3594 3068 3631 nove
3099 3577 3239 3643 sint,
3274 3592 3379 3631 nec
3408 3575 3635 3630 tradite

1985 3680 2019 3719 θ.
2048 3663 2276 3719 Christo
2318 3667 2421 3717 aut
2473 3663 2630 3719 illius
2681 3663 3006 3736 discipulis,
3039 3666 3139 3720 sed
3173 3666 3244 3719 ab
3272 3665 3486 3719 iisdem
3519 3663 3632 3718 he-

1986 3753 2180 3807 reticis
2226 3751 2368 3805 falso
2419 3752 2772 3823 excogitate.
2820 3757 3183 3826 Quapropter
3230 3753 3369 3809 alibi
3419 3770 3480 3809 se
3512 3753 3634 3809 hec

1984 3839 2177 3895 fusius
2206 3839 2631 3910 explicaturum
2664 3842 2952 3912 promittit
2980 3842 3041 3896 in
3070 3843 3219 3898 libro
3248 3842 3313 3897 de
3332 3844 3633 3914 Prescrip-

1984 3930 2223 3984 tionibus
2254 3930 2660 3995 haereticorum,
2694 3932 2777 3984 uti
2828 3931 3043 3986 clarius
3090 3930 3251 3986 hisce
3300 3931 3493 3987 verbis
3532 3949 3632 3987 ex-

1986 4017 2207 4088 plicat:
2243 4040 2270 4067 «
2304 4017 2466 4073 Alius
2516 4017 2746 4073 libellus
2804 4019 2960 4073 hunc
3016 4019 3262 4090 gradum
3318 4019 3633 4074 sustinebit

1984 4106 2264 4162 adversus
2294 4106 2600 4161 hereticos
2626 4106 2800 4162 etiam
2834 4106 2958 4161 sine
2990 4111 3303 4162 retractatu
3336 4107 3630 4161 doctrina-

1982 4212 2113 4250 rum
2147 4197 2546 4264 revincendos,
2580 4196 2731 4267 quod
2767 4196 2875 4251 hoc
2918 4195 3035 4250 sint
3064 4196 3134 4250 de
3180 4194 3631 4267 prescriptioni-

1983 4286 2094 4341 bus
2152 4285 2427 4340 novitatis
2488 4305 2516 4334 »
2575 4285 2782 4355 (Idem,
2841 4283 2958 4340 lib.
3021 4301 3039 4339 ι
3096 4283 3305 4339 advers.
3366 4283 3629 4339 Marcion.

1983 4390 2109 4446 cap.
2145 4376 2221 4446 1).

2054 4464 2313 4521 Gentiles
2368 4456 2550 4536 igitur
2599 4462 2744 4519 nihil
2805 4481 3045 4537 prorsus
3102 4481 3171 4520 ex
3224 4464 3629 4521 hereticorum

1983 4552 2355 4625 corruptione
2386 4554 2667 4609 adversus
2710 4553 3053 4609 Christiane
3086 4553 3387 4626 religionis
3414 4554 3628 4610 verita-

218 4650 315 4701 via
351 4646 635 4703 doctrine
660 4653 715 4703 et
752 4649 1013 4704 veritatis
1045 4649 1295 4721 obliquos
1324 4651 1525 4705 mullos
1552 4654 1602 4704 et
1633 4650 1879 4721 inexpli-
1910 4638 1958 4703 D
1988 4650 2104 4699 teni
2139 4650 2193 4699 et
2237 4643 2631 4713 praestantiam
2681 4643 3025 4699 concludere
3072 4648 3358 4715 poterant.
3394 4644 3537 4701 Nam
3571 4643 3630 4699 hi
3711 4654 3713 4657 '

215 4738 427 4792 cabiles
453 4741 712 4792 (ramites
730 4738 1031 4804 sciderunt,
1060 4755 1125 4795 ac
1150 4738 1496 4809 semetipsos
1528 4737 1793 4810 aliosque
1812 4738 1871 4793 in

208 4843 483 4882 errorum
516 4830 573 4881 et
602 4826 888 4882 heresum
938 4828 1218 4900 abyssum
1251 4831 1496 4899 egerunt
1525 4827 1870 4899 precipites.

205 4916 319 4970 Sed
357 4914 440 4985 hi,
467 4914 678 4986 inquit,
702 4916 812 4971 orti
836 4921 977 4972 sunt
1006 4918 1076 4972 de
1108 4916 1593 4987 philosophorum
1626 4917 1872 4987 semine,

202 5005 273 5060 de
298 5020 560 5076 quorum,
596 5005 769 5061 sicuti
791 5004 953 5072 alibi,
977 5006 1141 5074 dixit,
1170 5006 1409 5077 ingeniis
1440 5006 1617 5061 omnis
1647 5006 1875 5063 haeresis

200 5096 527 5164 animatur,
586 5094 740 5151 962
798 5094 938 5151 alibi
986 5113 1142 5163 vero,
1210 5098 1439 5152 hereses
1488 5097 1875 5153 subornantur

199 5182 420 5253 (Idem,
470 5181 757 5255 Apologet.
814 5200 941 5255 cap.
993 5186 1082 5252 47,
1136 5200 1271 5257 pag.
1330 5185 1474 5253 517;
1509 5185 1690 5255 idem,
1722 5184 1872 5243 lib.i

198 5274 431 5329 advers.
466 5273 724 5329 Marcion.
767 5288 895 5344 cap.
929 5273 1019 5341 43,
1063 5278 1119 5329 et
1163 5274 1266 5331 lib.
1298 5276 1363 5331 de
1393 5277 1706 5347 Prescripl.
1741 5293 1868 5347 cap.

194 5363 280 5430 7;
310 5363 493 5431 idem,
526 5363 651 5418 adv.
687 5367 945 5433 Hermog.
993 5379 1119 5435 cap.
1151 5365 1226 5433 8).
1278 5367 1636 5437 Quapropter
1668 5365 1740 5421 ab
1771 5365 1870 5421 illo

198 5468 327 5508 non
364 5452 547 5507 semel
579 5456 635 5507 et
664 5456 866 5523 postea
910 5452 981 5507 ab
1014 5453 1364 5527 Hieronymo
1396 5454 1729 5527 philosophi
1762 5472 1872 5527 ap-

196 5540 511 5613 pellantur
530 5540 874 5612 patriarche
896 5540 1303 5600 hereticorum
1329 5544 1867 5617 (Hieronymepist.

200 5631 305 5695 43,
337 5630 410 5683 ad
444 5629 738 5700 Clesiph.).
766 5632 1273 5695 Quemadmodum
1306 5638 1501 5689 autem
1533 5632 1867 5705 philosophi

197 5733 447 5776 moram
480 5718 691 5776 veteris
707 5718 1087 5793 Testamenti,
1110 5725 1175 5779 ut
1192 5721 1466 5795 superius
1497 5722 1866 5784 animadver-

1985 4736 2055 4789 de
2086 4732 2344 4788 Ecclesia
2380 4732 2666 4788 catholica
2697 4733 2931 4805 penitus
2970 4733 3166 4798 excisi,
3200 4750 3316 4788 non
3374 4732 3631 4804 amplius

1982 4823 2096 4879 nisi
2130 4824 2365 4878 nomine
2392 4825 2589 4888 tenus,
2639 4821 2757 4876 imo
2790 4838 2860 4876 ne
2907 4822 3143 4878 nomine
3172 4821 3429 4893 quidem,
3462 4822 3630 4879 Chri-

1982 4915 2350 4973 stianierant.
2372 4911 2595 4967 Audias
2608 4912 2778 4968 velim
2805 4912 3139 4984 loquentem
3164 4914 3635 4986 ipsummetTer-

1979 5005 2294 5062 tullianum
2330 5018 2342 5058 :
2376 5023 2405 5053 α
2436 5001 2493 5056 Si
2524 5000 2781 5058 heretici
2810 5006 2969 5071 sunt,
3002 5003 3319 5059 Christiani
3348 5021 3478 5059 esse
3509 5020 3626 5059 non

1982 5097 2253 5167 possunt,
2277 5106 2392 5149 non
2425 5107 2458 5145 a
2486 5090 2715 5146 Christo
2746 5091 3207 5163 habendo,quod
3241 5094 3312 5148 de
3344 5110 3451 5148 sua
3481 5092 3627 5148 elec-

1981 5185 2139 5241 tione
2160 5181 2365 5238 scctati
2387 5178 2792 5235 hereticorum
2820 5181 3054 5237 nomina
3076 5182 3427 5237 admittunt»
3445 5182 3627 5249 (Idem

1981 5274 2046 5329 de
2073 5274 2387 5342 Prescript.
2423 5270 2614 5326 haeret.
2640 5286 2762 5340 cap.
2796 5271 2906 5341 37).
2941 5272 3081 5326 Eam
3113 5287 3253 5326 sane
3286 5271 3358 5327 ob
3388 5288 3626 5326 causam

1980 5362 2293 5418 Christiani
2340 5361 2722 5431 imperatores
2768 5360 2922 5415 963
2973 5359 3282 5416 voluerunt
3340 5359 3472 5415 illos
3523 5377 3625 5415 no-

1980 5455 2137 5508 mine
2168 5450 2423 5506 auctoris
2456 5447 2804 5520 nuncupari,
2840 5470 2868 5499 ‹‹
2911 5450 3081 5519 cujus
3130 5448 3321 5505 scelus
3372 5449 3430 5503 in
3463 5449 3625 5502 dese-

1981 5541 2156 5597 rendo
2186 5539 2301 5595 Deo
2343 5537 2554 5592 imitati
2603 5559 2630 5587 »
2683 5538 2842 5606 (Cod.
2883 5538 3170 5607 Theodos.,
3215 5538 3304 5593 tit.
3336 5538 3400 5591 de
3427 5537 3622 5591 Haeret.

1976 5630 2086 5701 leg.
2117 5630 2211 5694 65,
2242 5645 2299 5699 p.
2340 5627 2461 5694 190,
2496 5630 2537 5681 t.
2590 5626 2705 5697 V1,)
2758 5627 2849 5681 vel
2905 5627 3059 5683 sicut
3114 5626 3269 5697 apud
3326 5625 3622 5681 Socratem

1977 5719 2169 5777 aiebat
2223 5715 2641 5779 Constantinus
2685 5715 2953 5789 Magnus,
2986 5738 3016 5769 ‹‹
3046 5720 3114 5774 ut
3141 5728 3392 5787 quorum
3435 5712 3623 5771 secuti
