  <div class='ocr_page' id='page_1' title='image "/cluster/home/n/w/nwhite01/storage/ocr_20150623/1/hvd.32044096580337/535.png"; bbox 0 0 4118 6182; ppageno 0'>
   <div class='ocr_carea' id='block_1_1' title="bbox 533 357 2199 440">
    <p class='ocr_par' dir='ltr' id='par_1_1' title="bbox 533 357 2199 440">
     <span class='ocr_line' id='line_1_1' title="bbox 533 357 2199 440; baseline -0.014 0"><span class='ocrx_word' id='word_1_1' title='bbox 533 376 688 440; x_wconf 77' lang='grc'>1055</span> <span class='ocrx_word' id='word_1_2' title='bbox 1052 367 1585 432; x_wconf 81' lang='lat' dir='ltr'>TERTULLIANI</span> <span class='ocrx_word' id='word_1_3' title='bbox 1632 361 1949 427; x_wconf 80' lang='lat' dir='ltr'>OPERUM</span> <span class='ocrx_word' id='word_1_4' title='bbox 1997 357 2199 420; x_wconf 79' lang='lat' dir='ltr'>PARS</span> 
     </span>
    </p>
   </div>
   <div class='ocr_carea' id='block_1_2' title="bbox 2242 339 3866 423">
    <p class='ocr_par' dir='ltr' id='par_1_2' title="bbox 2242 339 3866 423">
     <span class='ocr_line' id='line_1_2' title="bbox 2242 339 3866 423; baseline -0.011 -6"><span class='ocrx_word' id='word_1_5' title='bbox 2242 357 2294 416; x_wconf 88' lang='grc' dir='ltr'>Ι.</span> <span class='ocrx_word' id='word_1_6' title='bbox 2327 387 2403 401; x_wconf 91' lang='grc'>--</span> <span class='ocrx_word' id='word_1_7' title='bbox 2433 353 2710 415; x_wconf 77' lang='lat' dir='ltr'><strong>SERIES</strong></span> <span class='ocrx_word' id='word_1_8' title='bbox 2755 350 2806 423; x_wconf 83' lang='grc' dir='ltr'>Ι,</span> <span class='ocrx_word' id='word_1_9' title='bbox 2851 343 3415 409; x_wconf 85' lang='lat' dir='ltr'>APOLOGETICA.</span> <span class='ocrx_word' id='word_1_10' title='bbox 3734 339 3866 399; x_wconf 77' lang='grc'>1056</span> 
     </span>
    </p>
   </div>
   <div class='ocr_carea' id='block_1_3' title="bbox 537 467 3866 565">
    <p class='ocr_par' dir='ltr' id='par_1_3' title="bbox 537 467 3866 565">
     <span class='ocr_line' id='line_1_3' title="bbox 537 467 3866 565; baseline -0.014 0"><span class='ocrx_word' id='word_1_11' title='bbox 537 512 677 565; x_wconf 84' lang='lat' dir='ltr'>sunt</span> <span class='ocrx_word' id='word_1_12' title='bbox 724 519 920 563; x_wconf 90' lang='lat' dir='ltr'>mores</span> <span class='ocrx_word' id='word_1_13' title='bbox 966 519 1171 559; x_wconf 91' lang='lat' dir='ltr'>eorum</span> <span class='ocrx_word' id='word_1_14' title='bbox 1223 500 1401 556; x_wconf 87' lang='lat' dir='ltr'>etiam</span> <span class='ocrx_word' id='word_1_15' title='bbox 1449 495 1729 555; x_wconf 89' lang='lat' dir='ltr'>vocabulo</span> <span class='ocrx_word' id='word_1_16' title='bbox 1773 490 2192 565; x_wconf 79' lang='lat' dir='ltr'>appellentur»</span> <span class='ocrx_word' id='word_1_17' title='bbox 2222 488 2278 555; x_wconf 81' lang='grc' dir='ltr'><strong>Α</strong></span> <span class='ocrx_word' id='word_1_18' title='bbox 2307 484 2711 542; x_wconf 69' lang='lat' dir='ltr'>observatione</span> <span class='ocrx_word' id='word_1_19' title='bbox 2741 499 2774 538; x_wconf 90' lang='lat' dir='ltr'>a</span> <span class='ocrx_word' id='word_1_20' title='bbox 2803 480 2978 538; x_wconf 88' lang='lat' dir='ltr'>nobis</span> <span class='ocrx_word' id='word_1_21' title='bbox 3006 472 3339 565; x_wconf 69' lang='lat' dir='ltr'>praetermiti</span> <span class='ocrx_word' id='word_1_22' title='bbox 3384 468 3741 565; x_wconf 64' lang='lat' dir='ltr'>nondebent.</span> <span class='ocrx_word' id='word_1_23' title='bbox 3771 467 3866 521; x_wconf 89' lang='lat' dir='ltr'>Pri-</span> 
     </span>
    </p>
   </div>
   <div class='ocr_carea' id='block_1_4' title="bbox 535 582 2191 670">
    <p class='ocr_par' dir='ltr' id='par_1_4' title="bbox 535 582 2191 670">
     <span class='ocr_line' id='line_1_4' title="bbox 535 582 2191 670; baseline -0.013 -16"><span class='ocrx_word' id='word_1_24' title='bbox 535 599 785 670; x_wconf 89' lang='lat' dir='ltr'>(Socrat.</span> <span class='ocrx_word' id='word_1_25' title='bbox 819 595 921 649; x_wconf 88' lang='lat' dir='ltr'>lib.</span> <span class='ocrx_word' id='word_1_26' title='bbox 957 609 998 661; x_wconf 84' lang='grc' dir='ltr'>ι,</span> <span class='ocrx_word' id='word_1_27' title='bbox 1031 608 1159 663; x_wconf 90' lang='lat' dir='ltr'>cap.</span> <span class='ocrx_word' id='word_1_28' title='bbox 1192 592 1248 658; x_wconf 89' lang='lat'>9,</span> <span class='ocrx_word' id='word_1_29' title='bbox 1280 607 1338 662; x_wconf 91' lang='lat' dir='ltr'>p.</span> <span class='ocrx_word' id='word_1_30' title='bbox 1373 591 1486 655; x_wconf 85' lang='lat'>32).</span> <span class='ocrx_word' id='word_1_31' title='bbox 1522 587 1830 643; x_wconf 81' lang='lat' dir='ltr'>Rationem</span> <span class='ocrx_word' id='word_1_32' title='bbox 1861 582 1911 638; x_wconf 98' lang='lat' dir='ltr'>si</span> <span class='ocrx_word' id='word_1_33' title='bbox 1941 596 2191 653; x_wconf 65' lang='lat' dir='ltr'>quaeras,</span> 
     </span>
    </p>
   </div>
   <div class='ocr_carea' id='block_1_5' title="bbox 538 670 2195 756">
    <p class='ocr_par' dir='ltr' id='par_1_5' title="bbox 538 670 2195 756">
     <span class='ocr_line' id='line_1_5' title="bbox 538 670 2195 756; baseline -0.012 -13"><span class='ocrx_word' id='word_1_34' title='bbox 538 688 691 744; x_wconf 90' lang='lat' dir='ltr'>hanc</span> <span class='ocrx_word' id='word_1_35' title='bbox 722 702 755 740; x_wconf 87' lang='lat' dir='ltr'>a</span> <span class='ocrx_word' id='word_1_36' title='bbox 781 684 1067 756; x_wconf 87' lang='lat' dir='ltr'>Cypriano</span> <span class='ocrx_word' id='word_1_37' title='bbox 1101 681 1293 749; x_wconf 82' lang='lat' dir='ltr'><strong>accipe</strong></span> <span class='ocrx_word' id='word_1_38' title='bbox 1329 697 1341 747; x_wconf 90' lang='lat'><strong>;</strong></span> <span class='ocrx_word' id='word_1_39' title='bbox 1380 701 1409 729; x_wconf 85' lang='lat'><strong>«</strong></span> <span class='ocrx_word' id='word_1_40' title='bbox 1438 679 1598 733; x_wconf 86' lang='lat' dir='ltr'>Sicut</span> <span class='ocrx_word' id='word_1_41' title='bbox 1629 673 1897 731; x_wconf 81' lang='lat' dir='ltr'>diabolus</span> <span class='ocrx_word' id='word_1_42' title='bbox 1928 670 2195 726; x_wconf 82' lang='lat' dir='ltr'>Christus</span> 
     </span>
    </p>
   </div>
   <div class='ocr_carea' id='block_1_6' title="bbox 540 761 2193 844">
    <p class='ocr_par' dir='ltr' id='par_1_6' title="bbox 540 761 2193 844">
     <span class='ocr_line' id='line_1_6' title="bbox 540 761 2193 844; baseline -0.012 -13"><span class='ocrx_word' id='word_1_43' title='bbox 540 793 655 831; x_wconf 92' lang='lat' dir='ltr'>non</span> <span class='ocrx_word' id='word_1_44' title='bbox 689 779 795 839; x_wconf 91' lang='lat' dir='ltr'>est,</span> <span class='ocrx_word' id='word_1_45' title='bbox 830 772 1103 844; x_wconf 84' lang='lat' dir='ltr'>quamvis</span> <span class='ocrx_word' id='word_1_46' title='bbox 1136 768 1299 825; x_wconf 88' lang='lat' dir='ltr'>fallat</span> <span class='ocrx_word' id='word_1_47' title='bbox 1332 768 1389 822; x_wconf 91' lang='lat' dir='ltr'>in</span> <span class='ocrx_word' id='word_1_48' title='bbox 1422 767 1659 822; x_wconf 85' lang='lat' dir='ltr'>nomine</span> <span class='ocrx_word' id='word_1_49' title='bbox 1691 764 1849 819; x_wconf 88' lang='lat' dir='ltr'>illius</span> <span class='ocrx_word' id='word_1_50' title='bbox 1901 778 1913 815; x_wconf 91' lang='lat'>:</span> <span class='ocrx_word' id='word_1_51' title='bbox 1968 761 2049 814; x_wconf 90' lang='lat' dir='ltr'>ita</span> <span class='ocrx_word' id='word_1_52' title='bbox 2088 774 2193 813; x_wconf 87' lang='lat' dir='ltr'>nec</span> 
     </span>
    </p>
   </div>
   <div class='ocr_carea' id='block_1_7' title="bbox 539 846 2193 930">
    <p class='ocr_par' dir='ltr' id='par_1_7' title="bbox 539 846 2193 930">
     <span class='ocr_line' id='line_1_7' title="bbox 539 846 2193 930; baseline -0.012 -10"><span class='ocrx_word' id='word_1_53' title='bbox 539 863 906 920; x_wconf 90' lang='lat' dir='ltr'>Christianus</span> <span class='ocrx_word' id='word_1_54' title='bbox 964 858 1147 916; x_wconf 87' lang='lat' dir='ltr'>videri</span> <span class='ocrx_word' id='word_1_55' title='bbox 1206 860 1415 930; x_wconf 78' lang='lat' dir='ltr'>potest,</span> <span class='ocrx_word' id='word_1_56' title='bbox 1450 854 1552 926; x_wconf 90' lang='lat' dir='ltr'>qui</span> <span class='ocrx_word' id='word_1_57' title='bbox 1612 871 1727 910; x_wconf 92' lang='lat' dir='ltr'>non</span> <span class='ocrx_word' id='word_1_58' title='bbox 1786 852 2088 924; x_wconf 89' lang='lat' dir='ltr'>permanet</span> <span class='ocrx_word' id='word_1_59' title='bbox 2134 846 2193 901; x_wconf 91' lang='lat' dir='ltr'>in</span> 
     </span>
    </p>
   </div>
   <div class='ocr_carea' id='block_1_8' title="bbox 544 936 2194 1025">
    <p class='ocr_par' dir='ltr' id='par_1_8' title="bbox 544 936 2194 1025">
     <span class='ocr_line' id='line_1_8' title="bbox 544 936 2194 1025; baseline -0.012 -16"><span class='ocrx_word' id='word_1_60' title='bbox 544 951 834 1025; x_wconf 78' lang='lat' dir='ltr'>Evangelii</span> <span class='ocrx_word' id='word_1_61' title='bbox 866 956 922 1006; x_wconf 88' lang='lat' dir='ltr'>et</span> <span class='ocrx_word' id='word_1_62' title='bbox 953 950 1080 1021; x_wconf 86' lang='lat' dir='ltr'>ejus</span> <span class='ocrx_word' id='word_1_63' title='bbox 1113 947 1249 1002; x_wconf 83' lang='lat' dir='ltr'>ﬁdei</span> <span class='ocrx_word' id='word_1_64' title='bbox 1279 947 1521 1001; x_wconf 81' lang='lat' dir='ltr'>veritate</span> <span class='ocrx_word' id='word_1_65' title='bbox 1555 966 1583 995; x_wconf 86' lang='lat'><strong>»</strong></span> <span class='ocrx_word' id='word_1_66' title='bbox 1630 941 1919 1014; x_wconf 84' lang='lat' dir='ltr'>(Cyprian.</span> <span class='ocrx_word' id='word_1_67' title='bbox 1952 938 2016 993; x_wconf 89' lang='lat' dir='ltr'>de</span> <span class='ocrx_word' id='word_1_68' title='bbox 2049 936 2194 995; x_wconf 80' lang='lat' dir='ltr'>Unit.</span> 
     </span>
    </p>
   </div>
   <div class='ocr_carea' id='block_1_9' title="bbox 544 1027 2197 1113">
    <p class='ocr_par' dir='ltr' id='par_1_9' title="bbox 544 1027 2197 1113">
     <span class='ocr_line' id='line_1_9' title="bbox 544 1027 2197 1113; baseline -0.012 -15"><span class='ocrx_word' id='word_1_69' title='bbox 544 1040 789 1113; x_wconf 82' lang='lat' dir='ltr'>Eccles.).</span> <span class='ocrx_word' id='word_1_70' title='bbox 823 1039 1000 1094; x_wconf 84' lang='lat' dir='ltr'>Vides</span> <span class='ocrx_word' id='word_1_71' title='bbox 1052 1053 1193 1093; x_wconf 88' lang='lat' dir='ltr'>sane</span> <span class='ocrx_word' id='word_1_72' title='bbox 1243 1034 1447 1107; x_wconf 86' lang='lat' dir='ltr'>quanti</span> <span class='ocrx_word' id='word_1_73' title='bbox 1493 1033 1720 1090; x_wconf 79' lang='lat' dir='ltr'>roboris</span> <span class='ocrx_word' id='word_1_74' title='bbox 1752 1030 1829 1086; x_wconf 88' lang='lat' dir='ltr'>sit</span> <span class='ocrx_word' id='word_1_75' title='bbox 1856 1029 1961 1084; x_wconf 89' lang='lat' dir='ltr'>hoc</span> <span class='ocrx_word' id='word_1_76' title='bbox 1990 1027 2197 1082; x_wconf 91' lang='lat' dir='ltr'>adver-</span> 
     </span>
    </p>
   </div>
   <div class='ocr_carea' id='block_1_10' title="bbox 546 1119 2197 1203">
    <p class='ocr_par' dir='ltr' id='par_1_10' title="bbox 546 1119 2197 1203">
     <span class='ocr_line' id='line_1_10' title="bbox 546 1119 2197 1203; baseline -0.012 -16"><span class='ocrx_word' id='word_1_77' title='bbox 546 1149 649 1188; x_wconf 91' lang='lat' dir='ltr'>sus</span> <span class='ocrx_word' id='word_1_78' title='bbox 683 1129 976 1203; x_wconf 90' lang='lat' dir='ltr'>quoslibet</span> <span class='ocrx_word' id='word_1_79' title='bbox 1006 1126 1311 1182; x_wconf 73' lang='lat' dir='ltr'>haereticos</span> <span class='ocrx_word' id='word_1_80' title='bbox 1343 1119 1943 1195; x_wconf 88' lang='lat' dir='ltr'>argumentum,quod</span> <span class='ocrx_word' id='word_1_81' title='bbox 1968 1132 2035 1171; x_wconf 80' lang='lat' dir='ltr'>ex</span> <span class='ocrx_word' id='word_1_82' title='bbox 2058 1132 2197 1187; x_wconf 60' lang='lat' dir='ltr'>pris-</span> 
     </span>
    </p>
   </div>
   <div class='ocr_carea' id='block_1_11' title="bbox 545 1202 2199 1290">
    <p class='ocr_par' dir='ltr' id='par_1_11' title="bbox 545 1202 2199 1290">
     <span class='ocr_line' id='line_1_11' title="bbox 545 1202 2199 1290; baseline -0.011 -15"><span class='ocrx_word' id='word_1_83' title='bbox 545 1218 964 1290; x_wconf 85' lang='lat' dir='ltr'>scriptionihus</span> <span class='ocrx_word' id='word_1_84' title='bbox 1024 1215 1144 1271; x_wconf 90' lang='lat' dir='ltr'>sive</span> <span class='ocrx_word' id='word_1_85' title='bbox 1202 1214 1444 1284; x_wconf 90' lang='lat' dir='ltr'>antiqua</span> <span class='ocrx_word' id='word_1_86' title='bbox 1498 1209 1923 1282; x_wconf 88' lang='lat' dir='ltr'>discipulorum</span> <span class='ocrx_word' id='word_1_87' title='bbox 1981 1202 2199 1260; x_wconf 91' lang='lat' dir='ltr'>Christi</span> 
     </span>
    </p>
   </div>
   <div class='ocr_carea' id='block_1_12' title="bbox 543 1296 2198 1378">
    <p class='ocr_par' dir='ltr' id='par_1_12' title="bbox 543 1296 2198 1378">
     <span class='ocr_line' id='line_1_12' title="bbox 543 1296 2198 1378; baseline -0.01 -14"><span class='ocrx_word' id='word_1_88' title='bbox 543 1308 856 1365; x_wconf 84' lang='lat' dir='ltr'>traditione</span> <span class='ocrx_word' id='word_1_89' title='bbox 905 1305 1151 1378; x_wconf 89' lang='lat' dir='ltr'>petitum</span> <span class='ocrx_word' id='word_1_90' title='bbox 1212 1308 1318 1359; x_wconf 89' lang='lat' dir='ltr'>est.</span> <span class='ocrx_word' id='word_1_91' title='bbox 1352 1300 1748 1357; x_wconf 89' lang='lat' dir='ltr'>Tertullianus</span> <span class='ocrx_word' id='word_1_92' title='bbox 1805 1296 1962 1352; x_wconf 91' lang='lat' dir='ltr'>enim</span> <span class='ocrx_word' id='word_1_93' title='bbox 2003 1297 2198 1365; x_wconf 87' lang='lat' dir='ltr'>aperte</span> 
     </span>
    </p>
   </div>
   <div class='ocr_carea' id='block_1_13' title="bbox 548 1382 2199 1465">
    <p class='ocr_par' dir='ltr' id='par_1_13' title="bbox 548 1382 2199 1465">
     <span class='ocr_line' id='line_1_13' title="bbox 548 1382 2199 1465; baseline -0.011 -12"><span class='ocrx_word' id='word_1_94' title='bbox 548 1399 919 1453; x_wconf 89' lang='lat' dir='ltr'>demonstrat</span> <span class='ocrx_word' id='word_1_95' title='bbox 950 1392 1098 1450; x_wconf 84' lang='lat' dir='ltr'>nihil</span> <span class='ocrx_word' id='word_1_96' title='bbox 1131 1392 1365 1465; x_wconf 89' lang='lat' dir='ltr'>penitus</span> <span class='ocrx_word' id='word_1_97' title='bbox 1396 1389 1643 1462; x_wconf 84' lang='lat' dir='ltr'>gentiles</span> <span class='ocrx_word' id='word_1_98' title='bbox 1675 1389 1953 1443; x_wconf 85' lang='lat' dir='ltr'>adversus</span> <span class='ocrx_word' id='word_1_99' title='bbox 1978 1382 2199 1452; x_wconf 88' lang='lat' dir='ltr'>religio-</span> 
     </span>
    </p>
   </div>
   <div class='ocr_carea' id='block_1_14' title="bbox 550 1478 2201 1554">
    <p class='ocr_par' dir='ltr' id='par_1_14' title="bbox 550 1478 2201 1554">
     <span class='ocr_line' id='line_1_14' title="bbox 550 1478 2201 1554; baseline -0.01 -13"><span class='ocrx_word' id='word_1_100' title='bbox 550 1487 642 1542; x_wconf 89' lang='lat' dir='ltr'>nis</span> <span class='ocrx_word' id='word_1_101' title='bbox 695 1484 1038 1540; x_wconf 69' lang='lat' dir='ltr'>Christianaa</span> <span class='ocrx_word' id='word_1_102' title='bbox 1088 1481 1505 1554; x_wconf 78' lang='lat' dir='ltr'>perfectionem</span> <span class='ocrx_word' id='word_1_103' title='bbox 1558 1478 1838 1533; x_wconf 81' lang='lat' dir='ltr'>conficere</span> <span class='ocrx_word' id='word_1_104' title='bbox 1900 1490 2071 1546; x_wconf 73' lang='lat' dir='ltr'>posse</span> <span class='ocrx_word' id='word_1_105' title='bbox 2132 1488 2201 1527; x_wconf 80' lang='lat' dir='ltr'>ex</span> 
     </span>
    </p>
   </div>
   <div class='ocr_carea' id='block_1_15' title="bbox 552 1562 2201 1647">
    <p class='ocr_par' dir='ltr' id='par_1_15' title="bbox 552 1562 2201 1647">
     <span class='ocr_line' id='line_1_15' title="bbox 552 1562 2201 1647; baseline -0.01 -16"><span class='ocrx_word' id='word_1_106' title='bbox 552 1574 828 1647; x_wconf 87' lang='lat' dir='ltr'>pessimis</span> <span class='ocrx_word' id='word_1_107' title='bbox 876 1572 1108 1627; x_wconf 90' lang='lat' dir='ltr'>illorum</span> <span class='ocrx_word' id='word_1_108' title='bbox 1151 1570 1447 1626; x_wconf 89' lang='lat' dir='ltr'>erroribus</span> <span class='ocrx_word' id='word_1_109' title='bbox 1480 1568 1924 1631; x_wconf 69' lang='lat' dir='ltr'>haereticorum;</span> <span class='ocrx_word' id='word_1_110' title='bbox 1984 1562 2201 1634; x_wconf 90' lang='lat' dir='ltr'>quippe</span> 
     </span>
    </p>
   </div>
   <div class='ocr_carea' id='block_1_16' title="bbox 552 1656 2202 1737">
    <p class='ocr_par' dir='ltr' id='par_1_16' title="bbox 552 1656 2202 1737">
     <span class='ocr_line' id='line_1_16' title="bbox 552 1656 2202 1737; baseline -0.01 -17"><span class='ocrx_word' id='word_1_111' title='bbox 552 1664 652 1737; x_wconf 90' lang='lat' dir='ltr'>qui</span> <span class='ocrx_word' id='word_1_112' title='bbox 684 1679 880 1719; x_wconf 86' lang='lat' dir='ltr'>veram</span> <span class='ocrx_word' id='word_1_113' title='bbox 928 1659 1143 1717; x_wconf 85' lang='lat' dir='ltr'>Christi</span> <span class='ocrx_word' id='word_1_114' title='bbox 1192 1658 1519 1715; x_wconf 89' lang='lat' dir='ltr'>doctrinam</span> <span class='ocrx_word' id='word_1_115' title='bbox 1568 1657 1652 1712; x_wconf 91' lang='lat' dir='ltr'>ita</span> <span class='ocrx_word' id='word_1_116' title='bbox 1700 1656 2102 1725; x_wconf 87' lang='lat' dir='ltr'>corruperant,</span> <span class='ocrx_word' id='word_1_117' title='bbox 2138 1656 2202 1705; x_wconf 91' lang='lat' dir='ltr'>ut</span> 
     </span>
    </p>
   </div>
   <div class='ocr_carea' id='block_1_17' title="bbox 551 1744 2198 1823">
    <p class='ocr_par' dir='ltr' id='par_1_17' title="bbox 551 1744 2198 1823">
     <span class='ocr_line' id='line_1_17' title="bbox 551 1744 2198 1823; baseline -0.007 -16"><span class='ocrx_word' id='word_1_118' title='bbox 551 1769 657 1809; x_wconf 90' lang='lat' dir='ltr'>nec</span> <span class='ocrx_word' id='word_1_119' title='bbox 688 1752 815 1823; x_wconf 90' lang='lat' dir='ltr'>ipso</span> <span class='ocrx_word' id='word_1_120' title='bbox 848 1751 1314 1807; x_wconf 87' lang='lat' dir='ltr'>Christianorum</span> <span class='ocrx_word' id='word_1_121' title='bbox 1353 1749 1590 1803; x_wconf 90' lang='lat' dir='ltr'>nomine</span> <span class='ocrx_word' id='word_1_122' title='bbox 1620 1745 1778 1817; x_wconf 85' lang='lat' dir='ltr'>digni</span> <span class='ocrx_word' id='word_1_123' title='bbox 1822 1744 2198 1798; x_wconf 84' lang='lat' dir='ltr'>haberentur.</span> 
     </span>
    </p>
   </div>
   <div class='ocr_carea' id='block_1_18' title="bbox 620 1827 2200 1904">
    <p class='ocr_par' dir='ltr' id='par_1_18' title="bbox 620 1827 2200 1904">
     <span class='ocr_line' id='line_1_18' title="bbox 620 1827 2200 1904; baseline -0.008 -9"><span class='ocrx_word' id='word_1_124' title='bbox 620 1842 881 1898; x_wconf 90' lang='lat' dir='ltr'>Tertium</span> <span class='ocrx_word' id='word_1_125' title='bbox 913 1839 1153 1895; x_wconf 86' lang='lat' dir='ltr'>tandem</span> <span class='ocrx_word' id='word_1_126' title='bbox 1193 1841 1317 1893; x_wconf 90' lang='lat' dir='ltr'>erat</span> <span class='ocrx_word' id='word_1_127' title='bbox 1361 1836 1826 1892; x_wconf 88' lang='lat' dir='ltr'>Christianorum</span> <span class='ocrx_word' id='word_1_128' title='bbox 1858 1848 2066 1904; x_wconf 88' lang='lat' dir='ltr'>genus,</span> <span class='ocrx_word' id='word_1_129' title='bbox 2100 1827 2200 1900; x_wconf 92' lang='lat' dir='ltr'>qui</span> 
     </span>
    </p>
   </div>
   <div class='ocr_carea' id='block_1_19' title="bbox 550 1920 2202 1997">
    <p class='ocr_par' dir='ltr' id='par_1_19' title="bbox 550 1920 2202 1997">
     <span class='ocr_line' id='line_1_19' title="bbox 550 1920 2202 1997; baseline -0.01 -10"><span class='ocrx_word' id='word_1_130' title='bbox 550 1930 687 1987; x_wconf 85' lang='lat' dir='ltr'>ﬁdei</span> <span class='ocrx_word' id='word_1_131' title='bbox 717 1946 835 1986; x_wconf 63' lang='lat' dir='ltr'>suae</span> <span class='ocrx_word' id='word_1_132' title='bbox 868 1929 1192 1984; x_wconf 87' lang='lat' dir='ltr'>desertores</span> <span class='ocrx_word' id='word_1_133' title='bbox 1224 1931 1279 1981; x_wconf 89' lang='lat' dir='ltr'>et</span> <span class='ocrx_word' id='word_1_134' title='bbox 1310 1929 1608 1997; x_wconf 78' lang='lat' dir='ltr'>apostatse,</span> <span class='ocrx_word' id='word_1_135' title='bbox 1634 1924 1705 1979; x_wconf 92' lang='lat' dir='ltr'>ad</span> <span class='ocrx_word' id='word_1_136' title='bbox 1726 1921 1937 1993; x_wconf 90' lang='lat' dir='ltr'>impios</span> <span class='ocrx_word' id='word_1_137' title='bbox 1960 1920 2202 1974; x_wconf 89' lang='lat' dir='ltr'>deorum</span> 
     </span>
    </p>
   </div>
   <div class='ocr_carea' id='block_1_20' title="bbox 553 2009 2201 2090">
    <p class='ocr_par' dir='ltr' id='par_1_20' title="bbox 553 2009 2201 2090">
     <span class='ocr_line' id='line_1_20' title="bbox 553 2009 2201 2090; baseline -0.008 -15"><span class='ocrx_word' id='word_1_138' title='bbox 553 2020 1057 2090; x_wconf 87' lang='lat' dir='ltr'>cultus,tanquam</span> <span class='ocrx_word' id='word_1_139' title='bbox 1080 2033 1255 2071; x_wconf 87' lang='lat' dir='ltr'>canes</span> <span class='ocrx_word' id='word_1_140' title='bbox 1276 2016 1348 2070; x_wconf 81' lang='lat' dir='ltr'>ad</span> <span class='ocrx_word' id='word_1_141' title='bbox 1379 2014 1684 2083; x_wconf 86' lang='lat' dir='ltr'>vomitum,</span> <span class='ocrx_word' id='word_1_142' title='bbox 1713 2009 1928 2067; x_wconf 87' lang='lat' dir='ltr'>reversi</span> <span class='ocrx_word' id='word_1_143' title='bbox 1950 2010 2201 2063; x_wconf 83' lang='lat' dir='ltr'>fuerant.</span> 
     </span>
    </p>
   </div>
   <div class='ocr_carea' id='block_1_21' title="bbox 553 2096 2204 2173">
    <p class='ocr_par' dir='ltr' id='par_1_21' title="bbox 553 2096 2204 2173">
     <span class='ocr_line' id='line_1_21' title="bbox 553 2096 2204 2173; baseline -0.01 -8"><span class='ocrx_word' id='word_1_144' title='bbox 553 2109 666 2166; x_wconf 89' lang='lat' dir='ltr'>Sed</span> <span class='ocrx_word' id='word_1_145' title='bbox 699 2109 916 2163; x_wconf 86' lang='lat' dir='ltr'>frustra</span> <span class='ocrx_word' id='word_1_146' title='bbox 946 2106 1163 2162; x_wconf 90' lang='lat' dir='ltr'>ethnici</span> <span class='ocrx_word' id='word_1_147' title='bbox 1190 2121 1258 2160; x_wconf 85' lang='lat' dir='ltr'>ex</span> <span class='ocrx_word' id='word_1_148' title='bbox 1288 2104 1499 2160; x_wconf 90' lang='lat' dir='ltr'>horum</span> <span class='ocrx_word' id='word_1_149' title='bbox 1530 2106 1928 2173; x_wconf 89' lang='lat' dir='ltr'>apostatarum</span> <span class='ocrx_word' id='word_1_150' title='bbox 1960 2096 2204 2153; x_wconf 90' lang='lat' dir='ltr'>crimine</span> 
     </span>
    </p>
   </div>
   <div class='ocr_carea' id='block_1_22' title="bbox 556 2186 2204 2269">
    <p class='ocr_par' dir='ltr' id='par_1_22' title="bbox 556 2186 2204 2269">
     <span class='ocr_line' id='line_1_22' title="bbox 556 2186 2204 2269; baseline -0.009 -15"><span class='ocrx_word' id='word_1_151' title='bbox 556 2198 779 2269; x_wconf 87' lang='lat' dir='ltr'>aliquid</span> <span class='ocrx_word' id='word_1_152' title='bbox 831 2197 1107 2252; x_wconf 89' lang='lat' dir='ltr'>adversus</span> <span class='ocrx_word' id='word_1_153' title='bbox 1160 2193 1551 2251; x_wconf 88' lang='lat' dir='ltr'>Christianam</span> <span class='ocrx_word' id='word_1_154' title='bbox 1613 2192 1953 2263; x_wconf 89' lang='lat' dir='ltr'>religionem</span> <span class='ocrx_word' id='word_1_155' title='bbox 2004 2186 2204 2241; x_wconf 83' lang='lat' dir='ltr'>inferri</span> 
     </span>
    </p>
   </div>
   <div class='ocr_carea' id='block_1_23' title="bbox 556 2276 2205 2360">
    <p class='ocr_par' dir='ltr' id='par_1_23' title="bbox 556 2276 2205 2360">
     <span class='ocr_line' id='line_1_23' title="bbox 556 2276 2205 2360; baseline -0.008 -17"><span class='ocrx_word' id='word_1_156' title='bbox 556 2302 729 2360; x_wconf 89' lang='lat' dir='ltr'>posse</span> <span class='ocrx_word' id='word_1_157' title='bbox 759 2285 1215 2341; x_wconf 89' lang='lat' dir='ltr'>arbitrabantur.</span> <span class='ocrx_word' id='word_1_158' title='bbox 1240 2284 1387 2339; x_wconf 90' lang='lat' dir='ltr'>Nam</span> <span class='ocrx_word' id='word_1_159' title='bbox 1420 2282 1517 2353; x_wconf 88' lang='lat' dir='ltr'>qui</span> <span class='ocrx_word' id='word_1_160' title='bbox 1547 2282 1743 2336; x_wconf 89' lang='lat' dir='ltr'>datam</span> <span class='ocrx_word' id='word_1_161' title='bbox 1765 2278 1994 2337; x_wconf 88' lang='lat' dir='ltr'>Christo</span> <span class='ocrx_word' id='word_1_162' title='bbox 2028 2276 2205 2330; x_wconf 82' lang='lat' dir='ltr'>fidem</span> 
     </span>
    </p>
   </div>
   <div class='ocr_carea' id='block_1_24' title="bbox 557 2366 2204 2445">
    <p class='ocr_par' dir='ltr' id='par_1_24' title="bbox 557 2366 2204 2445">
     <span class='ocr_line' id='line_1_24' title="bbox 557 2366 2204 2445; baseline -0.007 -14"><span class='ocrx_word' id='word_1_163' title='bbox 557 2374 938 2445; x_wconf 89' lang='lat' dir='ltr'>violaverant,</span> <span class='ocrx_word' id='word_1_164' title='bbox 970 2390 1084 2429; x_wconf 91' lang='lat' dir='ltr'>non</span> <span class='ocrx_word' id='word_1_165' title='bbox 1118 2376 1283 2428; x_wconf 90' lang='lat' dir='ltr'>erant</span> <span class='ocrx_word' id='word_1_166' title='bbox 1313 2371 1567 2443; x_wconf 87' lang='lat' dir='ltr'>amplius</span> <span class='ocrx_word' id='word_1_167' title='bbox 1595 2366 1929 2434; x_wconf 88' lang='lat' dir='ltr'>Christiani,</span> <span class='ocrx_word' id='word_1_168' title='bbox 1960 2381 2067 2421; x_wconf 90' lang='lat' dir='ltr'>nec</span> <span class='ocrx_word' id='word_1_169' title='bbox 2099 2381 2204 2435; x_wconf 88' lang='lat' dir='ltr'>po-</span> 
     </span>
    </p>
   </div>
   <div class='ocr_carea' id='block_1_25' title="bbox 558 2452 2205 2535">
    <p class='ocr_par' dir='ltr' id='par_1_25' title="bbox 558 2452 2205 2535">
     <span class='ocr_line' id='line_1_25' title="bbox 558 2452 2205 2535; baseline -0.009 -14"><span class='ocrx_word' id='word_1_170' title='bbox 558 2468 754 2521; x_wconf 89' lang='lat' dir='ltr'>terant</span> <span class='ocrx_word' id='word_1_171' title='bbox 798 2464 909 2520; x_wconf 89' lang='lat' dir='ltr'>hoc</span> <span class='ocrx_word' id='word_1_172' title='bbox 957 2461 1239 2535; x_wconf 89' lang='lat' dir='ltr'>appellari</span> <span class='ocrx_word' id='word_1_173' title='bbox 1272 2460 1526 2527; x_wconf 89' lang='lat' dir='ltr'>nomine,</span> <span class='ocrx_word' id='word_1_174' title='bbox 1560 2457 1949 2524; x_wconf 87' lang='lat' dir='ltr'>Quamobrem</span> <span class='ocrx_word' id='word_1_175' title='bbox 1979 2452 2205 2509; x_wconf 89' lang='lat' dir='ltr'>Tertul-</span> 
     </span>
    </p>
   </div>
   <div class='ocr_carea' id='block_1_26' title="bbox 560 2542 2206 2621">
    <p class='ocr_par' dir='ltr' id='par_1_26' title="bbox 560 2542 2206 2621">
     <span class='ocr_line' id='line_1_26' title="bbox 560 2542 2206 2621; baseline -0.008 -12"><span class='ocrx_word' id='word_1_176' title='bbox 560 2555 757 2609; x_wconf 90' lang='lat' dir='ltr'>lianus</span> <span class='ocrx_word' id='word_1_177' title='bbox 790 2553 1053 2609; x_wconf 87' lang='lat' dir='ltr'>ethnicos</span> <span class='ocrx_word' id='word_1_178' title='bbox 1086 2551 1178 2607; x_wconf 91' lang='lat' dir='ltr'>his</span> <span class='ocrx_word' id='word_1_179' title='bbox 1209 2550 1399 2607; x_wconf 85' lang='lat' dir='ltr'>verbis</span> <span class='ocrx_word' id='word_1_180' title='bbox 1449 2547 1760 2621; x_wconf 86' lang='lat' dir='ltr'>compellat</span> <span class='ocrx_word' id='word_1_181' title='bbox 1791 2563 1803 2601; x_wconf 89' lang='lat'>:</span> <span class='ocrx_word' id='word_1_182' title='bbox 1841 2568 1867 2596; x_wconf 88' lang='grc'>‹‹</span> <span class='ocrx_word' id='word_1_183' title='bbox 1904 2542 2206 2616; x_wconf 89' lang='lat' dir='ltr'>Ejusmodi</span> 
     </span>
    </p>
   </div>
   <div class='ocr_carea' id='block_1_27' title="bbox 557 2635 2205 2713">
    <p class='ocr_par' dir='ltr' id='par_1_27' title="bbox 557 2635 2205 2713">
     <span class='ocr_line' id='line_1_27' title="bbox 557 2635 2205 2713; baseline -0.006 -16"><span class='ocrx_word' id='word_1_184' title='bbox 557 2642 829 2698; x_wconf 85' lang='lat' dir='ltr'>homines</span> <span class='ocrx_word' id='word_1_185' title='bbox 861 2658 1049 2713; x_wconf 89' lang='lat' dir='ltr'>neque</span> <span class='ocrx_word' id='word_1_186' title='bbox 1086 2643 1463 2713; x_wconf 88' lang='lat' dir='ltr'>congregant,</span> <span class='ocrx_word' id='word_1_187' title='bbox 1496 2653 1685 2709; x_wconf 86' lang='lat' dir='ltr'>neque</span> <span class='ocrx_word' id='word_1_188' title='bbox 1715 2635 2069 2709; x_wconf 88' lang='lat' dir='ltr'>participant</span> <span class='ocrx_word' id='word_1_189' title='bbox 2099 2649 2205 2687; x_wconf 92' lang='lat' dir='ltr'>no-</span> 
     </span>
    </p>
   </div>
   <div class='ocr_carea' id='block_1_28' title="bbox 561 2725 2207 2803">
    <p class='ocr_par' dir='ltr' id='par_1_28' title="bbox 561 2725 2207 2803">
     <span class='ocr_line' id='line_1_28' title="bbox 561 2725 2207 2803; baseline -0.006 -17"><span class='ocrx_word' id='word_1_190' title='bbox 561 2730 811 2800; x_wconf 88' lang='lat' dir='ltr'>biscum,</span> <span class='ocrx_word' id='word_1_191' title='bbox 849 2731 979 2787; x_wconf 86' lang='lat' dir='ltr'>facti</span> <span class='ocrx_word' id='word_1_192' title='bbox 1013 2735 1144 2803; x_wconf 87' lang='lat' dir='ltr'>post</span> <span class='ocrx_word' id='word_1_193' title='bbox 1171 2730 1383 2785; x_wconf 89' lang='lat' dir='ltr'>delicta</span> <span class='ocrx_word' id='word_1_194' title='bbox 1411 2730 1601 2784; x_wconf 91' lang='lat' dir='ltr'>denuo</span> <span class='ocrx_word' id='word_1_195' title='bbox 1639 2726 1837 2796; x_wconf 85' lang='lat' dir='ltr'>vestri,</span> <span class='ocrx_word' id='word_1_196' title='bbox 1872 2725 2104 2797; x_wconf 85' lang='lat' dir='ltr'>quando</span> <span class='ocrx_word' id='word_1_197' title='bbox 2135 2738 2207 2777; x_wconf 94' lang='lat' dir='ltr'>ne</span> 
     </span>
    </p>
   </div>
   <div class='ocr_carea' id='block_1_29' title="bbox 560 2816 2209 2893">
    <p class='ocr_par' dir='ltr' id='par_1_29' title="bbox 560 2816 2209 2893">
     <span class='ocr_line' id='line_1_29' title="bbox 560 2816 2209 2893; baseline -0.005 -16"><span class='ocrx_word' id='word_1_198' title='bbox 560 2820 680 2877; x_wconf 89' lang='lat' dir='ltr'>illis</span> <span class='ocrx_word' id='word_1_199' title='bbox 729 2822 967 2893; x_wconf 86' lang='lat' dir='ltr'>quidem</span> <span class='ocrx_word' id='word_1_200' title='bbox 1008 2820 1381 2891; x_wconf 87' lang='lat' dir='ltr'>misceamur,</span> <span class='ocrx_word' id='word_1_201' title='bbox 1432 2836 1580 2889; x_wconf 91' lang='lat' dir='ltr'>quos</span> <span class='ocrx_word' id='word_1_202' title='bbox 1632 2821 1827 2873; x_wconf 89' lang='lat' dir='ltr'>vestra</span> <span class='ocrx_word' id='word_1_203' title='bbox 1894 2816 1982 2871; x_wconf 90' lang='lat' dir='ltr'>vis</span> <span class='ocrx_word' id='word_1_204' title='bbox 2031 2820 2209 2885; x_wconf 85' lang='lat' dir='ltr'>atque</span> 
     </span>
    </p>
   </div>
   <div class='ocr_carea' id='block_1_30' title="bbox 562 2905 2205 2983">
    <p class='ocr_par' dir='ltr' id='par_1_30' title="bbox 562 2905 2205 2983">
     <span class='ocr_line' id='line_1_30' title="bbox 562 2905 2205 2983; baseline -0.006 -15"><span class='ocrx_word' id='word_1_205' title='bbox 562 2912 781 2968; x_wconf 56' lang='lat' dir='ltr'>saevitia</span> <span class='ocrx_word' id='word_1_206' title='bbox 804 2912 873 2967; x_wconf 89' lang='lat' dir='ltr'>ad</span> <span class='ocrx_word' id='word_1_207' title='bbox 905 2911 1238 2983; x_wconf 89' lang='lat' dir='ltr'>negandum</span> <span class='ocrx_word' id='word_1_208' title='bbox 1261 2908 1534 2981; x_wconf 82' lang='lat' dir='ltr'>subegit»</span> <span class='ocrx_word' id='word_1_209' title='bbox 1559 2905 1934 2979; x_wconf 88' lang='lat' dir='ltr'>(Tertull.lib.</span> <span class='ocrx_word' id='word_1_210' title='bbox 1961 2905 2065 2960; x_wconf 79' lang='lat' dir='ltr'>Iad</span> <span class='ocrx_word' id='word_1_211' title='bbox 2082 2905 2205 2959; x_wconf 77' lang='lat' dir='ltr'>Nat.</span> 
     </span>
    </p>
   </div>
   <div class='ocr_carea' id='block_1_31' title="bbox 560 2995 2208 3074">
    <p class='ocr_par' dir='ltr' id='par_1_31' title="bbox 560 2995 2208 3074">
     <span class='ocr_line' id='line_1_31' title="bbox 560 2995 2208 3074; baseline -0.004 -17"><span class='ocrx_word' id='word_1_212' title='bbox 560 3018 689 3074; x_wconf 89' lang='lat' dir='ltr'>cap.</span> <span class='ocrx_word' id='word_1_213' title='bbox 721 3002 796 3073; x_wconf 81' lang='grc'>4).</span> <span class='ocrx_word' id='word_1_214' title='bbox 845 3000 1027 3064; x_wconf 89' lang='lat' dir='ltr'>Quam</span> <span class='ocrx_word' id='word_1_215' title='bbox 1076 3003 1272 3055; x_wconf 90' lang='lat' dir='ltr'>autem</span> <span class='ocrx_word' id='word_1_216' title='bbox 1322 2998 1432 3054; x_wconf 92' lang='lat' dir='ltr'>hoc</span> <span class='ocrx_word' id='word_1_217' title='bbox 1484 3014 1684 3053; x_wconf 90' lang='lat' dir='ltr'>verum</span> <span class='ocrx_word' id='word_1_218' title='bbox 1719 2997 1795 3052; x_wconf 91' lang='lat' dir='ltr'>sit</span> <span class='ocrx_word' id='word_1_219' title='bbox 1824 3013 1892 3051; x_wconf 79' lang='lat' dir='ltr'>ex</span> <span class='ocrx_word' id='word_1_220' title='bbox 1922 2995 1993 3051; x_wconf 91' lang='lat' dir='ltr'>iis</span> <span class='ocrx_word' id='word_1_221' title='bbox 2024 3012 2208 3051; x_wconf 89' lang='lat' dir='ltr'>unus-</span> 
     </span>
    </p>
   </div>
   <div class='ocr_carea' id='block_1_32' title="bbox 559 3086 2210 3164">
    <p class='ocr_par' dir='ltr' id='par_1_32' title="bbox 559 3086 2210 3164">
     <span class='ocr_line' id='line_1_32' title="bbox 559 3086 2210 3164; baseline -0.004 -18"><span class='ocrx_word' id='word_1_222' title='bbox 559 3091 806 3164; x_wconf 89' lang='lat' dir='ltr'>quisque</span> <span class='ocrx_word' id='word_1_223' title='bbox 837 3089 1002 3145; x_wconf 83' lang='lat' dir='ltr'>facile</span> <span class='ocrx_word' id='word_1_224' title='bbox 1032 3088 1339 3161; x_wconf 89' lang='lat' dir='ltr'>intelliget,</span> <span class='ocrx_word' id='word_1_225' title='bbox 1367 3105 1492 3159; x_wconf 73' lang='lat' dir='ltr'>que:</span> <span class='ocrx_word' id='word_1_226' title='bbox 1514 3088 1837 3159; x_wconf 82' lang='lat' dir='ltr'>Cyprianus</span> <span class='ocrx_word' id='word_1_227' title='bbox 1859 3086 2077 3158; x_wconf 90' lang='lat' dir='ltr'>aliique</span> <span class='ocrx_word' id='word_1_228' title='bbox 2107 3102 2210 3139; x_wconf 89' lang='lat' dir='ltr'>an-</span> 
     </span>
    </p>
   </div>
   <div class='ocr_carea' id='block_1_33' title="bbox 560 3174 2212 3252">
    <p class='ocr_par' dir='ltr' id='par_1_33' title="bbox 560 3174 2212 3252">
     <span class='ocr_line' id='line_1_33' title="bbox 560 3174 2212 3252; baseline -0.003 -17"><span class='ocrx_word' id='word_1_229' title='bbox 560 3180 711 3252; x_wconf 86' lang='lat' dir='ltr'>tiqui</span> <span class='ocrx_word' id='word_1_230' title='bbox 743 3180 1056 3252; x_wconf 87' lang='lat' dir='ltr'>scriptores</span> <span class='ocrx_word' id='word_1_231' title='bbox 1088 3179 1276 3234; x_wconf 89' lang='lat' dir='ltr'>nostri</span> <span class='ocrx_word' id='word_1_232' title='bbox 1333 3178 1631 3233; x_wconf 79' lang='lat' dir='ltr'>memorias</span> <span class='ocrx_word' id='word_1_233' title='bbox 1678 3176 1834 3231; x_wconf 90' lang='lat' dir='ltr'>haud</span> <span class='ocrx_word' id='word_1_234' title='bbox 1868 3174 2048 3231; x_wconf 90' lang='lat' dir='ltr'>semel</span> <span class='ocrx_word' id='word_1_235' title='bbox 2080 3191 2212 3247; x_wconf 89' lang='lat' dir='ltr'>pro-</span> 
     </span>
    </p>
   </div>
   <div class='ocr_carea' id='block_1_34' title="bbox 563 3265 2211 3339">
    <p class='ocr_par' dir='ltr' id='par_1_34' title="bbox 563 3265 2211 3339">
     <span class='ocr_line' id='line_1_34' title="bbox 563 3265 2211 3339; baseline -0.004 -15"><span class='ocrx_word' id='word_1_236' title='bbox 563 3269 839 3324; x_wconf 91' lang='lat' dir='ltr'>diderunt</span> <span class='ocrx_word' id='word_1_237' title='bbox 869 3269 939 3323; x_wconf 85' lang='lat' dir='ltr'>de</span> <span class='ocrx_word' id='word_1_238' title='bbox 990 3267 1195 3339; x_wconf 89' lang='lat' dir='ltr'>lapsis,</span> <span class='ocrx_word' id='word_1_239' title='bbox 1227 3267 1327 3338; x_wconf 91' lang='lat' dir='ltr'>qui</span> <span class='ocrx_word' id='word_1_240' title='bbox 1359 3271 1743 3339; x_wconf 81' lang='lat' dir='ltr'>tyrannorum</span> <span class='ocrx_word' id='word_1_241' title='bbox 1786 3265 1963 3320; x_wconf 88' lang='lat' dir='ltr'>minis</span> <span class='ocrx_word' id='word_1_242' title='bbox 1996 3269 2051 3319; x_wconf 89' lang='lat' dir='ltr'>et</span> <span class='ocrx_word' id='word_1_243' title='bbox 2081 3281 2211 3318; x_wconf 87' lang='lat' dir='ltr'>cru-</span> 
     </span>
    </p>
   </div>
   <div class='ocr_carea' id='block_1_35' title="bbox 563 3352 2212 3427">
    <p class='ocr_par' dir='ltr' id='par_1_35' title="bbox 563 3352 2212 3427">
     <span class='ocr_line' id='line_1_35' title="bbox 563 3352 2212 3427; baseline -0.003 -13"><span class='ocrx_word' id='word_1_244' title='bbox 563 3357 815 3414; x_wconf 88' lang='lat' dir='ltr'>ciatibus</span> <span class='ocrx_word' id='word_1_245' title='bbox 838 3357 1235 3413; x_wconf 87' lang='lat' dir='ltr'>Christianam</span> <span class='ocrx_word' id='word_1_246' title='bbox 1259 3357 1431 3412; x_wconf 84' lang='lat' dir='ltr'>fidem</span> <span class='ocrx_word' id='word_1_247' title='bbox 1456 3357 1844 3427; x_wconf 86' lang='lat' dir='ltr'>ejuraverant.</span> <span class='ocrx_word' id='word_1_248' title='bbox 1873 3355 1982 3410; x_wconf 91' lang='lat' dir='ltr'>Sed</span> <span class='ocrx_word' id='word_1_249' title='bbox 2004 3354 2074 3408; x_wconf 91' lang='lat' dir='ltr'>de</span> <span class='ocrx_word' id='word_1_250' title='bbox 2094 3352 2212 3409; x_wconf 89' lang='lat' dir='ltr'>illis</span> 
     </span>
    </p>
   </div>
   <div class='ocr_carea' id='block_1_36' title="bbox 564 3442 2213 3520">
    <p class='ocr_par' dir='ltr' id='par_1_36' title="bbox 564 3442 2213 3520">
     <span class='ocr_line' id='line_1_36' title="bbox 564 3442 2213 3520; baseline -0.004 -17"><span class='ocrx_word' id='word_1_251' title='bbox 564 3446 949 3520; x_wconf 91' lang='lat' dir='ltr'>opportunior</span> <span class='ocrx_word' id='word_1_252' title='bbox 978 3445 1319 3516; x_wconf 89' lang='lat' dir='ltr'>disputandi</span> <span class='ocrx_word' id='word_1_253' title='bbox 1349 3444 1514 3500; x_wconf 90' lang='lat' dir='ltr'>locus</span> <span class='ocrx_word' id='word_1_254' title='bbox 1545 3444 1715 3499; x_wconf 89' lang='lat' dir='ltr'>nobis</span> <span class='ocrx_word' id='word_1_255' title='bbox 1746 3444 2001 3498; x_wconf 90' lang='lat' dir='ltr'>dabitur.</span> <span class='ocrx_word' id='word_1_256' title='bbox 2042 3442 2213 3497; x_wconf 83' lang='lat' dir='ltr'>Recte</span> 
     </span>
    </p>
   </div>
   <div class='ocr_carea' id='block_1_37' title="bbox 564 3530 2214 3608">
    <p class='ocr_par' dir='ltr' id='par_1_37' title="bbox 564 3530 2214 3608">
     <span class='ocr_line' id='line_1_37' title="bbox 564 3530 2214 3608; baseline -0.004 -17"><span class='ocrx_word' id='word_1_257' title='bbox 564 3553 702 3608; x_wconf 89' lang='lat' dir='ltr'>ergo</span> <span class='ocrx_word' id='word_1_258' title='bbox 749 3533 1146 3590; x_wconf 89' lang='lat' dir='ltr'>Tertullianus</span> <span class='ocrx_word' id='word_1_259' title='bbox 1187 3532 1455 3588; x_wconf 90' lang='lat' dir='ltr'>ethnicos</span> <span class='ocrx_word' id='word_1_260' title='bbox 1487 3549 1694 3588; x_wconf 89' lang='lat' dir='ltr'>rursus</span> <span class='ocrx_word' id='word_1_261' title='bbox 1725 3531 2096 3602; x_wconf 89' lang='lat' dir='ltr'>alloquendo,</span> <span class='ocrx_word' id='word_1_262' title='bbox 2132 3530 2214 3585; x_wconf 88' lang='lat' dir='ltr'>sic</span> 
     </span>
    </p>
   </div>
   <div class='ocr_carea' id='block_1_38' title="bbox 566 3619 2213 3690">
    <p class='ocr_par' dir='ltr' id='par_1_38' title="bbox 566 3619 2213 3690">
     <span class='ocr_line' id='line_1_38' title="bbox 566 3619 2213 3690; baseline -0.004 -11"><span class='ocrx_word' id='word_1_263' title='bbox 566 3622 863 3679; x_wconf 90' lang='lat' dir='ltr'>concludit</span> <span class='ocrx_word' id='word_1_264' title='bbox 895 3639 907 3675; x_wconf 91' lang='lat'>:</span> <span class='ocrx_word' id='word_1_265' title='bbox 947 3646 967 3672; x_wconf 72' lang='grc' dir='ltr'><strong>α</strong></span> <span class='ocrx_word' id='word_1_266' title='bbox 1001 3624 1134 3677; x_wconf 86' lang='lat' dir='ltr'>Sine</span> <span class='ocrx_word' id='word_1_267' title='bbox 1182 3639 1361 3677; x_wconf 89' lang='lat' dir='ltr'>causa</span> <span class='ocrx_word' id='word_1_268' title='bbox 1399 3622 1531 3677; x_wconf 89' lang='lat' dir='ltr'>illos</span> <span class='ocrx_word' id='word_1_269' title='bbox 1580 3621 1800 3676; x_wconf 89' lang='lat' dir='ltr'>vocatis</span> <span class='ocrx_word' id='word_1_270' title='bbox 1831 3619 2213 3690; x_wconf 86' lang='lat' dir='ltr'>Christianos,</span> 
     </span>
    </p>
   </div>
   <div class='ocr_carea' id='block_1_39' title="bbox 567 3709 2217 3783">
    <p class='ocr_par' dir='ltr' id='par_1_39' title="bbox 567 3709 2217 3783">
     <span class='ocr_line' id='line_1_39' title="bbox 567 3709 2217 3783; baseline -0.001 -17"><span class='ocrx_word' id='word_1_271' title='bbox 567 3726 716 3782; x_wconf 89' lang='lat' dir='ltr'>quos</span> <span class='ocrx_word' id='word_1_272' title='bbox 742 3711 855 3782; x_wconf 89' lang='lat' dir='ltr'>ipsi</span> <span class='ocrx_word' id='word_1_273' title='bbox 886 3716 1102 3783; x_wconf 89' lang='lat' dir='ltr'>negant</span> <span class='ocrx_word' id='word_1_274' title='bbox 1132 3711 1470 3781; x_wconf 89' lang='lat' dir='ltr'>Christiani,</span> <span class='ocrx_word' id='word_1_275' title='bbox 1503 3711 1603 3782; x_wconf 92' lang='lat' dir='ltr'>qui</span> <span class='ocrx_word' id='word_1_276' title='bbox 1637 3727 1720 3776; x_wconf 90' lang='lat' dir='ltr'>se,</span> <span class='ocrx_word' id='word_1_277' title='bbox 1771 3709 1829 3765; x_wconf 92' lang='lat' dir='ltr'>id</span> <span class='ocrx_word' id='word_1_278' title='bbox 1879 3715 1968 3766; x_wconf 91' lang='lat' dir='ltr'>est</span> <span class='ocrx_word' id='word_1_279' title='bbox 1998 3711 2217 3767; x_wconf 91' lang='lat' dir='ltr'>Christi</span> 
     </span>
    </p>
   </div>
   <div class='ocr_carea' id='block_1_40' title="bbox 567 3799 2216 3873">
    <p class='ocr_par' dir='ltr' id='par_1_40' title="bbox 567 3799 2216 3873">
     <span class='ocr_line' id='line_1_40' title="bbox 567 3799 2216 3873; baseline 0 -18"><span class='ocrx_word' id='word_1_280' title='bbox 567 3800 743 3855; x_wconf 85' lang='lat' dir='ltr'>ﬁdem</span> <span class='ocrx_word' id='word_1_281' title='bbox 776 3816 990 3873; x_wconf 87' lang='lat' dir='ltr'>negare</span> <span class='ocrx_word' id='word_1_282' title='bbox 1040 3818 1155 3855; x_wconf 90' lang='lat' dir='ltr'>non</span> <span class='ocrx_word' id='word_1_283' title='bbox 1188 3804 1404 3855; x_wconf 87' lang='lat' dir='ltr'>norunt</span> <span class='ocrx_word' id='word_1_284' title='bbox 1433 3818 1461 3851; x_wconf 71' lang='grc' dir='ltr'>ι</span> <span class='ocrx_word' id='word_1_285' title='bbox 1524 3799 1731 3870; x_wconf 66' lang='lat' dir='ltr'>(Ibid).</span> <span class='ocrx_word' id='word_1_286' title='bbox 1766 3800 1893 3856; x_wconf 88' lang='lat' dir='ltr'>Veri</span> <span class='ocrx_word' id='word_1_287' title='bbox 1924 3800 2216 3871; x_wconf 89' lang='lat' dir='ltr'>siquidem</span> 
     </span>
    </p>
   </div>
   <div class='ocr_carea' id='block_1_41' title="bbox 567 3888 2218 3961">
    <p class='ocr_par' dir='ltr' id='par_1_41' title="bbox 567 3888 2218 3961">
     <span class='ocr_line' id='line_1_41' title="bbox 567 3888 2218 3961; baseline 0.001 -17"><span class='ocrx_word' id='word_1_288' title='bbox 567 3888 909 3957; x_wconf 87' lang='lat' dir='ltr'>Christiani,</span> <span class='ocrx_word' id='word_1_289' title='bbox 947 3889 1311 3961; x_wconf 88' lang='lat' dir='ltr'>quibuslibet</span> <span class='ocrx_word' id='word_1_290' title='bbox 1345 3888 1661 3944; x_wconf 89' lang='lat' dir='ltr'>dirissimis</span> <span class='ocrx_word' id='word_1_291' title='bbox 1692 3890 2001 3944; x_wconf 90' lang='lat' dir='ltr'>tormentis</span> <span class='ocrx_word' id='word_1_292' title='bbox 2033 3890 2218 3945; x_wconf 82' lang='lat' dir='ltr'>vexati</span> 
     </span>
    </p>
   </div>
   <div class='ocr_carea' id='block_1_42' title="bbox 565 3977 2217 4051">
    <p class='ocr_par' dir='ltr' id='par_1_42' title="bbox 565 3977 2217 4051">
     <span class='ocr_line' id='line_1_42' title="bbox 565 3977 2217 4051; baseline -0.001 -16"><span class='ocrx_word' id='word_1_293' title='bbox 565 3978 909 4036; x_wconf 71' lang='lat' dir='ltr'>Christianae</span> <span class='ocrx_word' id='word_1_294' title='bbox 959 3978 1259 4051; x_wconf 85' lang='lat' dir='ltr'>religionis</span> <span class='ocrx_word' id='word_1_295' title='bbox 1299 3978 1605 4034; x_wconf 90' lang='lat' dir='ltr'>veritatem</span> <span class='ocrx_word' id='word_1_296' title='bbox 1635 3977 1705 4032; x_wconf 90' lang='lat' dir='ltr'>ad</span> <span class='ocrx_word' id='word_1_297' title='bbox 1746 3978 2217 4034; x_wconf 90' lang='lat' dir='ltr'>crudelissimam</span> 
     </span>
    </p>
   </div>
   <div class='ocr_carea' id='block_1_43' title="bbox 567 4066 2218 4141">
    <p class='ocr_par' dir='ltr' id='par_1_43' title="bbox 567 4066 2218 4141">
     <span class='ocr_line' id='line_1_43' title="bbox 567 4066 2218 4141; baseline -0.001 -17"><span class='ocrx_word' id='word_1_298' title='bbox 567 4086 758 4141; x_wconf 89' lang='lat' dir='ltr'>usque</span> <span class='ocrx_word' id='word_1_299' title='bbox 818 4068 1279 4124; x_wconf 85' lang='lat' dir='ltr'>internecionem</span> <span class='ocrx_word' id='word_1_300' title='bbox 1331 4066 1808 4124; x_wconf 86' lang='lat' dir='ltr'>constantissime</span> <span class='ocrx_word' id='word_1_301' title='bbox 1868 4072 2218 4132; x_wconf 87' lang='lat' dir='ltr'>asserentes,</span> 
     </span>
    </p>
   </div>
   <div class='ocr_carea' id='block_1_44' title="bbox 567 4155 2218 4232">
    <p class='ocr_par' dir='ltr' id='par_1_44' title="bbox 567 4155 2218 4232">
     <span class='ocr_line' id='line_1_44' title="bbox 567 4155 2218 4232; baseline -0.003 -18"><span class='ocrx_word' id='word_1_302' title='bbox 567 4159 833 4232; x_wconf 82' lang='lat' dir='ltr'>martyrii</span> <span class='ocrx_word' id='word_1_303' title='bbox 863 4175 1138 4214; x_wconf 90' lang='lat' dir='ltr'>coronam</span> <span class='ocrx_word' id='word_1_304' title='bbox 1162 4157 1688 4228; x_wconf 89' lang='lat' dir='ltr'>consequebantur.</span> <span class='ocrx_word' id='word_1_305' title='bbox 1717 4155 1828 4211; x_wconf 90' lang='lat' dir='ltr'>Sed</span> <span class='ocrx_word' id='word_1_306' title='bbox 1860 4156 2001 4227; x_wconf 91' lang='lat' dir='ltr'>quid</span> <span class='ocrx_word' id='word_1_307' title='bbox 2035 4157 2104 4211; x_wconf 89' lang='lat' dir='ltr'>de</span> <span class='ocrx_word' id='word_1_308' title='bbox 2128 4155 2218 4210; x_wconf 87' lang='lat' dir='ltr'>his</span> 
     </span>
    </p>
   </div>
   <div class='ocr_carea' id='block_1_45' title="bbox 570 4243 2217 4319">
    <p class='ocr_par' dir='ltr' id='par_1_45' title="bbox 570 4243 2217 4319">
     <span class='ocr_line' id='line_1_45' title="bbox 570 4243 2217 4319; baseline -0.003 -15"><span class='ocrx_word' id='word_1_309' title='bbox 570 4247 967 4305; x_wconf 77' lang='lat' dir='ltr'>sanctissimis</span> <span class='ocrx_word' id='word_1_310' title='bbox 1011 4246 1366 4319; x_wconf 85' lang='lat' dir='ltr'>martyribus</span> <span class='ocrx_word' id='word_1_311' title='bbox 1410 4250 1616 4301; x_wconf 88' lang='lat' dir='ltr'>auctor</span> <span class='ocrx_word' id='word_1_312' title='bbox 1654 4248 1852 4300; x_wconf 90' lang='lat' dir='ltr'>noster</span> <span class='ocrx_word' id='word_1_313' title='bbox 1892 4243 2217 4313; x_wconf 89' lang='lat' dir='ltr'>tradiderit,</span> 
     </span>
    </p>
   </div>
   <div class='ocr_carea' id='block_1_46' title="bbox 569 4336 1296 4409">
    <p class='ocr_par' dir='ltr' id='par_1_46' title="bbox 569 4336 1296 4409">
     <span class='ocr_line' id='line_1_46' title="bbox 569 4336 1296 4409; baseline -0.003 -17"><span class='ocrx_word' id='word_1_314' title='bbox 569 4337 693 4409; x_wconf 86' lang='lat' dir='ltr'>jam</span> <span class='ocrx_word' id='word_1_315' title='bbox 722 4336 1157 4409; x_wconf 87' lang='lat' dir='ltr'>explanandum</span> <span class='ocrx_word' id='word_1_316' title='bbox 1186 4339 1296 4391; x_wconf 89' lang='lat' dir='ltr'>est.</span> 
     </span>
    </p>
   </div>
   <div class='ocr_carea' id='block_1_47' title="bbox 1193 4450 1598 4507">
    <p class='ocr_par' dir='ltr' id='par_1_47' title="bbox 1193 4450 1598 4507">
     <span class='ocr_line' id='line_1_47' title="bbox 1193 4450 1598 4507; baseline -0.005 0"><span class='ocrx_word' id='word_1_317' title='bbox 1193 4450 1423 4507; x_wconf 85' lang='lat' dir='ltr'>CAPUT</span> <span class='ocrx_word' id='word_1_318' title='bbox 1461 4451 1598 4507; x_wconf 79' lang='lat' dir='ltr'>XXI.</span> 
     </span>
    </p>
   </div>
   <div class='ocr_carea' id='block_1_48' title="bbox 988 4538 1802 4611">
    <p class='ocr_par' dir='ltr' id='par_1_48' title="bbox 988 4538 1802 4611">
     <span class='ocr_line' id='line_1_48' title="bbox 988 4538 1802 4611; baseline -0.001 -16"><span class='ocrx_word' id='word_1_319' title='bbox 988 4541 1066 4596; x_wconf 86' lang='lat' dir='ltr'>De</span> <span class='ocrx_word' id='word_1_320' title='bbox 1094 4540 1426 4597; x_wconf 73' lang='lat' dir='ltr'>Christianis</span> <span class='ocrx_word' id='word_1_321' title='bbox 1455 4538 1802 4611; x_wconf 69' lang='lat' dir='ltr'>martyribus</span> 
     </span>
    </p>
   </div>
   <div class='ocr_carea' id='block_1_49' title="bbox 1095 4662 1695 4703">
    <p class='ocr_par' dir='ltr' id='par_1_49' title="bbox 1095 4662 1695 4703">
     <span class='ocr_line' id='line_1_49' title="bbox 1095 4662 1695 4703; baseline 0 -2"><span class='ocrx_word' id='word_1_322' title='bbox 1095 4664 1414 4703; x_wconf 74' lang='lat' dir='ltr'>ARTICULUS</span> <span class='ocrx_word' id='word_1_323' title='bbox 1454 4662 1695 4702; x_wconf 83' lang='lat' dir='ltr'>PRIMUS.</span> 
     </span>
    </p>
   </div>
   <div class='ocr_carea' id='block_1_50' title="bbox 578 4734 2223 4807">
    <p class='ocr_par' dir='ltr' id='par_1_50' title="bbox 578 4734 2223 4807">
     <span class='ocr_line' id='line_1_50' title="bbox 578 4734 2223 4807; baseline -0.002 -16"><span class='ocrx_word' id='word_1_324' title='bbox 578 4736 787 4804; x_wconf 76' lang='lat' dir='ltr'>Quibus</span> <span class='ocrx_word' id='word_1_325' title='bbox 816 4752 881 4793; x_wconf 86' lang='lat' dir='ltr'>ac</span> <span class='ocrx_word' id='word_1_326' title='bbox 901 4753 1065 4806; x_wconf 86' lang='lat' dir='ltr'>quam</span> <span class='ocrx_word' id='word_1_327' title='bbox 1091 4740 1264 4791; x_wconf 74' lang='lat' dir='ltr'>varii:</span> <span class='ocrx_word' id='word_1_328' title='bbox 1293 4736 1688 4807; x_wconf 76' lang='lat' dir='ltr'>horrendisque</span> <span class='ocrx_word' id='word_1_329' title='bbox 1716 4735 2049 4807; x_wconf 69' lang='lat' dir='ltr'>cruciatibus</span> <span class='ocrx_word' id='word_1_330' title='bbox 2071 4734 2223 4789; x_wconf 84' lang='lat' dir='ltr'>Chri-</span> 
     </span>
    </p>
   </div>
   <div class='ocr_carea' id='block_1_51' title="bbox 649 4806 2221 4876">
    <p class='ocr_par' dir='ltr' id='par_1_51' title="bbox 649 4806 2221 4876">
     <span class='ocr_line' id='line_1_51' title="bbox 649 4806 2221 4876; baseline -0.001 -13"><span class='ocrx_word' id='word_1_331' title='bbox 649 4810 818 4864; x_wconf 82' lang='lat' dir='ltr'>stiani</span> <span class='ocrx_word' id='word_1_332' title='bbox 860 4812 928 4863; x_wconf 89' lang='lat' dir='ltr'>ab</span> <span class='ocrx_word' id='word_1_333' title='bbox 976 4810 1209 4863; x_wconf 74' lang='lat' dir='ltr'>ethnicis</span> <span class='ocrx_word' id='word_1_334' title='bbox 1250 4806 1635 4876; x_wconf 81' lang='lat' dir='ltr'>torquerentur</span> <span class='ocrx_word' id='word_1_335' title='bbox 1681 4816 1731 4863; x_wconf 88' lang='lat' dir='ltr'>et</span> <span class='ocrx_word' id='word_1_336' title='bbox 1773 4806 2221 4862; x_wconf 76' lang='lat' dir='ltr'>trucidarentur:</span> 
     </span>
    </p>
   </div>
   <div class='ocr_carea' id='block_1_52' title="bbox 649 4879 1928 4937">
    <p class='ocr_par' dir='ltr' id='par_1_52' title="bbox 649 4879 1928 4937">
     <span class='ocr_line' id='line_1_52' title="bbox 649 4879 1928 4937; baseline -0.002 -2"><span class='ocrx_word' id='word_1_337' title='bbox 649 4896 713 4935; x_wconf 85' lang='lat' dir='ltr'>ac</span> <span class='ocrx_word' id='word_1_338' title='bbox 739 4896 837 4936; x_wconf 84' lang='lat' dir='ltr'>cur</span> <span class='ocrx_word' id='word_1_339' title='bbox 865 4880 1219 4937; x_wconf 84' lang='lat' dir='ltr'>Sarmenticii</span> <span class='ocrx_word' id='word_1_340' title='bbox 1242 4886 1295 4936; x_wconf 89' lang='lat' dir='ltr'>et</span> <span class='ocrx_word' id='word_1_341' title='bbox 1324 4879 1565 4936; x_wconf 78' lang='lat' dir='ltr'>Sanaxii</span> <span class='ocrx_word' id='word_1_342' title='bbox 1594 4880 1771 4936; x_wconf 58' lang='lat' dir='ltr'>vocati</span> <span class='ocrx_word' id='word_1_343' title='bbox 1797 4880 1928 4935; x_wconf 81' lang='lat' dir='ltr'>sint.</span> 
     </span>
    </p>
   </div>
   <div class='ocr_carea' id='block_1_53' title="bbox 656 4992 2225 5067">
    <p class='ocr_par' dir='ltr' id='par_1_53' title="bbox 656 4992 2225 5067">
     <span class='ocr_line' id='line_1_53' title="bbox 656 4992 2225 5067; baseline -0.001 -16"><span class='ocrx_word' id='word_1_344' title='bbox 656 4994 829 5051; x_wconf 89' lang='lat' dir='ltr'>Nulla</span> <span class='ocrx_word' id='word_1_345' title='bbox 858 4994 1058 5067; x_wconf 90' lang='lat' dir='ltr'>procul</span> <span class='ocrx_word' id='word_1_346' title='bbox 1089 4995 1268 5052; x_wconf 90' lang='lat' dir='ltr'>dubio</span> <span class='ocrx_word' id='word_1_347' title='bbox 1324 4995 1789 5052; x_wconf 88' lang='lat' dir='ltr'>Christianorum</span> <span class='ocrx_word' id='word_1_348' title='bbox 1817 4995 2004 5050; x_wconf 89' lang='lat' dir='ltr'>virtus</span> <span class='ocrx_word' id='word_1_349' title='bbox 2036 4992 2225 5066; x_wconf 90' lang='lat' dir='ltr'>magis</span> 
     </span>
    </p>
   </div>
   <div class='ocr_carea' id='block_1_54' title="bbox 591 5081 2223 5156">
    <p class='ocr_par' dir='ltr' id='par_1_54' title="bbox 591 5081 2223 5156">
     <span class='ocr_line' id='line_1_54' title="bbox 591 5081 2223 5156; baseline -0.002 -17"><span class='ocrx_word' id='word_1_350' title='bbox 591 5082 839 5154; x_wconf 85' lang='lat' dir='ltr'>refulsit,</span> <span class='ocrx_word' id='word_1_351' title='bbox 873 5102 1048 5156; x_wconf 88' lang='lat' dir='ltr'>quam</span> <span class='ocrx_word' id='word_1_352' title='bbox 1099 5084 1483 5142; x_wconf 88' lang='lat' dir='ltr'>invictissima</span> <span class='ocrx_word' id='word_1_353' title='bbox 1512 5086 1569 5139; x_wconf 94' lang='lat' dir='ltr'>in</span> <span class='ocrx_word' id='word_1_354' title='bbox 1602 5084 1922 5140; x_wconf 89' lang='lat' dir='ltr'>tolerandis</span> <span class='ocrx_word' id='word_1_355' title='bbox 1958 5100 2058 5154; x_wconf 90' lang='lat' dir='ltr'>pro</span> <span class='ocrx_word' id='word_1_356' title='bbox 2088 5081 2223 5137; x_wconf 89' lang='lat' dir='ltr'>reli-</span> 
     </span>
    </p>
   </div>
   <div class='ocr_carea' id='block_1_55' title="bbox 581 5173 2227 5247">
    <p class='ocr_par' dir='ltr' id='par_1_55' title="bbox 581 5173 2227 5247">
     <span class='ocr_line' id='line_1_55' title="bbox 581 5173 2227 5247; baseline -0.001 -20"><span class='ocrx_word' id='word_1_357' title='bbox 581 5173 774 5246; x_wconf 90' lang='lat' dir='ltr'>gionis</span> <span class='ocrx_word' id='word_1_358' title='bbox 803 5191 921 5229; x_wconf 63' lang='lat' dir='ltr'>sues</span> <span class='ocrx_word' id='word_1_359' title='bbox 951 5175 1288 5232; x_wconf 85' lang='lat' dir='ltr'>defensione</span> <span class='ocrx_word' id='word_1_360' title='bbox 1308 5174 1615 5247; x_wconf 79' lang='lat' dir='ltr'>suppliciis</span> <span class='ocrx_word' id='word_1_361' title='bbox 1636 5173 2227 5246; x_wconf 88' lang='lat' dir='ltr'>patientia,constan-</span> 
     </span>
    </p>
   </div>
   <div class='ocr_carea' id='block_1_56' title="bbox 582 5260 2227 5335">
    <p class='ocr_par' dir='ltr' id='par_1_56' title="bbox 582 5260 2227 5335">
     <span class='ocr_line' id='line_1_56' title="bbox 582 5260 2227 5335; baseline -0.001 -17"><span class='ocrx_word' id='word_1_362' title='bbox 582 5263 666 5319; x_wconf 84' lang='lat' dir='ltr'>tia</span> <span class='ocrx_word' id='word_1_363' title='bbox 712 5267 887 5335; x_wconf 90' lang='lat' dir='ltr'>atque</span> <span class='ocrx_word' id='word_1_364' title='bbox 934 5264 1237 5320; x_wconf 88' lang='lat' dir='ltr'>fortitudo.</span> <span class='ocrx_word' id='word_1_365' title='bbox 1270 5266 1497 5330; x_wconf 89' lang='lat' dir='ltr'>Quanto</span> <span class='ocrx_word' id='word_1_366' title='bbox 1545 5263 1703 5319; x_wconf 91' lang='lat' dir='ltr'>enim</span> <span class='ocrx_word' id='word_1_367' title='bbox 1735 5262 1942 5334; x_wconf 87' lang='lat' dir='ltr'>majori</span> <span class='ocrx_word' id='word_1_368' title='bbox 1972 5260 2227 5317; x_wconf 89' lang='lat' dir='ltr'>ethnicis</span> 
     </span>
    </p>
   </div>
   <div class='ocr_carea' id='block_1_57' title="bbox 584 5349 2226 5424">
    <p class='ocr_par' dir='ltr' id='par_1_57' title="bbox 584 5349 2226 5424">
     <span class='ocr_line' id='line_1_57' title="bbox 584 5349 2226 5424; baseline -0.002 -16"><span class='ocrx_word' id='word_1_369' title='bbox 584 5351 657 5408; x_wconf 89' lang='lat' dir='ltr'>ob</span> <span class='ocrx_word' id='word_1_370' title='bbox 707 5357 935 5424; x_wconf 80' lang='lat' dir='ltr'>spretae</span> <span class='ocrx_word' id='word_1_371' title='bbox 984 5353 1482 5424; x_wconf 81' lang='lat' dir='ltr'>labefactatasque</span> <span class='ocrx_word' id='word_1_372' title='bbox 1512 5368 1715 5408; x_wconf 89' lang='lat' dir='ltr'>eorum</span> <span class='ocrx_word' id='word_1_373' title='bbox 1750 5352 2061 5424; x_wconf 88' lang='lat' dir='ltr'>religiones</span> <span class='ocrx_word' id='word_1_374' title='bbox 2094 5349 2226 5405; x_wconf 91' lang='lat' dir='ltr'>odio</span> 
     </span>
    </p>
   </div>
   <div class='ocr_carea' id='block_1_58' title="bbox 581 5439 2225 5512">
    <p class='ocr_par' dir='ltr' id='par_1_58' title="bbox 581 5439 2225 5512">
     <span class='ocr_line' id='line_1_58' title="bbox 581 5439 2225 5512; baseline -0.002 -14"><span class='ocrx_word' id='word_1_375' title='bbox 581 5446 767 5510; x_wconf 87' lang='lat' dir='ltr'>erant,</span> <span class='ocrx_word' id='word_1_376' title='bbox 800 5446 964 5499; x_wconf 88' lang='lat' dir='ltr'>tanto</span> <span class='ocrx_word' id='word_1_377' title='bbox 1007 5441 1458 5512; x_wconf 86' lang='lat' dir='ltr'>crudelioribus,</span> <span class='ocrx_word' id='word_1_378' title='bbox 1490 5442 1645 5496; x_wconf 75' lang='lat'>964</span> <span class='ocrx_word' id='word_1_379' title='bbox 1675 5444 1733 5497; x_wconf 89' lang='lat' dir='ltr'>et</span> <span class='ocrx_word' id='word_1_380' title='bbox 1764 5458 1797 5497; x_wconf 91' lang='lat' dir='ltr'>a</span> <span class='ocrx_word' id='word_1_381' title='bbox 1826 5440 2058 5497; x_wconf 90' lang='lat' dir='ltr'>nemine</span> <span class='ocrx_word' id='word_1_382' title='bbox 2087 5439 2225 5495; x_wconf 87' lang='lat' dir='ltr'>hac-</span> 
     </span>
    </p>
   </div>
   <div class='ocr_carea' id='block_1_59' title="bbox 581 5528 2226 5604">
    <p class='ocr_par' dir='ltr' id='par_1_59' title="bbox 581 5528 2226 5604">
     <span class='ocr_line' id='line_1_59' title="bbox 581 5528 2226 5604; baseline -0.003 -19"><span class='ocrx_word' id='word_1_383' title='bbox 581 5535 754 5586; x_wconf 89' lang='lat' dir='ltr'>tenus</span> <span class='ocrx_word' id='word_1_384' title='bbox 788 5530 1129 5604; x_wconf 83' lang='lat' dir='ltr'>excogitatis</span> <span class='ocrx_word' id='word_1_385' title='bbox 1168 5528 1566 5585; x_wconf 84' lang='lat' dir='ltr'>vexationibus</span> <span class='ocrx_word' id='word_1_386' title='bbox 1597 5545 1663 5583; x_wconf 91' lang='lat' dir='ltr'>ac</span> <span class='ocrx_word' id='word_1_387' title='bbox 1692 5530 2000 5585; x_wconf 89' lang='lat' dir='ltr'>tormentis</span> <span class='ocrx_word' id='word_1_388' title='bbox 2030 5543 2226 5584; x_wconf 81' lang='lat' dir='ltr'>excar-</span> 
     </span>
    </p>
   </div>
   <div class='ocr_carea' id='block_1_60' title="bbox 583 5616 2228 5675">
    <p class='ocr_par' dir='ltr' id='par_1_60' title="bbox 583 5616 2228 5675">
     <span class='ocr_line' id='line_1_60' title="bbox 583 5616 2228 5675; baseline -0.001 -2"><span class='ocrx_word' id='word_1_389' title='bbox 583 5618 978 5675; x_wconf 83' lang='lat' dir='ltr'>niﬁcabantur</span> <span class='ocrx_word' id='word_1_390' title='bbox 1007 5624 1065 5675; x_wconf 88' lang='lat' dir='ltr'>et</span> <span class='ocrx_word' id='word_1_391' title='bbox 1094 5619 1475 5675; x_wconf 88' lang='lat' dir='ltr'>necabantur.</span> <span class='ocrx_word' id='word_1_392' title='bbox 1529 5616 1704 5675; x_wconf 90' lang='lat' dir='ltr'>Plura</span> <span class='ocrx_word' id='word_1_393' title='bbox 1749 5623 1945 5675; x_wconf 90' lang='lat' dir='ltr'>autem</span> <span class='ocrx_word' id='word_1_394' title='bbox 1990 5616 2228 5673; x_wconf 84' lang='lat' dir='ltr'>illorum</span> 
     </span>
    </p>
   </div>
   <div class='ocr_carea' id='block_1_61' title="bbox 585 5704 2231 5780">
    <p class='ocr_par' dir='ltr' id='par_1_61' title="bbox 585 5704 2231 5780">
     <span class='ocr_line' id='line_1_61' title="bbox 585 5704 2231 5780; baseline 0.001 -18"><span class='ocrx_word' id='word_1_395' title='bbox 585 5704 877 5777; x_wconf 85' lang='lat' dir='ltr'>supplicia</span> <span class='ocrx_word' id='word_1_396' title='bbox 926 5706 1324 5766; x_wconf 86' lang='lat' dir='ltr'>Tertullianus</span> <span class='ocrx_word' id='word_1_397' title='bbox 1353 5710 1636 5779; x_wconf 87' lang='lat' dir='ltr'>recenset,</span> <span class='ocrx_word' id='word_1_398' title='bbox 1687 5722 1817 5780; x_wconf 66' lang='lat' dir='ltr'>qua</span> <span class='ocrx_word' id='word_1_399' title='bbox 1874 5708 2002 5765; x_wconf 88' lang='lat' dir='ltr'>sine</span> <span class='ocrx_word' id='word_1_400' title='bbox 2031 5704 2231 5778; x_wconf 82' lang='lat' dir='ltr'>aliqua</span> 
     </span>
    </p>
   </div>
   <div class='ocr_carea' id='block_1_62' title="bbox 2307 558 3870 644">
    <p class='ocr_par' dir='ltr' id='par_1_62' title="bbox 2307 558 3870 644">
     <span class='ocr_line' id='line_1_62' title="bbox 2307 558 3870 644; baseline -0.013 -14"><span class='ocrx_word' id='word_1_401' title='bbox 2307 592 2471 630; x_wconf 90' lang='lat' dir='ltr'>mum</span> <span class='ocrx_word' id='word_1_402' title='bbox 2505 574 2702 644; x_wconf 89' lang='lat' dir='ltr'>itaque</span> <span class='ocrx_word' id='word_1_403' title='bbox 2736 588 2749 626; x_wconf 88' lang='lat'>:</span> <span class='ocrx_word' id='word_1_404' title='bbox 2787 591 2814 623; x_wconf 76' lang='grc' dir='ltr'><strong>α</strong></span> <span class='ocrx_word' id='word_1_405' title='bbox 2844 566 3131 634; x_wconf 86' lang='lat' dir='ltr'>Quotidie,</span> <span class='ocrx_word' id='word_1_406' title='bbox 3164 562 3373 634; x_wconf 89' lang='lat' dir='ltr'>inquit,</span> <span class='ocrx_word' id='word_1_407' title='bbox 3404 558 3726 624; x_wconf 87' lang='lat' dir='ltr'>obsidemur,</span> <span class='ocrx_word' id='word_1_408' title='bbox 3753 572 3870 626; x_wconf 88' lang='lat' dir='ltr'>quo-</span> 
     </span>
    </p>
   </div>
   <div class='ocr_carea' id='block_1_63' title="bbox 2306 648 3867 736">
    <p class='ocr_par' dir='ltr' id='par_1_63' title="bbox 2306 648 3867 736">
     <span class='ocr_line' id='line_1_63' title="bbox 2306 648 3867 736; baseline -0.015 -15"><span class='ocrx_word' id='word_1_409' title='bbox 2306 664 2453 721; x_wconf 90' lang='lat' dir='ltr'>tidie</span> <span class='ocrx_word' id='word_1_410' title='bbox 2486 660 2885 736; x_wconf 91' lang='lat' dir='ltr'>prodimur,in</span> <span class='ocrx_word' id='word_1_411' title='bbox 2918 658 3065 729; x_wconf 89' lang='lat' dir='ltr'>ipsis</span> <span class='ocrx_word' id='word_1_412' title='bbox 3096 653 3412 727; x_wconf 90' lang='lat' dir='ltr'>plurimum</span> <span class='ocrx_word' id='word_1_413' title='bbox 3459 648 3867 736; x_wconf 27' lang='lat' dir='ltr'>cmtibusietcon-</span> 
     </span>
    </p>
   </div>
   <div class='ocr_carea' id='block_1_64' title="bbox 2304 732 3869 825">
    <p class='ocr_par' dir='ltr' id='par_1_64' title="bbox 2304 732 3869 825">
     <span class='ocr_line' id='line_1_64' title="bbox 2304 732 3869 825; baseline -0.015 -15"><span class='ocrx_word' id='word_1_414' title='bbox 2304 732 2740 825; x_wconf 78' lang='lat' dir='ltr'>gregationibus</span> <span class='ocrx_word' id='word_1_415' title='bbox 2810 747 3029 804; x_wconf 90' lang='lat' dir='ltr'>nostris</span> <span class='ocrx_word' id='word_1_416' title='bbox 3104 739 3486 814; x_wconf 87' lang='lat' dir='ltr'>opprimimur</span> <span class='ocrx_word' id='word_1_417' title='bbox 3552 758 3576 784; x_wconf 76' lang='grc' dir='ltr'>υ</span> <span class='ocrx_word' id='word_1_418' title='bbox 3654 732 3869 825; x_wconf 73' lang='lat' dir='ltr'>(Tertull.</span> 
     </span>
    </p>
   </div>
   <div class='ocr_carea' id='block_1_65' title="bbox 2303 820 3874 915">
    <p class='ocr_par' dir='ltr' id='par_1_65' title="bbox 2303 820 3874 915">
     <span class='ocr_line' id='line_1_65' title="bbox 2303 820 3874 915; baseline -0.017 -15"><span class='ocrx_word' id='word_1_419' title='bbox 2303 820 2579 915; x_wconf 49' lang='lat' dir='ltr'>Ilpoioget.</span> <span class='ocrx_word' id='word_1_420' title='bbox 2613 857 2740 912; x_wconf 89' lang='lat' dir='ltr'>cap.</span> <span class='ocrx_word' id='word_1_421' title='bbox 2769 840 2826 908; x_wconf 87' lang='lat'>7,</span> <span class='ocrx_word' id='word_1_422' title='bbox 2860 854 2915 908; x_wconf 89' lang='lat' dir='ltr'>p.</span> <span class='ocrx_word' id='word_1_423' title='bbox 2949 833 3099 904; x_wconf 88' lang='lat'>307).</span> <span class='ocrx_word' id='word_1_424' title='bbox 3133 831 3257 887; x_wconf 87' lang='lat' dir='ltr'>Non</span> <span class='ocrx_word' id='word_1_425' title='bbox 3292 825 3454 900; x_wconf 88' lang='lat' dir='ltr'>pauci</span> <span class='ocrx_word' id='word_1_426' title='bbox 3482 840 3631 915; x_wconf 88' lang='lat' dir='ltr'>ergo,</span> <span class='ocrx_word' id='word_1_427' title='bbox 3661 822 3749 915; x_wconf 81' lang='lat' dir='ltr'>sed</span> <span class='ocrx_word' id='word_1_428' title='bbox 3776 820 3874 915; x_wconf 31' lang='lat' dir='ltr'>plus</span> 
     </span>
    </p>
   </div>
   <div class='ocr_carea' id='block_1_66' title="bbox 2305 910 3876 1003">
    <p class='ocr_par' dir='ltr' id='par_1_66' title="bbox 2305 910 3876 1003">
     <span class='ocr_line' id='line_1_66' title="bbox 2305 910 3876 1003; baseline -0.017 -14"><span class='ocrx_word' id='word_1_429' title='bbox 2305 910 2460 1003; x_wconf 82' lang='lat' dir='ltr'>rimi,</span> <span class='ocrx_word' id='word_1_430' title='bbox 2480 910 2610 987; x_wconf 83' lang='lat' dir='ltr'>non</span> <span class='ocrx_word' id='word_1_431' title='bbox 2644 910 2793 997; x_wconf 78' lang='lat' dir='ltr'>raro,</span> <span class='ocrx_word' id='word_1_432' title='bbox 2840 926 2942 983; x_wconf 88' lang='lat' dir='ltr'>sed</span> <span class='ocrx_word' id='word_1_433' title='bbox 2976 919 3320 994; x_wconf 69' lang='lat' dir='ltr'>saepissime,</span> <span class='ocrx_word' id='word_1_434' title='bbox 3354 916 3410 971; x_wconf 92' lang='lat' dir='ltr'>in</span> <span class='ocrx_word' id='word_1_435' title='bbox 3463 914 3580 969; x_wconf 88' lang='lat' dir='ltr'>suis</span> <span class='ocrx_word' id='word_1_436' title='bbox 3608 910 3812 967; x_wconf 61' lang='lat' dir='ltr'>cutibus</span> <span class='ocrx_word' id='word_1_437' title='bbox 3836 914 3876 963; x_wconf 84' lang='lat' dir='ltr'>et</span> 
     </span>
    </p>
   </div>
   <div class='ocr_carea' id='block_1_67' title="bbox 2305 997 3878 1093">
    <p class='ocr_par' dir='ltr' id='par_1_67' title="bbox 2305 997 3878 1093">
     <span class='ocr_line' id='line_1_67' title="bbox 2305 997 3878 1093; baseline -0.017 -15"><span class='ocrx_word' id='word_1_438' title='bbox 2305 997 3098 1093; x_wconf 79' lang='lat' dir='ltr'>alibiopprimehantur,Neo</span> <span class='ocrx_word' id='word_1_439' title='bbox 3122 1009 3337 1065; x_wconf 90' lang='lat' dir='ltr'>mirum</span> <span class='ocrx_word' id='word_1_440' title='bbox 3367 1019 3522 1062; x_wconf 87' lang='lat' dir='ltr'>sane.</span> <span class='ocrx_word' id='word_1_441' title='bbox 3547 1000 3681 1057; x_wconf 87' lang='lat' dir='ltr'>Nam</span> <span class='ocrx_word' id='word_1_442' title='bbox 3709 997 3878 1054; x_wconf 86' lang='lat' dir='ltr'>ethnici</span> 
     </span>
    </p>
   </div>
   <div class='ocr_carea' id='block_1_68' title="bbox 2306 1088 3879 1182">
    <p class='ocr_par' dir='ltr' id='par_1_68' title="bbox 2306 1088 3879 1182">
     <span class='ocr_line' id='line_1_68' title="bbox 2306 1088 3879 1182; baseline -0.018 -14"><span class='ocrx_word' id='word_1_443' title='bbox 2306 1110 2466 1168; x_wconf 91' lang='lat' dir='ltr'>omni</span> <span class='ocrx_word' id='word_1_444' title='bbox 2498 1088 2741 1182; x_wconf 77' lang='lat' dir='ltr'>prorsus</span> <span class='ocrx_word' id='word_1_445' title='bbox 2788 1100 3155 1160; x_wconf 86' lang='lat' dir='ltr'>humanitate</span> <span class='ocrx_word' id='word_1_446' title='bbox 3196 1094 3479 1168; x_wconf 90' lang='lat' dir='ltr'>deposita,</span> <span class='ocrx_word' id='word_1_447' title='bbox 3515 1110 3537 1140; x_wconf 74' lang='grc' dir='ltr'>ι</span> <span class='ocrx_word' id='word_1_448' title='bbox 3569 1088 3755 1182; x_wconf 85' lang='lat' dir='ltr'>partim</span> <span class='ocrx_word' id='word_1_449' title='bbox 3781 1102 3879 1158; x_wconf 85' lang='lat' dir='ltr'>pro-</span> 
     </span>
    </p>
   </div>
   <div class='ocr_carea' id='block_1_69' title="bbox 2308 1177 3879 1273">
    <p class='ocr_par' dir='ltr' id='par_1_69' title="bbox 2308 1177 3879 1273">
     <span class='ocr_line' id='line_1_69' title="bbox 2308 1177 3879 1273; baseline -0.017 -17"><span class='ocrx_word' id='word_1_450' title='bbox 2308 1201 2451 1273; x_wconf 90' lang='lat' dir='ltr'>priis</span> <span class='ocrx_word' id='word_1_451' title='bbox 2498 1177 2734 1264; x_wconf 75' lang='lat' dir='ltr'>animis,</span> <span class='ocrx_word' id='word_1_452' title='bbox 2768 1193 2982 1267; x_wconf 89' lang='lat' dir='ltr'>partim</span> <span class='ocrx_word' id='word_1_453' title='bbox 3026 1189 3258 1261; x_wconf 85' lang='lat' dir='ltr'>legibus</span> <span class='ocrx_word' id='word_1_454' title='bbox 3305 1184 3694 1253; x_wconf 87' lang='lat' dir='ltr'>obsequentes,</span> <span class='ocrx_word' id='word_1_455' title='bbox 3699 1177 3770 1273; x_wconf 75' lang='lat' dir='ltr'>_in</span> <span class='ocrx_word' id='word_1_456' title='bbox 3808 1192 3879 1273; x_wconf 78' lang='lat' dir='ltr'>eos</span> 
     </span>
    </p>
   </div>
   <div class='ocr_carea' id='block_1_70' title="bbox 2308 1262 3880 1351">
    <p class='ocr_par' dir='ltr' id='par_1_70' title="bbox 2308 1262 3880 1351">
     <span class='ocr_line' id='line_1_70' title="bbox 2308 1262 3880 1351; baseline -0.019 -5"><span class='ocrx_word' id='word_1_457' title='bbox 2308 1262 2642 1346; x_wconf 59' lang='lat' dir='ltr'>smviebant.</span> <span class='ocrx_word' id='word_1_458' title='bbox 2685 1262 2835 1351; x_wconf 81' lang='lat' dir='ltr'>Quin</span> <span class='ocrx_word' id='word_1_459' title='bbox 2867 1281 3069 1349; x_wconf 89' lang='lat' dir='ltr'>etiam,</span> <span class='ocrx_word' id='word_1_460' title='bbox 3096 1274 3345 1348; x_wconf 86' lang='lat' dir='ltr'>quoties,</span> <span class='ocrx_word' id='word_1_461' title='bbox 3386 1272 3467 1327; x_wconf 91' lang='lat' dir='ltr'>ait</span> <span class='ocrx_word' id='word_1_462' title='bbox 3495 1269 3673 1324; x_wconf 77' lang='lat' dir='ltr'>adhuc</span> <span class='ocrx_word' id='word_1_463' title='bbox 3699 1262 3880 1320; x_wconf 82' lang='lat' dir='ltr'>Tertul-</span> 
     </span>
    </p>
   </div>
   <div class='ocr_carea' id='block_1_71' title="bbox 2308 1356 3880 1448">
    <p class='ocr_par' dir='ltr' id='par_1_71' title="bbox 2308 1356 3880 1448">
     <span class='ocr_line' id='line_1_71' title="bbox 2308 1356 3880 1448; baseline -0.017 -13"><span class='ocrx_word' id='word_1_464' title='bbox 2308 1380 2523 1441; x_wconf 90' lang='lat' dir='ltr'>lianus,</span> <span class='ocrx_word' id='word_1_465' title='bbox 2557 1374 2863 1448; x_wconf 64' lang='lat' dir='ltr'>praeteritis</span> <span class='ocrx_word' id='word_1_466' title='bbox 2890 1370 3057 1426; x_wconf 88' lang='lat' dir='ltr'>vobis</span> <span class='ocrx_word' id='word_1_467' title='bbox 3088 1364 3395 1439; x_wconf 88' lang='lat' dir='ltr'>(nimirum</span> <span class='ocrx_word' id='word_1_468' title='bbox 3425 1356 3780 1432; x_wconf 67' lang='lat' dir='ltr'>prmeidibus),</span> <span class='ocrx_word' id='word_1_469' title='bbox 3800 1369 3880 1448; x_wconf 75' lang='lat' dir='ltr'>suo</span> 
     </span>
    </p>
   </div>
   <div class='ocr_carea' id='block_1_72' title="bbox 2300 1441 3881 1540">
    <p class='ocr_par' dir='ltr' id='par_1_72' title="bbox 2300 1441 3881 1540">
     <span class='ocr_line' id='line_1_72' title="bbox 2300 1441 3881 1540; baseline -0.019 -16"><span class='ocrx_word' id='word_1_470' title='bbox 2300 1470 2436 1540; x_wconf 84' lang='lat' dir='ltr'>jure</span> <span class='ocrx_word' id='word_1_471' title='bbox 2468 1441 2574 1522; x_wconf 74' lang='lat' dir='ltr'>nos</span> <span class='ocrx_word' id='word_1_472' title='bbox 2606 1464 2911 1519; x_wconf 88' lang='lat' dir='ltr'>inimicum</span> <span class='ocrx_word' id='word_1_473' title='bbox 2943 1458 3155 1529; x_wconf 89' lang='lat' dir='ltr'>vulgus</span> <span class='ocrx_word' id='word_1_474' title='bbox 3186 1450 3412 1508; x_wconf 80' lang='lat' dir='ltr'>invadit</span> <span class='ocrx_word' id='word_1_475' title='bbox 3441 1446 3714 1540; x_wconf 77' lang='lat' dir='ltr'>lapidibus</span> <span class='ocrx_word' id='word_1_476' title='bbox 3736 1441 3881 1540; x_wconf 47' lang='lat' dir='ltr'>etuia-</span> 
     </span>
    </p>
   </div>
   <div class='ocr_carea' id='block_1_73' title="bbox 2310 1530 3883 1625">
    <p class='ocr_par' dir='ltr' id='par_1_73' title="bbox 2310 1530 3883 1625">
     <span class='ocr_line' id='line_1_73' title="bbox 2310 1530 3883 1625; baseline -0.019 -11"><span class='ocrx_word' id='word_1_477' title='bbox 2310 1530 2565 1613; x_wconf 66' lang='lat' dir='ltr'>cendiisl</span> <span class='ocrx_word' id='word_1_478' title='bbox 2600 1578 2626 1605; x_wconf 84' lang='grc'><strong>››</strong></span> <span class='ocrx_word' id='word_1_479' title='bbox 2680 1552 2845 1625; x_wconf 84' lang='lat' dir='ltr'>(Ibid.</span> <span class='ocrx_word' id='word_1_480' title='bbox 2898 1566 3026 1620; x_wconf 91' lang='lat' dir='ltr'>cap.</span> <span class='ocrx_word' id='word_1_481' title='bbox 3072 1547 3162 1614; x_wconf 85' lang='lat'>37,</span> <span class='ocrx_word' id='word_1_482' title='bbox 3211 1560 3270 1614; x_wconf 91' lang='lat' dir='ltr'>p.</span> <span class='ocrx_word' id='word_1_483' title='bbox 3304 1539 3453 1609; x_wconf 74' lang='grc'>461.)</span> <span class='ocrx_word' id='word_1_484' title='bbox 3485 1535 3648 1592; x_wconf 88' lang='lat' dir='ltr'>Nulla</span> <span class='ocrx_word' id='word_1_485' title='bbox 3671 1530 3883 1625; x_wconf 79' lang='lat' dir='ltr'>videlicet</span> 
     </span>
    </p>
   </div>
   <div class='ocr_carea' id='block_1_74' title="bbox 2311 1624 3885 1719">
    <p class='ocr_par' dir='ltr' id='par_1_74' title="bbox 2311 1624 3885 1719">
     <span class='ocr_line' id='line_1_74' title="bbox 2311 1624 3885 1719; baseline -0.02 -15"><span class='ocrx_word' id='word_1_486' title='bbox 2311 1650 2645 1719; x_wconf 82' lang='lat' dir='ltr'>exspectata</span> <span class='ocrx_word' id='word_1_487' title='bbox 2696 1642 2968 1714; x_wconf 87' lang='lat' dir='ltr'>judicum</span> <span class='ocrx_word' id='word_1_488' title='bbox 3017 1632 3328 1702; x_wconf 89' lang='lat' dir='ltr'>sententia,</span> <span class='ocrx_word' id='word_1_489' title='bbox 3379 1628 3479 1684; x_wconf 89' lang='lat' dir='ltr'>sed</span> <span class='ocrx_word' id='word_1_490' title='bbox 3517 1624 3885 1719; x_wconf 62' lang='lat' dir='ltr'>_caeco_impetu</span> 
     </span>
    </p>
   </div>
   <div class='ocr_carea' id='block_1_75' title="bbox 2310 1710 3884 1808">
    <p class='ocr_par' dir='ltr' id='par_1_75' title="bbox 2310 1710 3884 1808">
     <span class='ocr_line' id='line_1_75' title="bbox 2310 1710 3884 1808; baseline -0.018 -15"><span class='ocrx_word' id='word_1_491' title='bbox 2310 1710 2519 1808; x_wconf 78' lang='lat' dir='ltr'>plebeii</span> <span class='ocrx_word' id='word_1_492' title='bbox 2550 1710 2797 1806; x_wconf 79' lang='lat' dir='ltr'>gentiles</span> <span class='ocrx_word' id='word_1_493' title='bbox 2820 1728 3079 1800; x_wconf 89' lang='lat' dir='ltr'>lapidum</span> <span class='ocrx_word' id='word_1_494' title='bbox 3098 1723 3313 1779; x_wconf 83' lang='lat' dir='ltr'>ictibus</span> <span class='ocrx_word' id='word_1_495' title='bbox 3336 1717 3651 1775; x_wconf 87' lang='lat' dir='ltr'>obruebant</span> <span class='ocrx_word' id='word_1_496' title='bbox 3668 1710 3884 1769; x_wconf 79' lang='lat' dir='ltr'>Christia-</span> 
     </span>
    </p>
   </div>
   <div class='ocr_carea' id='block_1_76' title="bbox 2311 1818 3139 1896">
    <p class='ocr_par' dir='ltr' id='par_1_76' title="bbox 2311 1818 3139 1896">
     <span class='ocr_line' id='line_1_76' title="bbox 2311 1818 3139 1896; baseline -0.017 -13"><span class='ocrx_word' id='word_1_497' title='bbox 2311 1844 2439 1896; x_wconf 90' lang='lat' dir='ltr'>nos,</span> <span class='ocrx_word' id='word_1_498' title='bbox 2472 1831 2575 1882; x_wconf 88' lang='lat' dir='ltr'>aut</span> <span class='ocrx_word' id='word_1_499' title='bbox 2603 1824 2765 1879; x_wconf 90' lang='lat' dir='ltr'>vivos</span> <span class='ocrx_word' id='word_1_500' title='bbox 2796 1818 3139 1876; x_wconf 86' lang='lat' dir='ltr'>exurebant.</span> 
     </span>
    </p>
   </div>
   <div class='ocr_carea' id='block_1_77' title="bbox 2380 1890 3883 1985">
    <p class='ocr_par' dir='ltr' id='par_1_77' title="bbox 2380 1890 3883 1985">
     <span class='ocr_line' id='line_1_77' title="bbox 2380 1890 3883 1985; baseline -0.02 -13"><span class='ocrx_word' id='word_1_501' title='bbox 2380 1890 2467 1972; x_wconf 40' lang='lat' dir='ltr'>A&#39;d</span> <span class='ocrx_word' id='word_1_502' title='bbox 2498 1912 2733 1985; x_wconf 89' lang='lat' dir='ltr'>singula</span> <span class='ocrx_word' id='word_1_503' title='bbox 2762 1914 2959 1966; x_wconf 90' lang='lat' dir='ltr'>autem</span> <span class='ocrx_word' id='word_1_504' title='bbox 2990 1920 3190 1962; x_wconf 90' lang='lat' dir='ltr'>eorum</span> <span class='ocrx_word' id='word_1_505' title='bbox 3217 1896 3509 1972; x_wconf 88' lang='lat' dir='ltr'>supplicia</span> <span class='ocrx_word' id='word_1_506' title='bbox 3540 1899 3601 1951; x_wconf 93' lang='lat' dir='ltr'>ut</span> <span class='ocrx_word' id='word_1_507' title='bbox 3625 1890 3883 1953; x_wconf 87' lang='lat' dir='ltr'>veniamus,</span> 
     </span>
    </p>
   </div>
   <div class='ocr_carea' id='block_1_78' title="bbox 2313 1982 3886 2069">
    <p class='ocr_par' dir='ltr' id='par_1_78' title="bbox 2313 1982 3886 2069">
     <span class='ocr_line' id='line_1_78' title="bbox 2313 1982 3886 2069; baseline -0.02 -7"><span class='ocrx_word' id='word_1_508' title='bbox 2313 2006 2487 2061; x_wconf 91' lang='lat' dir='ltr'>modo</span> <span class='ocrx_word' id='word_1_509' title='bbox 2529 1982 2861 2069; x_wconf 44' lang='lat' dir='ltr'>in‘imulas,</span> <span class='ocrx_word' id='word_1_510' title='bbox 2895 1995 3086 2068; x_wconf 88' lang='lat' dir='ltr'>inquit</span> <span class='ocrx_word' id='word_1_511' title='bbox 3132 1997 3337 2048; x_wconf 88' lang='lat' dir='ltr'>auctor</span> <span class='ocrx_word' id='word_1_512' title='bbox 3388 1992 3600 2052; x_wconf 89' lang='lat' dir='ltr'>noster,</span> <span class='ocrx_word' id='word_1_513' title='bbox 3645 1982 3886 2069; x_wconf 71' lang='lat' dir='ltr'>relegamur</span> 
     </span>
    </p>
   </div>
   <div class='ocr_carea' id='block_1_79' title="bbox 2312 2067 3883 2167">
    <p class='ocr_par' dir='ltr' id='par_1_79' title="bbox 2312 2067 3883 2167">
     <span class='ocr_line' id='line_1_79' title="bbox 2312 2067 3883 2167; baseline -0.02 -16"><span class='ocrx_word' id='word_1_514' title='bbox 2312 2095 2469 2167; x_wconf 85' lang='lat' dir='ltr'>(Ibid.</span> <span class='ocrx_word' id='word_1_515' title='bbox 2502 2109 2629 2163; x_wconf 87' lang='lat' dir='ltr'>cap.</span> <span class='ocrx_word' id='word_1_516' title='bbox 2665 2092 2751 2158; x_wconf 81' lang='lat'>12,</span> <span class='ocrx_word' id='word_1_517' title='bbox 2784 2067 2999 2161; x_wconf 58' lang='lat' dir='ltr'>p.341)</span> <span class='ocrx_word' id='word_1_518' title='bbox 3028 2101 3041 2153; x_wconf 87' lang='lat'><strong>;</strong></span> <span class='ocrx_word' id='word_1_519' title='bbox 3084 2082 3185 2138; x_wconf 90' lang='lat' dir='ltr'>sed</span> <span class='ocrx_word' id='word_1_520' title='bbox 3217 2079 3351 2136; x_wconf 89' lang='lat' dir='ltr'>aliis</span> <span class='ocrx_word' id='word_1_521' title='bbox 3381 2093 3519 2167; x_wconf 88' lang='lat' dir='ltr'>sane</span> <span class='ocrx_word' id='word_1_522' title='bbox 3548 2067 3883 2167; x_wconf 31' lang='lat' dir='ltr'>omnibus-mii-</span> 
     </span>
    </p>
   </div>
   <div class='ocr_carea' id='block_1_80' title="bbox 2313 2157 3887 2244">
    <p class='ocr_par' dir='ltr' id='par_1_80' title="bbox 2313 2157 3887 2244">
     <span class='ocr_line' id='line_1_80' title="bbox 2313 2157 3887 2244; baseline -0.02 -4"><span class='ocrx_word' id='word_1_523' title='bbox 2313 2157 2420 2239; x_wconf 83' lang='lat' dir='ltr'>nor</span> <span class='ocrx_word' id='word_1_524' title='bbox 2471 2157 2596 2238; x_wconf 81' lang='lat' dir='ltr'>erat</span> <span class='ocrx_word' id='word_1_525' title='bbox 2634 2157 2754 2234; x_wconf 69' lang='lat' dir='ltr'>haec</span> <span class='ocrx_word' id='word_1_526' title='bbox 2787 2157 3004 2231; x_wconf 32' lang='lat' dir='ltr'>iexsilii</span> <span class='ocrx_word' id='word_1_527' title='bbox 3057 2186 3273 2244; x_wconf 66' lang='lat' dir='ltr'>paena:</span> <span class='ocrx_word' id='word_1_528' title='bbox 3322 2191 3351 2218; x_wconf 82' lang='lat'><strong>«</strong></span> <span class='ocrx_word' id='word_1_529' title='bbox 3385 2164 3555 2221; x_wconf 87' lang='lat' dir='ltr'>modo</span> <span class='ocrx_word' id='word_1_530' title='bbox 3610 2162 3664 2216; x_wconf 89' lang='lat' dir='ltr'>in</span> <span class='ocrx_word' id='word_1_531' title='bbox 3708 2157 3887 2214; x_wconf 80' lang='lat' dir='ltr'>metalla</span> 
     </span>
    </p>
   </div>
   <div class='ocr_carea' id='block_1_81' title="bbox 2313 2245 3883 2339">
    <p class='ocr_par' dir='ltr' id='par_1_81' title="bbox 2313 2245 3883 2339">
     <span class='ocr_line' id='line_1_81' title="bbox 2313 2245 3883 2339; baseline -0.02 -9"><span class='ocrx_word' id='word_1_532' title='bbox 2313 2274 2661 2329; x_wconf 88' lang='lat' dir='ltr'>damnamur</span> <span class='ocrx_word' id='word_1_533' title='bbox 2689 2292 2709 2317; x_wconf 74' lang='grc' dir='ltr'>ιι</span> <span class='ocrx_word' id='word_1_534' title='bbox 2738 2267 2902 2339; x_wconf 86' lang='lat' dir='ltr'>(Ibid.</span> <span class='ocrx_word' id='word_1_535' title='bbox 2936 2279 3061 2333; x_wconf 88' lang='lat' dir='ltr'>cap.</span> <span class='ocrx_word' id='word_1_536' title='bbox 3089 2262 3173 2328; x_wconf 87' lang='lat'>12,</span> <span class='ocrx_word' id='word_1_537' title='bbox 3204 2276 3262 2331; x_wconf 90' lang='lat' dir='ltr'>p.</span> <span class='ocrx_word' id='word_1_538' title='bbox 3296 2258 3448 2324; x_wconf 77' lang='grc'>341),</span> <span class='ocrx_word' id='word_1_539' title='bbox 3482 2253 3551 2309; x_wconf 89' lang='lat' dir='ltr'>ad</span> <span class='ocrx_word' id='word_1_540' title='bbox 3579 2268 3642 2307; x_wconf 87' lang='lat' dir='ltr'>ea</span> <span class='ocrx_word' id='word_1_541' title='bbox 3668 2245 3883 2304; x_wconf 84' lang='lat' dir='ltr'>nimirum</span> 
     </span>
    </p>
   </div>
   <div class='ocr_carea' id='block_1_82' title="bbox 2314 2340 3883 2419">
    <p class='ocr_par' dir='ltr' id='par_1_82' title="bbox 2314 2340 3883 2419">
     <span class='ocr_line' id='line_1_82' title="bbox 2314 2340 3883 2419; baseline -0.02 1"><span class='ocrx_word' id='word_1_542' title='bbox 2314 2362 2567 2419; x_wconf 86' lang='lat' dir='ltr'>maximo</span> <span class='ocrx_word' id='word_1_543' title='bbox 2599 2374 2732 2416; x_wconf 91' lang='lat' dir='ltr'>cum</span> <span class='ocrx_word' id='word_1_544' title='bbox 2766 2356 2961 2411; x_wconf 88' lang='lat' dir='ltr'>labore</span> <span class='ocrx_word' id='word_1_545' title='bbox 3006 2348 3359 2407; x_wconf 73' lang='lat' dir='ltr'>eil‘odionda.</span> <span class='ocrx_word' id='word_1_546' title='bbox 3395 2340 3624 2401; x_wconf 85' lang='lat' dir='ltr'>Plurimi</span> <span class='ocrx_word' id='word_1_547' title='bbox 3651 2354 3763 2394; x_wconf 84' lang='lat' dir='ltr'>vero</span> <span class='ocrx_word' id='word_1_548' title='bbox 3787 2349 3883 2389; x_wconf 82' lang='lat' dir='ltr'>con-</span> 
     </span>
    </p>
   </div>
   <div class='ocr_carea' id='block_1_83' title="bbox 2311 2425 3883 2517">
    <p class='ocr_par' dir='ltr' id='par_1_83' title="bbox 2311 2425 3883 2517">
     <span class='ocr_line' id='line_1_83' title="bbox 2311 2425 3883 2517; baseline -0.02 -8"><span class='ocrx_word' id='word_1_549' title='bbox 2311 2451 2702 2509; x_wconf 89' lang='lat' dir='ltr'>trudebantur</span> <span class='ocrx_word' id='word_1_550' title='bbox 2731 2447 2791 2501; x_wconf 90' lang='lat' dir='ltr'>in</span> <span class='ocrx_word' id='word_1_551' title='bbox 2820 2441 3143 2499; x_wconf 90' lang='lat' dir='ltr'>horrendos</span> <span class='ocrx_word' id='word_1_552' title='bbox 3181 2451 3467 2501; x_wconf 90' lang='lat' dir='ltr'>carceres,</span> <span class='ocrx_word' id='word_1_553' title='bbox 3496 2428 3685 2517; x_wconf 83' lang='lat' dir='ltr'>inedia</span> <span class='ocrx_word' id='word_1_554' title='bbox 3702 2431 3751 2517; x_wconf 85' lang='lat' dir='ltr'>et</span> <span class='ocrx_word' id='word_1_555' title='bbox 3775 2425 3883 2517; x_wconf 55' lang='lat' dir='ltr'>fama</span> 
     </span>
    </p>
   </div>
   <div class='ocr_carea' id='block_1_84' title="bbox 2314 2512 3885 2604">
    <p class='ocr_par' dir='ltr' id='par_1_84' title="bbox 2314 2512 3885 2604">
     <span class='ocr_line' id='line_1_84' title="bbox 2314 2512 3885 2604; baseline -0.022 -5"><span class='ocrx_word' id='word_1_556' title='bbox 2314 2537 2719 2604; x_wconf 90' lang='lat' dir='ltr'>consumendi,</span> <span class='ocrx_word' id='word_1_557' title='bbox 2744 2534 2857 2590; x_wconf 90' lang='lat' dir='ltr'>nisi</span> <span class='ocrx_word' id='word_1_558' title='bbox 2887 2532 3005 2601; x_wconf 89' lang='lat' dir='ltr'>alii,</span> <span class='ocrx_word' id='word_1_559' title='bbox 3033 2535 3097 2585; x_wconf 93' lang='lat' dir='ltr'>ut</span> <span class='ocrx_word' id='word_1_560' title='bbox 3127 2544 3308 2600; x_wconf 85' lang='lat' dir='ltr'>supra</span> <span class='ocrx_word' id='word_1_561' title='bbox 3337 2523 3608 2589; x_wconf 77' lang='lat' dir='ltr'>diximus,</span> <span class='ocrx_word' id='word_1_562' title='bbox 3636 2512 3885 2574; x_wconf 83' lang='lat' dir='ltr'>Christiani</span> 
     </span>
    </p>
   </div>
   <div class='ocr_carea' id='block_1_85' title="bbox 2314 2604 3885 2702">
    <p class='ocr_par' dir='ltr' id='par_1_85' title="bbox 2314 2604 3885 2702">
     <span class='ocr_line' id='line_1_85' title="bbox 2314 2604 3885 2702; baseline -0.023 -13"><span class='ocrx_word' id='word_1_563' title='bbox 2314 2632 2398 2689; x_wconf 89' lang='lat' dir='ltr'>eis</span> <span class='ocrx_word' id='word_1_564' title='bbox 2434 2627 2705 2702; x_wconf 86' lang='lat' dir='ltr'>opitulati</span> <span class='ocrx_word' id='word_1_565' title='bbox 2750 2624 3022 2679; x_wconf 84' lang='lat' dir='ltr'>fuissent.</span> <span class='ocrx_word' id='word_1_566' title='bbox 3052 2617 3159 2673; x_wconf 86' lang='lat' dir='ltr'>Sed</span> <span class='ocrx_word' id='word_1_567' title='bbox 3186 2617 3309 2671; x_wconf 63' lang='lat' dir='ltr'>haec</span> <span class='ocrx_word' id='word_1_568' title='bbox 3338 2604 3787 2702; x_wconf 71' lang='lat' dir='ltr'>Tertullianusin</span> <span class='ocrx_word' id='word_1_569' title='bbox 3810 2612 3885 2702; x_wconf 69' lang='lat' dir='ltr'>suo</span> 
     </span>
    </p>
   </div>
   <div class='ocr_carea' id='block_1_86' title="bbox 2313 2689 3889 2790">
    <p class='ocr_par' dir='ltr' id='par_1_86' title="bbox 2313 2689 3889 2790">
     <span class='ocr_line' id='line_1_86' title="bbox 2313 2689 3889 2790; baseline -0.022 -12"><span class='ocrx_word' id='word_1_570' title='bbox 2313 2689 2767 2790; x_wconf 51' lang='lat' dir='ltr'>breviquidem,</span> <span class='ocrx_word' id='word_1_571' title='bbox 2800 2713 2901 2769; x_wconf 90' lang='lat' dir='ltr'>sed</span> <span class='ocrx_word' id='word_1_572' title='bbox 2934 2706 3232 2766; x_wconf 83' lang='lat' dir='ltr'>excellenti</span> <span class='ocrx_word' id='word_1_573' title='bbox 3264 2706 3341 2760; x_wconf 89' lang='lat' dir='ltr'>ad</span> <span class='ocrx_word' id='word_1_574' title='bbox 3388 2703 3659 2790; x_wconf 54' lang='lat' dir='ltr'>Martyres</span> <span class='ocrx_word' id='word_1_575' title='bbox 3686 2694 3805 2749; x_wconf 87' lang='lat' dir='ltr'>libro</span> <span class='ocrx_word' id='word_1_576' title='bbox 3828 2689 3889 2742; x_wconf 65' lang='grc' dir='ltr'>τυ·</span> 
     </span>
    </p>
   </div>
   <div class='ocr_carea' id='block_1_87' title="bbox 2315 2788 3888 2881">
    <p class='ocr_par' dir='ltr' id='par_1_87' title="bbox 2315 2788 3888 2881">
     <span class='ocr_line' id='line_1_87' title="bbox 2315 2788 3888 2881; baseline -0.022 -14"><span class='ocrx_word' id='word_1_577' title='bbox 2315 2811 2441 2868; x_wconf 90' lang='lat' dir='ltr'>sius</span> <span class='ocrx_word' id='word_1_578' title='bbox 2472 2788 2847 2881; x_wconf 77' lang='lat' dir='ltr'>prosequitur</span> <span class='ocrx_word' id='word_1_579' title='bbox 2876 2801 3081 2873; x_wconf 83' lang='lat' dir='ltr'>(Idem,</span> <span class='ocrx_word' id='word_1_580' title='bbox 3113 2796 3183 2851; x_wconf 86' lang='lat' dir='ltr'>ad</span> <span class='ocrx_word' id='word_1_581' title='bbox 3222 2790 3510 2865; x_wconf 82' lang='lat' dir='ltr'>Martyr.).</span> <span class='ocrx_word' id='word_1_582' title='bbox 3556 2788 3799 2881; x_wconf 58' lang='lat' dir='ltr'>Pristerea</span> <span class='ocrx_word' id='word_1_583' title='bbox 3815 2793 3888 2831; x_wconf 83' lang='lat' dir='ltr'>un-</span> 
     </span>
    </p>
   </div>
   <div class='ocr_carea' id='block_1_88' title="bbox 2316 2870 3889 2972">
    <p class='ocr_par' dir='ltr' id='par_1_88' title="bbox 2316 2870 3889 2972">
     <span class='ocr_line' id='line_1_88' title="bbox 2316 2870 3889 2972; baseline -0.015 -16"><span class='ocrx_word' id='word_1_584' title='bbox 2316 2870 2491 2972; x_wconf 59' lang='lat' dir='ltr'>gulis;</span> <span class='ocrx_word' id='word_1_585' title='bbox 2543 2870 2967 2965; x_wconf 46' lang='lat' dir='ltr'>ain-deraditis</span> <span class='ocrx_word' id='word_1_586' title='bbox 3026 2888 3198 2943; x_wconf 80' lang='lat' dir='ltr'>latera</span> <span class='ocrx_word' id='word_1_587' title='bbox 3254 2882 3685 2972; x_wconf 78' lang='lat' dir='ltr'>Christianorum</span> <span class='ocrx_word' id='word_1_588' title='bbox 3738 2870 3889 2972; x_wconf 49' lang='lat' dir='ltr'>(idem.</span> 
     </span>
    </p>
   </div>
   <div class='ocr_carea' id='block_1_89' title="bbox 2315 2960 3895 3063">
    <p class='ocr_par' dir='ltr' id='par_1_89' title="bbox 2315 2960 3895 3063">
     <span class='ocr_line' id='line_1_89' title="bbox 2315 2960 3895 3063; baseline -0.024 -14"><span class='ocrx_word' id='word_1_589' title='bbox 2315 2960 2595 3063; x_wconf 47' lang='lat' dir='ltr'>.jlpotoget.</span> <span class='ocrx_word' id='word_1_590' title='bbox 2629 2960 2766 3055; x_wconf 77' lang='lat' dir='ltr'>cap.</span> <span class='ocrx_word' id='word_1_591' title='bbox 2822 2982 2908 3047; x_wconf 87' lang='lat'>12,</span> <span class='ocrx_word' id='word_1_592' title='bbox 2960 2996 3017 3050; x_wconf 89' lang='lat' dir='ltr'>p.</span> <span class='ocrx_word' id='word_1_593' title='bbox 3072 2976 3221 3046; x_wconf 87' lang='lat'>339).</span> <span class='ocrx_word' id='word_1_594' title='bbox 3273 2968 3517 3044; x_wconf 64' lang='lat' dir='ltr'>Ungula:</span> <span class='ocrx_word' id='word_1_595' title='bbox 3557 2960 3895 3063; x_wconf 85' lang='lat' dir='ltr'>autem</span> 
     </span>
    </p>
   </div>
   <div class='ocr_carea' id='block_1_90' title="bbox 2319 3046 3893 3141">
    <p class='ocr_par' dir='ltr' id='par_1_90' title="bbox 2319 3046 3893 3141">
     <span class='ocr_line' id='line_1_90' title="bbox 2319 3046 3893 3141; baseline -0.021 -6"><span class='ocrx_word' id='word_1_596' title='bbox 2319 3046 2927 3141; x_wconf 45' lang='lat' dir='ltr'>erantvinstrumenta,</span> <span class='ocrx_word' id='word_1_597' title='bbox 2944 3073 3229 3137; x_wconf 86' lang='lat' dir='ltr'>tanquam</span> <span class='ocrx_word' id='word_1_598' title='bbox 3253 3064 3511 3118; x_wconf 90' lang='lat' dir='ltr'>ferarum</span> <span class='ocrx_word' id='word_1_599' title='bbox 3534 3067 3740 3125; x_wconf 84' lang='lat' dir='ltr'>ungues</span> <span class='ocrx_word' id='word_1_600' title='bbox 3766 3046 3893 3141; x_wconf 72' lang='lat' dir='ltr'>fabr!-</span> 
     </span>
    </p>
   </div>
   <div class='ocr_carea' id='block_1_91' title="bbox 2322 3134 3893 3238">
    <p class='ocr_par' dir='ltr' id='par_1_91' title="bbox 2322 3134 3893 3238">
     <span class='ocr_line' id='line_1_91' title="bbox 2322 3134 3893 3238; baseline -0.024 -12"><span class='ocrx_word' id='word_1_601' title='bbox 2322 3134 2471 3235; x_wconf 80' lang='lat' dir='ltr'>cata,</span> <span class='ocrx_word' id='word_1_602' title='bbox 2505 3165 2721 3238; x_wconf 91' lang='lat' dir='ltr'>quibus</span> <span class='ocrx_word' id='word_1_603' title='bbox 2757 3134 2973 3216; x_wconf 81' lang='lat' dir='ltr'>ethnici</span> <span class='ocrx_word' id='word_1_604' title='bbox 3019 3134 3203 3211; x_wconf 75' lang='lat' dir='ltr'>latera</span> <span class='ocrx_word' id='word_1_605' title='bbox 3259 3149 3706 3206; x_wconf 88' lang='lat' dir='ltr'>Christianorum</span> <span class='ocrx_word' id='word_1_606' title='bbox 3754 3134 3893 3238; x_wconf 53' lang='lat' dir='ltr'>sulta-</span> 
     </span>
    </p>
   </div>
   <div class='ocr_carea' id='block_1_92' title="bbox 2322 3226 3893 3320">
    <p class='ocr_par' dir='ltr' id='par_1_92' title="bbox 2322 3226 3893 3320">
     <span class='ocr_line' id='line_1_92' title="bbox 2322 3226 3893 3320; baseline -0.025 -6"><span class='ocrx_word' id='word_1_607' title='bbox 2322 3226 2469 3314; x_wconf 82' lang='lat' dir='ltr'>bant</span> <span class='ocrx_word' id='word_1_608' title='bbox 2495 3226 2550 3312; x_wconf 71' lang='lat' dir='ltr'>et</span> <span class='ocrx_word' id='word_1_609' title='bbox 2580 3250 2967 3310; x_wconf 89' lang='lat' dir='ltr'>dilaniabant.</span> <span class='ocrx_word' id='word_1_610' title='bbox 3001 3241 3395 3310; x_wconf 86' lang='lat' dir='ltr'>Quamobrem</span> <span class='ocrx_word' id='word_1_611' title='bbox 3416 3236 3514 3293; x_wconf 92' lang='lat' dir='ltr'>ille</span> <span class='ocrx_word' id='word_1_612' title='bbox 3546 3237 3723 3307; x_wconf 85' lang='lat' dir='ltr'>postea</span> <span class='ocrx_word' id='word_1_613' title='bbox 3751 3226 3893 3320; x_wconf 64' lang='lat' dir='ltr'>dixit:</span> 
     </span>
    </p>
   </div>
   <div class='ocr_carea' id='block_1_93' title="bbox 2322 3315 3893 3411">
    <p class='ocr_par' dir='ltr' id='par_1_93' title="bbox 2322 3315 3893 3411">
     <span class='ocr_line' id='line_1_93' title="bbox 2322 3315 3893 3411; baseline -0.025 -6"><span class='ocrx_word' id='word_1_614' title='bbox 2322 3350 2426 3405; x_wconf 74' lang='lat' dir='ltr'>Nos</span> <span class='ocrx_word' id='word_1_615' title='bbox 2458 3347 2526 3401; x_wconf 85' lang='lat' dir='ltr'>ad</span> <span class='ocrx_word' id='word_1_616' title='bbox 2558 3346 2751 3411; x_wconf 85' lang='lat' dir='ltr'>Deum,</span> <span class='ocrx_word' id='word_1_617' title='bbox 2784 3340 2843 3394; x_wconf 95' lang='lat' dir='ltr'>in</span> <span class='ocrx_word' id='word_1_618' title='bbox 2882 3334 3131 3408; x_wconf 89' lang='lat' dir='ltr'>equuleo</span> <span class='ocrx_word' id='word_1_619' title='bbox 3179 3330 3340 3387; x_wconf 87' lang='lat' dir='ltr'>haud</span> <span class='ocrx_word' id='word_1_620' title='bbox 3392 3326 3586 3391; x_wconf 88' lang='lat' dir='ltr'>dubie,</span> <span class='ocrx_word' id='word_1_621' title='bbox 3615 3326 3705 3411; x_wconf 81' lang='lat' dir='ltr'>aut</span> <span class='ocrx_word' id='word_1_622' title='bbox 3719 3315 3818 3411; x_wconf 74' lang='lat' dir='ltr'>alia</span> <span class='ocrx_word' id='word_1_623' title='bbox 3842 3315 3893 3365; x_wconf 84' lang='lat' dir='ltr'>si-</span> 
     </span>
    </p>
   </div>
   <div class='ocr_carea' id='block_1_94' title="bbox 2324 3408 3893 3501">
    <p class='ocr_par' dir='ltr' id='par_1_94' title="bbox 2324 3408 3893 3501">
     <span class='ocr_line' id='line_1_94' title="bbox 2324 3408 3893 3501; baseline -0.024 -8"><span class='ocrx_word' id='word_1_624' title='bbox 2324 3437 2451 3493; x_wconf 90' lang='lat' dir='ltr'>mili</span> <span class='ocrx_word' id='word_1_625' title='bbox 2481 3408 2775 3501; x_wconf 85' lang='lat' dir='ltr'>machina,</span> <span class='ocrx_word' id='word_1_626' title='bbox 2806 3441 3078 3499; x_wconf 72' lang='lat' dir='ltr'>expansos</span> <span class='ocrx_word' id='word_1_627' title='bbox 3119 3419 3352 3490; x_wconf 69' lang='lat' dir='ltr'>ungulae</span> <span class='ocrx_word' id='word_1_628' title='bbox 3393 3416 3612 3491; x_wconf 78' lang='lat' dir='ltr'>fodiant</span> <span class='ocrx_word' id='word_1_629' title='bbox 3640 3408 3780 3482; x_wconf 80' lang='lat' dir='ltr'>(Ibid.</span> <span class='ocrx_word' id='word_1_630' title='bbox 3802 3416 3893 3471; x_wconf 81' lang='lat' dir='ltr'>cap.</span> 
     </span>
    </p>
   </div>
   <div class='ocr_carea' id='block_1_95' title="bbox 2324 3507 3579 3598">
    <p class='ocr_par' dir='ltr' id='par_1_95' title="bbox 2324 3507 3579 3598">
     <span class='ocr_line' id='line_1_95' title="bbox 2324 3507 3579 3598; baseline -0.018 -16"><span class='ocrx_word' id='word_1_631' title='bbox 2324 3529 2413 3597; x_wconf 90' lang='lat'>30,</span> <span class='ocrx_word' id='word_1_632' title='bbox 2446 3544 2502 3598; x_wconf 90' lang='lat' dir='ltr'>p.</span> <span class='ocrx_word' id='word_1_633' title='bbox 2534 3523 2680 3593; x_wconf 79' lang='grc'>441).</span> <span class='ocrx_word' id='word_1_634' title='bbox 2711 3515 3066 3574; x_wconf 87' lang='lat' dir='ltr'>Prudentius</span> <span class='ocrx_word' id='word_1_635' title='bbox 3096 3512 3254 3568; x_wconf 89' lang='lat' dir='ltr'>enim</span> <span class='ocrx_word' id='word_1_636' title='bbox 3286 3507 3535 3564; x_wconf 89' lang='lat' dir='ltr'>canebat</span> <span class='ocrx_word' id='word_1_637' title='bbox 3566 3520 3579 3560; x_wconf 88' lang='lat'>:</span> 
     </span>
    </p>
   </div>
   <div class='ocr_carea' id='block_1_96' title="bbox 2513 3615 3558 3683">
    <p class='ocr_par' dir='ltr' id='par_1_96' title="bbox 2513 3615 3558 3683">
     <span class='ocr_line' id='line_1_96' title="bbox 2513 3615 3558 3683; baseline -0.02 -3"><span class='ocrx_word' id='word_1_638' title='bbox 2513 3632 2770 3681; x_wconf 88' lang='lat' dir='ltr'>Incensus</span> <span class='ocrx_word' id='word_1_639' title='bbox 2795 3625 2882 3674; x_wconf 86' lang='lat' dir='ltr'>bis</span> <span class='ocrx_word' id='word_1_640' title='bbox 2914 3618 3248 3683; x_wconf 79' lang='lat' dir='ltr'>Asclepiades</span> <span class='ocrx_word' id='word_1_641' title='bbox 3277 3615 3522 3683; x_wconf 82' lang='lat' dir='ltr'>jusserat</span> <span class='ocrx_word' id='word_1_642' title='bbox 3548 3673 3558 3682; x_wconf 42' lang='lat'><em>.</em></span> 
     </span>
    </p>
   </div>
   <div class='ocr_carea' id='block_1_97' title="bbox 2509 3679 3661 3745">
    <p class='ocr_par' dir='ltr' id='par_1_97' title="bbox 2509 3679 3661 3745">
     <span class='ocr_line' id='line_1_97' title="bbox 2509 3679 3661 3745; baseline -0.02 -3"><span class='ocrx_word' id='word_1_643' title='bbox 2509 3679 2925 3743; x_wconf 71' lang='lat' dir='ltr'>Eviscerandum</span> <span class='ocrx_word' id='word_1_644' title='bbox 2956 3679 3171 3745; x_wconf 77' lang='lat' dir='ltr'>corpus,</span> <span class='ocrx_word' id='word_1_645' title='bbox 3202 3679 3430 3745; x_wconf 74' lang='lat' dir='ltr'>equuleo</span> <span class='ocrx_word' id='word_1_646' title='bbox 3462 3679 3661 3724; x_wconf 82' lang='lat' dir='ltr'>eminus</span> 
     </span>
    </p>
   </div>
   <div class='ocr_carea' id='block_1_98' title="bbox 2515 3743 3663 3810">
    <p class='ocr_par' dir='ltr' id='par_1_98' title="bbox 2515 3743 3663 3810">
     <span class='ocr_line' id='line_1_98' title="bbox 2515 3743 3663 3810; baseline -0.022 -4"><span class='ocrx_word' id='word_1_647' title='bbox 2515 3757 2772 3810; x_wconf 85' lang='lat' dir='ltr'>Pendere,</span> <span class='ocrx_word' id='word_1_648' title='bbox 2795 3755 2847 3799; x_wconf 89' lang='lat' dir='ltr'>et</span> <span class='ocrx_word' id='word_1_649' title='bbox 2876 3749 3027 3798; x_wconf 83' lang='lat' dir='ltr'>uncis</span> <span class='ocrx_word' id='word_1_650' title='bbox 3055 3743 3387 3810; x_wconf 62' lang='lat' dir='ltr'>unguljsque</span> <span class='ocrx_word' id='word_1_651' title='bbox 3418 3748 3663 3810; x_wconf 62' lang='lat' dir='ltr'>crescere.</span> 
     </span>
    </p>
   </div>
   <div class='ocr_carea' id='block_1_99' title="bbox 2607 3787 3856 3879">
    <p class='ocr_par' dir='ltr' id='par_1_99' title="bbox 2607 3787 3856 3879">
     <span class='ocr_line' id='line_1_99' title="bbox 2607 3787 3856 3879; baseline -0.026 -12"><span class='ocrx_word' id='word_1_652' title='bbox 2607 3787 3437 3879; x_wconf 45' lang='lat' dir='ltr'>iiﬁh’dﬁfﬁéiaﬁﬁfasini}..’</span> <span class='ocrx_word' id='word_1_653' title='bbox 3460 3815 3511 3849; x_wconf 88' lang='lat' dir='ltr'>v.</span> <span class='ocrx_word' id='word_1_654' title='bbox 3544 3801 3625 3847; x_wconf 86' lang='lat'>107</span> <span class='ocrx_word' id='word_1_655' title='bbox 3654 3796 3701 3842; x_wconf 88' lang='lat' dir='ltr'>et</span> <span class='ocrx_word' id='word_1_656' title='bbox 3726 3787 3856 3848; x_wconf 80' lang='lat' dir='ltr'>seqq.)</span> 
     </span>
    </p>
   </div>
   <div class='ocr_carea' id='block_1_100' title="bbox 2401 3885 3896 3986">
    <p class='ocr_par' dir='ltr' id='par_1_100' title="bbox 2401 3885 3896 3986">
     <span class='ocr_line' id='line_1_100' title="bbox 2401 3885 3896 3986; baseline -0.025 -12"><span class='ocrx_word' id='word_1_657' title='bbox 2401 3914 2780 3986; x_wconf 90' lang='lat' dir='ltr'>Prosequitur</span> <span class='ocrx_word' id='word_1_658' title='bbox 2807 3906 3206 3966; x_wconf 88' lang='lat' dir='ltr'>Tertullianus</span> <span class='ocrx_word' id='word_1_659' title='bbox 3235 3919 3248 3958; x_wconf 89' lang='lat'>:</span> <span class='ocrx_word' id='word_1_660' title='bbox 3272 3901 3356 3958; x_wconf 83' lang='lat' dir='ltr'>Ad</span> <span class='ocrx_word' id='word_1_661' title='bbox 3388 3898 3583 3955; x_wconf 68' lang='lat' dir='ltr'>bestia:</span> <span class='ocrx_word' id='word_1_662' title='bbox 3610 3885 3896 3986; x_wconf 53' lang='lat' dir='ltr'>impellimur.</span> 
     </span>
    </p>
   </div>
   <div class='ocr_carea' id='block_1_101' title="bbox 2329 3977 3898 4075">
    <p class='ocr_par' dir='ltr' id='par_1_101' title="bbox 2329 3977 3898 4075">
     <span class='ocr_line' id='line_1_101' title="bbox 2329 3977 3898 4075; baseline -0.024 -11"><span class='ocrx_word' id='word_1_663' title='bbox 2329 4008 2449 4064; x_wconf 89' lang='lat' dir='ltr'>sive</span> <span class='ocrx_word' id='word_1_664' title='bbox 2480 4004 2572 4073; x_wconf 89' lang='lat' dir='ltr'>iis,</span> <span class='ocrx_word' id='word_1_665' title='bbox 2605 4019 2735 4075; x_wconf 61' lang='lat' dir='ltr'>quae</span> <span class='ocrx_word' id='word_1_666' title='bbox 2764 4017 2873 4055; x_wconf 91' lang='lat' dir='ltr'>nos</span> <span class='ocrx_word' id='word_1_667' title='bbox 2901 3997 3199 4059; x_wconf 87' lang='lat' dir='ltr'>devorent,</span> <span class='ocrx_word' id='word_1_668' title='bbox 3232 3992 3291 4045; x_wconf 90' lang='lat' dir='ltr'>in</span> <span class='ocrx_word' id='word_1_669' title='bbox 3343 3988 3569 4044; x_wconf 89' lang='lat' dir='ltr'>theatro</span> <span class='ocrx_word' id='word_1_670' title='bbox 3614 3977 3898 4075; x_wconf 34' lang='lat' dir='ltr'>objicimtlr‘:</span> 
     </span>
    </p>
   </div>
   <div class='ocr_carea' id='block_1_102' title="bbox 2326 4054 3901 4159">
    <p class='ocr_par' dir='ltr' id='par_1_102' title="bbox 2326 4054 3901 4159">
     <span class='ocr_line' id='line_1_102' title="bbox 2326 4054 3901 4159; baseline -0.022 -7"><span class='ocrx_word' id='word_1_671' title='bbox 2326 4098 2388 4152; x_wconf 89' lang='lat' dir='ltr'>in</span> <span class='ocrx_word' id='word_1_672' title='bbox 2446 4054 2572 4150; x_wconf 50' lang='lat' dir='ltr'>nos,</span> <span class='ocrx_word' id='word_1_673' title='bbox 2609 4054 2815 4159; x_wconf 63' lang='lat' dir='ltr'>besttw,</span> <span class='ocrx_word' id='word_1_674' title='bbox 2875 4086 3031 4143; x_wconf 87' lang='lat' dir='ltr'>sicut</span> <span class='ocrx_word' id='word_1_675' title='bbox 3085 4085 3291 4156; x_wconf 87' lang='lat' dir='ltr'>postea</span> <span class='ocrx_word' id='word_1_676' title='bbox 3350 4054 3901 4159; x_wconf 47' lang='lat' dir='ltr'>descripsit,_ittfiliwll</span> 
     </span>
    </p>
   </div>
   <div class='ocr_carea' id='block_1_103' title="bbox 2332 4151 3899 4255">
    <p class='ocr_par' dir='ltr' id='par_1_103' title="bbox 2332 4151 3899 4255">
     <span class='ocr_line' id='line_1_103' title="bbox 2332 4151 3899 4255; baseline -0.025 -13"><span class='ocrx_word' id='word_1_677' title='bbox 2332 4181 2593 4255; x_wconf 90' lang='lat' dir='ltr'>(Tertull.</span> <span class='ocrx_word' id='word_1_678' title='bbox 2627 4151 2901 4252; x_wconf 65' lang='lat' dir='ltr'>Apoloqet.</span> <span class='ocrx_word' id='word_1_679' title='bbox 2963 4151 3105 4244; x_wconf 49' lang='lat' dir='ltr'>cap.—</span> <span class='ocrx_word' id='word_1_680' title='bbox 3150 4169 3238 4239; x_wconf 84' lang='lat'>12,</span> <span class='ocrx_word' id='word_1_681' title='bbox 3287 4182 3424 4238; x_wconf 85' lang='lat' dir='ltr'>pag.</span> <span class='ocrx_word' id='word_1_682' title='bbox 3454 4151 3899 4255; x_wconf 36' lang='grc' dir='ltr'>Δ21ι1.;.ἐ1›ἰιξ.ῄιίιῖξ)ι</span> 
     </span>
    </p>
   </div>
   <div class='ocr_carea' id='block_1_104' title="bbox 2329 4235 3901 4345">
    <p class='ocr_par' dir='ltr' id='par_1_104' title="bbox 2329 4235 3901 4345">
     <span class='ocr_line' id='line_1_104' title="bbox 2329 4235 3901 4345; baseline -0.032 -1"><span class='ocrx_word' id='word_1_683' title='bbox 2707 4235 2893 4332; x_wconf 71' lang='lat' dir='ltr'>0an</span> <span class='ocrx_word' id='word_1_684' title='bbox 2915 4235 3190 4333; x_wconf 72' lang='lat' dir='ltr'>frequens</span> <span class='ocrx_word' id='word_1_685' title='bbox 3213 4235 3413 4313; x_wconf 78' lang='lat' dir='ltr'>autem</span> <span class='ocrx_word' id='word_1_686' title='bbox 3443 4249 3613 4308; x_wconf 87' lang='lat' dir='ltr'>fuerit</span> <span class='ocrx_word' id='word_1_687' title='bbox 3636 4240 3761 4345; x_wconf 79' lang='lat' dir='ltr'>illud</span> 
     </span>
    </p>
   </div>
   <div class='ocr_carea' id='block_1_105' title="bbox 2331 4331 3901 4428">
    <p class='ocr_par' dir='ltr' id='par_1_105' title="bbox 2331 4331 3901 4428">
     <span class='ocr_line' id='line_1_105' title="bbox 2331 4331 3901 4428; baseline -0.024 -7"><span class='ocrx_word' id='word_1_688' title='bbox 2331 4331 2661 4421; x_wconf 42' lang='lat' dir='ltr'>sti&#39;anorum&#39;</span> <span class='ocrx_word' id='word_1_689' title='bbox 2692 4331 3049 4428; x_wconf 79' lang='lat' dir='ltr'>supplicium</span> <span class='ocrx_word' id='word_1_690' title='bbox 3080 4348 3217 4404; x_wconf 88' lang='lat' dir='ltr'>inde</span> <span class='ocrx_word' id='word_1_691' title='bbox 3248 4344 3513 4413; x_wconf 85' lang='lat' dir='ltr'>colligas,</span> <span class='ocrx_word' id='word_1_692' title='bbox 3542 4331 3761 4428; x_wconf 36' lang='lat' dir='ltr'>quod-in</span> <span class='ocrx_word' id='word_1_693' title='bbox 3786 4332 3901 4428; x_wconf 40' lang='lat' dir='ltr'>om?</span> 
     </span>
    </p>
   </div>
   <div class='ocr_carea' id='block_1_106' title="bbox 2332 4414 3901 4524">
    <p class='ocr_par' dir='ltr' id='par_1_106' title="bbox 2332 4414 3901 4524">
     <span class='ocr_line' id='line_1_106' title="bbox 2332 4414 3901 4524; baseline -0.01 -17"><span class='ocrx_word' id='word_1_694' title='bbox 2332 4414 2979 4524; x_wconf 63' lang='lat' dir='ltr'>publicacladestatim</span> <span class='ocrx_word' id='word_1_695' title='bbox 2998 4436 3269 4513; x_wconf 90' lang='lat' dir='ltr'>gentiles,</span> <span class='ocrx_word' id='word_1_696' title='bbox 3292 4433 3449 4490; x_wconf 89' lang='lat' dir='ltr'>sicut</span> <span class='ocrx_word' id='word_1_697' title='bbox 3469 4428 3652 4524; x_wconf 74' lang='lat' dir='ltr'>adhuc</span> <span class='ocrx_word' id='word_1_698' title='bbox 3677 4419 3761 4524; x_wconf 41' lang='lat' dir='ltr'>i110.</span> 
     </span>
    </p>
   </div>
   <div class='ocr_carea' id='block_1_107' title="bbox 2332 4494 3901 4603">
    <p class='ocr_par' dir='ltr' id='par_1_107' title="bbox 2332 4494 3901 4603">
     <span class='ocr_line' id='line_1_107' title="bbox 2332 4494 3901 4603; baseline -0.023 -5"><span class='ocrx_word' id='word_1_699' title='bbox 2332 4494 3407 4603; x_wconf 31' lang='lat' dir='ltr'>blam&#39;abantT&#39;Christiano:</span> <span class='ocrx_word' id='word_1_700' title='bbox 3436 4520 3514 4576; x_wconf 86' lang='lat' dir='ltr'>ad</span> <span class='ocrx_word' id='word_1_701' title='bbox 3542 4511 3762 4603; x_wconf 55' lang='lat' dir='ltr'>leoneml</span> <span class='ocrx_word' id='word_1_702' title='bbox 3787 4494 3901 4599; x_wconf 69' lang='grc' dir='ltr'>(ιρίά-</span> 
     </span>
    </p>
   </div>
   <div class='ocr_carea' id='block_1_108' title="bbox 2250 4595 3902 4702">
    <p class='ocr_par' dir='ltr' id='par_1_108' title="bbox 2250 4595 3902 4702">
     <span class='ocr_line' id='line_1_108' title="bbox 2250 4595 3902 4702; baseline -0.024 -13"><span class='ocrx_word' id='word_1_703' title='bbox 2250 4603 2298 4669; x_wconf 78' lang='grc' dir='ltr'>Ῑ)</span> <span class='ocrx_word' id='word_1_704' title='bbox 2329 4595 2462 4702; x_wconf 76' lang='lat' dir='ltr'>cap.</span> <span class='ocrx_word' id='word_1_705' title='bbox 2502 4628 2590 4695; x_wconf 82' lang='grc'>40,</span> <span class='ocrx_word' id='word_1_706' title='bbox 2716 4622 2867 4693; x_wconf 76' lang='grc'>479.)</span> <span class='ocrx_word' id='word_1_707' title='bbox 2896 4620 3022 4675; x_wconf 82' lang='lat' dir='ltr'>Alio</span> <span class='ocrx_word' id='word_1_708' title='bbox 3054 4621 3251 4674; x_wconf 89' lang='lat' dir='ltr'>autem</span> <span class='ocrx_word' id='word_1_709' title='bbox 3282 4613 3345 4668; x_wconf 92' lang='lat' dir='ltr'>in</span> <span class='ocrx_word' id='word_1_710' title='bbox 3378 4611 3550 4702; x_wconf 79' lang='lat' dir='ltr'>libro,</span> <span class='ocrx_word' id='word_1_711' title='bbox 3581 4595 3902 4702; x_wconf 53' lang='lat' dir='ltr'>ubisthuifg&#39;</span> 
     </span>
    </p>
   </div>
   <div class='ocr_carea' id='block_1_109' title="bbox 2331 4678 3903 4781">
    <p class='ocr_par' dir='ltr' id='par_1_109' title="bbox 2331 4678 3903 4781">
     <span class='ocr_line' id='line_1_109' title="bbox 2331 4678 3903 4781; baseline -0.016 -6"><span class='ocrx_word' id='word_1_712' title='bbox 2331 4678 2464 4775; x_wconf 50' lang='lat' dir='ltr'>ruin</span> <span class='ocrx_word' id='word_1_713' title='bbox 2493 4678 2815 4773; x_wconf 47' lang='lat' dir='ltr'>convrentus</span> <span class='ocrx_word' id='word_1_714' title='bbox 2843 4678 3103 4781; x_wconf 79' lang='lat' dir='ltr'>exagitat</span> <span class='ocrx_word' id='word_1_715' title='bbox 3122 4709 3180 4761; x_wconf 90' lang='lat' dir='ltr'>et</span> <span class='ocrx_word' id='word_1_716' title='bbox 3201 4692 3553 4759; x_wconf 84' lang='lat' dir='ltr'>condemnat</span> <span class='ocrx_word' id='word_1_717' title='bbox 3573 4711 3585 4750; x_wconf 88' lang='lat'><strong>:</strong></span> <span class='ocrx_word' id='word_1_718' title='bbox 3603 4678 3903 4781; x_wconf 46' lang='grc' dir='ltr'>Ιαὶενίξιίίξυξν</span> 
     </span>
    </p>
   </div>
   <div class='ocr_carea' id='block_1_110' title="bbox 2331 4768 3904 4876">
    <p class='ocr_par' dir='ltr' id='par_1_110' title="bbox 2331 4768 3904 4876">
     <span class='ocr_line' id='line_1_110' title="bbox 2331 4768 3904 4876; baseline -0.02 -12"><span class='ocrx_word' id='word_1_719' title='bbox 2331 4768 2865 4876; x_wconf 51' lang='lat' dir='ltr'>“riotquotidiaui</span> <span class='ocrx_word' id='word_1_720' title='bbox 2894 4768 3070 4855; x_wconf 60' lang='lat' dir='ltr'>ledae:</span> <span class='ocrx_word' id='word_1_721' title='bbox 3099 4791 3524 4865; x_wconf 72' lang='lat' dir='ltr'>expostulantur</span> 
     </span>
    </p>
   </div>
   <div class='ocr_carea' id='block_1_111' title="bbox 2330 4857 3905 4964">
    <p class='ocr_par' dir='ltr' id='par_1_111' title="bbox 2330 4857 3905 4964">
     <span class='ocr_line' id='line_1_111' title="bbox 2330 4857 3905 4964; baseline -0.026 -11"><span class='ocrx_word' id='word_1_722' title='bbox 2330 4857 3025 4964; x_wconf 11' lang='lat' dir='ltr'>c&#39;t-attvcalpl.i27).ltursus</span> <span class='ocrx_word' id='word_1_723' title='bbox 3057 4857 3197 4940; x_wconf 70' lang='lat' dir='ltr'>alibi</span> <span class='ocrx_word' id='word_1_724' title='bbox 3228 4880 3523 4935; x_wconf 88' lang='lat' dir='ltr'>asseverat</span> <span class='ocrx_word' id='word_1_725' title='bbox 3549 4857 3905 4964; x_wconf 76' lang='lat' dir='ltr'>Christi</span> 
     </span>
    </p>
   </div>
   <div class='ocr_carea' id='block_1_112' title="bbox 2333 4942 3905 5059">
    <p class='ocr_par' dir='ltr' id='par_1_112' title="bbox 2333 4942 3905 5059">
     <span class='ocr_line' id='line_1_112' title="bbox 2333 4942 3905 5059; baseline -0.01 -24"><span class='ocrx_word' id='word_1_726' title='bbox 2333 4942 2883 5055; x_wconf 46' lang='lat' dir='ltr'>pedibus/ejus</span> <span class='ocrx_word' id='word_1_727' title='bbox 2902 4978 3029 5048; x_wconf 87' lang='lat' dir='ltr'>jam</span> <span class='ocrx_word' id='word_1_728' title='bbox 3058 4988 3189 5029; x_wconf 87' lang='lat' dir='ltr'>esse</span> <span class='ocrx_word' id='word_1_729' title='bbox 3210 4966 3579 5059; x_wconf 80' lang='lat' dir='ltr'>constitutos,</span> <span class='ocrx_word' id='word_1_730' title='bbox 3602 4951 3748 5059; x_wconf 50' lang='lat' dir='ltr'>omn}</span> 
     </span>
    </p>
   </div>
   <div class='ocr_carea' id='block_1_113' title="bbox 2329 5042 3907 5163">
    <p class='ocr_par' dir='ltr' id='par_1_113' title="bbox 2329 5042 3907 5163">
     <span class='ocr_line' id='line_1_113' title="bbox 2329 5042 3907 5163; baseline 0 -36"><span class='ocrx_word' id='word_1_731' title='bbox 2329 5042 2687 5147; x_wconf 69' lang='lat' dir='ltr'>papularium</span> <span class='ocrx_word' id='word_1_732' title='bbox 2734 5042 2874 5125; x_wconf 67' lang='lat' dir='ltr'>cdetu</span> <span class='ocrx_word' id='word_1_733' title='bbox 2902 5042 3117 5122; x_wconf 68' lang='lat' dir='ltr'>blaman</span> <span class='ocrx_word' id='word_1_734' title='bbox 3135 5070 3183 5117; x_wconf 83' lang='lat' dir='ltr'>te</span> <span class='ocrx_word' id='word_1_735' title='bbox 3213 5077 3231 5116; x_wconf 92' lang='lat'><strong><em>:</em></strong></span> <span class='ocrx_word' id='word_1_736' title='bbox 3264 5044 3690 5163; x_wconf 46' lang='lat' dir='ltr'>Chrt‘ﬁitfnf-ﬁ</span> <span class='ocrx_word' id='word_1_737' title='bbox 3716 5042 3907 5163; x_wconf 47' lang='grc' dir='ltr'>ίῖίςζξᾟέ</span> 
     </span>
    </p>
   </div>
   <div class='ocr_carea' id='block_1_114' title="bbox 2335 5124 3871 5234">
    <p class='ocr_par' dir='ltr' id='par_1_114' title="bbox 2335 5124 3871 5234">
     <span class='ocr_line' id='line_1_114' title="bbox 2335 5124 3871 5234; baseline -0.003 -15"><span class='ocrx_word' id='word_1_738' title='bbox 2335 5124 2953 5234; x_wconf 68' lang='lat' dir='ltr'>Recurrect.</span> <span class='ocrx_word' id='word_1_739' title='bbox 3000 5169 3156 5209; x_wconf 86' lang='lat' dir='ltr'>earn.</span> <span class='ocrx_word' id='word_1_740' title='bbox 3215 5164 3340 5219; x_wconf 78' lang='lat' dir='ltr'>cap.</span> <span class='ocrx_word' id='word_1_741' title='bbox 3379 5145 3498 5234; x_wconf 62' lang='lat'>22-)</span> <span class='ocrx_word' id='word_1_742' title='bbox 3552 5134 3691 5234; x_wconf 56' lang='lat' dir='ltr'>Quid</span> <span class='ocrx_word' id='word_1_743' title='bbox 3742 5124 3871 5234; x_wconf 37' lang='lat' dir='ltr'>plur:</span> 
     </span>
    </p>
   </div>
   <div class='ocr_carea' id='block_1_115' title="bbox 2335 5215 3907 5317">
    <p class='ocr_par' dir='ltr' id='par_1_115' title="bbox 2335 5215 3907 5317">
     <span class='ocr_line' id='line_1_115' title="bbox 2335 5215 3907 5317; baseline -0.026 -7"><span class='ocrx_word' id='word_1_744' title='bbox 2335 5215 2630 5309; x_wconf 69' lang='lat' dir='ltr'>Castitatis</span> <span class='ocrx_word' id='word_1_745' title='bbox 2669 5247 2941 5305; x_wconf 88' lang='lat' dir='ltr'>osoribus</span> <span class='ocrx_word' id='word_1_746' title='bbox 2998 5237 3305 5298; x_wconf 84' lang='lat' dir='ltr'>denuntiat</span> <span class='ocrx_word' id='word_1_747' title='bbox 3350 5228 3793 5317; x_wconf 75' lang='lat' dir='ltr'>timendumnon</span> <span class='ocrx_word' id='word_1_748' title='bbox 3817 5215 3907 5317; x_wconf 41' lang='lat' dir='ltr'>ei“,</span> 
     </span>
    </p>
   </div>
   <div class='ocr_carea' id='block_1_116' title="bbox 2335 5308 3903 5410">
    <p class='ocr_par' dir='ltr' id='par_1_116' title="bbox 2335 5308 3903 5410">
     <span class='ocr_line' id='line_1_116' title="bbox 2335 5308 3903 5410; baseline -0.015 -12"><span class='ocrx_word' id='word_1_749' title='bbox 2335 5308 2404 5399; x_wconf 67' lang='lat' dir='ltr'>rte</span> <span class='ocrx_word' id='word_1_750' title='bbox 2431 5358 2543 5397; x_wconf 85' lang='lat' dir='ltr'>non</span> <span class='ocrx_word' id='word_1_751' title='bbox 2570 5341 2686 5395; x_wconf 75' lang='lat' dir='ltr'>sint</span> <span class='ocrx_word' id='word_1_752' title='bbox 2718 5339 2814 5410; x_wconf 88' lang='lat' dir='ltr'>qui</span> <span class='ocrx_word' id='word_1_753' title='bbox 2858 5334 3189 5394; x_wconf 82' lang='lat' dir='ltr'>acclament,</span> <span class='ocrx_word' id='word_1_754' title='bbox 3240 5322 3577 5380; x_wconf 74' lang='lat' dir='ltr'>Christianos</span> <span class='ocrx_word' id='word_1_755' title='bbox 3618 5310 3681 5367; x_wconf 81' lang='lat' dir='ltr'>ad</span> <span class='ocrx_word' id='word_1_756' title='bbox 3708 5308 3903 5410; x_wconf 36' lang='lat' dir='ltr'>limi&quot;:</span> 
     </span>
    </p>
   </div>
   <div class='ocr_carea' id='block_1_117' title="bbox 2338 5397 3908 5504">
    <p class='ocr_par' dir='ltr' id='par_1_117' title="bbox 2338 5397 3908 5504">
     <span class='ocr_line' id='line_1_117' title="bbox 2338 5397 3908 5504; baseline -0.015 -17"><span class='ocrx_word' id='word_1_757' title='bbox 2338 5397 2544 5504; x_wconf 10' lang='lat' dir='ltr'>(Iidem,</span> <span class='ocrx_word' id='word_1_758' title='bbox 2576 5397 2802 5485; x_wconf 62' lang='lat' dir='ltr'>Exhort.</span> <span class='ocrx_word' id='word_1_759' title='bbox 2853 5423 2923 5481; x_wconf 89' lang='lat' dir='ltr'>ad</span> <span class='ocrx_word' id='word_1_760' title='bbox 2970 5425 3107 5478; x_wconf 73' lang='lat' dir='ltr'>cast.</span> <span class='ocrx_word' id='word_1_761' title='bbox 3160 5432 3285 5487; x_wconf 89' lang='lat' dir='ltr'>cap.</span> <span class='ocrx_word' id='word_1_762' title='bbox 3336 5410 3449 5504; x_wconf 73' lang='lat'>1_2._)</span> <span class='ocrx_word' id='word_1_763' title='bbox 3498 5411 3693 5504; x_wconf 3' lang='lat' dir='ltr'>Atque,</span> <span class='ocrx_word' id='word_1_764' title='bbox 3720 5397 3908 5504; x_wconf 50' lang='grc' dir='ltr'>ίιξξθῖ</span> 
     </span>
    </p>
   </div>
   <div class='ocr_carea' id='block_1_118' title="bbox 2338 5480 3906 5577">
    <p class='ocr_par' dir='ltr' id='par_1_118' title="bbox 2338 5480 3906 5577">
     <span class='ocr_line' id='line_1_118' title="bbox 2338 5480 3906 5577; baseline -0.026 -1"><span class='ocrx_word' id='word_1_765' title='bbox 2832 5480 3112 5571; x_wconf 87' lang='lat' dir='ltr'>adversus</span> <span class='ocrx_word' id='word_1_766' title='bbox 3139 5480 3289 5563; x_wconf 52' lang='lat'>98-5</span> <span class='ocrx_word' id='word_1_767' title='bbox 3343 5497 3727 5571; x_wconf 81' lang='lat' dir='ltr'>Polycarpum,</span> <span class='ocrx_word' id='word_1_768' title='bbox 3770 5480 3824 5534; x_wconf 67' lang='lat' dir='ltr'>ut</span> 
     </span>
    </p>
   </div>
   <div class='ocr_carea' id='block_1_119' title="bbox 2338 5560 3905 5675">
    <p class='ocr_par' dir='ltr' id='par_1_119' title="bbox 2338 5560 3905 5675">
     <span class='ocr_line' id='line_1_119' title="bbox 2338 5560 3905 5675; baseline -0.023 -8"><span class='ocrx_word' id='word_1_769' title='bbox 2338 5560 3170 5675; x_wconf 47' lang='lat' dir='ltr'>EJéZSiS‘EiJés;iE;;;bL</span> <span class='ocrx_word' id='word_1_770' title='bbox 3200 5560 3303 5651; x_wconf 60' lang='lat' dir='ltr'>in}.</span> <span class='ocrx_word' id='word_1_771' title='bbox 3338 5606 3391 5647; x_wconf 82' lang='grc' dir='ltr'>ιν</span> <span class='ocrx_word' id='word_1_772' title='bbox 3405 5560 3550 5675; x_wconf 60' lang='lat' dir='ltr'>tim.</span> <span class='ocrx_word' id='word_1_773' title='bbox 3579 5560 3905 5675; x_wconf 25' lang='lat' dir='ltr'>camisia</span> 
     </span>
    </p>
   </div>
   <div class='ocr_carea' id='block_1_120' title="bbox 2336 5650 3903 5774">
    <p class='ocr_par' dir='ltr' id='par_1_120' title="bbox 2336 5650 3903 5774">
     <span class='ocr_line' id='line_1_120' title="bbox 2336 5650 3903 5774; baseline -0.047 10"><span class='ocrx_word' id='word_1_774' title='bbox 2619 5650 3237 5769; x_wconf 35' lang='lat' dir='ltr'>hue—due</span> <span class='ocrx_word' id='word_1_775' title='bbox 3294 5681 3364 5739; x_wconf 82' lang='lat' dir='ltr'>de</span> <span class='ocrx_word' id='word_1_776' title='bbox 3417 5692 3480 5735; x_wconf 87' lang='lat' dir='ltr'>se</span> <span class='ocrx_word' id='word_1_777' title='bbox 3530 5672 3649 5744; x_wconf 87' lang='lat' dir='ltr'>ipso</span> <span class='ocrx_word' id='word_1_778' title='bbox 3675 5650 3903 5728; x_wconf 59' lang='lat' dir='ltr'>scripsit:</span> 
     </span>
    </p>
   </div>
  </div>
