4118 6182
257 340 412 401 1057

1159 347 1235 407 D.
1280 345 1378 407 LE
1420 347 1749 408 NOURRY
1788 345 2442 412 OBSERVATIONES
2486 352 2744 413 NOVJE.

3510 364 3668 429 1038

255 496 286 524 ‹‹
316 473 453 530 Orto
486 474 689 531 statim
720 474 1070 532 turbationis
1102 476 1325 550 impetu
1366 478 1579 551 primo,
1624 495 1759 534 cum
1810 494 1901 534 me
1936 480 1988 547 Α
2015 478 2189 536 Recte
2234 481 2490 552 quidem,
2557 484 2833 555 inquies;
2893 488 2995 543 sed
3055 506 3161 545 cur
3191 490 3239 547 is
3268 492 3492 553 dimidii
3542 500 3670 555 axis

254 563 510 621 clamore
533 565 787 622 violento
827 567 1081 639 populus
1141 568 1465 641 ﬂagitasset
1519 591 1549 621 »
1608 570 1901 643 (Cyprian.

253 655 428 728 epist.
453 656 567 732 20).
603 656 749 722 Quid
781 661 977 711 autem
1000 658 1368 729 ﬂagitaverit,
1402 676 1507 715 nos
1538 660 1778 716 Pontius
1810 659 1905 714 his

252 746 317 800 in
347 744 505 800 illius
535 745 669 800 Vita
697 746 865 801 docet
892 747 1084 803 verbis
1117 764 1129 802 :
1165 770 1192 797 ι(
1233 749 1481 804 Maxime
1513 766 1647 804 cum
1696 752 1752 804 et
1781 749 1903 804 suf-

252 834 457 903 fragiis
508 851 659 907 sarpe
708 835 971 907 repetitis
1028 837 1098 891 ad
1164 836 1389 893 leonem
1450 839 1903 909 postularetur»

252 924 445 994 (Pont.
480 926 537 979 in
575 924 697 979 Vita
730 924 990 995 Cyprian.
1043 942 1176 997 pag.
1228 927 1302 996 4).
1356 928 1660 999 Expendas
1704 928 1905 1000 itaque

250 1014 429 1068 velim
463 1030 534 1068 an
567 1014 681 1069 huc
712 1016 888 1068 etiam
940 1013 1331 1071 collineaverit
1374 1016 1772 1073 Tertullianus
1802 1033 1905 1072 no-

254 1102 514 1166 ster,ubi
546 1103 615 1157 de
649 1103 911 1157 Romana
944 1103 1110 1175 plebe
1142 1104 1287 1159 dixit
1319 1121 1333 1161 :
1366 1127 1395 1155 «
1430 1110 1545 1161 Nec
1578 1106 1681 1161 ulli
1714 1106 1904 1178 magis

252 1190 724 1264 depostulatores
780 1191 1273 1264 Christianorum,
1334 1211 1511 1266 quam
1588 1194 1822 1267 vulgus,
1873 1216 1901 1245 ››

253 1281 468 1353 plebeii
500 1281 791 1352 siquidem
811 1281 1077 1336 homines
1102 1284 1327 1339 caeteris
1352 1283 1522 1356 longe
1546 1285 1904 1356 frequentius

253 1370 638 1443 postulabant
669 1370 1117 1442 clamabantque
1150 1372 1485 1429 Christianos
1539 1374 1608 1428 ad
1665 1376 1902 1430 leonem.

252 1461 316 1516 Si
352 1465 541 1515 tamen
569 1458 975 1527 existimes,ibi
1010 1461 1081 1515 de
1134 1461 1397 1531 quolibet
1440 1462 1646 1517 mortis
1697 1479 1907 1533 genere

253 1552 328 1606 ab
352 1550 424 1604 iis
452 1548 743 1622 postulato
766 1565 1093 1605 sermonem
1128 1550 1271 1617 fieri,
1305 1551 1480 1622 idque
1512 1552 1904 1623 probes,haud

252 1640 515 1695 multum
547 1639 913 1695 resistemus.
937 1639 1043 1694 Sed
1076 1639 1313 1694 interim
1362 1642 1432 1695 ad
1465 1640 1579 1695 alia
1625 1641 1906 1697 Christia-

253 1746 467 1785 norum
523 1732 819 1785 tormenta
871 1734 1269 1784 transeamus.
1328 1728 1439 1784 Alii
1488 1731 1761 1797 crucibus,
1823 1732 1903 1786 ait

251 1824 461 1875 auctor
492 1823 691 1874 noster
719 1818 979 1889 (Tertull.
1014 1818 1290 1890 Apologet.
1327 1820 1576 1919 cap-12,
1636 1835 1691 1891 p.
1755 1820 1903 1889 339),
1934 1857 1981 1922 Β

249 1915 304 1965 et
334 1908 589 1981 stipitbus
620 1907 1098 1980 imponebantur,
1130 1913 1250 1974 aut,
1300 1907 1474 1963 sicuti
1508 1912 1707 1979 postea
1737 1910 1900 1976 dixit,

249 2014 443 2056 cruces
473 2014 559 2053 eos
587 1996 953 2067 suspendunt.
996 1995 1108 2051 Alii
1138 1998 1372 2053 cervices
1398 2005 1629 2069 ponunt,
1676 2002 1777 2054 aut
1835 2005 1902 2056 ut

247 2088 391 2144 alibi
424 2087 584 2159 loqui
614 2086 844 2155 maluit,
875 2086 1059 2157 gladii
1086 2089 1319 2159 guttura
1349 2103 1536 2142 eorum
1574 2088 1902 2143 detruncant

248 2178 421 2250 (Ibid.
456 2193 582 2248 cap.
615 2176 704 2245 30,
737 2192 794 2246 p.
829 2175 972 2245 415).
1004 2174 1115 2229 Alii
1148 2175 1390 2247 insuper
1411 2177 1634 2244 ignibus
1664 2182 1904 2233 uruntur

245 2266 338 2322 vel
369 2283 467 2322 eos
500 2267 651 2334 ignes
683 2265 961 2332 lambunt,
994 2263 1146 2320 sicut
1176 2269 1378 2336 postea
1434 2265 1506 2320 ab
1538 2264 1635 2321 illo
1677 2267 1900 2321 dictum

249 2356 415 2427 (Ibid.
449 2354 559 2410 loc.
592 2354 737 2427 cit.).

323 2466 397 2518 At
424 2463 546 2518 haec
594 2460 751 2515 varia
808 2459 1234 2532 suppliciorum
1290 2476 1505 2533 genera
1562 2461 1621 2517 in
1676 2478 1783 2516 suo
1837 2463 1904 2518 de

251 2552 535 2609 Pudicitia
578 2550 725 2606 libro
781 2550 865 2605 sic
916 2549 1163 2621 explicat
1197 2566 1209 2603 :
1247 2573 1273 2599 «
1309 2554 1521 2623 Martyr
1575 2556 1716 2623 puta
1748 2569 1902 2607 nunc

247 2643 362 2696 sub
414 2642 632 2714 gladio,
687 2640 811 2709 jam
890 2638 1079 2710 capite
1154 2638 1403 2707 librato;
1480 2644 1624 2711 puta
1683 2641 1739 2695 in
1801 2659 1901 2713 pa-

244 2730 463 2797 tibulo,
516 2731 639 2799 jam
699 2744 940 2801 corpore
1008 2744 1307 2798 expanso;
1360 2732 1501 2800 puta
1558 2728 1615 2783 in
1680 2729 1899 2802 stipite,

236 2822 371 2892 jam
404 2820 571 2875 leone
601 2834 875 2873 concesso
904 2833 917 2884 ;
951 2820 1093 2888 puta
1123 2816 1182 2871 in
1214 2817 1476 2887 axe,jam
1507 2817 1773 2874 incendio
1796 2820 1901 2874 ad-

246 2913 476 2965 structo
507 2930 535 2959 »
565 2908 771 2980 (Idem.
808 2906 872 2961 de
910 2906 1155 2961 Pudicit.
1190 2922 1316 2977 cap.
1337 2906 1449 2978 22).
1482 2906 1681 2978 Neque
1703 2912 1901 2964 tamen

244 2998 370 3053 illis
402 3001 629 3052 tantum
663 2994 1022 3051 cruciatibus
1055 2994 1419 3050 Christianos
1468 2996 1727 3067 torqueri
1778 2997 1902 3069 ipse

246 3087 582 3144 denuntiat.
615 3085 760 3140 Nam
795 3084 909 3139 alio
942 3084 1134 3139 adhuc
1166 3084 1225 3138 in
1259 3084 1407 3138 libro
1458 3090 1747 3140 memorat
1787 3103 1900 3141 non

256 3177 435 3232 modo
464 3175 711 3245 gladium
740 3190 962 3246 gravem
992 3181 1047 3229 et
1073 3189 1287 3228 crucem
1307 3174 1660 3242 e.rcelsam,el
1694 3176 1902 3231 rabiem

251 3268 579 3327 bestiarum,
604 3273 655 3319 et
677 3280 952 3320 summam
982 3264 1201 3334 ignium
1224 3280 1465 3333 poenam,
1488 3280 1689 3319 verum
1722 3264 1899 3319 etiam

247 3372 413 3413 omne
441 3356 718 3425 carniﬁcis
740 3354 1025 3424 ingenium
1056 3352 1114 3406 in
1134 3354 1421 3406 tormentis
1453 3353 1906 3408 immanioribus

249 3464 382 3518 quae
414 3445 553 3500 feris
584 3442 878 3499 crudelius
909 3440 1168 3496 hominis
1220 3440 1523 3511 ingenium
1581 3444 1905 3513 excogitare

246 3538 483 3608 poterat
514 3534 721 3606 (Idem,
781 3531 849 3585 ad
882 3530 1154 3601 Μανίῳ.)
1215 3534 1407 3603 Atque
1442 3531 1523 3586 ita
1554 3530 1650 3586 illo
1700 3531 1901 3601 paucis

243 3626 371 3681 illis
404 3623 825 3697 posterioribus
861 3621 1052 3675 verbis
1086 3619 1238 3675 haud
1267 3622 1517 3675 obscura
1549 3620 1901 3693 significavit

246 3714 482 3770 nullum
515 3728 642 3767 esse
673 3713 1098 3765 tormentorum
1129 3724 1338 3781 genus,
1373 3727 1522 3782 quos
1577 3710 1897 3766 Christiani

243 3808 375 3859 tum
408 3798 750 3857 discruciati
782 3816 899 3854 nou
932 3797 1171 3853 fuerint.

318 3909 466 3976 Quia
519 3924 655 3963 vero
686 3906 816 3961 aliis
877 3904 1127 3977 gravior,
1187 3903 1275 3959 vel
1307 3903 1461 3959 sicut
1510 3920 1645 3958 mox
1702 3904 1773 3958 ab
1830 3920 1895 3959 eo

239 4001 531 4072 scriptum
565 3995 1104 4063 vidimus,maxima
1132 3997 1257 4049 erat
1288 3993 1511 4065 ignium
1546 3993 1891 4064 pmna,hinc

237 4087 496 4160 gentiles
555 4080 685 4141 eam
745 4102 778 4140 a
834 4082 1187 4139 Christianis
1256 4082 1474 4154 sacpius
1533 4083 1892 4153 repetebant.

241 4178 639 4242 Quamobrem
670 4174 823 4244 illos,
855 4173 939 4227 uti
971 4172 1053 4226 ibi
1085 4172 1144 4226 in
1172 4171 1473 4226 codicibus
1505 4172 1721 4227 nostris
1756 4170 1893 4244 legi-

241 4283 402 4337 mus,
434 4283 603 4333 nunc,
666 4266 722 4319 id
781 4268 868 4319 est
926 4279 1033 4317 suo
1090 4264 1376 4331 tempore,
1434 4262 1817 4317 sarmenticios
1848 4270 1899 4315 ct

237 4358 545 4421 semaxios,
590 4372 705 4410 non
738 4354 865 4410 sine
896 4367 1194 4409 sarcasmo
1226 4355 1285 4405 et
1314 4350 1583 4406 irrisione
1613 4352 1898 4405 vocabant

238 4447 453 4518 (Idem,
487 4445 757 4516 Apologel.
792 4460 919 4514 cap.
969 4442 1059 4508 50,
1112 4458 1167 4512 p.
1201 4440 1313 4507 53).
1350 4439 1413 4493 In
1473 4440 1731 4510 antiquis
1764 4456 1896 4494 vero

240 4534 609 4590 editionibus
647 4532 945 4599 semissios,
998 4529 1238 4601 quidam
1291 4532 1484 4583 autem
1535 4528 1647 4598 legi
1696 4527 1899 4583 volunt

2014 569 2199 641 stipes
2226 571 2441 627 dicitur
2462 572 2490 627 ?
2520 576 2595 628 At
2627 574 2890 641 observa,
2950 594 3169 650 quaeso,
3231 582 3450 655 stipitis
3508 588 3664 644 966

2012 659 2249 715 nomine
2279 660 2562 733 appellari
2596 664 2830 731 fustem,
2862 670 2927 720 ut
2956 668 3037 723 ait
3095 670 3325 738 Festus,
3368 677 3531 731 terrae
3564 678 3660 735 de-

2014 748 2190 804 fixum
2225 750 2399 821 (Fest.
2427 752 2497 805 ad
2522 769 2570 808 ν.
2611 753 2827 826 Stipes).
2867 755 3084 812 Nomen
3117 776 3249 815 vero
3281 765 3423 829 aris,
3457 782 3661 837 quem-

2014 837 2333 893 admodum
2368 840 2521 895 idem
2558 845 2760 898 Festus
2794 849 3011 912 monet,
3048 848 3236 904 varios
3268 850 3444 907 habet
3477 854 3661 925 signi-

2016 926 2225 982 ficatus
2255 928 2539 999 (ldem,ad
2564 948 2617 985 v.
2652 934 2829 1002 Axis).
2859 933 3186 1007 Aliquando
3218 938 3374 994 enim
3407 944 3665 1000 sumitur

2020 1031 2120 1086 pro
2154 1017 2600 1088 septentrionali
2633 1020 2760 1075 ρωΙὶ
2795 1026 2977 1092 parte,
3014 1023 3329 1096 aliquando
3373 1045 3475 1101 pro
3498 1034 3664 1088 tereti

2015 1105 2212 1176 stipite
2234 1106 2384 1161 circa
2412 1123 2583 1178 quem
2610 1111 2855 1165 vertitur
2878 1117 2999 1168 rota
3025 1130 3038 1181 ;
3066 1116 3222 1171 unde
3239 1134 3661 1192 nonnunquam

2015 1210 2048 1248 a
2078 1195 2265 1265 poetis
2297 1212 2399 1267 pro
2430 1200 2550 1251 toto
2578 1214 2753 1254 curru
2786 1201 3107 1272 accipitur;
3141 1206 3397 1278 denique
3420 1225 3521 1279 pro
3545 1227 3665 1266 sec-

2013 1281 2102 1337 tili
2134 1283 2430 1339 tabula.At
2463 1288 2721 1341 secundo
2756 1304 2932 1345 sensu
2966 1292 3089 1348 axis
3120 1310 3329 1351 nomen
3364 1314 3397 1351 a
3428 1299 3660 1355 Tertul-

2012 1370 2169 1459 liano
2201 1372 2388 1443 accipi
2418 1374 2668 1440 videtur,
2703 1378 2759 1429 et
2788 1376 2860 1431 ab
2892 1376 2991 1433 illo
3029 1378 3346 1449 significari
3378 1390 3663 1459 martyres

2015 1458 2332 1529 aliquando
2396 1462 2466 1516 ad
2527 1478 2693 1518 axem
2748 1464 3069 1536 integrum,
3132 1470 3392 1525 crebrius
3424 1489 3557 1528 vero
3589 1476 3662 1531 ad

2016 1546 2295 1617 stipitem,
2334 1550 2451 1605 sive
2488 1550 2700 1605 fustem
2738 1557 2900 1607 terra)
2948 1554 3225 1621 deﬁxum,
3276 1560 3376 1614 sed
3420 1560 3543 1616 axis
3575 1562 3663 1617 di-

2014 1636 2193 1691 midio
2225 1638 2528 1705 minorem,
2561 1641 2850 1697 revinctos
2904 1645 3170 1699 cremari.
3205 1647 3432 1704 Ethnici
3465 1650 3665 1723 itaque

2014 1724 2359 1782 Christianis
2408 1728 2685 1784 omnibus
2718 1729 2961 1786 ridiculo
3017 1737 3396 1792 semaxz’orum
3426 1740 3662 1796 nomine

2015 1813 2397 1870 insultabant.

2082 1903 2298 1959 Verum
2332 1904 2491 1960 hisce
2524 1909 2702 1963 tantis
2735 1915 2974 1980 tamque
3005 1910 3314 1969 horrendis
3347 1914 3659 1988 suppliciis

2012 1992 2224 2048 satiata
2254 2010 2369 2048 non
2401 1998 2527 2050 erat
2558 1995 2836 2052 immanis
2868 2014 2933 2053 ac
2967 1998 3139 2071 plane
3197 2000 3493 2060 horribilis
3521 2021 3658 2077 gen-

2011 2081 2203 2137 tilium
2235 2083 2555 2140 crudelitas
2584 2090 2640 2140 et
2669 2086 2882 2145 rabies.
2912 2087 3055 2144 Nam
3095 2111 3120 2143 α
3151 2090 3296 2162 ipsis
3320 2092 3654 2152 Bacchana-

2013 2169 2157 2226 lium
2190 2170 2376 2239 furiis,
2410 2188 2515 2227 nec
2546 2174 2818 2243 mortuis,
2847 2176 2928 2231 ait
2957 2178 3377 2249 Tertullianus,
3412 2188 3661 2254 parcunt

2011 2260 2380 2331 Christianis,
2432 2262 2575 2333 quin
2625 2262 2757 2318 illos
2805 2266 2874 2319 de
2942 2267 3141 2338 requie
3204 2270 3538 2343 sepulturas,
3587 2275 3659 2329 de

2012 2349 2170 2421 asylo
2202 2350 2453 2420 quodam
2486 2352 2693 2407 mortis
2716 2355 2842 2423 jam
2877 2353 3161 2427 alios,jam
3196 2374 3301 2414 nec
3333 2363 3483 2415 totos
3507 2362 3657 2417 avel-

2011 2437 2157 2505 lant,
2198 2439 2512 2505 dissecent,
2570 2440 2900 2498 distrahant
2959 2466 2986 2493 ››
3043 2446 3304 2515 (Tertull.
3367 2450 3647 2521 Apologel.

2013 2544 2139 2599 cap.
2170 2528 2284 2600 37).
2321 2528 2452 2584 Alia
2487 2534 2682 2585 autem
2717 2530 2775 2586 in
2808 2530 3219 2589 dissertatione
3250 2537 3570 2605 (Dissertat.
3596 2540 3659 2595 in

2014 2618 2268 2673 Lactant.
2342 2634 2467 2690 cap.
2540 2620 2624 2686 10,
2701 2624 2808 2675 art.
2879 2623 2933 2693 2)
2995 2624 3377 2695 patefecimus
3436 2633 3658 2699 quanta

2012 2705 2226 2761 ethnici
2258 2707 2485 2763 feritate
2516 2708 2577 2763 in
2610 2713 2975 2766 mortuorum
3002 2717 3058 2767 et
3088 2716 3454 2787 sepultorum
3498 2733 3658 2773 mar-

2010 2799 2206 2868 tyrum
2236 2812 2477 2869 corpora
2508 2798 2775 2853 bacchati
2808 2800 3045 2856 fuerint.

2615 2959 2935 2999 ARTICULUS
2975 2962 3037 3000 Ῑῐ.

2013 3029 2282 3105 Quomodo
2312 3033 2541 3099 sanguis
2574 3036 2883 3103 martyrum
2904 3049 3085 3090 semen
3112 3036 3287 3105 fuerit
3309 3036 3658 3095 Christiano-

2081 3118 2227 3167 rum,
2260 3104 2409 3177 isque
2455 3105 2746 3177 majorem,
2778 3121 2945 3175 quam
3003 3108 3214 3175 Cicero,
3277 3108 3498 3177 Seneca,
3528 3112 3659 3167 Dio-

2084 3189 2269 3250 genes,
2332 3175 2568 3250 Pyrrho,
2620 3176 3198 3250 callinicustaliique
3250 3175 3560 3250 philosophi
3606 3191 3659 3239 et

2083 3249 2329 3300 oratores
2355 3246 2585 3313 ethnici,
2621 3248 2690 3302 al
2740 3246 3184 3319 persuadendum
3230 3246 3338 3306 vim
3376 3246 3653 3310 habuerit.
3722 3257 3733 3261 ’

2086 3370 2337 3424 Tantum
2370 3371 2555 3437 abest,
2581 3375 2647 3424 ut
2677 3388 2763 3437 ea,
2800 3388 2925 3443 quae
2959 3373 3437 3441 memoravimus,
3472 3393 3536 3431 ac
3570 3377 3664 3432 vix

2016 3458 2251 3529 quidem
2286 3458 2411 3513 sine
2460 3459 2699 3515 horrore
2758 3461 2949 3516 audiri
3003 3468 3270 3532 possunt,
3335 3469 3662 3538 martyrum

2013 3547 2304 3618 supplicia
2327 3548 2470 3604 alios
2500 3548 2863 3606 Christianos
2894 3551 3246 3623 areligionis
3278 3570 3397 3609 suae
3432 3556 3656 3627 profes-

2009 3636 2174 3693 sione
2205 3637 2633 3706 detcrruerint;
2668 3642 2733 3693 ut
2760 3638 2897 3694 inde
2948 3640 3214 3696 fortiores
3268 3642 3424 3711 facti,
3458 3644 3655 3716 plures

2006 3725 2272 3782 ethnicos
2303 3727 2371 3780 ad
2407 3742 2533 3781 eam
2568 3726 3014 3799 amplexandam
3045 3731 3346 3801 traxerint,
3372 3736 3547 3805 atque
3574 3734 3655 3790 ita

2006 3819 2215 3871 auctus
2246 3832 2479 3888 semper
2508 3816 2684 3871 fuerit
2716 3817 2948 3873 illorum
2981 3836 3282 3877 numerus.
3329 3822 3475 3879 Nam
3508 3824 3653 3895 ipsi-

2006 3906 2123 3959 met
2152 3904 2366 3959 ethnici
2390 3905 2605 3975 agnitis
2637 3910 2961 3979 martyrum
2987 3911 3070 3962 tot
3096 3910 3392 3980 tantisque
3424 3913 3652 3969 crucia-

2004 3992 2181 4055 tibus,
2217 3993 2480 4063 miraque
2514 4010 2754 4064 prorsus
2813 3998 3163 4065 constantia,
3221 4002 3344 4051 tum
3396 4000 3652 4069 profecto

2006 4080 2417 4136 alliciebantur
2451 4086 2515 4136 ut
2544 4086 2720 4137 tanta:
2753 4083 3113 4139 fortitudinis
3171 4102 3410 4140 causam
3460 4087 3653 4142 curio-

2006 4171 2130 4225 sius
2158 4170 2539 4240 inquirerent,
2600 4186 2784 4241 eaque
2816 4177 3115 4243 comperta
3173 4178 3229 4227 et
3267 4174 3651 4246 deprehensa,

2007 4259 2211 4313 tierent
2240 4256 2573 4313 Christiani.
2600 4259 2778 4315 Nobis
2808 4265 3002 4316 autem
3033 4261 3082 4316 si
3117 4262 3250 4333 quis
3285 4262 3427 4318 nolit
3461 4265 3657 4321 crede-

2007 4348 2153 4413 re,is
2184 4346 2615 4403 Tertullianum
2648 4352 2915 4403 nostrum
2951 4350 3151 4405 audiat
3186 4367 3198 4405 :
3229 4374 3256 4401 «
3291 4352 3657 4425 Quis,inquit

2004 4436 2302 4507 (martyris
2334 4434 2587 4505 alicujus
2621 4438 2936 4493 maximam
2971 4438 3027 4493 in
3054 4441 3361 4495 tormentis
3389 4446 3657 4498 constan-

2004 4524 2145 4579 tiam
2178 4524 2473 4595 intuitus),
2498 4543 2612 4579 non
2645 4526 3131 4598 contemplatione
3161 4530 3289 4598 ejus
3320 4531 3651 4587 concutitur

238 4624 551 4691 semassios,
584 4627 641 4677 et
674 4624 875 4693 postea
904 4618 1041 4674 assis
1072 4634 1176 4690 pro
1207 4618 1356 4686 axis,
1391 4616 1559 4688 quasi
1590 4617 1896 4671 Tertullia-
1928 4601 1971 4665 D
2004 4614 2074 4668 ad
2108 4613 2525 4685 requirendum
2550 4614 2690 4685 quid
2732 4616 2891 4670 intus
2943 4616 3000 4670 in
3034 4634 3093 4672 re
3117 4618 3193 4673 sit
3214 4618 3398 4682 ‘lQuis
3422 4636 3534 4675 non
3558 4621 3659 4675 ubi

240 4730 357 4768 nus
391 4714 585 4768 dicere
614 4710 865 4766 voluerit
895 4708 1260 4764 Christianos
1291 4706 1579 4761 revinctos
1614 4706 1794 4761 fuisse
1826 4706 1898 4760 ad

240 4804 511 4876 stipitem
544 4802 664 4858 sive
695 4800 896 4873 palum
929 4797 1159 4852 dimidii
1193 4795 1364 4851 assis.
1398 4795 1509 4850 Sed
1544 4810 1658 4866 quo
1690 4792 1901 4849 sensu?

241 4898 395 4947 Num
428 4891 632 4948 eodem
667 4906 781 4961 quo
811 4887 1014 4942 asseris
1045 4883 1421 4956 signiﬁcatu?
1455 4883 1566 4937 Sed
1601 4882 1657 4936 id
1690 4898 1899 4952 parum

240 4980 568 5054 probabile.
606 4979 798 5034 Potior
829 4975 1031 5048 procul
1064 4974 1243 5029 dubio
1276 4978 1332 5028 et
1371 4972 1626 5044 genuina
1672 4974 1900 5026 nostro-

241 5088 378 5126 rum
415 5074 471 5126 et
502 5069 772 5138 aliorum,
808 5083 924 5122 uno
961 5068 1189 5120 tantum
1224 5066 1462 5133 excepto
1510 5077 1694 5132 eoque
1728 5062 1900 5117 forsi-

242 5165 345 5216 tan
372 5163 669 5230 oorrupto,
702 5155 969 5214 omnium
1001 5153 1269 5210 codicum
1301 5152 1531 5206 videtur
1560 5150 1899 5206 lectio.Nam

244 5251 501 5322 ipsemet
544 5246 965 5313 Tertullianus,
1014 5243 1230 5299 mentis
1282 5258 1400 5297 suae
1432 5240 1691 5313 optimus
1721 5239 1900 5296 inter-

244 5356 405 5412 pres,
467 5338 835 5395 continenter
895 5333 1125 5406 adjecit,
1212 5354 1239 5383 α
1301 5330 1440 5403 quia
1506 5330 1577 5385 ad
1637 5328 1899 5401 stipitem

246 5427 481 5483 dimidii
513 5428 635 5483 axis
666 5425 930 5492 revincti,
978 5426 1412 5479 sarmentorum
1446 5419 1672 5476 ambitu
1704 5418 1900 5474 exuri-

244 5536 383 5575 mur
414 5542 441 5567 ››
473 5518 678 5591 (Ibid).
714 5518 865 5573 Dixit
892 5516 1090 5587 itaque
1120 5513 1484 5570 Christianos
1530 5510 1600 5567 ad
1637 5510 1900 5582 stipitem

245 5626 352 5667 seu
393 5609 594 5682 palum
655 5608 948 5681 alligatos,
1004 5622 1070 5662 ac
1129 5602 1445 5661 sarmentis
1506 5600 1903 5673 undequaque

247 5698 687 5772 circumpositis
738 5696 987 5770 igneque
1043 5693 1330 5765 accensis,
1389 5691 1548 5749 vivos
1607 5689 1899 5753 comburi.

2008 4703 2333 4773 requisivit,
2367 4703 2632 4758 accedit?
2665 4703 2762 4758 ubi
2794 4705 3061 4775 accessit,
3116 4707 3263 4761 mori
3313 4708 3589 4779 exoptat?
3623 4732 3651 4759 ››

2010 4790 2276 4863 (Tertull.
2334 4792 2616 4862 Apologet,
2676 4808 2802 4864 cap.
2863 4794 2954 4860 50,
3016 4810 3152 4866 pag.
3228 4795 3354 4867 535)
3433 4797 3489 4851 id
3548 4801 3656 4867 est,

2012 4880 2209 4948 agnita
2248 4883 2306 4935 et
2355 4881 2624 4936 confessa
2666 4880 2824 4937 illius
2875 4881 3177 4953 religionis
3225 4884 3486 4954 veritate,
3520 4890 3660 4941 tunc

2011 4972 2244 5041 exoptat
2302 4969 2667 5041 quibuslibet
2722 4970 2902 5025 vitam
2962 4971 3129 5026 ﬁnire
3189 4974 3546 5031 cruciatibus
3606 4980 3663 5031 et

2012 5057 2369 5130 suppliciis?
2422 5059 2505 5112 Ad
2540 5058 2850 5130 Scapulam
2881 5076 3014 5116 vero
3053 5061 3171 5116 haec
3233 5078 3467 5136 quoque
3528 5064 3663 5120 fecit

2012 5148 2184 5201 verba
2219 5163 2230 5202 :
2267 5170 2294 5196 «
2327 5147 2586 5218 Quisque
2646 5151 2870 5203 tantam
2928 5149 3301 5207 tolerantiam
3364 5157 3660 5224 spectans,

2016 5241 2077 5293 ut
2108 5235 2306 5309 aliquo
2342 5236 2622 5309 scrupulo
2654 5254 2988 5309 percussus,
3025 5245 3081 5296 et
3110 5240 3407 5313 inquirere
3458 5260 3661 5300 accen-

2012 5327 2173 5382 ditur
2203 5326 2346 5397 quid
2367 5324 2443 5382 sit
2474 5325 2532 5380 in
2567 5332 2829 5395 causa,et
2859 5328 2959 5384 ubi
2990 5331 3327 5402 cognoverit
3360 5333 3660 5390 veritatem

2013 5421 2071 5472 et
2101 5416 2225 5487 ipse
2258 5415 2459 5471 statim
2492 5414 2763 5487 sequitur
2821 5440 2841 5466 α
2873 5416 3081 5488 (Idem,
3129 5419 3199 5474 ad
3249 5420 3474 5492 Scapul.
3530 5438 3657 5493 cap.

2013 5508 2085 5579 4).
2120 5505 2327 5561 Omnis
2361 5505 2557 5577 itaque
2587 5504 2958 5562 Christianus
2989 5512 3121 5579 post
3180 5508 3482 5582 religionis
3542 5527 3661 5565 suae

2014 5595 2437 5669 professionem
2470 5612 2705 5652 summo
2730 5596 2891 5651 illius
2912 5599 3321 5654 conservandis
3340 5614 3403 5653 ac
3434 5598 3661 5653 tuendas

2013 5687 2291 5744 incensus
2347 5685 2572 5757 studio,
2645 5709 2673 5737 «
2753 5692 3017 5759 paratus,
3077 5687 3159 5745 ait
3216 5685 3408 5744 adhuc
3465 5690 3666 5745 auctor
