4118 6182
532 288 690 348 1059

1050 284 1581 348 TERTULLIANI
1625 282 1955 346 OPERUM
1993 283 2199 343 PARS
2241 284 2291 344 1.
2323 285 2707 347 —SERIES
2750 286 2799 359 l,
2843 286 3397 349 APOLOGETICA.

3701 296 3827 357 1060

531 429 746 488 noster,
778 421 849 475 ad
899 436 1072 475 omne
1119 416 1477 490 supplicium
1538 438 1568 468 »
1627 416 1832 489 (fdem,
1888 416 2165 487 Apologef.
2200 420 2251 485 Α
2280 416 2653 473 tolerantiam
2685 418 2903 474 doloris
2934 421 2991 473 et
3020 418 3226 474 mortis
3260 425 3617 493 contemptum
3658 424 3829 482 hortati

530 528 654 583 cap.
688 511 775 577 30,
810 525 943 581 pag.
976 509 1120 579 445).
1151 505 1309 561 Nihil
1341 506 1520 576 enim,
1552 505 1875 577 inquiebat,
1913 527 1933 555 ι
1971 508 2174 561 nostra

528 602 703 657 refert
731 599 787 653 in
825 599 929 653 hoc
977 614 1115 666 aevo,
1179 596 1289 649 nisi
1351 596 1420 649 de
1452 611 1516 649 eo
1573 595 1849 649 excedere
1910 615 1938 643 »
2000 594 2168 665 (Ibid.

526 707 652 761 cap.
689 688 779 756 41,
825 704 953 759 pag.
1013 686 1160 756 489).
1220 685 1325 740 Sed
1393 683 1600 754 majori
1654 700 1956 754 nunquam
2018 684 2168 738 967

525 795 701 851 quam
736 776 919 849 gloria
952 776 1021 831 de
1051 774 1150 829 illo
1174 790 1234 829 se
1267 774 1519 846 migrare
1568 772 1958 842 existimabat,
1994 790 2168 845 quam

526 868 805 940 martyrio
838 869 1172 920 coronatus.

597 957 892 1027 Susceptte
925 954 1109 1025 igitur
1156 952 1495 1007 Christiana:
1531 950 1833 1023 religionis
1893 971 1921 1000 (ι
1980 951 2170 1004 nemi-

526 1062 661 1104 nem
705 1044 878 1117 (sicut
933 1042 1030 1097 ille
1087 1042 1231 1097 scite
1289 1040 1558 1111 advertit)
1610 1042 1813 1112 pudet,
1875 1039 2166 1095 neminem

523 1135 788 1208 paenitet,
817 1132 926 1188 nisi
960 1132 1132 1203 plane
1164 1147 1278 1186 non
1311 1135 1463 1185 retro
1511 1129 1710 1183 fuisse.
1746 1129 1800 1182 Si
1831 1129 2166 1195 denotatur,

526 1224 845 1297 gloriatur;
875 1222 920 1277 si
951 1225 1281 1289 accusatur,
1317 1236 1429 1274 non
1482 1217 1740 1273 defendit
1783 1234 1795 1272 :
1848 1218 2168 1289 interroga-

522 1318 622 1369 tus
652 1311 739 1368 vel
772 1311 925 1367 ultro
965 1310 1276 1366 confitetur
1308 1324 1322 1363 :
1355 1309 1667 1362 damnatus
1716 1306 1937 1379 gratias
1987 1306 2107 1378 agit
2140 1327 2167 1354 »

528 1403 698 1475 (Apol.
733 1418 859 1474 cap.
921 1401 972 1469 1,
1033 1416 1091 1471 p.
1151 1397 1298 1469 269).
1355 1396 1554 1468 Neque
1614 1396 1672 1450 id
1732 1394 2016 1451 audacius
2068 1398 2168 1448 aut

521 1497 740 1546 temere
772 1491 845 1544 ab
876 1488 973 1543 illo
1005 1488 1368 1542 vcnditatum
1403 1483 1718 1558 putaveris.
1749 1483 1876 1539 Alio
1907 1483 2065 1538 enim
2106 1482 2167 1537 in

524 1581 673 1636 libro
704 1579 849 1633 illud
882 1577 1072 1633 adhuc
1103 1575 1186 1631 sic
1215 1576 1424 1646 repetit
1459 1590 1472 1630 :
1510 1596 1537 1623 ‹‹
1598 1573 1905 1628 Neminem
1965 1573 2165 1644 pudet,

525 1669 817 1726 neminem
852 1666 1109 1739 poenitet,
1144 1664 1258 1720 nisi
1290 1663 1693 1736 pristinorum.
1728 1662 1783 1716 Si
1835 1662 2163 1731 denotatur,

523 1758 845 1831 gloriatur;
876 1757 924 1811 si
956 1755 1231 1823 trahitur,
1264 1771 1379 1808 nou
1408 1752 1716 1818 subsistit;
1752 1751 1801 1806 si
1833 1755 2164 1815 accusatur,

525 1864 643 1904 non
672 1846 967 1912 defendit;
996 1845 1406 1914 interrogatus,
1440 1842 1748 1897 confitetur
1782 1860 1794 1907 ς
1831 1841 2163 1907 damnatus,

524 1936 743 2008 gratias
766 1935 886 2007 agit
916 1956 945 1983 »
977 1933 1185 2002 (Idem,
1217 1931 1320 1986 lib.
1356 1949 1373 1985 1
1402 1930 1472 1984 ad
1496 1934 1624 1985 Itat.
1661 1946 1788 2000 cap.
1826 1930 1875 1995 1,
1909 1945 1965 1999 p.
2015 1929 2162 1998 559).

524 2024 829 2080 Neminem
860 2022 1040 2094 igitur
1098 2021 1413 2091 poenitebat
1442 2034 1505 2073 se
1562 2019 1957 2073 Christianum
2015 2033 2162 2085 esse,

524 2114 627 2168 sed
660 2117 832 2178 retro,
860 2112 981 2165 sive
1011 2109 1183 2163 citius
1213 2114 1271 2163 et
1301 2112 1493 2173 antea,
1527 2124 1642 2162 non
1674 2108 1876 2173 fuisse,
1911 2122 1976 2160 ac
2007 2121 2165 2159 sum-

522 2218 620 2257 mo
654 2201 1034 2273 pristinorum
1077 2197 1447 2265 delictorum,
1498 2197 1554 2249 in
1609 2197 1773 2250 tetris
1822 2193 2163 2250 idololatriae

520 2290 780 2345 tenebris
812 2288 1227 2356 admissorum,
1262 2284 1460 2339 dolore
1489 2284 2164 2339 afﬁciebatur.Praeterea

519 2381 573 2435 si
600 2379 891 2434 denotatur
922 2378 994 2431 ab
1025 2375 1223 2446 aliquo
1272 2389 1335 2428 se
1382 2373 1772 2428 Christianam
1824 2371 2162 2441 religionem

522 2468 806 2540 profiteri,
840 2472 896 2521 et
925 2464 1138 2520 idcirco
1182 2462 1433 2518 trahitur
1483 2463 1553 2517 ad
1589 2462 1859 2532 judicum
1895 2460 2163 2514 tribuna-

522 2556 620 2611 lia.
656 2573 764 2611 non
792 2554 1034 2625 defendit
1087 2570 1100 2607 :
1162 2554 1217 2607 si
1270 2555 1579 2619 accusatur,
1640 2552 1691 2604 si
1752 2550 2163 2620 interrogatur,

522 2662 638 2701 non
670 2644 910 2709 resistit,
944 2659 1059 2697 non
1087 2639 1443 2703 dissimulat,
1475 2656 1589 2694 non
1632 2644 1844 2710 negat;
1875 2638 1978 2692 sed
2013 2636 2162 2692 ultro

522 2739 580 2790 et
630 2733 889 2805 glorians
937 2731 1227 2799 conﬁtetur
1282 2729 1485 2799 (Idem,
1544 2729 1824 2798 Apologet.
1886 2743 2013 2796 cap.
2075 2726 2162 2793 46,

522 2838 658 2896 pag,
687 2824 815 2891 511)
852 2838 864 2889 ;
916 2837 981 2874 ac
1038 2824 1320 2892 Lycurgo,
1354 2819 1425 2871 de
1455 2833 1569 2888 quo
1629 2833 1733 2871 nos
1774 2820 1977 2886 postea
2032 2830 2167 2870 cum

522 2912 879 2968 Tertulliano
912 2910 1176 2963 dicemus
1209 2905 1413 2978 (Infra,
1445 2922 1571 2976 cap.
1608 2905 1694 2974 14,
1742 2910 1853 2959 art.
1885 2905 1962 2975 3),
1995 2902 2165 2972 longe

524 3002 749 3067 fortior,
782 3002 1075 3054 damnatus
1102 2999 1312 3065 gratias
1340 2996 1471 3065 agit.
1506 2994 1869 3064 Quapropter
1897 2992 2164 3062 Apologe-

519 3092 627 3145 tico
657 3105 762 3143 suo
796 3089 970 3141 finem
996 3086 1086 3140 his
1110 3084 1302 3139 verbis
1329 3082 1581 3151 imponit
1613 3099 1624 3136 :
1654 3081 1949 3136 Sententiis
1978 3085 2165 3134 vestris

2283 510 2441 574 sunt,
2471 506 2805 580 eloquentia
2834 508 3004 581 longe
3038 508 3346 580 superavit.
3384 514 3514 566 Nam
3538 512 3830 585 eloquentior

2282 595 2393 650 fuit
2423 596 2695 652 Cicerone
2727 599 2786 652 in
2822 598 3173 666 Tusculanis,
3208 597 3359 653 sicut
3386 600 3461 654 ait
3508 601 3831 661 Tertullianus

2284 685 2574 756 (Apologet.
2608 686 2717 742 loc.
2753 688 2896 759 cit.).
2932 687 3150 742 Harum
3185 691 3373 743 autem
3423 690 3753 759 quaestionum
3779 693 3829 746 li.

2281 774 2385 829 ber
2414 796 2443 825 ‹‹
2477 776 2703 847 primus
2725 776 2814 849 (ut
2842 777 3109 848 ejusdem
3140 776 3423 833 Ciceronis
3441 778 3609 835 verbis
3627 783 3831 852 utamur)

2281 865 2350 919 de
2402 866 2834 921 contemnenda
2900 870 3107 936 morte,
3160 866 3443 921 secundus
3488 868 3549 922 de
3592 866 3830 924 tolerando

2281 953 2496 1024 dolore,
2529 955 2599 1009 de
2631 955 2978 1028 aegritudine
3009 954 3281 1010 lenienda
3310 955 3523 1022 tertius,
3556 965 3761 1027 quartus
3782 957 3834 1011 de

2278 1042 2522 1115 reliquis
2570 1044 2751 1098 animi
2802 1044 3334 1117 pertubationibu's,
3382 1046 3664 1116 quintus...
3706 1046 3831 1101 docet

2278 1132 2347 1188 ad
2381 1132 2547 1187 beate
2594 1132 2907 1188 vivendum
2966 1132 3119 1188 968
3176 1133 3444 1188 virtutem
3501 1149 3556 1188 se
3593 1133 3705 1205 ipsa
3742 1149 3837 1189 esse

2278 1226 2613 1277 contentam
2648 1245 2673 1271 ››
2706 1222 2909 1291 (Cicer.
2943 1221 3045 1277 lib.
3077 1239 3114 1278 ιι
3149 1223 3215 1277 de
3246 1223 3445 1291 Divin.,
3476 1238 3595 1294 pag.
3624 1221 3833 1292 248,1in.

2280 1311 2345 1364 14
2368 1314 2425 1365 et
2455 1310 2666 1382 seqq).
2702 1311 3031 1366 Fecundior
3059 1311 3235 1367 etiam
3266 1310 3361 1365 ille
3400 1316 3685 1383 martyrum
3734 1327 3837 1366 san-

2277 1399 2411 1471 guis
2444 1399 2553 1453 tuit
2593 1404 2808 1455 Seneca
2838 1400 2898 1455 in
2929 1401 3218 1471 Fortuitis,
3271 1417 3391 1471 quae
3437 1398 3563 1455 alibi
3607 1398 3845 1471 deperdita

2277 1488 2583 1559 (Dissertat.
2618 1490 2676 1543 in
2706 1492 2954 1545 Lactant.
2992 1505 3118 1560 cap.
3148 1490 3233 1559 10,
3271 1493 3376 1543 art.
3409 1488 3483 1559 3),
3513 1492 3565 1542 et
3592 1504 3622 1542 a
3648 1486 3840 1541 Lactan-

2277 1576 2358 1632 tio
2386 1579 2565 1632 citata
2594 1577 3117 1633 animadvertimus
3167 1577 3319 1649 (Lib.
3368 1594 3401 1630 v
3449 1577 3611 1631 divin.
3653 1578 3839 1631 lnstitut.

2276 1682 2401 1737 cap.
2436 1666 2547 1737 14).
2585 1671 2643 1721 In
2677 1666 2787 1721 hoc
2820 1671 3013 1722 autem
3049 1665 3195 1721 libro
3230 1668 3300 1721 de
3343 1670 3654 1737 contemptu
3684 1663 3840 1718 mortis

2276 1755 2981 1827 disputaverat.Disertior
3001 1772 3234 1827 quoque
3264 1756 3371 1811 fuit
3393 1754 3483 1810 ille
3515 1753 3725 1826 sanguis
3749 1753 3842 1807 Dio-

2275 1860 2442 1916 gene,
2475 1843 2632 1898 haud
2668 1844 2841 1899 dubie
2873 1843 3102 1916 Cynico,
3163 1861 3337 1916 quem
3401 1844 3630 1916 ipsemet
3672 1838 3843 1895 Tertul-

2276 1933 2470 1987 lianus
2500 1932 2611 1988 alio
2646 1933 2705 1987 in
2738 1933 2885 1987 libro
2916 1933 3009 1988 bis
3040 1934 3233 1989 verbis
3266 1933 3567 2005 designat:
3602 1952 3625 1979 ‹‹
3656 1929 3843 1985 Atlecta-

2273 2025 2353 2077 tio
2386 2022 2641 2076 humana
2672 2022 2893 2077 caninae
2924 2022 3385 2092 aequanimitatis
3412 2026 3631 2093 stupore
3657 2020 3845 2075 formata

2275 2110 2546 2182 (Tertull.
2593 2112 2659 2165 de
2713 2114 2934 2167 Patient
3006 2128 3133 2181 cap.
3194 2114 3270 2183 2).
3336 2112 3432 2166 llle
3487 2114 3683 2174 autem,
3736 2110 3847 2161 teste

2276 2200 2519 2261 Laertio,
2575 2200 2647 2255 ad
2697 2200 2964 2254 laborum
3014 2198 3385 2255 tolerantiam
3434 2215 3495 2253 se
3535 2198 3707 2268 ipsum
3733 2192 3845 2248 omni

2274 2305 2345 2344 ex
2372 2294 2534 2360 parte
2563 2288 2918 2353 excercebat,
2972 2288 3328 2359 scripsitque
3360 2287 3563 2341 librum
3602 2285 3664 2339 dc
3691 2285 3845 2339 morte.

2277 2393 2392 2447 quo
2424 2378 2494 2431 ad
2527 2393 2654 2430 eam
2689 2377 2974 2448 patienter
3004 2376 3305 2431 ferendam
3338 2377 3481 2431 alios
3513 2373 3689 2447 procul
3716 2369 3846 2426 dubio

2274 2466 2546 2520 hortatur
2589 2466 2798 2535 (Laert.
2860 2465 2960 2520 lib.
3031 2482 3109 2532 v1,
3168 2469 3228 2519 in
3294 2468 3392 2521 Vit.
3454 2460 3848 2533 Diogen.§230t

2274 2556 2385 2625 80).
2422 2555 2500 2610 Ad
2537 2554 2657 2610 haec
2687 2570 2842 2614 vero.
2873 2554 3030 2609 idem
3066 2560 3389 2627 martyrum
3422 2553 3647 2624 sanguis
3670 2562 3848 2605 summa

2274 2642 2583 2713 eloquendi
2618 2642 2891 2697 facultate
2922 2642 3062 2696 vicit
3091 2643 3471 2714 Pyrrhonem,
3511 2640 3602 2711 qui
3645 2637 3845 2710 quidem.

2275 2738 2338 2786 ut
2371 2736 2535 2786 notat
2562 2733 2826 2786 Stobaeus
2856 2731 3057 2802 (serm.
3092 2732 3215 2801 120,
3250 2748 3388 2803 pag.
3444 2730 3607 2799 606)),
3663 2725 3852 2782 docebat

2276 2820 2424 2874 nihil
2453 2820 2738 2874 interesse
2767 2819 2920 2873 inter
2947 2820 3126 2875 vitam
3159 2823 3217 2874 et
3250 2824 3519 2874 mortem.
3572 2819 3639 2871 De
3681 2813 3760 2867 illo
3783 2826 3853 2864 au-

2275 2914 2392 2965 tem
2420 2908 2589 2981 plura
2622 2909 2887 2963 Laertius
2919 2908 3044 2980 (lib.
3080 2926 3160 2973 Ix,
3191 2909 3251 2962 in
3311 2911 3409 2963 Vit.
3469 2906 3739 2979 Pyrrham.
3764 2903 3785 2968 ἓ
3806 2899 3851 2950 91

2275 3011 2333 3053 et
2363 3014 2526 3069 seqq.
2582 2997 2846 3068 Denique
2893 2997 3202 3068 sanguinis
3242 2997 3426 3068 hujus
3476 2997 3651 3063 major
3678 2990 3769 3045 fuit
3792 2988 3853 3039 ta-

2282 3087 2519 3153 cundia,
2552 3103 2727 3157 quam
2764 3087 3044 3151 Callinici,
3075 3085 3350 3141 videlicet
3399 3084 3656 3151 Suctorii,
3678 3082 3737 3134 ab
3762 3075 3858 3131 llis-

521 3178 759 3241 ethnici,
821 3176 1028 3244 gratias
1092 3175 1328 3243 agimus.
1386 3171 1501 3225 Cur
1560 3170 1753 3241 ergo?
1811 3170 1955 3235 Quia
2029 3158 2236 3224 cumC
2278 3191 2519 3247 ronymo
2577 3174 2737 3229 citati
2794 3175 3119 3246 (Prolegom.
3182 3177 3241 3229 in
3293 3175 3508 3229 Daniel.
3556 3186 3675 3243 pag.
3717 3164 3854 3231 1073).

522 3267 856 3321 damnamur
885 3281 919 3318 α
940 3263 1111 3331 vobis,
1143 3279 1177 3315 a
1205 3263 1309 3316 Deo
1348 3260 1681 3314 absolvimur
1714 3256 1974 3328 (Tertull.
2033 3261 2168 3325 Apo-

524 3357 681 3427 toget.
715 3370 841 3425 cap.
873 3353 964 3417 50,
993 3366 1125 3422 pag.
1157 3349 1598 3419 536).Eumdem
1634 3346 1801 3416 plane
1828 3346 1886 3400 in
1923 3348 2164 3401 modum

523 3444 763 3508 Lucius,
792 3448 940 3497 teste
971 3444 1172 3494 sancto
1202 3438 1452 3500 Justino,
1502 3437 1718 3504 gratias
1776 3434 2006 3499 Urbico,
2064 3432 2167 3503 qui

521 3533 690 3586 illum
748 3530 1258 3589 condemnaverat,
1318 3524 1564 3578 retulit:
1625 3523 1685 3578 Ὁ
1744 3519 1801 3575 δὲ
1857 3521 1945 3575 καὶ
2003 3520 2164 3596 χάριν

518 3616 710 3673 εἰδέναι
770 3614 1050 3688 ὡμολόγει
1109 3617 1363 3687 πονηρῶν
1428 3609 1701 3665 δεσποτῶν
1758 3615 1865 3664 τῶν
1897 3610 2159 3664 τοιούτων

519 3705 915 3780 ἀπηλλάχθαι,
982 3701 1264 3777 γινώσκων
1325 3700 1415 3755 καὶ
1471 3701 1608 3774 πρὸς
1662 3701 1753 3754 τὸν
1814 3699 2023 3769 Ματέρα
2070 3699 2159 3753 καὶ

523 3793 750 3872 βασιλέα
803 3798 909 3848 τῶν
972 3791 1211 3865 οὐρανῶν
1296 3789 1637 3864 πορεύεσθαι.
1700 3792 1767 3844 Et
1822 3790 2039 3861 quidem
2104 3805 2161 3844 se

515 3888 756 3958 gratiam
813 3883 915 3938 ille
960 3882 1152 3938 debere
1198 3883 1474 3951 professus
1528 3888 1607 3934 est
1634 3898 1653 3935 :
1684 3896 1717 3934 a
1749 3879 1909 3933 malis
1965 3879 2162 3949 quippe

514 3976 750 4031 dominis
778 3990 835 4028 se
874 3974 1126 4040 liberari,
1176 3974 1227 4025 et
1255 3970 1327 4025 ad
1362 3975 1533 4024 Deum
1593 3976 1818 4024 Patrem
1872 3973 1926 4023 et
1976 3983 2160 4035 regem

516 4069 781 4121 enatorum
830 4062 1074 4117 transire
1120 4059 1359 4129 (Justin.
1412 4059 1641 4128 Apolog.
1692 4075 1753 4123 ιι,
1802 4057 1875 4112 ad
1923 4057 2157 4126 Senat.).

516 4155 622 4209 Sed
654 4152 733 4220 id,
794 4151 843 4206 si
902 4165 1139 4205 necesse
1190 4153 1366 4213 esset,
1428 4146 1679 4201 inﬁnitis
1740 4147 2158 4218 propemodum

516 4240 798 4311 exemplis
830 4237 1001 4294 facile
1034 4241 1229 4307 posset
1259 4235 1649 4305 comprobari.

587 4348 712 4402 Non
747 4346 960 4400 mirum
1020 4343 1237 4412 itaque,
1274 4340 1321 4396 si
1380 4358 1495 4411 quo
1555 4339 1762 4410 majori
1819 4340 2160 4395 crudelitate

516 4436 731 4491 ethnici
764 4433 1127 4489 Christianos
1167 4429 1358 4501 gladio
1391 4430 1778 4496 demetebant,
1838 4445 1904 4483 eo
1961 4428 2159 4499 plures

2277 3265 2377 3336 qui
2410 3281 2525 3319 non
2557 3263 2748 3318 solum
2772 3263 3107 3331 historicus,
3138 3264 3239 3319 sed
3289 3264 3554 3335 sophista
3576 3264 3731 3314 etiam
3759 3252 3857 3308 fuit.

2273 3355 2481 3408 Varias
2525 3358 2723 3406 autem
2774 3352 2959 3406 edidit
3002 3352 3531 3407 commentationes
3579 3366 3609 3403 a
3653 3343 3857 3399 Suidaet

2273 3443 2473 3500 Vossio
2504 3441 2792 3496 iudicatas
2850 3441 3039 3511 (Suid.
3099 3441 3172 3496 ad
3207 3457 3260 3495 v.
3324 3436 3680 3503 Καλλίνικος
3730 3432 3854 3489 Voss.

2273 3530 2376 3586 lib.
2404 3548 2445 3585 II
2474 3529 2540 3584 de
2570 3532 2777 3585 Hister.
2812 3528 2980 3583 Graec.
3012 3546 3142 3600 cap.
3205 3529 3297 3598 13,
3348 3546 3483 3601 pag.
3533 3526 3670 3595 225),
3721 3520 3852 3575 alias-

2272 3636 2387 3690 que
2417 3618 2633 3689 plures.
2665 3623 2740 3671 At
2780 3634 2956 3672 unam
3015 3634 3085 3671 ex
3119 3617 3190 3672 iis
3247 3619 3411 3673 haud
3471 3615 3637 3670 dubie
3685 3607 3856 3680 legerat

2269 3705 2797 3775 'l‘ertullianus,ubi
2830 3706 2900 3761 de
2921 3706 3205 3777 patientia
3226 3713 3285 3761 et
3316 3701 3726 3762 contemnenda
3745 3710 3854 3751 mor-

2270 3802 2326 3853 te
2356 3794 2658 3851 disseruit.

2339 3917 2591 3988 Sanguis
2634 3916 2818 3988 igitur
2866 3921 3187 3989 martyrum
3242 3920 3531 3990 majorem
3563 3916 3627 3970 ad
3673 3922 3857 3983 persna-

2269 4007 2524 4061 dendum
2556 4006 2672 4060 vim
2705 4005 3116 4077 habuit,quam
3140 4005 3265 4061 ulla
3295 4007 3511 4063 horum
3545 4004 3850 4066 aliorumque

2268 4095 2630 4151 ethnicorum
2654 4094 3419 4165 quorumlibetscriptorum
3437 4087 3860 4166 eloquentissime

2268 4183 2472 4239 oratio.
2500 4186 2697 4254 Neque
2724 4181 2783 4236 id
2815 4182 3177 4238 Tertulliano
3210 4184 3322 4238 fuit
3375 4184 3618 4256 probatu
3653 4171 3858 4238 difﬁcile:

2269 4272 2368 4329 sed
2420 4271 2587 4326 obvio
2632 4272 2907 4327 omnibus
2956 4278 3013 4327 et
3076 4272 3472 4329 invictissimo
3522 4273 3684 4328 hocce
3726 4278 3858 4334 argu-

2271 4365 2509 4416 mento:
2571 4382 2600 4411 «
2648 4361 2773 4416 Non
2822 4364 3037 4427 tantos,
3090 4362 3307 4434 inquit,
3360 4362 3660 4418 inveniunt
3702 4356 3861 4409 horum

2269 4450 2445 4506 verba
2495 4449 2841 4521 discipulos,
2891 4455 3142 4521 quantos
3190 4451 3516 4507 Christiani
3568 4446 3737 4513 factis,
3785 4439 3865 4493 hoc

517 4540 585 4578 ex
616 4538 813 4578 eorum
847 4520 1173 4610 sanguine,
1213 4517 1379 4610 quasi
1441 4518 1856 4573 fecundissimo
1914 4520 2159 4583 semine,
2196 4524 2241 4588 Ι)
2273 4544 2382 4605 est,
2414 4539 2596 4593 effuso
2627 4517 2925 4610 B'anguinc'
2948 4556 3077 4604 suo.
3109 4541 3370 4595 docendo
3407 4562 3435 4587 υ
3468 4533 3716 4607 (Τηίου.
3766 4533 3868 4593 APO.

517 4612 874 4667 oriebantur.
904 4610 1010 4664 Sed
1044 4608 1200 4671 audi,
1234 4608 1497 4675 obsecro,
1545 4611 1838 4661 auctorem
1892 4612 2159 4661 nostrum

520 4702 617 4772 qui
650 4699 811 4753 hisce
840 4697 1096 4752 todidem
1155 4696 1351 4750 verbis
1405 4695 1691 4765 ipsosmet
1719 4695 1984 4751 ethnicos
2015 4694 2163 4750 allo-

518 4789 720 4859 quitur
752 4805 764 4842 :
805 4808 831 4839 ¢
862 4787 974 4841 Nec
1007 4785 1326 4856 quidquam
1362 4784 1591 4854 proficit
1621 4784 1967 4854 exquisitior
2006 4801 2160 4854 qus:-

519 4893 630 4948 que
655 4874 971 4930 crudelitas
1001 4877 1212 4937 vestra,
1244 4872 1517 4926 illecebra
1574 4877 1663 4925 est
1719 4872 1907 4943 magis
1967 4878 2155 4926 secta.

520 4965 720 5020 Plures
749 4962 1057 5025 efﬁcimur,
1089 4960 1315 5033 quoties
1362 4960 1638 5014 metimur
1668 4976 1702 5014 a
1732 4960 1917 5015 vobis.
1951 4962 2161 5016 Semen

520 5058 611 5109 est
651 5051 894 5124 sanguis
952 5050 1419 5105 Christianorum
1481 5068 1509 5097 »
1566 5047 1826 5118 (Tertull.
1886 5049 2158 5119 Apologet.

520 5160 647 5215 cap.
680 5143 769 5211 50,
828 5156 959 5212 pag.
1020 5139 1168 5209 535).
1226 5136 1380 5190 Alibi
1436 5152 1613 5191 vero:
1652 5156 1679 5184 «
1738 5136 1852 5190 Nec
1909 5137 2158 5203 deficiet,

519 5231 731 5303 inquit,
764 5230 885 5286 hzsc
915 5233 1092 5296 secta,
1126 5241 1301 5298 quam
1334 5230 1472 5278 tunc
1503 5225 1775 5279 aediﬁcari
1804 5225 1978 5294 scias,
2029 5242 2160 5282 cum

518 5322 659 5378 caedi
693 5320 919 5376 videtur
949 5340 977 5368 »
1011 5319 1220 5386 (Idem,
1243 5313 1311 5368 ad
1333 5313 1556 5383 Scaput.
1590 5315 1651 5367 in
1679 5315 1826 5384 ﬁn)

589 5427 737 5493 Quin
769 5426 945 5481 etiam
978 5425 1027 5478 is
1058 5422 1183 5493 ipse
1216 5427 1535 5489 martyrum
1570 5419 1837 5491 sanguis,
1880 5425 1997 5476 tam
2029 5422 2161 5477 forti

516 5515 926 5586 constantique
959 5511 1154 5567 animo
1185 5509 1427 5576 etl'usus,
1462 5523 1663 5562 omnes
1695 5526 1936 5580 prorsus
1972 5512 2159 5583 genti-

516 5605 603 5662 les
633 5604 752 5661 sive
783 5599 1186 5676 philosOphos,
1229 5598 1347 5656 sive
1381 5596 1550 5667 alios,
1610 5596 1705 5668 qui
1764 5599 2053 5670 quosdam
2085 5601 2157 5658 ad

2274 4629 2438 4699 toget.
2492 4643 2617 4698 cap.
2664 4626 2755 4692 50,
2810 4642 2940 4697 pag.
2991 4628 3137 4696 535).
3219 4629 3524 4694 Quantum
3583 4622 3723 4679 enim
3772 4617 3869 4706 ipso

2272 4714 2619 4771 Tertulliani
2645 4718 2904 4785 tempore
2936 4715 3311 4787 multiplicati
3336 4715 3558 4770 fuerint
3606 4704 3868 4765 Christiani

2263 4805 2388 4874 jam
2423 4804 2811 4859 ostendimus.
2848 4809 2919 4857 At
2966 4820 3098 4858 vero
3130 4804 3238 4859 illa
3267 4807 3412 4876 ipsa,
3461 4804 3544 4858 ita
3583 4800 3673 4855 ille
3702 4794 3871 4851 affatur

2270 4893 2541 4965 gentiles,
2564 4892 2882 4961 obstinatio,
2902 4910 3063 4963 quam
3096 4894 3475 4965 exprobratis,
3527 4890 3773 4959 magistra
3809 4884 3869 4932 est

2271 4982 2455 5053 (lbid.)
2487 4980 2717 5036 Plinius
2749 4982 2903 5036 enim
2953 4983 3277 5047 Secundus,
3310 4983 3387 5037 ab
3422 4980 3521 5037 illo
3564 4978 3716 5051 prius
3760 4970 3869 5027 cita-

2271 5075 2370 5126 tus
2401 5068 2556 5140 (Ibid.
2593 5086 2717 5139 cap.
2750 5069 2804 5138 2,
2855 5086 2987 5141 pag.
3032 5070 3184 5141 271),
3231 5070 3341 5125 hoc
3392 5062 3772 5126 obstinationis
3795 5070 3869 5112 no-

2272 5159 2429 5215 mine
2460 5158 2644 5212 utitur
2672 5156 2731 5210 in
2762 5174 2870 5212 sua
2901 5159 2971 5213 ad
3003 5160 3321 5231 Trajanum
3356 5159 3756 5231 imperatorem
3782 5142 3873 5218 θρί-

2272 5247 2442 5305 stola.
2495 5262 2610 5317 qua
2662 5244 2750 5299 illi
2819 5246 3057 5318 scripsit
3113 5264 3127 5303 :
3180 5264 3239 5304 se
3292 5248 3445 5302 nihil
3505 5243 3785 5302 invenisse
3829 5233 3871 5285 in

2271 5334 2637 5401 Christianis,
2668 5343 2873 5405 praeter
2914 5336 3343 5393 obstinationem
3395 5353 3509 5392 non
3567 5318 3874 5401 sacriﬁcandi

2272 5423 2435 5481 falsis
2485 5421 2720 5477 illorum
2776 5424 2912 5480 diis.
2976 5426 3127 5481 Tum
3194 5426 3406 5481 deinde
3458 5425 3581 5480 haec
3642 5415 3873 5487 adjecit:

2270 5534 2299 5562 ‹‹
2333 5510 2532 5582 Neque
2564 5510 3371 5588 dubitabam,qualecumque
3401 5519 3560 5571 esset
3588 5509 3731 5585 quod
3761 5504 3872 5558 fate-

2269 5606 2495 5667 rentur,
2528 5600 2911 5672 pervicaciam
2945 5609 3099 5663 oerte
3131 5609 3187 5662 et
3215 5604 3596 5662 inﬂexibilem
3646 5593 3876 5658 obstina-
