4046 6168
256 319 407 381 1061

249 451 473 508 tionem
506 455 716 547 debere
750 461 1014 530 puniri»
1066 465 1236 536 (Plin.
1290 467 1393 524 lib.
1448 488 1503 541 x,
1558 473 1733 547 epist.
1785 478 1882 533 101

254 558 387 613 pag.
419 542 566 614 374).
602 545 831 602 Ethnici
864 549 1063 622 itaque
1109 556 1497 625 pervicaciam
1530 542 1905 620 et—inﬂexibi:

251 630 370 685 lem
418 632 871 692 obstinationem
912 640 1289 712 appellabant
1321 645 1471 703 hanc
1503 649 1903 711 invincibilem

254 718 719 778 Christianorum
751 731 1163 799 constantiam,
1189 750 1306 805 qua
1336 738 1497 792 omni
1528 742 1903 800 cruciatuum

253 812 798 885 tormentorumque
827 832 1037 889 genere
1076 824 1473 881 excarnificari
1508 829 1905 904 trucidarique

253 897 573 970 malebant,
605 918 781 973 quam
827 906 913 961 vel
963 909 1276 966 minimum
1325 914 1437 969 diis
1490 918 1713 975 {ictitiis
1765 922 1902 978 dare

249 1001 500 1058 granum
556 992 768 1063 thuris,
802 995 889 1050 vel
942 997 1285 1070 religionem
1336 1020 1503 1060 suam
1556 1022 1763 1078 negare
1802 1014 1903 1067 aut

248 1075 644 1136 dissimulare.
706 1084 785 1137 Ea
862 1084 1042 1157 igitur
1100 1089 1367 1146 miranda
1421 1111 1660 1165 prorsus
1718 1100 1900 1155 animi

248 1164 526 1223 fortitudo
553 1170 832 1242 magistra
861 1176 1004 1245 erai,
1028 1193 1155 1248 quae
1178 1164 1437 1237 ethnicis
1463 1183 1632 1255 plane
1663 1204 1901 1258 persua-

246 1253 421 1310 debat
450 1273 644 1315 veram
676 1277 802 1317 esse
833 1262 1015 1319 solam
1049 1271 1312 1325 nostram
1346 1253 1707 1344 religionem.

762 1404 914 1460 969
944 1424 1262 1467 ARTICULUS
1302 1430 1389 1468 in.

246 1505 529 1595 Quomodo
578 1508 968 1595 Tertullnionus'
1012 1518 1232 1584 refellat
1287 1521 1528 1576 ethnicos
1583 1525 1895 1595 objicientes

316 1579 596 1662 iniustum
623 1597 736 1635 esse
760 1579 1203 1667 Christianorum
1234 1606 1271 1643 α
1307 1608 1364 1645 se
1410 1579 1731 1651 uexatorum
1762 1613 1894 1667 que-

317 1653 871 1736 ντηιοηίιῃηηᾳιιίρρε
918 1660 1017 1736 qui
1069 1660 1139 1736 ad
1197 1668 1467 1736 tormenta
1521 1682 1585 1720 ac
1642 1653 1891 1736 mortem,

316 1738 501 1811 quain,
525 1723 1179 1811 dissimuldtajeligiqne
1205 1750 1328 1811 sua,
1351 1735 1595 1811 deuitare
1621 1723 1888 1811 poterant,

314 1798 503 1871 sponte
530 1805 832 1861 currentes,
865 1798 978 1854 diei
996 1804 1180 1871 potius
1226 1798 1498 1862 debebant
1535 1798 1811 1866 dementes
1840 1798 1891 1866 εἰ

312 1865 589 1935 despero/2
610 1883 631 1927 ;
658 1884 725 1922 ac
753 1885 856 1939 quo
873 1865 1010 1939 jure
1035 1873 1181 1929 hunc
1206 1878 1656 1935 obtrectatiOnem
1686 1865 1894 1938 evertat

317 1939 593 2022 exemplis.
608 1939 807 2009 Multii,
838 1944 1193 2013 Empedoclis,
1220 1950 1469 2016 Didonis,
1495 1954 1706 2022 Reguli,
1741 1956 1891 2009 Ana-

311 2010 531 2076 xarchi,
557 2010 1183 2091 Δ[ιασολιιξιηῃρξιὲνρνωη,
1214 2023 1418 2078 Atticae
1448 2010 1719 2091 inulierisi,
1746 2025 1890 2082 Cleo-

305 2088 491 2151 patra?
518 2086 569 2137 et
598 2085 787 2139 uxoris
815 2085 1161 2145 Asdrubalis.

308 2204 537 2261 Ethnici
566 2212 629 2261 ut
647 2207 967 2267 immanem
990 2217 1047 2267 et
1071 2213 1420 2271 horrendam
1447 2234 1617 2274 suam
1642 2219 1704 2275 in
1725 2220 1890 2276 Chri-

237 2295 462 2350 stianos
494 2296 900 2355 crudelitatem
934 2317 1162 2372 quoquo
1194 2306 1365 2360 modo
1395 2314 1761 2377 excusarent,
1795 2328 1887 2366 re-

236 2383 609 2454 spondebant
638 2385 710 2440 iis
742 2387 931 2458 perire
962 2389 1289 2447 volentibus
1338 2393 1562 2450 nullam
1611 2397 1736 2452 ﬁeri
1794 2399 1889 2453 in-

227 2472 495 2542 juriam;
531 2474 649 2528 imo
698 2490 829 2530 vero
878 2478 1088 2534 debere
1139 2497 1238 2536 eos
1291 2482 1550 2554 diligere,
1586 2502 1686 2556 per
1715 2503 1886 2559 quos,

238 2576 418 2631 quam
469 2560 742 2618 volebant
794 2568 1214 2640 optabantque,
1268 2577 1513 2628 mortem
1566 2591 1885 2649 conseque-

235 2650 473 2703 bantur.
506 2650 613 2705 Sed
656 2651 1052 2711 Tertullianus
1086 2659 1345 2714 ostendit
1376 2660 1609 2718 inanem
1642 2682 1886 2735 prorsus

232 2736 583 2808 l’utilemque
614 2755 741 2795 esse
769 2741 918 2797 hanc
948 2746 1414 2815 responsionem.
1461 2751 1507 2804 A
1537 2752 1885 2809 Christianis

231 2826 528 2897 siquidem
561 2828 941 2896 postulabant
968 2834 1237 2904 gentiles,
1264 2840 1326 2890 ut
1354 2837 1535 2893 falsos
1567 2840 1705 2895 deos
1734 2840 1881 2896 cole-

230 2920 679 2985 rept,suumque
703 2926 982 2987 negarent
1002 2921 1195 2976 solum
1218 2932 1274 2977 et
1296 2941 1493 2980 verum
1519 2943 1647 2982 esse
1677 2933 1879 2985 Deum.

226 3006 301 3058 At
331 3003 474 3057 illud
507 3005 744 3075 quidem
776 3008 833 3060 in
870 3013 1151 3078 potestate
1191 3011 1450 3083 ipsorum
1485 3032 1552 3070 ac
1583 3018 1884 3073 voluntate

226 3092 483 3163 positum
534 3096 1014 3152 constantissime
1060 3103 1433 3170 recusabant,
1469 3104 1882 3177 malebantque

1166 335 1241 396 D.
1287 336 1386 397 LE
1430 340 1761 406 NOURRY
1803 347 2461 424 OBSERVATIONES
2502 366 2791 432 NOVE.’

3389 412 3410 435 ⁸
3515 399 3673 462 1062

1894 522 1909 550 ,
1940 486 1993 552 Α
2024 484 2293 595 ριάἰιίυω
2319 496 2493 595 ‘quod
2524 499 2814 595 declinare
2861 474 3121 584 amplius
3151 535 3267 576 non
3300 529 3515 595 potest,
3551 548 3667 587 non

2020 574 2192 631 modo
2249 579 2404 651 velit,
2461 587 2560 641 sed
2617 599 2774 649 amet
2848 574 3047 671 etiam,
3109 574 3382 668 omnibrus
3443 574 3666 675 viiibus

2016 678 2149 772 eum
2186 669 2451 737 tyrannis
2482 675 2739 735 dimicet.
2791 688 2915 741 Non
2964 669 3210 760 putabat
3263 716 3399 772 ergo
3434 669 3666 763 Tertul:

2015 749 2210 809 lienus
2234 767 2697 827 praevertendum
2723 771 3155 837 inconsiderata
3170 749 3500 850 temeritate
3524 803 3669 853 tem-

2014 851 2916 957 prqsnma‘rtyri‘i,‘sed.qu-oties,
2975 874 3085 925 Deo
3136 874 3216 929 ita
3263 851 3663 957 permittente,

2014 928 2381 1004 offerebatur,
2419 942 2587 999 toties
2637 945 2853 1007 invicta
2904 958 3085 1013 animi
3144 928 3486 1025 fortitudine
3520 930 3663 1029 sub:

2013 1019 2295 1077 eundum.

2080 1109 2152 1162 At
2178 1113 2419 1210 quidam
2453 1120 2671 1179 ethnici
2703 1127 2831 1186 aliis
2886 1136 3174 1210 mitiores,
3206 1148 3262 1199 et
3290 1144 3350 1201 in
3382 1148 3662 1208 Christia-

2012 1213 2117 1295 nos
2150 1202 2338 1313 magiis
2367 1214 2666 1313 propensi,
2700 1222 2984 1291 urgebant
3010 1227 3142 1286 illos
3173 1248 3301 1290 esse
3334 1240 3659 1313 dementes,

2010 1287 2108 1356 qui
2156 1287 2329 1401 [ficile
2376 1302 2666 1370 poterant,
2698 1316 2955 1367 manente
2982 1320 3130 1386 apud
3185 1325 3437 1383 animum
3461 1287 3660 1401 prope:

2013 1375 2111 1401 ﬂ.”
2491 1388 2503 1401 .
2590 1391 2601 1401 .
2716 1399 2723 1401 .

2008 1375 2111 1430 silc
2155 1376 2415 1487 (Tertull.
2466 1388 2745 1487 Apoluget.
2801 1414 2925 1470 cap.
2976 1375 3068 1472 2.7,

2008 1479 2111 1518 seu
2162 1472 2421 1544 mentali,
2458 1477 2540 1531 uti
2591 1482 2777 1551 aiunt,
2829 1495 3216 1566 restrictione,
3267 1502 3380 1559 diis
3410 1472 3660 1564 [sacriﬁ-

2006 1569 2158 1656 care,
2191 1558 2392 1656 sicque
2423 1566 2581 1625 abire
2628 1573 2815 1632 illaesi.
2862 1580 2974 1637 Sed
3006 1585 3065 1639 hi
3097 1558 3239 1645 sane
3281 1558 3658 1656 fraudulenta

2004 1642 2373 1745 humanitate
2416 1659 2610 1726 specie
2657 1664 2875 1723 dabant
2921 1672 3270 1735 Christianis
3313 1686 3652 1756 consilium,

1988 1826 2214 1892 'aulem,
2242 1830 2428 1901 pergit
2460 1835 2878 1912 Tertullianus,
2905 1846 3013 1904 hoc
3038 1856 3345 1914 consilium
3377 1878 3653 1922 emanare

2001 1917 2251 2025 poterat,
2289 1936 2486 2025 [quam
2544 1941 2613 1980 ex
2669 1937 2833 2000 patre
2889 1941 3178 1998 mendacii
3235 1917 3653 2025 diabolo,ﬂqui

2003 2002 2239 2100 eosdem
2288 2008 2650 2073 Christianos
2693 2029 2794 2078 aut
2832 2027 2883 2079 vi
2933 2034 2991 2084 et
3035 2034 3273 2107 saevitia,
3307 2045 3411 2095 aut
3439 2002 3651 2101 :31th

2002 2093 2218 2147 astutia
2248 2102 2303 2150 et
2336 2099 2467 2157 dolo
2498 2104 2917 2172 circumvenire
2949 2093 3365 2183 moliebantur.

2070 2197 2381 2309 ‘Suinm‘um
2432 2209 2651 2284 itaque,
2686 2223 2748 2272 ut
2799 2237 2976 2293 supra
3005 2231 3373 2289 ostendimus
3405 2240 3550 2309 (cap.
3591 2242 3650 2298 9.

2002 2290 2112 2339 art.
2145 2288 2238 2387 5;.
2270 2297 2485 2393 tom._l
2534 2302 2798 2393 Apparat.
2852 2288 2984 2383 pag.
3035 2317 3183 2387 357),
3236 2318 3295 2374 hi
3349 2288 3647 2393 piaculum

1999 2387 2128 2427 esse
2154 2381 2571 2443 existimabant
2603 2392 2721 2447 ullo
2756 2381 3016 2469 unquam
3050 2409 3223 2461 modo
3254 2410 3319 2464 de
3346 2381 3464 2473 :sua,
3494 2416 3650 2472 sicut

1998 2467 2082 2522 ait
2136 2466 2555 2544 Tertuilianus,
2620 2484 2887 2551 religione
2941 2495 3187 2547 mentiri.
3249 2498 3642 2559 Quamobrem

1997 2555 2293 2612 malebant
2323 2566 2636 2638 quoslibet,
2666 2586 2732 2626 ac
2760 2581 3139 2645 quantumvis
3164 2555 3647 2647 hor‘rendosrcru:

1996 2646 2185 2701 ciatus
2238 2652 2508 2720 experiri,
2560 2656 2751 2728 iisque
2798 2666 3102 2736 trucidari,
3143 2688 3321 2741 quam
3372 2677 3489 2732 ullo
3536 2682 3647 2735 mi-

1997 2734 2156 2789 nimo
2190 2739 2517 2807 mendacio,
2549 2752 2650 2799 aut
2682 2748 2799 2803 ulla
2829 2753 3320 2831 dissimulatione,
3349 2771 3451 2821 aut
3480 2783 3645 2825 exce-

1993 2822 2191 2892 ptione
2241 2829 2505 2897 mentali,
2558 2833 2773 2906 tingere
2824 2856 2885 2895 se
2915 2843 3172 2915 aliquem
3224 2851 3413 2908 colere
3444 2854 3644 2926 deum,

1994 2926 2171 2982 quem
2204 2913 2417 2971 falsum
2448 2935 2576 2976 esse
2610 2934 2908 2984 noverant.

2066 3005 2168 3054 Ast
2216 3003 2265 3056 si
2317 3021 2429 3102 non
2462 3008 2772 3078 dementis,
2822 3016 3171 3090 inquiebant
3213 3028 3455 3102 ethnici,
3488 3036 3644 3090 certe

1993 3087 2282 3186 desperati
2316 3091 2572 3153 hominis
2620 3108 2742 3157 erat
2789 3087 3029 3165 cuilibet
3084 3087 3505 3187 supplicioru’m
3550 3087 3645 3193 ge;

226 3181 518 3247 damnari,
550 3197 728 3251 quam
761 3201 793 3238 a
821 3188 936 3240 Deo
968 3188 1219 3243 excidere
1269 3191 1538 3260 (Tertull.
1599 3194 1878 3264 Apologet.
1914 3227 1955 3291 α
1995 3192 2119 3273 Per}
2160 3195 2227 3233 ⁸ο
2276 3184 2696 3291 οξυυάεῗίίεείωθδ
2720 3194 2848 3250 Πθθί
2878 3214 3007 3253 sese
3029 3201 3305 3273 Oblicel‘e,
3326 3210 3645 3277 (ἰυωλαοιίε

234 3285 333 3291 ΔΔ-
403 3270 463 3291 in
519 3286 627 3291 ‘_A‘
680 3272 804 3291 Enn‘
876 3273 887 3291 ρ
915 3274 929 3291 ι
1063 3281 1071 3291 ί
1428 3277 1438 3291 ι
1530 3285 1537 3291 .
1634 3288 1641 3291 .
1993 3279 2048 3291 1η
2086 3281 2273 3291 ἰ--ΑΑ-νλ
2356 3288 2417 3291 --λ
2649 3284 2657 3291 ⁸
2692 3284 2700 3291 ⁸
2749 3282 2778 3291 ’⁸
2939 3286 2945 3291 ’

231 3285 360 3340 cap.
394 3270 483 3337 49,
517 3286 646 3340 pag.
678 3272 830 3343 528),
874 3273 933 3328 id
992 3281 1101 3342 est,
1163 3277 1684 3343 cum;.reluctante
1744 3300 1883 3339 con-

232 3357 484 3412 scientia
513 3358 697 3413 Deum
731 3363 1015 3432 negando,
1063 3380 1096 3418 a
1125 3365 1322 3420 divina
1351 3368 1479 3437 ejus
1509 3371 1697 3439 gratia
1726 3372 1885 3427 exci-

232 3446 393 3514 dere,
428 3462 492 3501 ac
550 3448 736 3517 poenis
786 3450 946 3505 brevi
992 3451 1285 3521 finiendis,
1318 3460 1375 3509 et
1404 3472 1638 3514 summo
1669 3459 1886 3516 scelere

230 3533 565 3602 declinatis,
600 3538 807 3593 merito
838 3538 1094 3595 incidere
1119 3540 1178 3595 in
1212 3552 1476 3599 aeternas.

306 3623 524 3679 Invicto
555 3624 738 3696 igitur
776 3626 1075 3700 alacrique
1114 3631 1309 3685 animo
1360 3634 1477 3702 pati
1530 3633 1700 3704 plane
1731 3636 1885 3692 vole-

231 3711 397 3781 bant,
419 3728 608 3767 verum
638 3729 697 3769 eo
726 3731 898 3785 more,
923 3718 1005 3771 ait
1022 3717 1443 3787 Tertullianus,
1473 3737 1575 3791 quo
1604 3730 1656 3778 et
1686 3724 1887 3779 bellum

225 3799 389 3854 miles
420 3800 625 3872 (Ibid.).
656 3803 739 3857 lta
768 3803 925 3859 enim
958 3807 1016 3859 in
1049 3806 1325 3862 omnibus
1355 3807 1591 3864 ineditis
1624 3814 1681 3865 et
1710 3812 1886 3869 editis

226 3888 537 3944 codicibus
585 3896 718 3946 ante
770 3892 1113 3964 Rigaltium,
1150 3896 1252 3967 qui
1285 3896 1455 3953 solita
1483 3897 1718 3955 licentia
1748 3902 1887 3956 ulti-

226 3992 397 4031 mum
429 3995 641 4034 nomen
682 3982 841 4037 miles
888 3982 1124 4053 penitus
1174 3984 1436 4041 abstulit.
1492 3986 1603 4042 Sed
1637 3988 1891 4059 ipsemet

225 4066 489 4122 auctoris
520 4069 737 4124 nostris
759 4072 945 4125 oratio
975 4070 1119 4126 illud
1145 4072 1443 4143 postulare
1467 4076 1707 4132 omnino
1729 4076 1887 4133 vide-

224 4161 346 4210 tur.
404 4158 820 4215 Sanctissimos
886 4160 1183 4216 enimvero
1268 4167 1557 4234 martyres
1632 4170 1888 4232 nostros,

224 4248 363 4299 ante
385 4248 767 4316 tyrannorum
798 4248 1120 4304 tribunalia
1175 4251 1247 4306 de
1294 4251 1581 4323 religione
1630 4270 1738 4309 sua
1767 4271 1889 4311 cer-

223 4338 445 4403 tantes,
495 4350 627 4390 cum
679 4336 810 4392 aliis
858 4339 1160 4409 componit
1210 4338 1522 4411 militibus,
1558 4341 1659 4412 qui
1690 4349 1890 4415 aperto

223 4426 437 4491 marte,
472 4440 769 4497 manuque
812 4432 1103 4496 conserta,
1154 4444 1288 4483 cum
1340 4429 1671 4500 reipublicae
1704 4432 1889 4488 hosti-

222 4512 341 4567 bus
374 4511 659 4570 dimicant
714 4515 919 4588 (Ibid.).
969 4517 1246 4574 Prmlium
1276 4518 1597 4589 siquidem,
1630 4520 1736 4588 ait,
1771 4521 1888 4590 ille,

1993 3265 2052 3362 ip
2085 3265 2278 3362 ignem
2310 3272 2541 3362 duobus
2565 3284 2666 3332 aut
2688 3282 2878 3339 tribus
2908 3265 3643 3362 thuris-grani’s‘t'aci'llime

1993 3352 2231 3451 devitari
2282 3361 2491 3451 potuit.
2544 3367 2675 3421 Jam
2726 3386 2857 3426 vero
2919 3392 2952 3429 a
3000 3352 3168 3435 nobis
3221 3384 3526 3451 (Disserlul.

1992 3440 2183 3499 Minui.
2219 3460 2345 3517 cap.
2405 3450 2492 3519 12,
2525 3458 2633 3509 art.
2698 3457 2749 3525 1,
2808 3466 2864 3515 et
2919 3440 3327 3527 Dz'sserlul.‘in
3384 3440 3637 3532 Lactant.

1993 3544 2119 3620 cap.
2176 3532 2262 3601 10,
2314 3539 2419 3591 art.
2473 3540 2525 3608 3)
2573 3542 2947 3606 observatum
3014 3561 3103 3611 est
3160 3557 3519 3619 Christianos
3565 3565 3637 3620 ab

1992 3618 2243 3719 ethnicis
2264 3625 2597 3719 appellatos
2627 3633 2943 3707 deploratae
2973 3649 3030 3699 et
3077 3646 3400 3719 desperans
3434 3618 3636 3710 factio—-

1995 3707 2087 3761 nis
2118 3708 2409 3786 homines,
2444 3725 2747 3791 propterea
2795 3731 2951 3798 quod
3000 3736 3198 3792 omnia
3255 3744 3548 3797 tormenta
3588 3746 3647 3799 et

1995 3799 2296 3867 quodlibet
2318 3807 2796 3869 crudelissimum
2821 3820 3024 3876 mortis
3047 3840 3236 3895 genus
3257 3830 3648 3904 despicerent,

1998 3902 2101 3941 nec
2161 3899 2519 3951 vererentur.
2575 3900 2888 3973 Repulsam
2920 3924 3054 3965 vero
3113 3914 3183 3969 ab
3240 3899 3382 3972 aliis
3429 3899 3646 3976 ibidem

1996 3975 2252 4034 vidimus
2314 3983 2631 4043 absurdam
2681 3991 2900 4051 hancce
2949 4001 3439 4061 criminationem.
3500 4010 3648 4071 Quid

1998 4069 2625 4165 autemTertullianus
2660 4090 2671 4132 :
2707 4080 2903 4153 Nulla,
2936 4086 3151 4161 inquit,
3184 4069 3654 4165 desperatiofaut

2001 4157 2246 4225 perditio
2271 4164 2378 4227 est,
2408 4163 2506 4217 ubi
2540 4167 2782 4226 minime
2813 4173 2993 4231 dubia
3021 4157 3392 4252 victoria,ubi
3424 4190 3646 4240 certum

1998 4243 2410 4315 placendier
2446 4255 2683 4329 pignus)
2716 4260 2815 4315 ubi
2865 4280 3138 4323 securum
3188 4243 3412 4326 aeternae
3463 4274 3645 4329 felici-

1998 4335 2135 4436 tatis
2169 4341 2474 4409 praemium
2526 4346 2791 4417 (Tertull.
2843 4353 3122 4426 Apoloyet.
3186 4376 3313 4431 cap.
3369 4363 3459 4430 50,
3510 4380 3646 4436 pag.

1996 4423 2144 4496 530).

2070 4516 2177 4570 Sed
2210 4520 2485 4591 agedum,
2515 4538 2631 4593 qua
2670 4544 2865 4598 quaeso
2908 4533 3095 4590 fronte
3128 4543 3411 4610 martyres
3444 4541 3653 4609 nostri,

222 4605 284 4656 et
309 4606 514 4672 postea
544 4604 906 4676 Lactantius,
956 4607 1233 4677 martyris
1274 4611 1385 4674 est,
1419 4623 1533 4678 quo
1564 4614 1700 4664 ante
1726 4610 1887 4680 judi-
1917 4593 1964 4657 D
1998 4608 2243 4702 ωίξΐίθω
2274 4624 2377 4702 ρΓο
2428 4627 2561 4667 vera
2619 4593 2727 4671 Sil-8.
2785 4619 3065 4692 religione
3122 4630 3250 4681 lato
3283 4593 3652 4702 ulubeniiqué

221 4691 388 4745 cium
448 4691 769 4749 tribunalia
822 4696 921 4749 sub
979 4694 1302 4750 discrimine
1356 4697 1552 4766 capitis
1601 4697 1886 4769 (Lactant.

220 4778 328 4834 lib.
378 4797 407 4834 ν
446 4779 619 4835 divin.
653 4783 832 4837 Instit.
864 4799 991 4855 cap.
1029 4784 1117 4853 11,
1152 4800 1282 4856 pag.
1317 4783 1416 4839 491
1452 4810 1465 4852 ;
1507 4784 1748 4841 Tertull.
1781 4787 1886 4842 loc.

219 4868 368 4939 cit),
400 4885 515 4924 non
551 4875 779 4926 armata
833 4871 1070 4942 quidem
1124 4873 1273 4928 ferro
1306 4889 1507 4939 manu,
1542 4877 1643 4929 sed
1677 4875 1892 4931 invicta

220 4957 510 5029 patientia
540 4960 876 5031 pugnando,
936 4960 1241 5017 victoriam
1293 4965 1413 5016 tam
1463 4967 1681 5018 certam
1714 4980 1888 5034 quam

222 5045 551 5119 gloriosam
585 5053 863 5120 reportat.
897 5054 971 5106 At
1001 5049 1202 5106 nullus
1236 5049 1476 5121 quidem
1509 5050 1677 5107 miles
1708 5052 1889 5108 liben-

219 5139 317 5191 ter
345 5152 409 5191 se
439 5137 756 5194 committit
785 5138 1007 5211 prmlio,
1039 5140 1099 5194 in
1152 5156 1266 5210 quo
1316 5139 1454 5211 quia
1496 5139 1886 5211 periclitatur,

221 5224 487 5280 naturali
522 5225 734 5283 timore
764 5228 1037 5301 trepidat.
1084 5228 1190 5285 Ubi
1223 5245 1354 5284 vero
1406 5227 1671 5299 praelium
1704 5231 1885 5287 semel

221 5312 377 5369 inire
407 5314 752 5386 compulsus
784 5322 888 5384 est,
930 5318 1070 5374 totis
1120 5322 1347 5390 pugnat
1377 5317 1595 5374 viribus
1626 5323 1885 5392 tuncque

220 5402 461 5458 laetatur
490 5421 625 5461 cum
659 5412 953 5476 reportata
982 5412 1073 5463 est
1106 5408 1367 5464 victoria.
1400 5408 1485 5462 Ad
1518 5407 1675 5464 hunc
1706 5409 1887 5482 igitur

230 5491 477 5547 modum
510 5498 731 5564 martyr
760 5497 1077 5568 pugnando
1127 5497 1413 5553 adversus
1454 5499 1760 5569 tyrannos,
1792 5501 1887 5553 in-

228 5578 427 5651 genito
477 5582 753 5641 omnibus
798 5586 1009 5643 timore
1059 5586 1383 5660 periculum
1414 5585 1774 5643 reformidat.
1807 5587 1889 5645 De

229 5672 407 5741 parta
452 5676 646 5732 tamen
686 5675 926 5735 victoria
952 5678 1112 5736 tanto
1144 5676 1360 5750 gaudio
1392 5676 1789 5751 perfunditur,
1822 5680 1889 5736 ut

2000 4692 2195 4749 animo
2238 4696 2542 4771 abeuntes,
2597 4710 2869 4775 poterant
2918 4712 3179 4768 nefandae
3224 4716 3652 4788 desperationis

1999 4782 2071 4837 ab
2103 4782 2351 4877 ethnicis
2384 4792 2693 4847 accusari?
2724 4795 2906 4869 (Ibid)
2937 4799 3139 4857 Nonne
3168 4803 3256 4858 illi
3289 4782 3399 4877 ipsi
3432 4808 3652 4863 multos

2000 4886 2067 4925 ex
2097 4873 2350 4945 suis,qui
2383 4877 2701 4937 dirissimis
2733 4889 3337 4964 tormentis,neceque
3367 4896 3657 4952 horrenda

2000 4978 2060 5016 se
2092 4963 2274 5018 occidi
2310 4965 2460 5022 ultro
2493 4971 2651 5039 passi
2684 4972 2939 5044 fuerant,
2982 4996 3095 5034 non
3136 4963 3391 5038 summis
3424 4991 3655 5042 tantum

1998 5049 2297 5120 laudibus,
2357 5057 2458 5111 sed
2518 5063 2742 5117 aeterna:
2804 5064 2999 5136 gloriaa
3060 5069 3248 5127 titulis
3300 5089 3368 5127 ac
3434 5074 3648 5129 statuis

1998 5154 2421 5200 exornaverunt
2454 5146 2480 5200 ?
2529 5148 2710 5221 (Ibid)
2768 5152 2914 5210 Nam
2984 5160 3379 5229 pratermisso
3431 5178 3643 5233 magno

2000 5228 2389 5300 gladiatorum
2447 5253 2712 5310 numero,
2772 5245 2892 5314 qui,
2950 5228 3103 5303 sicut
3158 5249 3310 5306 infra
3356 5250 3642 5315 dicemus,

2000 5337 2168 5376 suam
2204 5323 2402 5393 vitam,
2458 5324 2660 5384 iisdem
2701 5332 2953 5390 ethnicis
3000 5336 3402 5411 laudantibus,
3434 5346 3644 5412 sponte

2000 5410 2137 5467 feris
2186 5413 2499 5485 objectant,
2532 5433 2683 5490 saepe
2722 5424 2937 5495 sapius
2990 5428 3356 5498 amittebant,
3390 5410 3429 5478 Vc
3469 5410 3642 5485 certe

1996 5500 2237 5572 Matius,
2287 5502 2481 5575 inquit
2528 5514 2730 5564 auctor
2777 5519 2996 5583 noster,
3029 5517 3325 5573 dexteram
3357 5534 3528 5573 suam
3560 5517 3645 5573 lu-

1996 5589 2142 5646 bens
2199 5590 2258 5647 in
2318 5610 2420 5650 ara
2477 5600 2778 5671 cremavit,
2814 5608 2879 5658 ut
2938 5604 3046 5661 hoc
3079 5609 3297 5662 l'actum
3335 5607 3485 5661 fama
3518 5606 3646 5677 ejus

1997 5678 2239 5740 haberet
2266 5703 2288 5735 ι
2324 5684 2528 5757 (Idem,
2560 5687 2640 5745 ad
2664 5688 2891 5764 Martyr.
2923 5709 3050 5765 cap.
3072 5696 3145 5765 4).
3177 5696 3245 5751 At
3273 5694 3344 5751 de
3371 5693 3482 5753 hoc
3510 5694 3638 5768 ipso
