4118 6182
538 315 820 377 1063.

540 448 705 506 Mutii
738 447 888 502 facto
930 444 1069 502 alibi
1122 442 1513 500 disseruimus
1560 441 1813 513 (οἰκεῖοι.
1873 441 1932 495 in
1980 438 2180 497 Minut.

543 539 726 595 Octav.
760 553 889 608 cap.
922 536 975 605 6,
1011 538 1121 590 art.
1152 533 1229 603 3).

610 626 813 681 Nonne
843 624 1016 679 etiam
1071 644 1099 672 «
1142 620 1546 693 Empedocles,
1577 619 1658 675 ait
1687 617 1805 685 ille,
1840 621 2027 673 totum
2063 632 2191 672 sese

535 714 951 773 Catanensium
1000 710 1219 766 Etneis
1269 709 1505 781 ignibus
1554 707 1842 763 donavit?
1882 726 1913 758 »
1946 705 2095 761 Male
2132 706 2189 759 in

535 801 956 872 manuscriptis
990 799 1737 864 codicibus,Alltanz'cnsium
1758 792 2190 851 AllunazisAlio

536 894 755 967 quippe
798 891 855 945 in
904 889 1053 944 libro
1094 905 1127 943 a
1180 886 1349 943 nobis
1382 888 1507 957 jam
1558 886 1758 951 citato,
1793 884 2082 955 scriptum
2117 883 2191 937 ab

537 983 638 1039 illo
670 981 920 1053 legimus
955 995 967 1034 :
1023 997 1043 1026 ι
1076 977 1179 1041 Qui
1236 978 1289 1030 in
1326 977 1492 1047 ignes
1521 974 1721 1030 zEtnaei
1759 974 1975 1029 montis
2011 972 2190 1027 dissi-

536 1072 647 1128 luit
680 1094 700 1120 ι
736 1066 999 1142 (Tertull.
1052 1066 1332 1137 Apoloyet.
1389 1081 1519 1137 cap.
1554 1065 1641 1130 49,
1677 1080 1805 1135 pag.
1837 1063 1982 1131 5‘28;
2033 1064 2089 1116 et
2120 1061 2193 1116 ad

535 1162 761 1232 Martyr.
796 1175 929 1229 cap.
957 1157 1034 1227 4).
1070 1155 1221 1209 Alibi
1248 1170 1380 1209 vero
1415 1170 1427 1208 :
1467 1174 1490 1205 α
1527 1151 1903 1224 Empedocles
1935 1150 2075 1221 quia
2102 1166 2191 1205 se-

537 1253 712 1308 deum
744 1247 1091 1303 deliraret...
1126 1261 1197 1300 ne
1256 1243 1455 1314 aliqua
1511 1241 1815 1314 sepultura
1870 1239 2194 1295 conditiore

534 1340 917 1415 putresceret,
951 1350 1154 1390 assum
1188 1349 1247 1389 se
1292 1332 1514 1395 maluit,
1554 1331 1611 1386 in
1667 1332 1894 1386 Etnam
1931 1329 2190 1401 praecipi-

532 1430 714 1509 tando
762 1446 787 1479 ι»
855 1424 1057 1497 (Idem,
1113 1423 1177 1479 de
1221 1424 1404 1478 Anim.
1459 1438 1585 1493 cap.
1636 1422 1754 1493 32).
1818 1421 1966 1475 911
2028 1418 2194 1474 Prius

560 1522 755 1576 autem
786 1514 1059 1571 Horatius
1089 1513 1377 1568 cecinerat
1408 1530 1419 1567 :

631 1659 647 1675 .
723 1658 735 1671 .
806 1658 820 1672 .
895 1659 906 1671 .
973 1620 1153 1670 Dicam
1185 1619 1454 1681 Siculique
1486 1620 1655 1681 poeta:

632 1686 869 1737 Narrabo
914 1685 1186 1733 interitum
1222 1698 1232 1730 :
1263 1679 1395 1731 deus
1425 1679 1734 1729 immortalis
1764 1679 1948 1728 haberi

632 1750 797 1799 Deum
826 1748 970 1810 cupit
999 1744 1360 1809 Empedocles,
1390 1744 1664 1794 ardentem
1698 1742 1921 1806 frigidus
1948 1742 2065 1791 Etu
2084 1754 2171 1790 am

631 1812 852 1862 Insiluit.

956 1872 1157 1933 (Horat.
1191 1868 1253 1918 de
1282 1872 1385 1918 art.
1408 1872 1549 1932 poet.
1582 1882 1632 1916 v.
1666 1868 1755 1917 463
1783 1870 1835 1917 et
1863 1867 2031 1930 seqq.)

535 2001 715 2058 Plura
761 1999 811 2055 si
872 1997 1192 2067 desideres,
1226 1992 1463 2051 consule
1512 1992 1830 2059 Laertium,
1865 1992 2184 2047 Lucianum

538 2089 880 2161 Gregorium
929 2086 1386 2152 Nazianzenum,
1428 2087 1481 2137 ct
1522 2082 1667 2138 alios
1698 2083 1909 2153 (Laert.
1942 2080 2049 2136 lib.
2090 2097 2187 2135 VIII

532 2181 599 2236 in
660 2180 759 2238 l’it.
819 2176 1101 2249 Empedoc.
1159 2176 1185 2242 §
1241 2173 1347 2240 69;
1422 2172 1655 2227 Lucian.
1716 2171 1929 2241 dialog.
1989 2170 2185 2240 Menip.

538 2285 673 2341 pap.
710 2268 849 2335 142;
883 2269 941 2321 et
972 2270 1291 2321 lcaromen.
1325 2278 1461 2334 pag.
1492 2262 1590 2315 731
1621 2277 1634 2327 ;
1685 2264 1741 2315 et
1772 2259 1870 2315 lib.
1901 2276 1942 2313 11
1982 2260 2185 2313 Hister.

536 2373 669 2430 pag.
702 2356 827 2412 398.

604 2448 753 2501 Tum
805 2444 1015 2500 deinde
1064 2439 1463 2497 Tertullianus
1526 2455 1539 2493 :
1600 2460 1628 2488 «
1686 2436 1913 2508 Aliqua,
1974 2435 2186 2507 inquit,

535 2534 904 2605 Carthaginis
929 2529 1216 2587 conditrix
1239 2545 1376 2601 rogo
1398 2528 1722 2583 secundum
1744 2525 2187 2581 matrimonium

542 2622 767 2678 dedit»
818 2622 993 2692 (Tert.
1053 2620 1323 2691 Apologet.
1377 2633 1505 2688 cap.
1557 2617 1645 2681 50,
1703 2630 1837 2687 pag.
1896 2615 2045 2685 530).
2104 2618 2189 2668 Ita

540 2727 745 2767 omnes
776 2708 959 2765 nostri
992 2709 1219 2763 codices
1265 2710 1322 2761 et
1372 2722 1484 2761 non
1537 2704 1674 2760 editi
1710 2708 1766 2759 et
1794 2703 1953 2759 editi.
1991 2706 2190 2773 Itaque

537 2799 807 2857 nonnulli
865 2800 1083 2854 frustra
1147 2796 1455 2867 legendum
1507 2798 1717 2866 putant
1774 2811 1889 2848 non
1950 2792 2186 2865 quidem

534 2891 753 2962 Aliqua,
788 2889 885 2944 sed
920 2888 1091 2944 Elisa.
1143 2885 1288 2941 Dido
1337 2884 1493 2941 enim
1546 2882 1636 2937 his
1686 2883 1877 2938 verbis
1906 2886 2023 2937 tam
2058 2897 2189 2953 per-

535 2980 737 3051 spicue
768 2978 1132 3049 designatur,
1157 2980 1221 3029 ut
1262 2990 1432 3029 nemo
1466 2972 1564 3038 sit,
1589 2972 1688 3043 qui
1722 2988 1850 3027 eam
1883 2970 2038 3025 illico
2070 2987 2187 3024 non

535 3074 833 3141 agnoscat.
867 3067 1149 3131 Quocirca
1184 3063 1568 3135 Hieronymus
1599 3060 1779 3117 simili
1814 3060 1984 3132 plane
2016 3060 2187 3115 modo

535 3157 750 3247 alicubi
784 3155 1058 3227 scripsit:
1095 3177 1122 3204 «
1157 3153 1453 3225 Stringam
1490 3151 1741 3206 breviter
1767 3149 2028 3221 reginam
2059 3152 2183 3204 Car-
2215 3181 2257 3247 Ο

532 3244 815 3317 thagiois,
841 3261 966 3315 qua:
998 3241 1187 3313 magis
1219 3242 1421 3296 ardere
1484 3239 1695 3307 voluit,
1747 3254 1924 3309 quam
1958 3238 2182 3292 Hiarbae

535 3334 656 3405 regi
686 3334 903 3388 nubere
937 3355 965 3383 »
997 3331 1354 3403 (Hieronym.
1388 3328 1565 3401 epist.
1615 3329 1704 3395 91,
1752 3327 1821 3382 ad
1850 3328 2124 3400 Ageruch.
2169 3342 2184 3384 :

534 3427 593 3479 et
620 3422 718 3477 lib.
774 3439 791 3476 1
840 3421 962 3476 adv.
1013 3421 1236 3489 Jovin.).
1296 3420 1367 3473 At
1401 3417 1496 3473 ille
1527 3420 1744 3483 tamen,
1803 3416 2184 3488 quemadmo-

535 3512 675 3567 dum
716 3508 1138 3578 Tertulliauus,
1201 3506 1367 3561 illiud
1434 3506 1587 3561 idem
1646 3503 1783 3559 alibi
1839 3504 2184 3573 enarrando,

534 3600 723 3671 ipsam
758 3597 995 3653 nomine
1028 3612 1133 3651 suo
1189 3593 1450 3666 appollat
1490 3592 1755 3664 (Tertull.
1788 3592 1890 3648 lib.
1925 3611 1942 3648 1
1983 3592 2051 3647 ad
2081 3594 2186 3649 Na-

533 3690 671 3743 tion.
710 3687 795 3756 18,
831 3701 961 3757 pag.
995 3685 1143 3755 584).
1196 3684 1306 3739 Sed
1358 3682 1480 3738 haec
1540 3698 1611 3738 ne
1667 3682 2187 3754 grammaticorum

541 3775 778 3848 quidem
812 3774 1030 3846 pueris,
1060 3772 1373 3845 Virgilium
1430 3771 1687 3843 quotidie
1734 3771 2062 3843 legentibus
2100 3772 2187 3827 in-

540 3868 839 3937 comperta
868 3879 997 3920 esse
1027 3866 1297 3934 possunt.

612 3954 807 4026 Pergit
858 3958 1019 4008 actor
1072 3956 1274 4006 noster
1326 3967 1339 4005 :
1390 3972 1410 3999 α
1446 3947 1704 4022 Regulus
1754 3966 1825 4005 ne
1881 3966 2037 4005 unus
2086 3966 2188 4021 pro

539 4042 742 4100 multis
774 4042 1043 4098 hostibus
1076 4041 1311 4109 viveret,
1352 4043 1476 4095 toto
1516 4056 1754 4111 corpora
1804 4056 2005 4095 cruces
2043 4039 2189 4110 pati-

538 4138 638 4189 tur
668 4155 695 4183 »
731 4132 935 4204 (Idem,
968 4130 1185 4203 Apolog.
1219 4145 1268 4183 c.
1309 4129 1400 4195 50,
1454 4145 1584 4201 pag.
1632 4130 1759 4199 530)
1808 4144 1819 4183 :
1881 4128 1968 4183 vel
2016 4127 2190 4184 sicuti

540 4222 651 4279 alio
680 4222 741 4277 in
772 4222 921 4277 libro
964 4220 1192 4276 edicere
1229 4217 1437 4273 maluit
1469 4236 1488 4274 ,ο
1533 4241 1559 4267 ‹‹
1620 4218 1818 4273 Crucis
1876 4217 2189 4274 novitatem

540 4328 867 4371 numerosae
900 4314 957 4365 et
988 4310 1271 4364 abstruse
1302 4306 1557 4377 Regulus
1597 4311 1790 4362 vester
1819 4305 2065 4361 libenter
2094 4307 2191 4362 de-

542 4401 759 4457 dicavit
792 4422 812 4448 »
868 4400 1075 4470 (idem,
1126 4398 1206 4453 ad
1243 4400 1489 4466 Martyr,
1525 4412 1574 4450 c.
1630 4396 1695 4462 4;
1749 4400 1805 4451 et
1854 4396 1917 4451 de
1965 4396 2190 4452 Exhort.

542 4491 725 4545 cauit.
759 4505 808 4543 c.
843 4489 954 4555 31).
985 4488 1093 4543 Sed
1125 4486 1181 4541 id
1214 4485 1387 4557 paulo
1421 4484 1793 4556 explicatius,
1818 4484 2028 4557 hisque
2074 4504 2196 4542 ver-

542 4577 635 4633 bis
667 4576 804 4631 alibi
830 4576 1145 4631 edisseruit
1194 4590 1207 4630 :
1256 4597 1283 4624 «
1318 4573 1593 4644 Regulus,
1627 4574 1745 4629 dux
1776 4573 2191 4646 Romanorum,

547 4669 756 4737 captus
814 4682 848 4721 a
905 4662 1483 4734 Carthaginensibus,
1534 4679 1667 4717 cum
1726 4679 1789 4718 se
1847 4680 2030 4719 unum
2092 4682 2193 4736 pro

545 4754 750 4810 multis
798 4752 1046 4825 captivis
1092 4750 1649 4823 Carthaginensibus
1699 4754 2064 4824 compensari
2096 4771 2194 4811 vo-

545 4842 773 4909 luisset,
807 4841 1015 4897 maluit
1062 4841 1333 4896 hostibus
1364 4840 1546 4910 reddi,
1591 4845 1649 4895 et
1701 4841 1759 4896 in
1814 4859 1956 4897 arca:
2012 4859 2194 4914 genus

548 4932 802 5005 stipatus
834 4931 1096 5002 undique
1138 4928 1516 4995 extrinsecus,
1567 4929 1748 4986 clavis
1798 4932 2079 4999 confixus,
2112 4936 2199 4988 tot

549 5037 749 5078 cruces
811 5021 997 5077 sensit
1055 5042 1083 5069 »
1136 5020 1339 5090 (Idem,
1389 5019 1661 5090 Apologet.
1710 5036 1759 5076 c.
1804 5021 1893 5075 50.
1940 5038 1997 5092 p.
2046 5022 2194 5092 530).

547 5110 1039 5168 Crudelissimum
1090 5109 1290 5182 itaque
1327 5108 1439 5164 hoc
1471 5108 1747 5180 supplicii
1805 5125 1991 5181 genus
2034 5114 2200 5166 vocat

547 5203 861 5268 novitatem,
896 5201 1179 5257 hactenus
1210 5214 1325 5253 non
1359 5197 1633 5252 usitatam
1664 5200 1843 5254 cruci:
1871 5214 2196 5267 numerosae,

551 5290 731 5348 clavis
750 5290 1023 5347 videlicet
1062 5287 1252 5346 acutis
1290 5284 1551 5356 undique
1582 5287 2001 5355 eminentibus,
2024 5293 2199 5360 atque

549 5380 810 5437 abstrusas
870 5381 1068 5450 (Idem,
1125 5376 1227 5431 lib.
1290 5391 1307 5429 1
1360 5374 1430 5429 ad
1486 5373 1610 5429 Nat.
1670 5392 1718 5429 c.
1768 5378 1852 5445 18,
1897 5396 1953 5450 p.
1988 5378 2111 5444 484,
2143 5381 2200 5433 et

548 5470 654 5526 lib.
686 5470 756 5525 ad
785 5471 1017 5539 Martyr.
1050 5483 1100 5522 c.
1135 5467 1209 5537 4),
1243 5462 1401 5536 quia,
1436 5465 1502 5518 ut
1528 5463 1755 5521 Tubero
1783 5468 1938 5538 apud
1968 5469 2034 5524 A.
2069 5468 2198 5525 Gel-

550 5558 695 5615 lium
725 5557 1077 5614 testificatur
1105 5553 1270 5627 (Gell.
1324 5552 1425 5609 lib.
1458 5568 1493 5609 ν
1538 5552 1710 5611 Noct.
1750 5555 1938 5629 Attic,)
1968 5574 2020 5614 c.
2054 5558 2107 5623 4,
2140 5557 2199 5613 in

550 5652 705 5705 atras
730 5651 788 5705 et
816 5645 1137 5719 profundas
1170 5642 1445 5703 tenebras
1473 5639 1671 5715 illum,
1718 5642 1777 5701 in
1817 5645 2083 5719 arcajlla
2111 5645 2203 5702 in-

1058 309 1591 372 TERTULLIANI
1634 304 1962 369 OPERUM
2006 302 2209 365 PARS
2251 303 2303 363 Ῑ.
2336 334 2413 346 -
2445 299 2719 362 SERIES
2761 300 2811 372 I,
2860 298 3426 361 APOLOGETICA.

3757 302 3890 363 1W

2213 437 2264 503 Α
2298 435 2550 506 clusum,
2584 432 2843 506 quotidie
2874 431 3242 501 claudebant,
3284 433 3463 488 donec
3513 432 3896 493 ardentissimis

2300 523 2482 580 exorti
2515 522 2657 579 solis
2691 521 2876 577 radiis
2907 521 3193 577 urendum
3226 526 3589 593 exponerent.
3618 525 3686 577 At
3711 524 3774 578 de
3803 523 3895 581 hoc

2301 612 2507 685 Reguli
2539 611 2827 684 supplicio
2872 610 3008 665 alibi
3056 610 3286 681 egimus
3341 611 3577 676 (Dissert.
3627 612 3686 665 in
3720 614 3894 671 Minut.

2303 704 2485 759 Octav.
2518 719 2569 758 c.
2601 703 2655 771 6,
2690 705 2797 757 art.
2848 702 2902 770 3,
2936 705 2992 756 et
3039 702 3262 756 Dissert.
3316 701 3376 756 in
3431 703 3666 755 Lactant.
3720 717 3765 756 c.
3826 704 3897 773 10,

2302 796 2409 848 art.
2442 794 2519 861 3).

2371 881 2757 953 Explanatum
2793 895 3023 952 quoque
3054 896 3088 935 a
3132 879 3301 934 nobis
3349 878 3459 933 fuit
3505 879 3653 949 quod
3699 880 3900 934 Tertul-

2299 970 2495 1026 lianus
2536 971 2605 1025 de
2657 969 2998 1025 Anaxarcho
3029 968 3333 1039 subjunxit
3364 983 3377 1023 :
3410 991 3439 1019 ι(
3470 969 3628 1033 Cum,
3658 968 3711 1022 in
3740 986 3899 1025 exem-

2301 1060 2462 1133 plum
2506 1060 2749 1132 ptisanae
2782 1058 2899 1131 pilo
2942 1062 3403 1115 contunderetur
3436 1075 3449 1111 :
3489 1058 3705 1124 Tunde,
3730 1060 3899 1124 tunde,

2302 1150 2516 1219 aiebat,
2557 1148 2879 1204 Anaxarchi
2912 1147 3105 1203 follem
3134 1165 3146 1215 ;
3196 1146 3601 1203 Anaxarchum
3638 1146 3779 1202 enim
3807 1164 3899 1204 non

2302 1239 2524 1295 tundis.
2558 1260 2585 1290 »
2623 1238 2839 1294 Follem
2880 1237 2957 1292 ibi
3001 1253 3066 1293 eo
3112 1253 3284 1292 sensu
3312 1236 3480 1303 dixit,
3517 1252 3627 1308 quo
3666 1236 3899 1301 Lucilius,

2304 1346 2336 1384 a
2396 1329 2578 1385 Nonio
2610 1328 2846 1396 citatus,
2906 1327 3219 1397 folliculum
3276 1325 3513 1397 scripsit
3568 1342 3665 1397 pro
3717 1341 3902 1396 corpore

2305 1416 2562 1489 (Tertull.
2613 1418 2885 1488 Apologet.
2916 1433 2966 1473 c.
2998 1417 3086 1482 50,
3117 1434 3172 1486 p.
3204 1416 3353 1483 530;
3413 1418 3560 1479 tom,
3615 1414 3635 1466 Ι
3684 1414 3897 1484 Apparet.

2303 1524 2360 1578 p.
2396 1508 2571 1573 1147;
2604 1511 2748 1563 Non.
2781 1506 2848 1561 de
2876 1505 3126 1577 Signiﬁc.
3165 1506 3399 1575 verbon,
3432 1521 3482 1559 c.
3513 1505 3607 1576 2);
3654 1503 3900 1558 Arnobius

2300 1613 2436 1651 vero
2461 1613 2474 1652 :
2515 1615 2537 1642 ι
2564 1595 2717 1651 Nihil
2751 1596 2919 1651 nobis
2950 1600 3039 1651 est
3069 1595 3429 1667 promissum
3463 1596 3535 1651 ad
3564 1597 3707 1652 hanc
3733 1595 3899 1655 vitam,

2302 1702 2408 1742 nec
2439 1685 2497 1741 in
2531 1683 2905 1743 carnunculaa
2935 1685 3113 1754 hujus
3146 1683 3405 1739 folliculo
3430 1707 3458 1733 »
3484 1686 3709 1756 (Arnob,
3740 1685 3788 1738 in
3817 1684 3895 1736 lin.

2216 1814 2265 1879 Β
2300 1774 2403 1837 lib.
2438 1797 2478 1834 11
2508 1777 2719 1833 advers.
2759 1777 2951 1845 gent).
3002 1774 3195 1830 Greece
3241 1778 3443 1829 autem
3495 1774 3788 1847 Gregorius
3810 1776 3896 1826 Na-

2294 1872 2607 1927 zianzenus
2646 1865 2902 1937 scripsit,
2950 1863 3041 1917 τὸν
3097 1861 3261 1916 αὐτοῦ
3320 1860 3554 1917 Θύλακον
3607 1862 3893 1935 (Greg.Ns-

2294 1963 2477 2017 zianz.
2514 1959 2757 2015 Carmin.
2812 1956 2978 2011 Iamb.
3016 1956 3125 2025 18),
3158 1954 3313 2011 972
3344 1953 3485 2011 ilius
3513 1971 3614 2011 vas
3643 1958 3697 2011 et
3724 1957 3891 2009 utrem.

2366 2068 2449 2123 Ad
2483 2064 2797 2121 mulierum
2849 2065 3115 2134 exempla
3148 2062 3284 2118 inde
3334 2062 3717 2118 Tertullianus
3746 2075 3895 2133 regre-

2297 2158 2473 2227 ditur,
2499 2156 2695 2225 aitque
2723 2170 2735 2207 :
2772 2175 2799 2201 ιι
2831 2152 3020 2207 Attica
3050 2151 3347 2219 meretrix,
3368 2152 3639 2207 carnifice
3662 2152 3768 2222 jam
3797 2148 3896 2203 fati-

2297 2251 2454 2319 gato,
2486 2248 2782 2317 postremo
2814 2241 3075 2313 linguam
3106 2257 3275 2295 suam
3334 2256 3627 2297 comesam
3651 2241 3705 2295 in
3733 2238 3894 2294 faciem

2296 2333 2528 2409 tyranni
2561 2330 2853 2389 saevientis
2883 2330 3147 2402 exspuit;
3196 2333 3261 2385 ut
3291 2334 3604 2403 exspueret
3647 2333 3701 2386 et
3719 2342 3895 2392 vocem,

2298 2442 2370 2481 ne
2418 2423 2752 2492 conjuratos
2812 2419 3071 2475 confiteri
3122 2423 3318 2491 posset
3396 2439 3420 2467 σ
3475 2418 3723 2489 (Tertull.
3776 2415 3893 2487 Apol.

2299 2531 2349 2569 c.
2377 2514 2466 2579 50,
2502 2530 2557 2583 p.
2595 2511 2740 2582 330).
2774 2510 2991 2564 Eadem
3018 2507 3116 2563 ille
3147 2508 3381 2563 duobus
3416 2508 3549 2565 aliis
3580 2508 3636 2564 in
3666 2505 3808 2562 libris
3828 2501 3895 2575 (ad

2298 2603 2533 2674 Martyr.
2569 2617 2620 2656 c.
2653 2600 2704 2670 4,
2736 2601 2764 2667 §
2797 2598 2905 2671 17),
2940 2598 3039 2654 sed
3072 2597 3317 2653 diversis
3361 2598 3556 2653 verbis
3604 2596 3794 2653 retulit.
3832 2594 3893 2648 Ab

2298 2689 2609 2746 Ambrosio
2655 2693 2850 2744 autem
2901 2690 3279 2759 nuncupatur
3337 2702 3351 2741 :
3413 2709 3443 2737 «
3479 2686 3807 2759 Pythagorea
3844 2697 3894 2737 e1

2296 2780 2625 2851 virginibus
2658 2800 2686 2828 »
2718 2778 3004 2847 (Ambros.
3040 2774 3141 2831 lib.
3177 2793 3193 2830 1
3224 2776 3290 2831 de
3327 2776 3597 2846 Virginib.
3628 2792 3677 2832 ο.
3704 2772 3893 2845 4,§17).

2297 2870 2437 2927 Vide
2469 2869 2516 2924 si
2544 2867 2732 2940 placet
2790 2884 2916 2939 qua:
2968 2866 3025 2920 in
3067 2865 3225 2921 hunc
3273 2866 3567 2921 Ambrosii
3598 2866 3768 2921 locum
3795 2859 3898 2916 sub-

2298 2956 2653 3022 notavimus,
2686 2959 2743 3011 et
2768 2972 2893 3028 qua:
2943 2956 3013 3011 de
3061 2954 3164 3011 illa
3214 2954 3478 3011 diximus
3534 2955 3593 3010 in
3654 2949 3895 3024 superiore

2295 3046 2473 3118 hujus
2522 3048 2867 3118 Apparatus,
2900 3044 3083 3101 nostri
3124 3048 3305 3111 tomo,
3334 3045 3442 3100 ubi
3473 3043 3787 3100 monuimus
3811 3036 3896 3109 ipsi

2298 3136 2510 3191 Leaena:
2544 3151 2757 3190 nomen
2788 3134 3043 3189 inditum
3075 3135 3261 3206 (Tom.
3298 3135 3320 3189 Ι
3374 3136 3638 3207 Apparat.
3671 3149 3721 3204 p.
3753 3125 3893 3195 1250).

2368 3241 2547 3298 Multo
2605 3241 2904 3298 difﬁcilius
2962 3240 3105 3297 illud
3176 3242 3501 3311 videbitur,
3559 3239 3703 3313 quod
3744 3236 3899 3291 auctor

2296 3334 2497 3387 noster
2524 3330 2804 3387 continuo
2848 3331 3157 3401 subjunxit
3217 3347 3229 3386 :
3291 3353 3318 3381 «
3390 3336 3540 3387 Zeno
3570 3330 3771 3385 Eleates
3796 3338 3899 3377 con-

2297 3419 2490 3477 sultus
2522 3438 2554 3475 a
2579 3420 2851 3493 Dionysio
2884 3420 3168 3492 quidnam
3218 3420 3595 3494 philosophia
3626 3414 3891 3489 praestarel,

2297 3524 2431 3565 cum
2508 3509 2907 3580 respondisset
2960 3513 3368 3580 contemptum
3440 3508 3665 3574 mortis,
3708 3496 3897 3573 ﬂagellis

2296 3597 2529 3669 tyranni
2569 3599 2897 3670 subjectus,
2950 3601 3310 3657 sententiam
3368 3616 3539 3656 suam
3594 3596 3661 3652 ad
3704 3592 3894 3648 mortem

2299 3703 2489 3758 usque
2524 3686 2793 3759 signabat
2827 3710 2853 3735 »
2902 3684 3164 3757 (Tertull.
3196 3685 3475 3757 Apologet.
3511 3704 3558 3743 c.
3596 3686 3680 3749 50,
3710 3699 3760 3754 p.
3784 3677 3895 3739 530)-

2299 3776 2364 3830 In
2425 3774 2845 3846 manuscriptis
2903 3774 3121 3829 nostris
3180 3775 3512 3839 codicibus,
3564 3778 3687 3828 ante
3734 3778 3893 3823 nomen

2296 3864 2535 3934 ﬂagellis
2586 3864 2799 3934 legitur
2839 3864 3222 3935 impossibilia,
3273 3864 3336 3919 in
3373 3862 3633 3935 antiquis
3679 3850 3893 3914 editioni-

2298 3952 2412 4007 bus
2440 3954 2891 4023 impassibilibus.
2925 3954 3035 4008 Sed
3068 3953 3355 4026 Bigaltius
3400 3953 3509 4007 hoc
3540 3950 3776 4009 verbum,
3802 3947 3894 3995 tan-

2300 4056 2478 4112 quam
2538 4041 2609 4095 ab
2668 4040 2941 4113 imperito
3000 4042 3239 4098 librario
3298 4056 3605 4115 perperam
3652 4033 3883 4092 additum.

2300 4128 2599 4185 resecavit.
2636 4130 2782 4196 Quid
2816 4148 2970 4198 vero,
3002 4133 3051 4187 si
3100 4132 3250 4187 Zeno
3290 4129 3668 4203 (impossibili:
3708 4122 3883 4178 dicatur

2301 4235 2405 4290 pro
2436 4218 2876 4291 insuperabilis,
2910 4225 3111 4293 utpote
3159 4220 3261 4293 qui
3310 4220 3538 4277 nullius
3594 4208 3886 4293 cruciatibus

2300 4307 2451 4363 vinci
2484 4324 2748 4379 unquam
2781 4292 3082 4382 potuerit?
3131 4292 3271 4367 Jure
3324 4310 3572 4366 forsitan
3620 4298 3801 4379 potiori
3825 4292 3896 4348 Ri-

2302 4396 2521 4469 galtius
2554 4398 2797 4454 dixisset
2842 4400 2901 4455 in
2953 4400 3061 4455 hoc
3108 4400 3366 4455 auctoris
3412 4397 3599 4454 nostri
3631 4394 3770 4449 textu
3796 4398 3894 4439 cor-

2305 4491 2544 4558 ruptum
2579 4487 2757 4543 fuisse
2779 4506 2811 4544 a
2831 4488 3090 4545 librariis
3116 4491 3376 4561 Dionysii
3396 4503 3630 4543 nomen.
3651 4480 3893 4537 Testalum

2300 4574 2595 4647 siquidem
2627 4576 2892 4633 Laertius
2916 4579 3050 4633 fecit
3070 4580 3356 4634 Zenonem
3377 4577 3636 4633 Eleatum
3657 4571 3893 4626 mortuum

2302 4680 2431 4720 esse
2475 4667 2629 4720 circa
2685 4668 3179 4739 septuagesimam
3264 4683 3481 4723 nonam
3554 4650 3892 4739 Olympiadem

2304 4754 2514 4825 (Laert.
2550 4753 2650 4808 lib.
2703 4737 2762 4810 1x
2803 4757 2865 4811 in
2914 4737 3037 4814 l’ila
3082 4759 3331 4823 Zenonis,
3365 4758 3393 4824 §
3423 4756 3533 4822 29).
3588 4744 3741 4818 Atqui

2304 4843 2748 4915 nonagesimam
2794 4851 3067 4916 quartam
3099 4845 3419 4919 Dionysius
3466 4841 3656 4898 senior
3683 4840 3891 4919 tyranni-

2306 4932 2437 4988 dem
2485 4934 2814 4990 exercuisse
2860 4935 3219 5006 perhibetur.
3257 4917 3359 4989 lAb
3416 4934 3523 4989 hoc
3572 4930 3753 4996 itaque
3781 4917 3890 4973 Zeno

2308 5038 2413 5077 nec
2443 5022 2715 5088 cruciari,
2748 5040 2854 5080 nec
2884 5025 3071 5081 occidi
3102 5023 3310 5096 potuit.
3355 5022 3486 5078 Non
3537 5027 3759 5092 prorsus
3792 5013 3890 5094 erg?

2306 5109 2603 5166 immerito
2653 5118 2754 5167 aut
2801 5113 3200 5170 Tertullianus
3232 5109 3520 5169 memoria
3557 5107 3743 5178 lapsus
3771 5102 3890 5161 ιτεαι

2307 5204 2518 5272 potest,
2553 5205 2655 5256 aut
2686 5202 3000 5259 oscitantes
3030 5202 3256 5259 librarii
3304 5200 3463 5257 haud
3497 5194 3719 5255 insolito
3746 5191 3893 5243 errore

2307 5288 2654 5361 Dionysium
2687 5306 2791 5362 pro
2821 5290 3105 5363 Nearcho,
3139 5295 3241 5348 aut
3284 5295 3550 5362 Demyso,
3582 5290 3677 5341 aut
3719 5276 3891 5363 Dionae:

2308 5355 2484 5433 donte
2513 5355 2715 5448 postea
2746 5355 3129 5453 scripserunt.
3170 5379 3317 5435 Nam
3350 5355 3494 5433 varii
3523 5355 3819 5442 scriptores,
3845 5355 3890 5406 υῖ

2308 5464 2449 5521 alibi
2490 5467 2857 5526 ostendimus
2903 5472 3093 5541 (Tom.
3144 5473 3169 5524 Ι
3215 5469 3479 5540 Apparat.
3510 5481 3565 5536 p.
3600 5456 3888 5525 1246),!18r'

2309 5558 2443 5611 rant
2470 5556 2758 5616 Zenonem
2809 5559 3059 5617 Eleatem
3116 5558 3189 5615 ab
3242 5573 3355 5615 uno
3387 5572 3457 5612 ex
3488 5552 3599 5610 illis
3627 5549 3816 5606 tortum
3840 5544 3886 5586 8°

2308 5647 2580 5705 necatum
2634 5647 2840 5709 fuisse.
2894 5650 3010 5710 Nec
3056 5664 3288 5710 movere
3347 5654 3691 5719 quamquam
3739 5624 3885 5690 debet:

2224 4557 2271 4621 D
