4118 6182
308 295 463 354 1065

1210 294 1281 353 D.
1320 292 1427 352 'LE
1472 288 1800 353 NOURRY
1843 283 2498 348 OBSERVATIONES
2543 284 2807 346 NOV/E.

3556 286 3715 347 1066

305 427 462 499 quod
505 431 654 482 Zeno
713 426 783 481 de
845 426 1116 481 affectata
1170 423 1499 497 tyrannide,
1558 439 1674 478 non
1733 426 1953 489 autem,
1983 426 2040 491 Α
2070 416 2287 483 balem,
2318 421 2489 489 capta
2518 415 2888 488 Carthagine,
2939 413 3118 471 vitam
3151 414 3478 487 aScipione
3534 416 3719 488 impe-

307 517 464 572 sicut
494 516 577 571 ait
608 513 1026 582 Tertullianus,
1059 515 1129 569 de
1160 512 1540 586 philosophiae
1574 512 1724 567 bono
1772 511 1951 566 inter-

306 610 545 676 rogatus
577 605 649 660 ab
683 603 780 660 illo
810 604 1002 660 fuerit.
1052 603 1197 667 Quid
1230 603 1387 658 enim
1436 605 1590 657 vetat
1638 599 1954 672 quominus

304 699 612 767 tyrannus,
638 694 841 749 habita
862 693 932 748 de
955 691 1299 765 proditionis
1334 691 1584 746 consciis
1611 690 1951 762 quiestione,

310 785 384 839 ab
416 801 480 839 eo
512 782 746 854 petierit
776 782 1061 854 quidnam
1096 784 1401 854 praestaret
1432 781 1778 849 doceretque
1828 775 1954 849 phi-

309 872 602 944 losophia,
644 876 711 927 ut
759 871 866 927 hac
912 871 1368 944 interrogatione
1417 868 1560 925 illud
1603 865 1955 941 proditionis

316 962 537 1017 crimen
569 960 763 1016 acrius
793 959 1184 1033 exprobaret?

382 1052 643 1123 Denique
675 1050 1139 1122 superbientium
1171 1048 1450 1122 patientia
1480 1064 1588 1105 sua
1645 1046 1954 1119 gentilium

309 1157 519 1213 agmen
554 1140 648 1195 his
680 1139 1084 1196 Tertullianus
1116 1142 1173 1194 in
1205 1139 1548 1211 Apologetico
1582 1136 1803 1192 claudit
1828 1151 1957 1191 ver-

308 1230 401 1284 bis
436 1247 449 1286 :
483 1251 511 1280 «
547 1230 711 1285 Certe
757 1233 1058 1283 Daconum
1104 1227 1353 1299 ﬂagella,
1404 1227 1515 1282 sub
1565 1224 1750 1281 oculis
1780 1224 1955 1280 etiam

306 1317 672 1374 hortantium
705 1317 1170 1389 propinquorum
1203 1316 1737 1384 accrhata,tantum
1770 1314 1954 1369 bono-

308 1407 393 1462 ris
423 1406 1053 1476 conferunt,quantum
1088 1403 1394 1477 sanguinis
1425 1404 1704 1459 fuderunt
1737 1424 1765 1451 »
1794 1402 1955 1473 (Ter-

306 1495 440 1552 tull.
472 1496 690 1567 Apolog.
728 1512 778 1550 c.
810 1496 901 1564 50,
934 1512 989 1565 p.
1022 1495 1169 1563 530)-
1203 1498 1269 1548 In
1320 1510 1425 1549 suo
1484 1497 1680 1548 autem
1738 1490 1808 1545 ad
1837 1494 1957 1546 Να-

304 1588 488 1641 tiones
514 1585 661 1639 libro
693 1583 813 1639 haec
836 1600 897 1639 se
929 1584 1169 1655 quidem
1198 1588 1395 1637 tacere
1425 1581 1571 1638 velle
1601 1580 1685 1636 sic
1713 1584 1962 1635 testatur

315 1694 343 1726 σι
376 1674 451 1729 Ut
479 1678 703 1728 taceam
737 1673 806 1727 de
839 1672 1121 1727 Laconica
1146 1671 1334 1743 gloria
1361 1694 1389 1723 »
1427 1672 1550 1742 (lib.
1588 1688 1605 1725 1
1638 1672 1711 1725 ad
1738 1672 1956 1725 Nation.

310 1780 363 1819 c.
399 1764 484 1830 18,
519 1779 575 1834 p.
607 1762 733 1833 584)
769 1779 781 1829 ;
819 1761 920 1816 sed
953 1760 1152 1816 aculeo
1176 1777 1290 1815 non
1324 1761 1521 1815 minus
1550 1766 1721 1815 acuto
1753 1759 1961 1831 pungit
1992 1801 2037 1867 Β

308 1851 594 1908 ethnicos.
627 1851 839 1906 Verum
868 1849 1081 1905 clarius
1112 1850 1346 1921 scripsit
1378 1850 1448 1904 ad
1481 1854 1768 1920 martyres
1800 1849 1957 1903 hunc

307 1941 486 2013 plane
516 1939 910 1994 inhumanum
946 1954 1167 1993 morem
1202 1955 1388 2009 usque
1419 1939 1491 1994 ad
1546 1954 1712 1993 suam
1762 1953 1956 2008 perse-

308 2045 545 2086 verasse
595 2032 824 2083 aetatem
860 2044 873 2084 :
908 2050 935 2077 ‹‹
993 2027 1195 2096 Hodie,
1247 2028 1457 2099 inquit,
1510 2028 1663 2100 apud
1696 2026 1960 2081 Lacedae-

308 2118 541 2173 monios
600 2115 941 2173 solemnitas
998 2117 1255 2171 maxima
1300 2121 1388 2172 est
1419 2111 1867 2188 διαμαστίγωσις,
1901 2114 1958 2168 id

313 2212 404 2263 est
433 2205 747 2278 ﬂagellatio
780 2222 794 2261 :
828 2222 941 2261 non
976 2203 1117 2261 latet
1151 2207 1207 2260 in
1242 2221 1357 2276 quo
1389 2221 1553 2259 sacro
1611 2209 1746 2259 ante
1797 2219 1959 2258 aram

314 2295 541 2351 nobiles
572 2296 725 2350 973
750 2294 969 2365 quique
991 2294 1390 2349 adolescentes
1420 2291 1666 2365 ﬂagellis
1697 2291 1962 2363 afﬂigun-

314 2390 437 2451 tur,
467 2384 838 2440 adstantibus
879 2385 1222 2456 parentibus
1270 2400 1335 2438 ac
1383 2381 1754 2455 propinquis,
1789 2385 1964 2451 atque

317 2474 406 2529 uti
428 2477 799 2545 perseverent
829 2472 1299 2527 adhortantibus.
1352 2470 1774 2526 Ornamentum
1806 2469 1960 2525 enim

313 2566 375 2619 et
429 2562 614 2634 gloria
669 2561 1049 2633 deputabitur
1114 2562 1336 2632 majore
1384 2560 1619 2632 quidem
1671 2559 1862 2629 titulo,
1913 2559 1962 2614 si

307 2651 510 2707 anima
539 2651 733 2721 potius
756 2651 994 2705 cesserit
1017 2649 1415 2721 plagis,quam
1451 2665 1663 2720 corpus
1695 2670 1721 2698 »
1753 2648 1959 2719 (Idem,

311 2742 387 2795 ad
416 2741 648 2811 Martyr.
705 2756 755 2795 c.
802 2739 878 2810 Α).
929 2740 1036 2793 Sed
1080 2740 1150 2794 de
1183 2738 1274 2792 his
1325 2737 1498 2809 plura
1521 2739 1647 2808 jam
1678 2737 1738 2792 in
1772 2737 1961 2809 primo

307 2832 640 2901 Apparatus
671 2828 859 2883 nostri
890 2832 1047 2883 tomo
1096 2827 1500 2883 enarravimus
1532 2827 1696 2898 (tom.
1759 2827 1781 2883 Ι
1838 2827 1961 2897 Ap-

303 2927 491 2991 paret.
526 2936 582 2991 p.
621 2918 799 2989 1246).

386 3009 647 3063 Duarum
678 3007 920 3078 insuper
949 3004 1260 3061 mulierum
1294 3005 1559 3077 exempla
1590 3005 1650 3060 in
1710 3004 1860 3060 libro
1893 3005 1964 3060 ad

312 3099 572 3153 Nationes
622 3095 861 3168 protulit
909 3093 1175 3164 (Tertull.
1229 3095 1327 3150 lib.
1364 3096 1479 3150 iad
1526 3096 1752 3150 Nation.
1787 3110 1836 3149 c.
1872 3095 1958 3163 18,

312 3204 375 3258 p.
406 3186 555 3255 581).
588 3162 786 3239 ΡΤίωο.
823 3185 894 3239 ab
921 3162 1032 3239 illo
1092 3183 1439 3255 simpliciter
1468 3190 1711 3240 vocatur
1766 3187 1962 3254 regina
1991 3162 2033 3229 (ἶ

310 3277 571 3346 Αἰθῃρτὶ,
603 3272 886 3329 nimirum
917 3272 1242 3345 Cleopatra,
1300 3290 1419 3344 qua
1472 3274 1656 3329 bestiis
1685 3276 1820 3345 suis,
1856 3273 1964 3329 hoc

316 3370 412 3421 est
442 3362 666 3435 aspidis
699 3362 770 3417 ad
802 3378 863 3417 se
895 3361 1047 3417 clam
1079 3360 1281 3417 delatae
1315 3378 1539 3432 morsu,
1573 3379 1672 3417 usa
1719 3371 1815 3432 est,
1848 3378 1965 3432 qua

317 3455 571 3508 mortem
602 3450 715 3505 sibi
746 3449 1240 3520 conscivit.Magis
1271 3454 1465 3505 autem
1499 3450 1804 3523 perspicue
1849 3450 1963 3505 haec

316 3543 391 3597 ad
423 3545 707 3611 martyres
739 3538 975 3610 scripsit
1008 3555 1019 3591 :
1060 3557 1082 3586 ι
1115 3539 1333 3594 Bestiae
1375 3539 1593 3594 femina
1619 3539 1828 3594 lubens
1859 3554 1961 3610 ap-

311 3628 485 3700 petit,
518 3633 573 3683 et
606 3626 807 3699 utique
833 3626 1066 3699 aspidas
1108 3631 1430 3698 serpentes,
1464 3632 1632 3682 tauro
1685 3626 1775 3682 vel
1826 3644 1963 3683 urso

310 3715 698 3783 horridiores,
731 3732 878 3788 quas
936 3714 1239 3786 Cleopatra
1298 3715 1549 3771 immisit
1577 3715 1711 3783 sibi,
1771 3732 1845 3771 ne
1903 3716 1963 3770 in

308 3822 529 3862 manus
562 3804 785 3860 inimici
818 3804 1144 3877 perveniret
1204 3803 1293 3875 (ad
1348 3804 1579 3875 Martyr.
1637 3821 1686 3859 c.
1741 3804 1816 3873 li).
1851 3805 1962 3859 Sed

308 3895 422 3950 hoc
451 3895 684 3949 famosae
716 3892 983 3948 mulieris
1040 3893 1269 3947 facinus
1315 3892 1531 3964 saepius
1559 3893 1632 3947 ab
1664 3892 1965 3947 historicis

306 3983 592 4039 Suetonio
624 3981 748 4053 (lib.
783 3999 823 4037 ιι
855 3981 914 4037 in
944 3984 1062 4037 Vit.
1095 3984 1307 4050 August
1338 3985 1364 4049 §
1392 3982 1505 4053 30),
1538 3980 1851 4037 Plutarcho
1882 3981 1964 4052 (in

318 4074 425 4129 Vit.
460 4073 718 4140 Antonii,
759 4087 891 4143 pag.
949 4070 1072 4142 954)
1108 4074 1165 4126 et
1194 4070 1345 4140 aliis,
1405 4088 1631 4126 necnon
1689 4088 1723 4125 a
1777 4069 1966 4141 poetis

313 4163 693 4217 decantatum
723 4165 834 4215 est.
871 4162 1237 4232 Quapropter
1283 4160 1396 4215 haec
1430 4159 1671 4228 Horatii,
1706 4176 1833 4228 qua:
1894 4160 1965 4213 ad

314 4249 669 4305 Tertulliani
698 4248 1065 4321 propositum
1100 4249 1289 4319 magis
1321 4250 1679 4316 conducunt,
1705 4248 1968 4303 carmina

318 4340 539 4396 citasse
569 4339 712 4394 satis
744 4338 855 4394 erit
888 4354 900 4391 :

510 4454 653 4503 Ausa
681 4457 735 4502 et
755 4452 1039 4515 jacentem
1062 4452 1236 4500 visere
1267 4453 1491 4515 regiam,

510 4515 667 4566 Vultu
699 4528 891 4564 sereno
923 4514 1092 4572 fortis,
1124 4519 1175 4563 et
1205 4514 1424 4575 asperas

567 4580 810 4627 Tractare
841 4581 1135 4639 serpentes,
1172 4580 1230 4624 ut
1257 4582 1432 4625 atrum

664 4640 897 4703 Corpore
927 4640 1255 4703 combiberat
1286 4652 1571 4689 venenum.

514 4702 815 4752 Deliberata
844 4707 1017 4752 morte
1045 4702 1275 4750 ferocior
1296 4716 1312 4762 ;

514 4766 679 4816 Saevis
709 4766 952 4815 Liburnis
983 4765 1185 4814 scilicet
1215 4762 1462 4813 invidens

577 4828 790 4877 Privata
818 4828 1008 4877 deduci
1036 4828 1271 4889 superbo

669 4892 787 4941 Non
820 4890 1035 4940 humilis
1062 4888 1256 4940 mulier
1285 4888 1571 4952 triumpho.

583 4971 786 5033 (Horat.
817 4970 909 5021 lib.
943 4986 960 5020 ι
994 4969 1222 5022 Carmin.
1254 4968 1339 5020 od.
1372 4971 1451 5032 37,
1480 4984 1531 5017 ν.
1567 4970 1627 5020 25
1662 4972 1715 5019 et
1743 4971 1914 5034 seqq.)

324 5080 529 5137 Altera
559 5094 731 5152 porro
764 5077 974 5134 mulier
1011 5077 1510 5150 Carthaginensis,
1572 5100 1600 5128 ‹‹
1650 5078 1978 5136 Asdrubale

326 5169 570 5235 marito,
603 5168 687 5223 ait
727 5167 1152 5234 Tertullianus,
1185 5168 1242 5222 in
1301 5167 1576 5223 extremis
1607 5168 1807 5240 patrias
1841 5186 1978 5225 con-

324 5259 583 5316 stantior
616 5280 636 5306 ι
675 5257 933 5327 (Tertull.
964 5258 1066 5313 lib.
1100 5275 1118 5311 1
1148 5256 1222 5312 ad
1250 5258 1473 5312 Nation.
1507 5274 1558 5312 c.
1591 5258 1678 5321 i8,
1712 5276 1769 5330 p.
1830 5248 1978 5332 584),

325 5348 477 5419 sive,
512 5352 577 5403 ut
605 5346 749 5401 alibi
779 5346 944 5414 dixit,
974 5368 1003 5397 «
1029 5347 1151 5416 jam
1184 5346 1424 5401 ardente
1446 5346 1818 5420 Carthagine,
1848 5365 1981 5404 cum

328 5437 616 5496 maritum
648 5452 823 5491 suum
857 5434 1184 5508 supplicem
1230 5433 1490 5506 Scipioni
1544 5435 1786 5505 videret,
1849 5454 1982 5493 cum

332 5527 478 5586 ﬁliis
509 5525 635 5581 suis
681 5525 738 5580 in
772 5524 1108 5582 incendium
1142 5523 1341 5598 patriae
1387 5523 1673 5581 devolavit
1721 5548 1748 5577 «
1778 5527 1985 5598 (Idem,

335 5616 414 5675 ad
446 5618 681 5686 Martyr.
716 5630 841 5685 cap.
876 5615 953 5683 4).
984 5616 1127 5670 Cum
1160 5614 1317 5671 enim
1377 5614 1710 5673 rescivisset
1768 5617 1984 5673 Asdru-

627 5743 884 5801 ΡΑι-βοι..
935 5742 981 5799 Ι.

2062 510 2272 575 trasse,
2308 522 2488 578 sequo
2520 506 2590 561 ab
2627 521 2693 560 eo
2752 503 3112 571 derelictam,
3146 504 3205 558 in
3251 505 3507 560 incensae
3553 505 3719 561 urbis

2064 596 2230 668 ignes
2262 612 2323 651 se
2356 612 2489 650 cum
2542 594 2679 649 ﬁliis
2726 594 2999 663 injecisse
3050 598 3432 649 memoratur.
3483 593 3719 650 Videris

2064 686 2353 743 Valerium
2388 686 2702 739 Maximum
2746 684 2871 754 (lib.
2923 702 3008 753 ιιι,
3060 701 3185 757 cap.
3222 686 3259 738 2
3303 687 3543 741 Extent.
3578 685 3607 759 §
3637 687 3715 755 8).

2064 773 2331 846 aliosque
2361 774 2674 829 historicos
2707 775 3045 844 scriptores.

2135 866 2245 919 Tot
2275 868 2471 919 autem
2503 880 2636 918 cum
2665 866 2922 918 virorum
2947 868 3074 918 tum
3098 863 3413 918 mulierum
3439 864 3719 936 exemplis

2068 958 2219 1010 recte
2251 953 2652 1008 Tertullianus
2688 954 3054 1008 demonstrat
3084 951 3465 1019 Christianes,
3499 952 3611 1008 sibi
3645 954 3717 1009 ob

2066 1042 2251 1097 solam
2287 1040 2627 1113 religionem
2661 1041 2823 1096 illata
2873 1043 2944 1097 ab
2976 1041 3227 1097 ethnicis
3287 1044 3477 1096 morte
3534 1041 3711 1097 Iuben

2064 1131 2297 1186 tissimo
2330 1132 2525 1185 animo
2560 1132 2998 1195 occumbentes,
3031 1131 3102 1185 ab
3133 1129 3229 1185 his
3274 1146 3580 1202 perperam
3616 1133 3717 1187 de-

2068 1220 2299 1275 mentias
2325 1223 2381 1275 et
2406 1219 2833 1291 desperationis
2865 1219 3305 1275 accusari.Nam
3324 1221 3576 1275 summis
3604 1219 3721 1275 illis

2064 1308 2341 1364 laudibus
2375 1313 2430 1364 et
2460 1308 2750 1363 honorum
2785 1306 2969 1362 titulis
3002 1324 3140 1362 suos
3172 1307 3457 1363 hactenus
3494 1324 3717 1365 memo-

2067 1402 2224 1453 ratos
2257 1397 2660 1454 cumulabant.
2693 1401 2768 1451 At
2796 1396 2967 1467 longe
3001 1397 3323 1465 majoribus
3354 1396 3517 1468 digni
3549 1402 3718 1452 erant

2068 1485 2383 1541 Christiani
2414 1490 2723 1557 martyres,
2759 1485 2855 1556 qui
2889 1499 3003 1539 non
3036 1484 3269 1538 caduca:
3301 1501 3579 1555 venaeque
3611 1484 3715 1539 ho-

2068 1574 2296 1630 minum
2352 1575 2549 1647 gloriae
2610 1574 2932 1645 captandis,
2978 1574 3078 1628 sed
3141 1576 3368 1627 aeternas
3422 1572 3719 1628 felicitatis

2068 1665 2471 1735 comparandae
2512 1680 2707 1729 causa,
2745 1661 3047 1718 horrendis
3073 1661 3243 1733 plane
3266 1662 3621 1717 cruciatibus
3656 1678 3718 1717 se

2068 1752 2467 1807 excarniﬁcari
2499 1751 2716 1806 mirum
2750 1750 2919 1823 plane
2952 1750 3010 1805 in
3052 1751 3288 1805 modum
3323 1750 3715 1821 patiebantur.

2072 1841 2598 1896 Persuasissimum
2643 1841 2932 1911 siquidem
2992 1839 3284 1894 habebant
3315 1855 3376 1894 se
3423 1838 3701 1911 martyrio

2070 1930 2490 2002 sempiternam
2533 1930 2958 1985 beatitudinem
2988 1932 3425 1984 consecuturos.
3457 1929 3566 1985 Sed
3598 1928 3656 1984 id
3679 1945 3713 1984 a

2070 2019 2240 2075 nobis
2270 2018 2445 2091 paulo
2477 2018 2783 2075 enodatius
2813 2017 3227 2090 explicandum
3258 2021 3366 2074 est.

2672 2176 2990 2215 ARTICULUS
3033 2177 3109 2215 ιν.

2069 2269 2251 2338 Quam
2280 2269 2569 2338 perspicue
2600 2268 2965 2321 Tertullianus
3018 2266 3206 2321 doceat
3232 2267 3571 2338 martyrium
3599 2282 3715 2321 esse

2140 2337 2436 2393 secundum
2468 2339 2762 2409 baptisma,
2797 2353 2899 2408 quo
2929 2341 3041 2392 tota
3071 2339 3166 2392 Dei
3203 2340 3390 2406 gratia
3419 2337 3719 2409 redimitur

2142 2411 2298 2464 974
2324 2408 2547 2480 peccata
2568 2412 2760 2464 omnia
2790 2411 3168 2473 remittuntur,
3209 2426 3273 2463 ac
3313 2408 3589 2479 praelium
3646 2425 3719 2463 ex

2145 2498 2248 2551 quo
2294 2483 2521 2536 victores
2577 2482 2902 2548 Christiani,
2950 2481 3202 2550 palmata
3246 2486 3393 2535 veste
3429 2481 3635 2547 ornati,
3667 2484 3721 2536 et

2144 2553 2479 2625 triumphali
2507 2570 2675 2608 curru
2706 2555 2765 2608 in
2791 2552 3118 2625 paradisum
3147 2551 3441 2608 vehuntur.

2143 2680 2391 2735 Maxima
2421 2679 2699 2751 profecto,
2733 2677 2906 2734 sicuti
2936 2676 3211 2748 vidimus,
3245 2682 3300 2732 et
3349 2676 3509 2732 omni
3540 2676 3715 2733 laude

2074 2771 2262 2840 major
2294 2768 2406 2824 fuit
2438 2768 2825 2823 invictissime
2864 2771 3186 2839 martyrum
3245 2766 3545 2835 fortitudo,
3605 2782 3725 2837 qua

2073 2862 2368 2930 acceptam
2403 2874 2436 2912 a
2463 2856 2691 2913 Christo
2724 2856 3066 2928 religionem
3098 2873 3206 2912 suo
3249 2859 3559 2928 sanguine,
3590 2860 3720 2911 tan-

2076 2964 2253 3019 quam
2283 2946 2515 3019 publico
2547 2944 2761 3017 sigillo,
2798 2945 3204 3017 obsignarunt.
3235 2946 3307 2999 At
3335 2962 3401 3000 eo
3458 2960 3601 3000 sane
3647 2943 3713 2998 li-

2073 3035 2309 3091 bentius
2340 3034 2508 3089 illum
2540 3035 2948 3106 profuderunt,
2996 3050 3110 3105 quo
3169 3034 3385 3089 certius
3438 3036 3721 3089 noverant

2074 3125 2195 3179 fore
2226 3129 2291 3179 ut
2321 3122 2598 3195 martyrio
2631 3138 2864 3177 omnem
2898 3121 2999 3177 Dei
3029 3121 3301 3192 gratiam,
3335 3122 3721 3193 omniumque

2073 3212 2302 3268 veniam
2335 3215 2707 3283 peccatorum
2742 3209 3346 3281 adipiscerentur.Cur
3377 3210 3535 3265 enim
3564 3209 3722 3264 Chri-

2074 3302 2303 3357 stianus
2333 3305 2452 3355 tam
2504 3300 2775 3355 ardenter
2819 3298 3166 3370 martyrium
3215 3298 3500 3369 optabat?
3529 3302 3604 3354 Ut
3632 3315 3720 3370 eo,

2074 3390 2265 3461 inquit
2296 3388 2716 3459 Tertullianus,
2752 3410 2780 3438 «
2812 3387 2912 3442 Dei
2943 3391 3125 3442 totam
3175 3388 3420 3458 gratiam
3452 3386 3724 3458 redimat,

2074 3483 2138 3534 ut
2167 3495 2403 3534 omnem
2434 3478 2663 3533 veniam
2697 3477 2770 3533 ab
2803 3493 2869 3532 eo
2901 3475 3381 3547 compensatione
3411 3475 3724 3548 sanguinis

2073 3568 2165 3624 sui
2197 3567 2467 3639 expediat
2498 3588 2519 3617 ι
2554 3564 2818 3637 (Tertull,
2850 3565 3129 3636 Apologet.
3153 3565 3379 3635 cap.50,
3408 3580 3539 3636 pag.
3571 3564 3720 3636 330).

2073 3658 2377 3713 Rationem
2409 3657 2460 3711 si
2491 3654 3051 3727 expostules,statim
3083 3653 3459 3724 respondebit
3491 3671 3504 3710 :
3543 3674 3572 3704 ‹‹
3595 3656 3730 3710 Om-

2074 3746 2171 3801 nia
2201 3744 2356 3801 enim
2388 3745 2526 3799 huic
2555 3743 2715 3815 operi
2735 3743 2949 3798 delicta
2978 3743 3331 3798 donantur.»
3363 3741 3490 3798 Alio
3523 3747 3720 3799 autem

2073 3835 2131 3888 in
2157 3833 2303 3890 libro
2334 3835 2498 3889 docet
2529 3832 2675 3887 illud
2708 3832 3032 3888 secundum
3089 3846 3218 3887 esse
3265 3831 3581 3902 baptisma,
3614 3848 3727 3903 quo

2075 3924 2262 3995 gratia
2291 3923 2392 3978 Dei
2442 3923 2713 3987 donatur,
2768 3920 3083 3989 omniaque
3143 3923 3402 3990 peccata,
3445 3924 3579 3975 ante
3627 3937 3725 3976 sa-

2076 4012 2479 4067 cratissimum
2512 4009 2657 4064 illud
2681 4024 2845 4079 aquae
2868 4006 3164 4062 lavacrum
3200 4006 3729 4077 commissa,plane

2078 4101 2432 4171 penitusque
2463 4098 2863 4153 remittuntur.
2902 4096 3013 4150 Sed
3046 4095 3263 4166 ipsum,
3298 4096 3346 4150 si
3382 4095 3591 4166 placet,
3640 4095 3728 4150 lo-

2078 4193 2356 4260 quentem
2400 4186 2593 4242 adhuc
2651 4184 2964 4240 audiamus
3000 4200 3013 4238 :
3048 4185 3210 4239 «Est
3265 4183 3504 4255 quidem
3558 4183 3729 4239 nobis

2078 4277 2251 4333 etiam
2286 4275 2611 4332 secundum
2645 4273 2966 4334 lavacrum.
3002 4288 3188 4327 unum
3231 4276 3287 4327 et
3318 4272 3538 4343 ipsum,
3589 4288 3732 4327 san-

2079 4366 2279 4437 guinis
2310 4364 2534 4422 scilicet
2561 4363 2691 4435 (hoc
2720 4366 2811 4419 est
2844 4360 3233 4433 martyrii),de
3262 4378 3374 4431 quo
3408 4360 3728 4416 Dominus:

2080 4456 2296 4523 Habeo,
2326 4455 2537 4525 inquit,
2573 4452 2867 4524 baptismo
2898 4451 3113 4523 tingui,
3136 4466 3282 4525 (cum
3338 4450 3464 4521 jam
3515 4448 3735 4506 tinctus

1998 4529 2045 4593 Ι)
2079 4545 2402 4601 fuisset.....
2438 4543 2555 4599 Hos
2586 4544 2733 4598 duos
2764 4540 3092 4613 baptismos
3122 4540 3193 4594 de
3222 4537 3458 4596 vulnere
3489 4539 3739 4611 perfossi

2081 4633 2278 4689 lateris
2330 4632 2547 4699 emisit,
2602 4634 2892 4703 quatenus
2947 4629 3048 4700 qui
3096 4629 3157 4684 in
3209 4630 3560 4702 sanguinem
3607 4631 3738 4702 ejus

2082 4724 2405 4792 crederent,
2454 4737 2608 4792 aqua
2654 4720 3027 4786 lavarentur;
3077 4719 3177 4790 qui
3233 4736 3390 4791 aqua
3434 4719 3735 4790 lavissent,

2083 4812 2261 4870 etiam
2294 4810 2644 4883 sanguinem
2676 4812 2964 4881 potarent.
2995 4807 3099 4864 Hic
3129 4811 3218 4865 est
3270 4808 3602 4882 baptismus
3634 4809 3736 4882 qui

2082 4902 2398 4969 lavacrum,
2431 4903 2488 4957 et
2519 4916 2632 4955 non
2691 4904 2999 4971 acceptum
3030 4902 3429 4970 repraesentat,
3489 4903 3546 4956 et
3603 4916 3734 4972 per-

2086 4991 2275 5048 ditum
2326 4989 2521 5046 reddit
2570 5008 2596 5041 ι)
2656 4988 2859 5060 (Idem,
2915 4987 2980 5043 de
3026 4990 3297 5059 Baptism.
3331 5004 3459 5061 cap.
3510 4988 3621 5061 46).
3669 4990 3739 5045 At

2085 5081 2230 5137 illud
2261 5080 2332 5136 ab
2363 5096 2429 5137 eo
2461 5082 2751 5135 assertum
2783 5077 3037 5134 vidimus
3068 5078 3274 5150 (supra
3302 5094 3353 5133 ο.
3390 5079 3477 5149 11,
3510 5082 3620 5134 art.
3654 5078 3737 5151 5),

2087 5168 2587 5243 quemadmodum
2639 5184 2673 5223 a
2722 5166 3011 5239 discipulo
3060 5168 3189 5239 ejus
3258 5167 3567 5239 Cypriano,
3638 5168 3741 5239 qui

2087 5264 2366 5333 praeterea
2395 5258 2677 5328 majorem
2710 5256 2910 5327 hujus,
2962 5273 3139 5327 quam
3174 5256 3384 5328 prioris
3434 5257 3740 5331 baptismi,

2090 5348 2339 5422 gratiam
2372 5346 2463 5401 his
2512 5345 2700 5402 verbis
2758 5344 2949 5417 palam
3004 5346 3329 5417 praedicat;
3395 5369 3417 5396 α
3480 5347 3741 5403 Primum

2092 5437 2389 5510 baptisma
2420 5435 2795 5491 credentibus
2836 5434 3130 5505 dedimus,
3190 5436 3256 5490 ad
3303 5434 3461 5491 aliud
3511 5449 3746 5508 quoque

2093 5524 2357 5599 singulos
2388 5541 2783 5598 praeparemus
2830 5524 3200 5581 insinuantes
3230 5527 3287 5580 et
3333 5525 3605 5581 docentes
3637 5522 3747 5579 hoc

2096 5631 2233 5673 esse
2260 5615 2556 5687 baptisma
2585 5615 2642 5670 in
2678 5613 2869 5687 gratia
2902 5612 3120 5684 majus,
3152 5612 3209 5669 in
3242 5614 3530 5684 potestate
3560 5608 3745 5668 subli-

3387 5741 3466 5799 34
