4118 6182
448 201 603 261 1067

963 194 1489 258 TERTULLIANI
1535 193 1859 256 OPERUM
1904 192 2107 253 PARS
2152 192 2304 252 1.-
2340 192 2610 256 SERIES
2653 195 2700 268 Ι,
2748 198 3312 260 APOLOGETICA.

3654 205 3786 266 1068

446 332 624 401 mius,
658 331 718 386 in
748 330 969 386 honore
1000 327 1353 401 pretiosius;
1386 327 1684 398 baptisma
1730 326 1784 380 in
1835 341 1950 396 quo
1981 340 2085 380 an-
2115 326 2170 393 Α
2201 326 2415 396 praeda,
2467 326 2733 385 omnium
2792 330 3048 402 profecto
3109 331 3378 402 maxima,
3433 334 3784 408 potiebantur;

443 418 911 499 geli‘baptizant,
953 416 1247 489 baptisma
1280 416 1332 470 in
1372 432 1487 487 quo
1518 416 1674 471 Deus
1714 419 1773 470 et
1822 412 2093 469 Christus

445 514 573 584 ejus
600 507 934 575 exsultant;
979 506 1299 577 baptisma,
1344 509 1480 576 post
1528 504 1683 576 quod
1749 519 1920 559 nemo
1962 503 2088 573 jam

444 602 691 675 peccat:
724 597 1037 669 baptisma,
1086 595 1239 667 quod
1297 593 1430 649 fidei
1489 598 1701 649 nostra;
1734 592 2091 647 incrementa

445 690 855 753 consummat;
888 684 1207 756 baptisma,
1243 684 1396 756 quod
1432 699 1537 737 nos
1569 684 1638 737 de
1674 682 1891 737 mundo
1932 696 2090 736 rece-

445 780 674 844 dentes,
705 773 906 831 statim
936 774 1052 829 Deo
1084 771 1339 843 copulat.
1376 773 1437 826 In
1471 788 1633 843 aquae
1665 771 1959 843 baptismo
1989 787 2089 824 ac-

445 866 662 940 cipitur
690 867 1061 937 peccatorum
1102 861 1394 929 remissio,
1431 861 1491 915 in
1524 860 1833 931 sanguinis
1872 874 2089 915 corona

441 954 728 1011 virtutum
760 973 787 1001 »
812 950 1101 1024 (Cyprian.
1135 949 1200 1004 de
1230 950 1812 1018 Exhortat.marlyr.).
1848 946 2087 1003 Brevius

440 1061 574 1101 vero
606 1042 746 1101 alibi
781 1058 793 1095 :
827 1064 854 1090 «
889 1039 1208 1110 Numquid,
1243 1038 1454 1108 inquit,
1489 1042 1676 1108 potest
1698 1037 1783 1091 vis
1808 1036 2085 1107 baptismi

441 1150 569 1189 esse
627 1132 815 1201 major
870 1134 971 1184 aut
1027 1127 1239 1199 potior,
1301 1142 1477 1196 quam
1536 1124 1844 1192 confessio,
1906 1141 2083 1195 quam

440 1221 656 1294 passio,
690 1226 754 1275 ut
805 1218 938 1289 quis
991 1232 1187 1270 coram
1244 1214 1581 1269 hominibus
1628 1213 1998 1279 confiteatur,
2030 1217 2086 1267 et

438 1310 724 1382 sanguine
754 1324 859 1363 suo
888 1305 1214 1376 baptizetur
1246 1325 1272 1351 n
1305 1302 1870 1373 (Idem,epist.73,ad
1899 1300 2083 1372 Jub.)?

438 1401 655 1455 Eadem
688 1397 785 1451 ille
814 1394 953 1450 alibi
985 1392 1195 1463 repetit
1240 1392 1437 1462 (epist.
1492 1392 1599 1457 55;
1651 1390 1752 1445 lib.
1813 1392 1876 1446 de
1931 1390 2079 1448 Orat.

438 1489 710 1557 Domin.),
752 1500 875 1557 qua:
936 1484 1244 1537 confirmat
1298 1480 1670 1551 Augustinus
1700 1479 1824 1551 (lib.
1887 1496 1989 1535 xm
2020 1481 2084 1536 de

440 1579 601 1636 Civit.
637 1592 764 1647 cap.
813 1574 890 1645 7),
944 1570 1044 1626 ubi
1101 1568 1277 1625 variis
1333 1569 1641 1639 Scriptum
1690 1585 1868 1623 sacrae
1894 1570 2083 1625 verbis

438 1665 695 1724 ostendit
714 1667 944 1718 tantum
967 1659 1157 1715 valere
1175 1657 1843 1759 martyrium,quantum
1875 1658 1923 1713 si
1948 1659 2081 1757 quis
2112 1693 2160 1759 Β

439 1772 606 1813 sacro
638 1749 1010 1825 baptismatis
1028 1750 1184 1803 fonte
1208 1746 1658 1803 ablueretur.lbi
1690 1762 1822 1802 vero
1857 1746 2076 1816 adjicit:

441 1869 469 1896 ‹‹
503 1843 649 1909 Quid
683 1841 839 1897 enim
872 1838 1206 1911 pretiosius,
1240 1852 1417 1907 quam
1451 1850 1631 1903 mors,
1668 1852 1771 1907 per
1808 1852 1984 1907 quam
2018 1838 2083 1892 tit

440 1939 507 1989 ut
536 1937 593 1989 et
620 1930 835 1987 delicta
864 1926 1060 1983 omnia
1090 1925 1487 1992 dimittantur,
1519 1929 1575 1979 et
1619 1924 1825 1980 merito
1872 1940 2079 1980 cumu-

438 2021 615 2077 latius
632 2014 1001 2090 augeantur?
1024 2037 1051 2064 «
1074 2012 1419 2068 Ambrosius
1444 2016 1637 2068 autem
1669 2012 1931 2084 pressius
1951 2016 2081 2070 Ter.

440 2106 673 2165 tulliani
704 2104 890 2160 nostri
934 2101 1180 2174 vestigia
1209 2105 1447 2155 secutus
1477 2106 1566 2155 est
1597 2117 1610 2155 :
1638 2123 1665 2150 ‹‹
1702 2101 1824 2157 Non
1872 2119 2079 2172 unum,

442 2197 655 2268 inquit,
682 2198 773 2250 est
800 2188 1136 2264 baptisma?
1167 2189 1359 2245 Unum
1408 2197 1515 2260 est,
1567 2190 1720 2260 quod
1771 2190 1864 2245 hic
1905 2191 2082 2246 tradit

439 2285 719 2350 Ecclesia,
751 2298 852 2354 per
881 2296 1095 2353 aquam
1126 2284 1182 2335 et
1211 2278 1495 2351 Spiritum
1525 2283 1815 2346 sanctum,
1863 2280 1934 2335 de
1965 2298 2079 2351 quo

438 2376 581 2432 dicit
610 2372 893 2431 Dominus
916 2371 1091 2426 Jesus
1137 2385 1149 2423 :
1210 2369 1491 2440 Baptisma
1546 2368 1718 2423 habeo
1777 2368 2077 2440 baptizari,

436 2465 577 2538 quod
606 2479 695 2519 vos
724 2462 967 2517 nescitis.
1003 2459 1212 2529 Utique
1234 2458 1360 2529 jam
1393 2457 1721 2529 baptizatus
1746 2457 1802 2512 in
1825 2459 2079 2515 Jordane

434 2556 646 2623 fuerat,
696 2552 849 2607 sicut
897 2548 1201 2619 superiora
1260 2545 1558 2601 declarant
1610 2562 1624 2600 :
1673 2547 1775 2602 sed
1825 2546 1901 2602 sit
1968 2548 2077 2603 hoc

434 2642 797 2714 baptismum
859 2635 1175 2711 passionis,
1240 2651 1356 2706 quo
1406 2634 1581 2691 etiam
1631 2636 1920 2708 sanguine
1967 2655 2076 2693 suo

433 2730 846 2802 unusquisque
873 2727 1023 2783 975
1059 2725 1380 2780 mundatur
1409 2746 1438 2774 »
1468 2724 2079 2798 (AmbrosExposiLin

428 2821 574 2893 psal.
604 2832 799 2883 cxvm,
830 2832 1011 2872 serm.
1046 2815 1099 2885 3,
1131 2816 1158 2882 §
1189 2814 1297 2886 14).
1330 2813 1442 2869 Sed
1475 2813 1544 2868 de
1586 2812 1678 2869 his
1711 2813 1881 2885 plura
1918 2817 2075 2887 apud

436 2907 732 2979 theologos
782 2903 1163 2961 scholasticos
1229 2901 1344 2973 legi
1408 2907 1659 2974 possunt
1726 2902 1806 2975 (in
1864 2904 1967 2960 lib.
2018 2922 2075 2960 ιν

437 2997 683 3054 Sentent.
712 2994 848 3050 dist.
882 2995 935 3061 4,
968 2998 1025 3048 et
1054 2993 1114 3047 in
1142 2990 1350 3047 Summ.
1383 2990 1443 3049 S.
1489 2993 1778 3059 Thommaz,
1810 2996 1959 3064 part.
1984 3010 2070 3065 ιιι,

436 3091 643 3158 quaest.
674 3085 765 3151 66,
797 3088 907 3141 art.
940 3082 1050 3154 11).

507 3195 861 3251 Persuasum
894 3190 1073 3261 igitur
1102 3187 1451 3243 Christianis
1484 3188 1717 3258 penitus
1748 3194 1873 3243 erat
1923 3207 2078 3245 nun-

436 3297 617 3354 quam
646 3281 929 3350 majorem
961 3294 1024 3333 se
1060 3277 1133 3331 de
1162 3276 1549 3342 daamonibus,
1572 3282 1797 3331 interna:
1829 3294 1947 3334 suae
1980 3296 2079 3335 sa-

433 3371 576 3426 lutis
597 3364 1263 3436 osoribus,triumphum
1296 3380 1673 3435 agere,quam
1696 3382 1830 3421 cum
1858 3368 2078 3423 ethnici

434 3456 711 3529 malignis
736 3455 973 3511 illorum
1018 3452 1491 3522 instigationibus
1541 3454 1868 3521 subornati,
1919 3456 2078 3526 ipsos

434 3552 671 3619 propter
697 3543 912 3601 Christi
926 3540 1354 3597 confessionem
1380 3541 1840 3596 interﬁciebant:
1881 3562 1902 3590 ι
1930 3544 2076 3600 Nam

433 3635 588 3702 illos,
621 3633 702 3689 ait
730 3635 951 3686 Auctor
982 3635 1200 3695 noster,
1234 3644 1539 3699 nunquam
1573 3629 1762 3701 magis
1788 3631 2079 3689 detrium-

436 3723 712 3794 phamus,
744 3734 920 3791 quam
955 3733 1088 3772 cum
1120 3734 1222 3787 pro
1257 3717 1391 3771 fidei
1435 3717 1825 3774 obstinatione
1858 3742 1886 3769 ››
1915 3722 2077 3791 (Ter-

435 3810 564 3866 tull.
595 3810 875 3881 Apotoget.
921 3823 1047 3876 cap.
1080 3807 1173 3871 27,
1202 3822 1258 3876 p.
1311 3805 1458 3875 434),
1514 3823 1617 3861 seu
1672 3810 1983 3876 constanti,
2016 3815 2081 3868 ut

437 3897 613 3973 paulo
679 3902 815 3952 ante
880 3895 1239 3960 dicebamus,
1309 3894 1639 3966 invictaque
1718 3898 2076 3971 defensione,

360 4006 365 4011 ο
440 4010 470 4041 ‹‹
500 3990 873 4044 damnamur.
909 4007 937 4034 ››
969 3984 1108 4050 Quis
1142 3988 1360 4051 autem,
1383 3989 1440 4039 et
1469 4000 1646 4055 quam
1678 3986 1970 4057 gloriosus
2001 3990 2080 4045 sit

434 4076 533 4133 ille
588 4074 1057 4133 Christianorum
1106 4072 1462 4143 triumphus,
1513 4073 1671 4128 hunc
1718 4074 1971 4145 explicat
2015 4078 2075 4132 in

434 4167 674 4222 modum
709 4180 723 4221 :
755 4164 1020 4219 Praeiium
1046 4170 1128 4218 est
1166 4162 1347 4231 nobis,
1378 4164 1519 4233 quod
1565 4162 1911 4219 Christianas
1944 4183 2075 4237 pro-

430 4254 704 4311 fessionis
734 4252 1012 4319 accusati,
1043 4266 1399 4323 provocamus
1428 4250 1499 4305 ad
1538 4251 1847 4322 gentilium
1894 4254 2077 4308 tribu-

430 4344 619 4410 nalia;
651 4346 711 4397 ut
741 4342 858 4396 illic
912 4340 1009 4395 sub
1067 4340 1387 4394 discrimine
1442 4340 1639 4409 capitis
1694 4355 1792 4410 pro
1848 4341 2074 4397 veritate

2203 416 2685 489 quandoquidem
2743 434 2809 475 ea
2863 423 3123 484 victoria,
3182 420 3266 475 uti
3306 420 3386 475 ait
3413 422 3787 494 Tertullianua,

2200 504 2361 559 habet
2390 509 2439 560 et
2464 507 2703 577 gloriam
2728 510 2997 580 placendi
3020 510 3146 581 Deo,
3175 514 3225 566 et
3250 508 3489 582 praedam
3518 513 3713 569 vivendi
3738 517 3789 570 in

2198 602 2472 650 a’ternum
2507 597 2712 666 (ibid).
2746 600 2824 653 Eo
2856 604 3053 655 autem
3087 600 3333 655 fortasse
3366 601 3542 671 major
3575 603 3791 673 gratior-

2201 699 2315 754 que
2346 683 2467 740 haac
2499 688 2693 757 praeda
2720 687 2833 758 ipsi
2863 688 3195 757 videbatur,
3250 688 3423 759 quod,
3472 689 3615 744 sicut
3642 707 3793 763 supra

2199 771 2611 830 adnotavimus
2643 776 2797 847 (sup.
2849 792 2899 831 c.
2956 777 3040 844 11,
3074 781 3183 832 art.
3234 777 3311 848 5),
3362 776 3641 833 existimat
3669 778 3792 835 illud

2199 859 2496 917 felicitatis
2529 866 2753 919 aeternas
2786 865 3117 937 prmmium,
3166 854 3298 920 aliis
3345 866 3518 935 justis
3561 866 3791 937 dilatum,

2198 949 2415 1005 sanctis
2465 953 2822 1024 martyribus
2873 954 3070 1009 statim
3129 956 3263 1026 post
3332 956 3568 1009 mortem
3620 971 3793 1011 exces-

2197 1053 2443 1109 sumque
2474 1057 2649 1095 suum
2682 1042 2951 1097 conferri.

2267 1127 2414 1192 Quin
2447 1128 2625 1184 etiam
2659 1137 2775 1185 lam
2806 1130 3096 1203 insignem
3126 1129 3491 1202 triumphum
3514 1130 3580 1186 de
3606 1133 3793 1189 mundo

2195 1219 2249 1268 et
2280 1216 2509 1272 diabolo
2569 1220 2881 1291 agentibus
2914 1237 3027 1274 non
3086 1221 3283 1275 deerat
3339 1219 3790 1291 triumphantium

2193 1304 2451 1375 habitus,
2484 1307 2661 1362 vestis
2702 1307 2972 1379 palmata,
3005 1313 3063 1364 et
3092 1325 3324 1363 currus.
3383 1308 3491 1363 Sed
3541 1325 3791 1380 quaenam,

2194 1397 2386 1464 putas,
2430 1394 2550 1449 haec
2608 1402 2776 1451 erant
2827 1397 3324 1469 triumphantium
3375 1400 3678 1469 martyrum
3718 1398 3795 1452 in-

2192 1482 2385 1554 signia
2400 1483 2427 1537 ?
2444 1483 2598 1539 Nihil
2614 1489 2766 1540 certe
2787 1486 2905 1541 min
2917 1502 3187 1557 us,quam
3209 1486 3593 1542 Romanorum
3612 1487 3792 1542 ducum

2192 1574 2250 1625 et
2280 1571 2721 1643 imperatorum.
2755 1574 2899 1628 Nam
2934 1590 3067 1629 cum
3099 1575 3171 1629 ad
3204 1573 3431 1629 dimidii
3461 1574 3681 1643 axis,de
3702 1591 3793 1645 quo

2194 1658 2367 1729 paulo
2412 1662 2601 1727 antea,
2654 1660 2915 1732 stipitem
2962 1660 3075 1715 vivi
3132 1664 3441 1729 exurimus,
3492 1662 3577 1716 hic
3618 1670 3704 1724 est,
3732 1663 3797 1716 ait

2190 1746 2609 1817 Tertullianus,
2642 1749 2861 1805 habitus
2892 1751 3133 1805 victoriae
3168 1754 3393 1817 nostrae,
3430 1751 3546 1807 haec
3581 1750 3796 1821 palmata

2191 1837 2392 1907 vestis;
2425 1838 2530 1892 tati
2572 1855 2739 1893 curru
2795 1839 3207 1911 triumphamus
3258 1838 3519 1911 (Tertull.
3578 1839 3797 1910 Apologet

2188 1939 2237 1979 c.
2270 1924 2359 1996 50,
2393 1942 2446 1996 p.
2480 1926 2626 1997 340).

2263 2014 2521 2068 Primum
2556 2018 2753 2070 autem
2784 2013 2864 2069 ibi
2897 2018 3257 2071 memoratur
3299 2014 3534 2070 habitus
3557 2015 3792 2084 victoris,

2192 2118 2306 2173 quo
2338 2102 2574 2156 nomine
2602 2103 2924 2174 generatim
2971 2104 3382 2175 signiﬁcantur
3430 2103 3619 2159 omnia
3643 2104 3793 2158 victo-

2182 2179 2309 2260 riae,
2358 2190 2477 2246 sive
2542 2192 3041 2264 triumphantium
3109 2198 3478 2257 ornamenta,
3549 2192 3791 2247 nimirum

2190 2296 2403 2335 corona
2436 2297 2629 2349 aurea,
2663 2282 2806 2337 sella
2828 2282 3072 2349 curulis,
3107 2282 3292 2353 scipio
3336 2282 3642 2348 eburneus,
3687 2286 3795 2351 toga

2191 2369 2364 2440 picta,
2396 2368 2597 2424 tunica
2648 2369 2927 2440 palmata,
2961 2374 3017 2424 et
3065 2369 3202 2436 alia,
3256 2386 3509 2443 quorum
3556 2371 3793 2440 frequens

2189 2458 2341 2530 apud
2372 2457 2564 2512 varios
2596 2458 2908 2529 scriptores
2937 2459 3154 2513 mentio
3186 2458 3344 2513 facta
3388 2462 3494 2513 est.
3526 2456 3793 2514 Brevitatis

2186 2561 2320 2601 vero
2351 2562 2525 2600 causa
2553 2545 2961 2617 praetermissis
2995 2546 3264 2618 pluribus
3298 2545 3391 2601 his
3450 2545 3791 2610 ornamentis,

2189 2635 2302 2689 duo
2332 2638 2559 2689 tantum
2594 2634 2665 2689 ab
2712 2634 2808 2689 ills
2856 2635 3211 2702 indicantur,
3260 2636 3523 2707 palmata
3550 2634 3711 2690 vestis
3748 2636 3793 2687 et

2184 2722 2563 2793 triumphalis
2594 2739 2820 2778 currus.
2854 2725 2925 2778 At
2967 2724 3162 2779 Livius
3194 2725 3264 2779 de
3312 2724 3384 2779 iis
3433 2724 3666 2796 aliisque
3706 2722 3790 2776 De-

2187 2812 2342 2867 cium
2388 2812 2722 2884 loquentem
2783 2811 2865 2867 sic
2912 2812 3190 2867 inducit:
3224 2832 3253 2862 «
3286 2813 3392 2869 Cui
3451 2814 3677 2868 deorum
3704 2809 3789 2865 ho-

2186 2899 2485 2955 minumve
2515 2900 2825 2972 indignum
2876 2901 3057 2956 videri
3091 2904 3284 2973 potest
3340 2918 3438 2957 eos
3484 2902 3627 2957 viros
3672 2914 3791 2969 quos

2185 3006 2287 3045 vos
2319 2988 2478 3044 sellis
2509 2988 2834 3059 curulibus,
2855 2993 2989 3061 toga
3017 2990 3520 3062 praetexta,tunica
3548 2987 3790 3061 palmata,

2106 3056 2148 3124 (ἶ
2191 3082 2245 3134 et
2276 3082 2409 3150 toga
2436 3078 2612 3150 picta,
2664 3083 2720 3133 et
2760 3056 2971 3135 corona
3013 3056 3360 3152 triumphali
3390 3056 3791 3143 honoraveritis,

2190 3184 2439 3240 quorum
2495 3168 2722 3233 domos,
2772 3167 2975 3240 spoliis
3020 3167 3275 3224 hostium
3314 3169 3523 3236 afﬁxis,
3568 3167 3793 3237 insignes

2188 3256 2341 3311 inter
2371 3257 2523 3312 976
2573 3256 2719 3312 alias
2769 3257 3044 3328 feceritis,
3092 3258 3457 3329 pontificalia
3510 3261 3669 3327 atque
3710 3270 3792 3309 au-

2188 3344 2416 3417 guralia
2450 3345 2706 3417 insignia
2737 3345 3007 3418 adjicere,
3028 3346 3128 3419 qui
3158 3346 3324 3403 Jovis
3358 3346 3559 3419 optimi
3588 3340 3792 3400 maximi

2188 3439 2395 3489 ornatu
2432 3434 2761 3502 decoratus,
2796 3450 2969 3490 curru
3002 3439 3205 3491 aurato
3237 3452 3344 3508 per
3366 3436 3572 3493 Urbem
3600 3437 3792 3499 vectus,

2186 3524 2246 3578 in
2279 3523 2623 3595 Capitolium
2659 3526 2991 3581 ascenderit
3044 3547 3073 3575 »
3132 3525 3272 3596 (Liv.
3338 3525 3441 3583 lib.
3472 3544 3527 3595 x,
3556 3527 3581 3593 §
3606 3523 3699 3595 7)?
3723 3522 3794 3577 Ita

2189 3616 2383 3669 autem
2416 3613 2562 3670 dixit
2592 3630 2607 3670 :
2643 3637 2671 3665 «
2704 3614 2864 3671 Jovis
2896 3619 3133 3685 ornatu,
3180 3615 3323 3686 quia
3374 3613 3790 3687 triumphantes,

2189 3702 2273 3757 uti
2304 3702 2573 3758 observat
2601 3703 2859 3771 Servius,
2892 3704 3110 3760 habent
3140 3705 3344 3760 omnia
3364 3705 3523 3762 Jovis
3552 3700 3789 3773 insignia,

2188 3798 2485 3862 sceptrum
2519 3792 2866 3863 palmatum.
2894 3794 3051 3850 Unde
3082 3794 3165 3848 ait
3193 3793 3518 3859 Juvenalis,
3548 3795 3606 3849 In
3633 3794 3790 3846 tunica

2185 3880 2332 3935 Jovis
2366 3902 2386 3929 ι
2423 3880 2606 3951 (Serv.
2640 3882 2706 3935 In
2744 3880 2923 3950 eclog.
2960 3883 3046 3949 10,
3080 3899 3134 3936 ν.
3164 3884 3254 3951 27,
3310 3900 3368 3955 p.
3400 3885 3513 3954 55).
3562 3882 3636 3936 De
3661 3882 3791 3933 veste

2186 3971 2383 4023 autem
2415 3968 2672 4041 palmata
2701 3973 2757 4025 et
2787 3985 2962 4026 curru
2996 3971 3075 4026 ita
3104 3970 3204 4026 ille
3234 3971 3376 4027 alibi
3411 3989 3423 4026 :
3463 3993 3483 4020 ι
3516 3968 3787 4025 Sciendum

2187 4056 2391 4112 sellam
2422 4059 2685 4112 curulem
2717 4075 2750 4112 a
2780 4074 2953 4113 curru
3004 4059 3243 4125 dictam,
3297 4061 3456 4131 quod
3489 4076 3555 4114 ea
3593 4062 3788 4112 tantum

2186 4149 2524 4212 utebantur,
2558 4146 2657 4217 qui
2688 4145 3032 4217 triumphali
3065 4164 3238 4202 curru
3285 4148 3498 4204 invecti
3530 4147 3787 4201 fuissent:

2186 4233 2340 4289 sicut
2368 4236 2544 4289 etiam
2590 4234 2846 4303 palmata
2892 4235 3110 4290 dicitur
3138 4236 3360 4305 tunica,
3415 4251 3589 4307 quam
3634 4246 3788 4288 mere-

2186 4322 2420 4388 bantur,
2472 4321 2571 4393 qui
2622 4328 3023 4393 reportassent
3072 4325 3142 4377 de
3193 4325 3463 4380 hostibus
3512 4322 3786 4393 palmam»

433 4409 697 4501 ejusdem
726 4428 1022 4501 religionis
1053 4432 1262 4483 nostrae
1290 4428 1507 4481 tuenda
1543 4409 1833 4483 certemus.
1870 4431 1931 4483 In
1963 4430 2073 4485 hoc
2102 4413 2148 4477 D
2178 4411 2385 4481 (Idem:
2416 4412 2605 4501 pinguib-
2666 4428 2705 4501 ιι
2753 4413 2969 4466 Αἳηείά·
3029 4428 3085 4466 ν·
3139 4413 3267 4478 334»
3301 4430 3357 4484 P-
3417 4414 3562 4483 637)-
3617 4409 3788 4501 Nm?"

433 4523 627 4575 autem
662 4518 857 4589 prwlio
887 4519 1177 4583 vincimus,
1213 4517 1426 4587 inquit,
1456 4532 1580 4571 cum
1610 4517 1929 4572 occidimur.
1963 4518 2071 4572 De-

432 4608 612 4677 nique
640 4623 707 4662 ex
730 4606 837 4660 hoc
872 4605 1066 4677 praelio
1097 4606 1342 4661 victores
1373 4605 1661 4661 evadimus
1682 4621 1804 4660 cum
1851 4606 2073 4661 obduci-

432 4712 560 4750 mur
588 4695 743 4766 (ibib.
773 4711 823 4748 c.
868 4695 957 4760 50,
993 4711 1049 4765 ρ.
1102 4695 1253 4765 530),
1314 4695 1370 4749 id
1430 4699 1539 4763 est,
1602 4695 1673 4749 ad
1713 4694 2072 4767 supplicium

434 4784 596 4840 ducti
641 4782 1047 4838 consumimur
1091 4787 1148 4837 et
1195 4784 1535 4839 occidimur.
1572 4787 1646 4838 Eo
1690 4784 1845 4839 enim
1895 4801 2073 4841 sensu

434 4874 648 4928 Auctor
678 4876 876 4926 noster
904 4871 1014 4926 hoc
1060 4872 1302 4926 verbum
1355 4872 1674 4928 obducimur
1716 4873 1793 4928 ibi
1844 4873 2075 4930 videtur

434 4961 783 5035 sumpsisse,
836 4976 951 5031 quo
1001 4960 1112 5015 alio
1162 4961 1515 5033 significatu,
1587 4962 1668 5015 uti
1718 4960 2071 5035 videbimus,

432 5050 573 5110 alibi
602 5049 842 5121 accepit.
876 5048 1022 5114 Quia
1050 5064 1182 5103 vero
1214 5049 1527 5105 Christiani
1578 5050 1721 5105 nihil
1774 5052 1964 5121 magis
2010 5052 2070 5107 in

428 5141 579 5198 votis
608 5139 921 5206 habebant,
972 5153 1149 5209 quam
1209 5154 1311 5208 pro
1362 5138 1658 5210 religionis
1706 5155 1822 5194 sum
1870 5139 2067 5195 defen-

426 5231 587 5286 sione
618 5228 763 5285 mori
795 5234 851 5283 et
878 5226 1183 5294 trucidari,
1212 5226 1523 5281 vincebant
1552 5227 1771 5299 utique,
1807 5244 1939 5283 cum
1972 5245 2061 5284 ne-

422 5320 723 5375 cabantur.
756 5318 903 5373 Nam
934 5317 1163 5372 victoria
1193 5319 1287 5384 est,
1314 5314 1394 5369 ait
1424 5315 1613 5371 adhuc
1644 5317 2060 5387 'I‘ertullianus,

413 5424 514 5479 pro
544 5422 651 5479 quo
677 5408 996 5476 certaveris,
1037 5406 1283 5459 obtinere
1324 5404 1527 5473 (ibid).

484 5516 555 5571 At
584 5514 694 5571 hoc
725 5514 781 5569 in
815 5510 1135 5570 certamine
1167 5509 1433 5582 victores,
1466 5513 1523 5566 et
1554 5509 1739 5582 gloria
1770 5512 1974 5585 utique
1998 5517 2055 5571 et

2181 4504 2374 4553 autem
2416 4499 2497 4553 ibi
2539 4498 2736 4554 innuit
2777 4516 2905 4554 eam
2955 4501 3038 4555 sic
3082 4506 3511 4571 nuncuputam,
3560 4497 3684 4569 quia
3710 4494 3785 4547 his

2182 4588 2450 4655 dabatur,
2497 4587 2596 4658 qui
2636 4588 2894 4659 palmam
2946 4588 3336 4644 meruerant?
3365 4589 3476 4644 Alii
3511 4594 3689 4643 tamen
3716 4580 3785 4636 sic

2182 4680 2443 4731 vocatam
2477 4676 2812 4747 epinantur,
2848 4678 3002 4747 quod
3024 4676 3237 4748 palmis
3269 4683 3424 4733 esset
3456 4678 3677 4731 intexta.
3720 4669 3786 4724 De

2181 4764 2282 4820 illa
2312 4781 2480 4836 porro
2512 4765 2570 4819 hi
2601 4770 2739 4819 sunt
2770 4764 3057 4820 Martialis
3087 4782 3290 4821 versus
3325 4783 3338 4821 :

2453 4897 2491 4946 Ι.
2525 4909 2719 4954 comes,
2750 4901 2801 4945 et
2832 4910 3055 4954 magnos
3084 4898 3244 4946 illaesa
3265 4911 3470 4947 merere
3500 4892 3783 4954 triumphos:

2516 4958 2877 5021 Palmataeque
2908 4958 3121 5018 ducem,
3152 4962 3243 5009 sed
3279 4962 3383 5010 cito
3408 4958 3567 5010 redde
3595 4961 3732 5018 togis.

2738 5029 2982 5090 (Martial.
3014 5031 3108 5080 lib.
3132 5045 3221 5091 vu,
3249 5032 3568 5095 Epigr-amni.
3597 5027 3655 5088 1.)

2174 5154 2231 5209 Si
2265 5154 2396 5227 quis
2428 5152 2597 5227 plura
2624 5152 2783 5220 velit,
2816 5152 2908 5209 hic
2942 5154 3111 5210 adeat
3151 5155 3451 5211 Octavium
3486 5148 3780 5210 Ferrarium

2175 5244 2297 5316 (lib.
2332 5262 2370 5299 ιι
2401 5244 2466 5299 de
2506 5245 2578 5299 Re
2604 5246 2826 5299 vestiar.
2879 5259 2928 5298 c.
2962 5244 3038 5315 8),
3087 5245 3297 5301 Aldum
3349 5242 3662 5300 Manutium
3710 5235 3779 5299 (κίε

2170 5337 2295 5403 taga
2350 5335 2619 5401 Romam),
2691 5333 2963 5387 Lazarum
3016 5333 3276 5407 Bayﬁum
3334 5336 3414 5404 (de
3462 5334 3531 5387 Re
3575 5327 3772 5383 Vestiar.

2170 5442 2219 5479 c.
2274 5422 2383 5494 10),
2434 5422 2733 5478 Albertum
2785 5422 3116 5477 Rubenium
3168 5423 3230 5496 (1.
3283 5442 3300 5479 ι
3343 5424 3408 5479 de
3462 5423 3533 5477 Re
3574 5417 3767 5473 vesiiar.

2168 5531 2216 5569 c.
2247 5513 2361 5584 21),
2384 5511 2485 5583 qui
2514 5511 2587 5567 de
2616 5527 2791 5568 curru
2823 5510 3169 5584 triumphali
3189 5514 3355 5587 .data
3390 5506 3767 5584 operajdispu-
