4118 6182
216 420 370 481 1069

1148 419 1221 477 D.
1269 419 1367 478 LE
1410 417 1736 478 NOURRY
1780 415 2428 477 OBSERVATIONES
2476 418 2735 479 ΝονΑῑ.

3467 418 3625 479 1070

212 556 364 609 tant.
396 553 467 606 At
498 555 775 623 praaterea
821 554 891 608 de
935 552 1030 608 his
1081 551 1329 623 aliisque
1367 548 1861 621 triumphantium
1892 555 1947 621 Α
1974 556 2103 604 sunt
2128 557 2179 604 et
2198 550 2558 621 odiss‘eUbid.
2585 550 2693 605 loc.
2719 550 2861 619 cit.).
2883 552 2943 606 ln
2964 551 3196 623 Rigaltii
3224 551 3476 608 editione
3500 552 3629 609 haec

213 640 549 712 insignibus
578 645 635 696 et
665 641 1027 697 ornamentis
1055 639 1296 712 poteris,
1328 639 1377 694 si
1408 638 1570 693 lubet
1600 642 1655 693 et
1674 642 1865 704 vacat,

213 732 377 787 adire
433 729 719 801 Onuphrii
774 729 1015 785 Panvini
1069 730 1133 785 de
1181 727 1469 799 Triumpho
1517 727 1758 792 librum,
1810 730 1867 781 et

213 820 436 876 Maderi
468 820 525 873 in
556 836 688 874 eum
723 820 1152 875 adnotationes.

287 909 571 964 Ceterum
606 907 776 979 longe
807 908 995 978 major
1038 911 1163 962 erat
1206 905 1417 961 eximia
1450 906 1619 976 plane
1651 908 1866 975 marty-

210 1014 348 1054 rum
388 1002 724 1052 nostrorum
774 996 1054 1067 triumphi
1089 994 1294 1067 gloria.
1336 993 1544 1049 Mediis
1574 993 1867 1048 enimvero

207 1102 598 1143 accensorum
630 1089 1063 1139 sarmentorum
1104 1084 1381 1153 ﬂammis,
1420 1088 1700 1152 tanquam
1732 1099 1870 1154 pur-

207 1191 395 1249 purea
424 1173 799 1245 palmetaque
829 1178 1009 1241 veste,
1054 1173 1316 1244 undique
1347 1171 1661 1238 combusti,
1697 1176 1871 1241 atque

208 1266 283 1320 ad
332 1264 589 1335 stipitem
646 1262 967 1334 palumque
1015 1261 1262 1333 alligati,
1296 1262 1431 1316 inde
1480 1260 1633 1315 sicut
1664 1260 1868 1315 trium-

208 1352 375 1426 phati
406 1356 563 1407 veste
592 1356 649 1406 et
673 1368 870 1421 curru,
903 1368 1019 1407 non
1047 1352 1104 1406 in
1136 1351 1510 1423 Capitolium,
1540 1350 1639 1405 sed
1673 1349 1730 1404 in
1764 1365 1868 1420 pa-

210 1441 502 1509 radisum,
564 1444 629 1495 ut
689 1456 871 1511 supra
925 1440 1184 1494 vidimus
1242 1442 1313 1510 (c.
1378 1440 1465 1507 11,
1517 1444 1626 1494 art.
1674 1438 1752 1509 5),
1798 1438 1870 1492 de

210 1533 459 1597 mundo,
493 1531 563 1585 de
592 1532 890 1602 tyrrannis
922 1534 978 1585 et
1007 1531 1077 1586 de
1126 1530 1358 1585 diabolo
1408 1529 1864 1602 triumphantes,

210 1620 600 1676 ducebantur.

824 1734 1055 1791 CAPUT
1093 1733 1259 1791 XVII.

208 1824 418 1894 Quibus
459 1824 811 1894 argumentis
870 1824 1239 1879 Tertullianus
1308 1822 1640 1879 demonstret
1702 1821 1864 1877 Chri-

279 1897 486 1950 stianos
516 1897 868 1967 iniquissime
894 1899 949 1949 et
981 1899 1171 1950 contra
1220 1896 1467 1950 omnium
1500 1895 1677 1965 legum
1713 1910 1863 1966 prte-

282 1969 492 2038 scripta
521 1968 592 2022 ab
617 1968 856 2023 ethnicis
886 1974 1104 2021 vexatos
1134 1970 1186 2021 et
1216 1967 1518 2023 trucidatos
1547 1968 1739 2038 fuisse.

746 2125 1063 2164 ABTICULUS
1104 2126 1247 2165 PRIM
1257 2126 1326 2165 US
1335 2152 1348 2164 .

214 2200 442 2267 Quanta
467 2199 823 2268 perversitate
853 2197 1066 2253 ethnici
1115 2197 1480 2269 Christianos,
1512 2199 1621 2252 sibi
1648 2214 1870 2266 prorsus

284 2272 613 2339 incognitas,
642 2285 740 2324 nec
767 2271 864 2340 qui
891 2270 1142 2341 qualesve
1172 2279 1364 2335 essent,
1401 2272 1736 2340 investigare
1773 2286 1867 2324 vo-

286 2342 478 2411 lentes,
512 2341 735 2396 oderant
765 2345 929 2411 atque
958 2342 1391 2396 insectabantur.

286 2456 421 2520 Quae
454 2456 524 2511 de
556 2455 900 2511 Christianae
948 2455 1248 2527 religionis
1292 2455 1531 2512 veritate
1561 2460 1617 2511 et
1647 2458 1869 2511 sancti-

213 2549 354 2612 tate,
389 2545 459 2600 de
488 2544 704 2599 divinis
757 2543 919 2600 illius
968 2544 1339 2600 documentis
1397 2550 1455 2600 et
1500 2544 1752 2617 legibus,
1800 2546 1871 2602 de

214 2632 458 2706 Optimis
489 2637 846 2688 sectatorum
898 2633 1029 2704 ejus
1061 2634 1348 2701 moribus,
1381 2634 1453 2689 de
1484 2633 1872 2690 invictissime

216 2727 547 2794 martyrum
580 2720 920 2777 fortitudine
952 2738 985 2776 a
1014 2722 1182 2778 nobis
1205 2722 1491 2778 hactenus
1521 2723 1675 2778 dicta
1706 2728 1870 2792 sunt,

217 2813 344 2869 haec
375 2811 523 2867 satis
554 2826 849 2883 superque
872 2812 1279 2867 demonstrant
1299 2811 1449 2867 hanc
1470 2811 1660 2884 ipsam
1684 2812 1870 2868 solam

218 2900 567 2973 religionem
606 2916 801 2955 veram
847 2915 999 2968 esse,
1029 2905 1266 2955 caeteras
1296 2916 1429 2955 vero
1462 2917 1662 2957 omnes
1695 2902 1873 2958 falsas

220 2989 577 3062 penitusque
608 2988 975 3060 rejiciendas.
1007 2987 1179 3044 Nulla
1210 2989 1390 3061 igitur
1429 2990 1617 3059 major
1643 2991 1871 3061 excogi-

216 3076 335 3134 tari
383 3081 575 3149 potest
622 3076 930 3148 iniquitas,
971 3093 1145 3148 quam
1189 3076 1518 3149 gentilium,
1561 3079 1662 3149 qui
1709 3079 1873 3133 Chri-

219 3166 446 3222 stianos
476 3169 713 3237 propter
741 3165 922 3235 hujus
956 3165 1255 3239 religionis
1310 3183 1429 3221 suae
1474 3166 1870 3223 defensionem

220 3271 459 3313 summa
526 3254 954 3326 horrendaque,
1032 3255 1119 3311 uti
1192 3255 1468 3322 vidimus,
1527 3256 1874 3312 crudelitate

218 3344 529 3414 vexabant,
580 3343 1077 3399 excarnificabant
1123 3349 1180 3399 et
1237 3344 1602 3400 occidebant.
1660 3345 1871 3401 Verum

220 3430 632 3487 Tertullianus
664 3434 882 3500 noster,
917 3435 981 3487 ut
1016 3432 1359 3487 eorumdem
1410 3432 1873 3489 Christianorum

220 3536 468 3577 causam
502 3521 834 3576 accuratius
863 3520 1155 3588 defendat,
1177 3521 1248 3576 ad
1271 3522 1387 3577 duo
1417 3521 1608 3577 adhuc
1639 3523 1877 3579 demon-

221 3608 474 3665 stranda
520 3624 835 3680 aggrersus
876 3613 1001 3677 est;
1071 3626 1136 3664 ac
1185 3610 1372 3680 primo
1427 3610 1575 3665 977
1639 3611 1874 3681 quidem

220 3697 591 3755 Christianos
622 3698 693 3753 ab
720 3697 995 3769 ethnicis,
1028 3703 1231 3754 contra
1252 3700 1354 3770 jus
1386 3715 1559 3755 omne
1590 3700 1875 3767 naturale,

222 3784 490 3841 divinum
520 3790 575 3841 et
604 3785 952 3854 humanum,
987 3786 1367 3843 condemnari
1397 3804 1410 3842 :
1444 3789 1702 3844 secundo
1734 3788 1880 3844 falsa

223 3891 355 3930 esse
396 3872 645 3930 crimina
694 3875 893 3931 omnia
924 3892 1173 3947 quorum
1218 3878 1670 3944 accusabantur,
1705 3882 1879 3949 atque

220 3962 464 4018 illorum
496 3979 624 4019 reos
655 3979 851 4020 revera
879 3981 1008 4021 esse
1037 3964 1308 4037 gentiles.

293 4051 617 4108 Videamus
668 4052 866 4124 itaque
908 4053 1097 4124 primo
1129 4071 1247 4126 qua
1285 4054 1383 4110 ille
1413 4054 1637 4111 ratione
1668 4054 1876 4126 proba-

231 4139 383 4196 verit
431 4140 632 4212 primaa
680 4142 1095 4212 propositionis
1136 4143 1457 4213 veritatem,
1481 4149 1537 4199 et
1567 4144 1639 4199 ad
1674 4160 1879 4199 secun-

225 4230 364 4284 dam
439 4228 649 4284 deinde
707 4230 1030 4287 veniemus.
1068 4236 1144 4285 At
1199 4231 1359 4301 hanc,
1399 4231 1612 4304 inquit,
1642 4234 1883 4303 primam

226 4334 458 4372 causam
489 4317 643 4389 apud
686 4333 796 4388 vos,
848 4318 1094 4374 Romani
1142 4319 1373 4391 imperii
1423 4322 1739 4389 antistites,
1771 4323 1881 4376 col-

226 4408 472 4461 locamus
503 4407 815 4477 iniquitatis
846 4408 963 4462 odii
1009 4423 1139 4476 erga
1182 4426 1381 4464 nomen
1421 4409 1880 4478 Christianorum,

227 4512 395 4565 quam
422 4496 781 4565 iniquitatem
812 4498 951 4551 idem
989 4497 1184 4551 titulus
1212 4504 1408 4553 onerat
1440 4503 1491 4553 et
1526 4501 1760 4554 revincit
1790 4500 1887 4571 qui

224 4584 451 4639 videtur
494 4600 772 4651 excusare,
807 4586 1118 4655 ignorantia
1166 4587 1383 4641 scilicet
1436 4586 1699 4657 (Tertull.
1739 4592 1882 4658 Apo-

227 4673 389 4741 leget.
424 4688 473 4726 c.
511 4673 577 4739 1;
613 4677 669 4727 et
696 4671 795 4727 lib.
832 4690 847 4726 ι
879 4673 948 4727 ad
976 4674 1196 4730 Nation.
1222 4692 1267 4729 ο.
1306 4676 1356 4740 1,
1388 4656 1451 4745 p.
1476 4676 1624 4746 559).
1660 4676 1720 4729 In
1753 4656 1881 4746 qui-
1912 4656 1957 4719 D

226 4761 482 4816 busdam
514 4765 709 4815 autem
746 4761 1103 4817 editionibus
1142 4762 1355 4834 legitur
1385 4764 1579 4818 odium
1612 4781 1714 4835 pro
1746 4764 1881 4835 odii,

225 4850 331 4905 sed
373 4866 701 4920 perperam.
752 4849 901 4904 Nam
948 4852 1264 4922 iniquitatis
1310 4852 1429 4908 odii
1477 4852 1556 4907 ibi
1606 4853 1759 4908 idem
1809 4854 1883 4908 ei-

225 4936 475 5010 gnificat
523 4954 587 4991 ac
633 4938 819 5008 iniqui
846 4938 978 4993 odii.
1016 4939 1273 4995 Primam
1305 4958 1438 5011 ergo
1484 4940 1881 4997 Tertullianus

225 5025 428 5097 arguit
464 5026 829 5081 ethnicorum
874 5026 1266 5100 iniquitatem,
1301 5045 1417 5100 qua
1448 5029 1609 5100 prius
1639 5030 1883 5086 oderant

224 5112 617 5185 Christianos,
665 5130 841 5185 quam
894 5115 1110 5172 scirent
1157 5118 1256 5188 qui
1308 5117 1582 5189 qualesve
1640 5118 1878 5174 fuerint.

223 5203 366 5268 Quae
428 5203 721 5258 enimvero
771 5205 960 5274 major
1006 5206 1357 5276 perversitas
1398 5212 1505 5275 est,
1538 5224 1711 5278 quam
1744 5223 1878 5262 eum

227 5292 452 5355 odisse,
488 5308 682 5363 quem,
717 5295 916 5347 utrum
967 5294 1098 5349 odio
1150 5294 1240 5350 vel
1290 5312 1487 5351 amore
1536 5296 1749 5369 dignus
1783 5296 1879 5362 sit,

226 5379 406 5450 plane
438 5382 664 5437 nescias
684 5382 712 5436 Τ

299 5467 522 5525 Verum
556 5470 821 5526 ethnicos
842 5470 952 5525 hoc
974 5487 1123 5526 caeco
1146 5470 1201 5525 in
1216 5472 1575 5529 Christianos
1597 5473 1884 5529 exarsisse

224 5557 365 5615 odio
398 5556 537 5611 hinc
565 5558 733 5629 plane
764 5559 1023 5615 ostendit
1051 5562 1267 5615 Auctor
1290 5567 1504 5628 noster,
1523 5562 1657 5634 quia
1676 5579 1880 5629 omnes,

227 5648 327 5718 qui
356 5662 457 5702 eos
498 5656 669 5712 retro,
700 5648 820 5703 sive
870 5652 1045 5704 antea
1092 5648 1338 5719 oderant,
1374 5654 1503 5723 quia
1550 5652 1885 5723 ignorabant

228 5737 397 5809 quale
425 5737 501 5792 sit
532 5737 681 5807 quod
708 5736 961 5807 oderant,
988 5738 1162 5795 simul
1192 5739 1446 5797 desinunt
1478 5742 1755 5813 ignorare,
1777 5756 1887 5797 ces-

1897 1933 1944 1997 B

1972 639 2146 693 verba
2176 640 2336 709 quale
2366 640 2439 694 sit
2470 639 2600 711 (vel,
2634 639 2786 695 sicut
2813 640 2873 695 in
2904 639 3209 696 nonnullis
3241 641 3434 710 editis,
3466 643 3627 714 esset)

1976 727 2117 799 quod
2145 727 2393 797 oderant,
2418 745 2658 799 prorsus
2687 730 2905 800 rejecta
2937 734 3093 784 sunt.
3112 732 3233 795 Quo
3260 731 3626 801 autemjure,

1977 833 2049 870 an
2083 817 2317 887 propria
2349 818 2691 873 auctoritate
2724 817 2979 889 Rigaltii,
3014 835 3086 873 an
3122 819 3625 890 typographorum

1978 921 2192 970 errore,
2225 906 2523 961 nescimus
2556 907 2829 978 quidem;
2862 908 2961 962 sed
3012 908 3189 978 probe
3238 906 3459 965 scimus
3508 907 3633 963 hinc

1979 993 2039 1047 in
2072 994 2568 1065 subsequentibus
2617 1002 2672 1049 et
2722 995 2946 1050 ultimis
2977 995 3337 1051 editionibus
3362 996 3629 1067 reperiri.

1982 1085 2058 1135 Ea
2086 1087 2280 1136 autem
2306 1083 2562 1154 genuina
2583 1099 2710 1139 esse
2732 1083 3075 1138 Tertulliani
3104 1085 3277 1139 verba
3298 1084 3632 1141 communis

1981 1170 2246 1225 codicum
2281 1171 2543 1225 omnium
2579 1172 2906 1238 consensio,
2941 1176 2997 1226 et
3024 1172 3291 1227 Auctoris
3318 1173 3507 1244 ipsius
3537 1174 3634 1228 in-

1981 1259 2217 1330 genium
2250 1259 2393 1314 satis
2425 1264 2621 1331 aperte
2653 1261 3027 1315 convincunt.
3064 1262 3189 1315 llaec
3220 1265 3415 1316 autem
3448 1266 3537 1317 est
3558 1260 3634 1316 il-

1980 1347 2095 1403 lius
2127 1350 2555 1421 argumentatio
2590 1366 2602 1403 :
2638 1349 2745 1404 Ubi
2794 1350 3009 1404 ethnici
3054 1355 3414 1421 agnoverunt
3445 1350 3543 1421 qui
3575 1356 3634 1406 et

1979 1436 2184 1508 quales
2215 1439 2336 1493 sint
2360 1437 2698 1505 Christiani,
2732 1455 2859 1509 qua:
2889 1456 3091 1493 eorum
3125 1439 3313 1510 pietas
3337 1456 3402 1493 ac
3434 1439 3630 1511 probi-

1975 1530 2087 1593 tas,
2122 1529 2246 1580 tum
2283 1527 2548 1597 protinus
2579 1544 2677 1581 eos
2727 1528 2922 1583 odisse
2970 1527 3270 1582 desinunt.
3310 1526 3454 1600 Ergo
3498 1526 3632 1583 illos

1977 1616 2240 1681 oderant,
2274 1616 2414 1688 quia
2443 1617 2542 1687 qui
2575 1620 2772 1672 essent
2804 1620 2975 1672 antea
3006 1616 3387 1689 ignorabant.

2047 1722 2319 1785 Quamvis
2338 1726 2532 1779 autem
2550 1724 2862 1792 nemo,nisi
2884 1723 3137 1779 naturali
3153 1723 3378 1779 lumine
3392 1724 3631 1780 omnino

1976 1810 2262 1883 privatus,
2292 1811 2347 1865 id
2381 1812 2636 1867 abnuere
2667 1816 2863 1884 queat,
2890 1817 3058 1884 urget
3089 1816 3285 1868 tamen
3317 1811 3630 1868 Tertullia-

1978 1916 2111 1969 nus,
2143 1905 2199 1955 et
2227 1899 2490 1955 ethnicos
2522 1900 2713 1957 adhuc
2755 1900 2995 1956 revincit
3042 1900 3398 1956 Anacharsis
3428 1905 3630 1958 aucto-

1976 1988 2166 2057 ritate,
2190 1988 2289 2059 qui
2313 1989 2527 2045 diserte
2549 1990 2947 2062 pronuntiavit
2977 2007 3089 2045 non
3124 1990 3321 2046 minus
3350 2007 3478 2047 reos
3501 2006 3631 2047 esse

1978 2099 2005 2127 ‹‹
2060 2076 2459 2149 imprudentes
2509 2079 2579 2133 de
2630 2079 3019 2151 prudentibus
3059 2079 3414 2150 judicantes,
3448 2096 3627 2153 quam

1976 2164 2321 2221 immusicas
2352 2168 2422 2222 de
2451 2167 2695 2225 musicis
2725 2191 2751 2219 η
2788 2168 3053 2241 (Tertull.
3090 2169 3364 2241 Apologet.
3396 2186 3446 2224 c.
3482 2171 3533 2241 1,
3566 2188 3625 2242 p.

1976 2255 2125 2326 265).
2172 2256 2306 2319 Quae
2359 2257 2595 2327 quidem
2641 2259 2821 2327 hujus
2871 2257 3207 2329 philosophi
3256 2259 3547 2314 sententia
3592 2277 3626 2314 a

1981 2344 2201 2399 Laertio
2233 2344 2316 2399 sic
2348 2345 2655 2401 exhibetur
2685 2363 2698 2401 :
2734 2348 3033 2417 Θαυμάζειν
3071 2342 3127 2399 δὲ
3168 2339 3267 2422 ἔφη
3315 2349 3431 2407 πῶς
3480 2343 3624 2419 παρὰ

1977 2436 2093 2492 τοῖς
2126 2428 2393 2500 ’Ἓλλησιν
2445 2432 2796 2506 ἀγωνίζονται
2852 2434 2943 2505 μὲν
3000 2435 3051 2487 οἱ
3082 2439 3349 2508 τεχνῖται,
3381 2432 3625 2508 κρίνουσι

1980 2516 2038 2573 δὲ
2098 2520 2149 2573 ot
2211 2521 2286 2591 μὴ
2346 2526 2607 2595 τεχνῖται.
2658 2523 2853 2577 Mirari
2906 2540 2963 2577 se
3011 2524 3154 2578 dixit
3185 2524 3448 2595 quomodo
3477 2525 3627 2597 apud

1982 2610 2185 2665 Graecos
2212 2612 2459 2682 artiﬁces
2490 2615 2792 2679 certarent,
2814 2611 3239 2684 judicatenique
3266 2617 3361 2685 qui
3390 2614 3631 2684 artiﬁces

1979 2716 2089 2755 non
2120 2706 2294 2755 essent
2327 2702 2538 2770 (Laert.
2572 2700 2674 2755 lib.
2709 2718 2725 2755 ι
2772 2702 2829 2755 in
2867 2702 2967 2757 Vit.
3019 2702 3371 2769 Anacharsis,
3404 2702 3435 2776 §
3485 2704 3630 2774 103).

1982 2788 2159 2843 Paulo
2190 2805 2323 2845 vero
2354 2788 2524 2844 aliter
2554 2788 2903 2845 Plutarchus
2934 2806 3060 2844 eam
3094 2791 3178 2845 sic
3211 2790 3409 2846 retulit
3440 2808 3455 2847 :
3488 2791 3630 2865 Ἔφη

1982 2873 2040 2930 δὲ
2100 2877 2316 2931 κάκεῖνο
2386 2877 2679 2949 θαυμάζειν
2735 2878 2763 2931 ὁ
2824 2878 3150 2953 Ἀνάχαρσις
3208 2875 3474 2948 ἰκκλησίᾳ
3530 2898 3635 2932 πα-

1982 2976 2356 3040 ραγινόμενος,
2398 2967 2482 3020 δτι
2534 2965 2749 3040 λέγουσι
2804 2967 2897 3038 μὲν
2943 2967 2994 3020 cl.
3026 2966 3337 3044 eocpoinap’
3363 2963 3632 3037 “Ελλησι,

1980 3054 2222 3126 κρίνουσι
2255 3052 2311 3109 δὶ
2342 3055 2393 3108 ot
2426 3055 2671 3125 ἀμαθεῖς.
2704 3056 2763 3111 Id
2801 3064 2980 3111 autem
3022 3056 3166 3111 dixit
3214 3056 3551 3112 Anacharsis
3579 3073 3636 3113 se

1980 3146 2201 3210 mirari,
2232 3161 2357 3200 cum
2385 3145 2634 3200 concioni
2663 3145 3186 3217 inter/uisset,quod
3212 3145 3451 3201 dicerent
3483 3145 3635 3217 apud

1990 3238 2207 3291 Graecos
2233 3236 2533 3306 sapientes,
2564 3234 2729 3289 stulti
2772 3250 2900 3289 vero
2945 3233 3259 3303 iudicarent
3309 3233 3629 3303 (Plutarch.

1987 3325 2049 3377 in
2085 3326 2213 3378 Vita
2237 3323 2421 3378 Solon.
2467 3339 2521 3393 p.
2553 3322 2669 3393 81).
2704 3322 2873 3377 Vides
2906 3339 3044 3377 sane
3075 3323 3341 3377 eamdem
3378 3323 3471 3377 his
3503 3338 3632 3378 om-

1984 3412 2161 3467 nibus
2188 3411 2380 3467 verbis
2412 3410 2658 3482 exprimi
2700 3412 3075 3477 sententiam,
3118 3427 3245 3481 quae
3277 3412 3635 3483 quibusdam

1983 3505 2217 3556 tantum
2258 3500 2508 3554 diversis
2533 3498 2893 3554 enuntiatur.
2922 3499 3095 3555 Nefas
3126 3499 3283 3554 enim
3317 3517 3446 3556 esse
3476 3515 3635 3556 asse-

1986 3591 2137 3645 ritur
2164 3589 2400 3661 aliquod
2433 3589 2505 3644 de
2536 3589 2714 3644 rebus
2742 3588 3027 3660 ignoratis
3059 3589 3195 3643 ferri
3219 3588 3538 3659 judicium.

2058 3699 2125 3752 At
2156 3696 2341 3751 multo
2373 3695 2683 3768 nequiores
2725 3698 2893 3750 erant
2939 3694 3178 3763 ethnici,
3216 3695 3316 3767 qui
3354 3695 3639 3752 Christia-

1989 3802 2096 3841 nos
2118 3786 2379 3853 oderant,
2407 3790 2463 3840 et
2484 3783 2750 3839 nefandis
2781 3784 3249 3840 condemnabant
3270 3785 3641 3851 criminibus,

1986 3874 2219 3930 tametsi
2249 3874 2402 3929 918
2436 3872 2641 3944 quales
2673 3880 2869 3927 essent
2899 3890 3014 3928 non
3050 3873 3243 3928 solum
3278 3874 3639 3943 nesciebant,

1989 3964 2090 4020 sed
2124 3962 2423 4018 inflexibili
2454 3961 2869 4028 obstinatione,
2898 3978 3003 4017 nec
3033 3962 3315 4029 scire,nec
3345 3962 3641 4034 inquirere

1990 4069 2247 4123 unquam
2278 4050 2566 4105 volebant.
2599 4048 2771 4104 Nulla
2798 4056 2993 4105 autem
3042 4050 3222 4122 hujus
3252 4048 3640 4106 intolerabilis

1991 4139 2324 4215 pervicacia:
2354 4144 2413 4194 et
2440 4138 2773 4194 voluntariae.
2823 4139 3100 4195 caecitatis
3133 4139 3246 4194 alia
3286 4142 3408 4193 erat
3438 4155 3637 4203 causa,

1991 4231 2104 4286 nisi
2139 4229 2274 4302 quia
2305 4228 2657 4284 verebantur
2688 4244 2759 4283 ne
2792 4228 2947 4299 quod
2982 4228 3449 4282 Christianorum
3482 4231 3636 4283 esset

1992 4320 2221 4375 vivendi
2256 4334 2440 4390 genus
2472 4318 2865 4389 agnoscendo,
2901 4316 3067 4371 fateri
3098 4320 3447 4389 cogerentur
3478 4314 3636 4383 illos,

1993 4414 2125 4482 post
2155 4413 2490 4480 susceptam
2520 4406 2733 4461 Christi
2769 4405 3129 4479 religionem,
3166 4408 3344 4461 factos
3374 4420 3504 4462 esse
3526 4421 3644 4461 me-

1994 4498 2190 4553 liores.

2067 4588 2275 4643 Verum
2309 4587 2587 4641 audacter
2616 4584 2699 4639 illi
2732 4586 3025 4658 negabant
3044 4583 3641 4655 Christianorum,qui

1990 4693 2022 4731 a
2061 4676 2304 4731 deorum
2354 4674 2512 4730 cultu
2563 4674 2912 4743 defecerant,
2946 4690 3135 4728 veram
3172 4673 3354 4728 fuisse
3385 4671 3641 4744 probita-

1992 4769 2107 4819 tem
2142 4781 2153 4818 :
2184 4787 2211 4815 ‹‹
2246 4765 2369 4819 Non
2424 4762 2601 4828 enim,
2654 4762 3021 4834 inquiebant,
3077 4763 3206 4818 ideo
3256 4763 3496 4830 bonum,
3556 4766 3647 4817 est

1991 4852 2235 4925 aliquid,
2272 4852 2409 4923 quia
2441 4851 2653 4906 multos
2683 4851 2963 4905 convertit
2993 4873 3020 4900 »
3056 4850 3324 4923 (Tertull.
3369 4850 3642 4922 Apologet.

1991 4959 2041 4998 e.
2076 4943 2127 5007 1,
2162 4960 2218 5013 p.
2258 4942 2405 5008 266),
2438 4940 2495 4992 id
2542 4943 2649 5003 est,
2702 4938 2894 5009 aliqua
2944 4939 3301 5010 professione
3347 4940 3419 4994 ad
3464 4940 3640 4994 aliam

1989 5030 2269 5085 traduxit.
2302 5030 2371 5084 Et
2400 5032 2551 5083 certe
2582 5029 2775 5098 quanti
2816 5044 2849 5082 a
2897 5028 3076 5101 bono,
3110 5029 3361 5095 aiebant,
3411 5028 3481 5083 ad
3520 5046 3642 5085 ma-

1982 5119 2114 5183 lum
2145 5121 2561 5191 performantur
2579 5116 2853 5187 (antiqua:
2878 5118 3164 5174 editiones
3182 5120 3641 5191 praeformantur,

1991 5210 2201 5265 melius
2230 5209 2284 5263 in
2318 5206 2447 5261 aliis
2491 5208 2547 5260 et
2594 5205 2814 5260 nostris
2852 5207 3153 5264 codicibus
3196 5212 3640 5282 performantur,

1991 5299 2113 5355 sive
2144 5297 2338 5370 potius
2366 5296 2767 5365 reformantur,
2793 5296 2841 5351 si
2872 5296 3122 5368 alicujus
3147 5298 3365 5354 codicis
3404 5299 3642 5354 accede-

1992 5393 2081 5444 ret
2110 5384 2467 5455 auctoritas).
2505 5384 2813 5440 Addebant
2867 5387 3112 5457 gentiles
3154 5404 3165 5441 :
3226 5388 3429 5455 Quanti
3454 5391 3643 5441 trans-

1990 5481 2142 5547 fugae
2173 5476 2230 5528 in
2260 5471 2595 5545 perverum?
2644 5472 2711 5527 Hi
2760 5479 2952 5530 autem
2998 5475 3311 5547 transfugia
3341 5477 3642 5541 vocantur,

1994 5564 2091 5636 qui
2146 5564 2213 5617 ad
2268 5562 2465 5617 hostes
2515 5550 2934 5634 transfugiunt,
2984 5564 3069 5618 vel
3121 5564 3220 5636 qui
3270 5562 3640 5618 induciarum

1992 5656 2254 5724 tempore
2298 5652 2368 5707 ad
2418 5668 2516 5707 eos
2565 5652 2978 5724 commigrent,
3011 5670 3140 5709 cum
3202 5652 3418 5725 quibus
3477 5647 3641 5705 nulla

1994 5741 2252 5798 amicitia
2306 5745 2412 5799 est.
2464 5739 2641 5811 Atqui
2696 5739 2737 5794 ii
2795 5740 3029 5813 saepius,
3060 5740 3406 5813 inquiebant
3447 5736 3640 5796 adhuc
