4118 6182
366 248 520 308 1073

989 390 1304 430 ARTICULUS
1337 389 1377 428 ῘῘ

368 485 580 553 Quanta
639 483 935 554 iniquitate
980 481 1184 554 ethnici
1242 479 1597 554 Christianos,
1637 493 1736 532 nec
1792 475 2009 554 auditos

438 571 538 610 nec
567 549 926 626 defensos,sed
955 570 1113 626 suum
1143 553 1412 606 duntaxat
1441 552 1504 626 ob
1535 566 1735 607 nomen
1756 549 2014 605 condem-

439 625 712 695 naverint,
745 635 798 681 et
826 625 1208 682 crudelissime
1232 625 1569 680 necaverint.

441 769 771 825 Secundum
804 765 1147 822 Tertulliani
1193 766 1473 822 adversus
1499 765 1840 819 effrenatam
1871 778 2016 835 gen-

370 859 564 914 tilium
597 857 657 912 in
688 856 1054 912 Christianos
1085 854 1420 910 violentiam
1455 857 1867 925 argumentum
1901 869 2016 908 non

375 948 619 1004 minoris
667 946 943 1018 profecto,
978 961 1151 1016 quam
1202 945 1495 1016 superius,
1545 943 1770 998 roboris
1814 945 1903 998 est
1951 957 2017 997 ac

372 1034 673 1092 momenti.
706 1035 952 1091 Ducitur
983 1039 1176 1088 autem
1208 1051 1275 1088 ex
1300 1033 1630 1089 certissima
1661 1031 2017 1102 judiciorum

376 1125 594 1198 regula,
630 1141 756 1196 quae
815 1123 1069 1178 naturali
1128 1123 1391 1193 aequitati
1444 1123 1585 1177 adeo
1630 1125 2020 1176 consentanea.

369 1218 569 1281 est,ut,
593 1230 660 1269 ea
691 1211 1104 1285 praetermissa,
1129 1210 1604 1281 iniquissimum,
1629 1209 1862 1263 irritum
1895 1224 2018 1263 om-

370 1303 534 1369 nino,
568 1307 627 1358 et
653 1301 884 1356 nullum
919 1300 994 1355 sit
1026 1301 1288 1370 cujusvis
1323 1299 1578 1355 hominis
1602 1298 1916 1369 judicium.
1950 1301 2020 1352 At

368 1394 513 1460 haec,
546 1396 612 1447 ut
642 1391 782 1447 scite
813 1388 1207 1445 Tertullianus
1241 1388 1672 1457 animadvertit,
1705 1387 1905 1459 regula
1935 1389 2024 1441 est

372 1499 496 1554 qua
527 1485 682 1536 vetat
731 1479 1043 1550 indefensos
1089 1488 1139 1534 et
1166 1480 1456 1535 inauditos
1495 1480 1714 1534 omnino
1762 1477 2024 1532 damnari

373 1569 635 1643 (Tertull.
686 1569 959 1640 Apotoget.
995 1585 1125 1639 cap.
1166 1569 1218 1637 3,
1253 1585 1384 1640 pag.
1417 1569 1564 1639 276).
1596 1568 1675 1622 De
1722 1566 1870 1638 legis
1914 1582 2019 1620 au-

371 1666 491 1716 tem
524 1660 702 1730 hujus
734 1658 1002 1730 aequitate
1032 1656 1201 1728 plane
1232 1657 1477 1713 convicti
1508 1656 1775 1728 gentiles,
1804 1654 2021 1710 consti-

373 1753 609 1806 tuerant
638 1752 702 1804 ut
733 1747 980 1819 quilibet
1005 1747 1410 1818 cujuscunque
1457 1746 1721 1800 criminis
1764 1743 2017 1799 insimu-
2050 1741 2096 1807 B

374 1839 552 1906 latus,
595 1840 876 1904 uteretur,
907 1839 956 1890 et
1005 1838 1229 1907 proprio
1259 1851 1372 1903 ore,
1404 1836 1484 1890 ait
1530 1837 1745 1890 Auctor
1794 1838 2011 1899 noster,

375 1933 428 1983 et
455 1928 795 1983 mercenaria
823 1923 1465 1989 advocatione,videlicet
1485 1921 2012 1996 patronorum,qui,

373 2016 640 2072 mercede
669 2017 924 2086 accepta,
957 2029 1194 2069 causam
1224 2013 1459 2068 illorum
1490 2017 1817 2068 tuerentur.

445 2107 654 2162 Verum
684 2104 854 2176 longe
885 2103 1050 2158 aliter
1078 2102 1461 2169 Christianos,
1494 2101 1774 2158 falsorum
1813 2100 2014 2155 crimi-

373 2213 515 2251 num
547 2193 1225 2263 accusatos,tractabant.
1259 2191 1494 2247 Nullam
1526 2191 1741 2263 quippe
1771 2189 2012 2245 faculta-

371 2290 490 2340 tem
522 2284 604 2339 eis
627 2283 1022 2338 concedebant
1044 2281 1440 2337 innocentiam
1472 2297 1641 2336 suam
1665 2283 1765 2335 aut
1791 2296 1888 2334 ore
1909 2296 2015 2334 suo

372 2380 473 2430 aut
502 2373 681 2428 ullius
715 2371 1034 2444 patrocinio
1067 2386 1323 2442 unquam
1360 2369 1730 2426 defendendi.
1765 2369 2016 2424 Verum-

372 2469 569 2518 tamen
593 2461 849 2532 ejusdem,
876 2464 940 2515 ut
961 2459 1103 2515 scite
1125 2459 1222 2514 ille
1250 2459 1464 2531 arguit,
1487 2459 1780 2514 noxietatis
1812 2459 2016 2529 (lbid.),

375 2553 517 2618 sive,
552 2555 616 2604 ut
641 2552 698 2604 in
730 2550 946 2604 nostris
977 2549 1275 2604 codicibus
1325 2547 1744 2619 manuscriptis
1776 2551 1831 2601 et
1863 2546 2018 2602 anti-

377 2639 512 2711 quis
541 2638 898 2694 editionibus
926 2637 1158 2708 legitur,
1192 2635 1430 2701 eiusdem
1453 2650 1619 2691 norm
1645 2634 1841 2689 eadem
1869 2643 2018 2689 trac-

379 2731 514 2784 tatio
544 2727 764 2782 debebat
795 2727 1135 2781 intervenire
1164 2724 1346 2793 (Ibid)
1377 2725 1524 2787 Quid
1574 2740 1709 2796 ergo
1757 2723 2019 2794 iniquius

380 2833 561 2888 quam
605 2817 662 2870 id
712 2815 866 2887 quod
909 2815 1140 2884 justum
1185 2817 1274 2868 est
1318 2814 1548 2869 ethnico
1595 2814 1932 2885 concedere,
1965 2817 2021 2869 et

379 2906 525 2961 illud
553 2905 750 2976 ipsum
783 2919 991 2975 negare
1020 2903 1349 2958 Christiano
1373 2902 1401 2957 ?

447 2996 533 3050 Ad
564 2994 683 3049 base
713 3011 868 3061 vero,
904 2993 1225 3048 secundum
1264 2992 1527 3047 omnium
1580 2992 1913 3049 divinarum
1962 2997 2020 3049 et

378 3085 772 3181 humanarum
810 3082 1013 3181 legum
1046 3082 1383 3154 praescripta
1414 3081 1658 3152 quilibet
1689 3082 1888 3149 homo,
1918 3099 2018 3138 cu-
2051 3113 2094 3181 C

367 3174 562 3246 jusvis
592 3172 857 3229 criminis
889 3173 1243 3243 postulatus,
1276 3188 1391 3226 non
1432 3171 1622 3227 solum
1657 3187 1888 3243 semper
1918 3189 2019 3228 au-

376 3263 628 3319 diendus
686 3267 775 3317 est
832 3265 888 3316 et
944 3260 1410 3331 interrogandus,
1453 3261 1551 3315 sed
1605 3260 2021 3331 inquirendum

376 3353 646 3424 insuper,
679 3368 743 3406 ac
775 3351 1094 3422 quaestione
1143 3350 1317 3404 etiam
1365 3354 1422 3404 et
1467 3351 1778 3406 tormentis
1830 3354 2023 3406 extor-

377 3441 700 3512 quendum,
733 3456 856 3510 qua:
907 3439 983 3494 sit
1031 3438 1296 3493 criminis
1340 3438 1615 3509 qualitas,
1649 3440 1747 3510 qui
1778 3439 1941 3495 locus
1966 3443 2024 3496 et

378 3531 612 3599 modus,
647 3529 800 3600 quod
834 3528 1197 3600 tempus,qui
1231 3528 1370 3582 socii
1402 3545 1467 3583 ac
1499 3528 1736 3583 conscii.
1769 3529 1882 3584 Nec
1914 3529 2023 3584 hoc

377 3619 786 3690 asquissimum
837 3633 965 3673 esse
1013 3617 1417 3671 difﬁtebantur
1462 3616 1698 3683 ethnici,
1754 3617 1853 3688 qui
1903 3618 2022 3674 hinc

374 3708 575 3764 omnia
618 3707 929 3779 diligenter
976 3705 1370 3777 inquirebant,
1404 3705 1504 3760 ubi
1551 3705 1762 3776 aliquis
1792 3722 1859 3760 ex
1898 3707 2023 3762 suis

371 3797 554 3854 ullius
603 3796 842 3853 sceleris
873 3796 945 3852 ab
979 3794 1175 3866 aliquo
1222 3794 1628 3850 accusabatur.
1663 3795 1906 3850 Summa
1935 3799 2021 3851 ta-

372 3902 510 3943 men
531 3887 752 3959 injuria
771 3886 891 3942 haac
915 3885 1114 3943 omnia
1127 3885 1310 3942 missa
1332 3885 1623 3941 faciebant
1646 3886 2025 3958 spernebant-

373 3978 618 4050 que,ubi
648 3977 930 4050 agebatur
960 3979 1032 4033 de
1055 3976 1366 4044 nostris,ait
1396 3974 2024 4047 Tertullianus,eIogiis

373 4067 585 4140 (Ibid),
618 4067 676 4122 id
728 4071 839 4134 est,
872 4067 943 4122 de
987 4066 1453 4123 Christianorum
1501 4065 1925 4138 vituperatione
1967 4069 2025 4121 et

373 4158 768 4213 accusatione.
801 4156 995 4212 Minus
1044 4156 1242 4228 itaque
1272 4157 1419 4211 bene
1451 4155 1508 4210 in
1559 4155 1862 4213 codicibus
1893 4172 2024 4212 nos-

371 4248 483 4305 tris
513 4249 762 4306 habetur
792 4248 1041 4318 eulogiie,
1075 4247 1184 4302 hoc
1215 4251 1305 4303 est
1350 4248 1876 4316 benedictionibus,
1908 4247 2025 4304 nisi

374 4355 591 4394 nomen
623 4338 770 4392 illud
795 4337 866 4392 ab
899 4335 997 4392 illo
1028 4336 1249 4392 ironice
1280 4343 1584 4409 acceptum
1616 4338 1794 4392 fuisse
1825 4337 2026 4408 proba-

368 4427 548 4483 veris.
582 4425 878 4499 Quidquid
911 4426 1006 4492 sit,
1041 4425 1252 4498 planus
1305 4432 1394 4482 est
1423 4431 1480 4481 et
1527 4430 1763 4498 apertus
1796 4426 2025 4482 Tertul-

1269 246 1342 303 D.
1391 244 1488 303 LE
1531 240 1857 303 NOURRY
1903 232 2547 300 OBSERVATIONES
2591 230 2849 291 NOVE.

2038 370 2091 436 Α
2121 389 2148 418 ‹‹
2180 364 2576 436 Conquirendi
2610 378 2724 417 non
2760 361 2936 421 sunt;
2963 356 3011 411 si
3040 354 3396 418 deferantur,
3430 353 3486 405 et
3515 362 3768 419 arguan-

3613 217 3770 276 10³74

2121 459 2238 524 tur,
2271 452 2553 526 puniendi
2598 455 2789 506 sunt»
2829 446 3000 519 (Plin.
3056 443 3301 498 Secund.
3354 440 3455 495 lib.
3487 455 3542 504 κ,
3573 436 3765 507 Icpilt.

2127 546 2248 613 102,
2285 561 2416 615 pag.
2450 543 2599 612 377),
2629 541 2685 595 id
2719 544 2826 610 est,
2851 539 3024 608 juxta
3073 530 3413 589 Tertulliani
3445 526 3628 584 nostri
3674 526 3766 580 in-

2123 632 2623 705 terpretationem,
2659 629 2708 684 si
2740 623 3054 683 Christiani
3089 638 3283 677 revera
3325 635 3453 675 esse
3500 631 3769 686 compro-

2124 703 2335 778 bentur
2361 729 2414 777 et
2444 720 2881 784 convincuntur,
2914 712 3194 787 puniendi
3235 709 3491 779 quidem,
3524 705 3625 760 sed
3658 703 3769 758 mi-

2126 813 2285 867 nime
2315 809 2646 882 inquirendi
2679 811 2838 864 sunt.
2873 808 3086 861 Totum
3122 805 3316 857 autem
3347 798 3505 852 hunc
3535 792 3769 849 Tertul-

2126 901 2267 956 liani
2300 900 2491 956 locum
2526 899 2724 953 citavit
2749 894 3034 952 Eusebius
3067 892 3189 963 (lib.
3222 906 3286 944 ιιι
3308 887 3511 944 Eccles.
3544 883 3768 950 Histor.,

2129 1007 2256 1062 cap.
2288 990 2378 1056 33,
2414 1004 2545 1061 pag.
2581 987 2725 1058 106),
2759 985 2856 1057 qui
2888 982 3116 1057 prolata
3147 997 3180 1036 a
3209 977 3377 1034 nobis
3428 975 3555 1046 ejus
3598 970 3772 1026 verba

2129 1080 2212 1135 sic
2263 1079 2458 1135 Graece
2504 1078 2925 1148 interpretatus
2973 1075 3106 1128 est:
3159 1068 3228 1121 Τὸ
3275 1069 3381 1120 τῶν
3432 1062 3766 1136 Χριστιανῶν

2129 1167 2297 1246 φῦλον
2352 1167 2427 1239 μὴ
2481 1165 2819 1234 ἰκζητεῖσθαι
2857 1163 2972 1235 μὶν,
3026 1158 3256 1231 ἐμπεσὸν
3318 1152 3374 1246 δὲ
3424 1149 3771 1246 κολάζεσθαι,

2130 1241 2256 1330 quas
2314 1257 2560 1312 Ruﬁnus
2611 1255 2808 1309 Latine
2865 1250 3167 1307 reddidit:
3228 1269 3248 1297 ι
3285 1241 3594 1301 Christiani
3655 1256 3770 1295 non

2132 1350 2368 1420 quidem
2439 1346 2834 1418 requirantur,
2895 1341 2941 1397 si
3001 1339 3100 1412 qui
3176 1345 3368 1392 tamen
3438 1329 3772 1394 inciderint,

2130 1417 2454 1511 puniantur
2484 1417 2758 1506 »W(Rulin.
2793 1432 2894 1486 lib.
2929 1448 2990 1485 ιιι
3022 1431 3220 1484 Histor.
3268 1425 3451 1480 eccles.
3499 1417 3778 1511 (ιαμ-27).

2133 1507 2341 1584 Nullus
2384 1526 2579 1595 itaque
2634 1520 3030 1577 Tertullianus
3080 1513 3367 1571 dubitavit
3422 1512 3530 1566 hoc
3587 1507 3774 1563 edicto

2131 1614 2577 1688 pronuntiatum
2602 1611 2782 1666 fuisse
2812 1608 3172 1664 Christianos
3191 1620 3302 1659 non
3325 1597 3770 1674 perquirendos,

2131 1684 2230 1763 sed
2265 1703 2462 1760 statim
2494 1707 2668 1773 atque
2693 1699 2996 1772 judicibus
3025 1696 3390 1761 offerrentur,
3411 1707 3476 1745 ac
3498 1684 3776 1745 Christia-

2127 1812 2234 1852 nos
2264 1811 2391 1850 esse
2423 1794 2734 1859 constaret,
2766 1787 2929 1843 nulla
2979 1783 3235 1856 amplius
3282 1780 3462 1836 ullius
3508 1777 3586 1834 rei
3625 1777 3775 1830 facta

2121 1882 2522 1956 inquisitione,
2574 1879 2923 1952 puniendos.
2966 1879 3084 1930 Nec
3133 1873 3284 1929 male
3333 1870 3590 1942 quidem.
3624 1866 3772 1921 Nam

2123 1975 2412 2044 Trajanus
2438 1971 2715 2027 continuo
2749 1967 2975 2024 addidit
3007 1984 3018 2020 :
3047 1987 3074 2015 ‹‹
3109 1965 3194 2018 Ita
3223 1966 3421 2017 tamen
3452 1962 3518 2013 ut
3547 1957 3648 2028 qui
3681 1971 3773 2010 ne-

2123 2063 2345 2136 gaverit
2375 2078 2435 2117 se
2483 2058 2878 2115 Christianum
2930 2070 3078 2122 esse,
3110 2052 3287 2124 idque
3335 2049 3529 2120 reipsa
3577 2045 3770 2102 mani-

2124 2154 2340 2208 festum
2395 2150 2611 2218 fecerit,
2663 2147 2720 2202 id
2769 2150 2878 2216 est,
2928 2142 3313 2215 supplicando
3366 2139 3478 2194 diis
3525 2136 3769 2204 nostris,

2125 2240 2393 2315 quamvis
2441 2241 2748 2309 suspectus
2799 2235 2856 2288 in
2907 2232 3264 2304 praeteritum
3314 2227 3509 2293 fuerit,
3540 2225 3770 2280 veniam

2125 2312 2194 2388 ex
2253 2328 2593 2401 poenitentia
2650 2326 2923 2395 impetret
2967 2344 2994 2371 ‹‹
3056 2319 3225 2392 (Plin.
3287 2316 3470 2387 ibid.).
3531 2312 3774 2368 Nullum

2126 2421 2306 2492 igitur
2358 2416 2819 2474 Christianorum
2869 2410 3088 2466 crimen
3122 2426 3155 2463 a
3195 2406 3502 2477 judicibus
3551 2401 3775 2473 inquiri

2125 2510 2327 2571 voluit,
2352 2507 2582 2578 sedieos
2612 2503 2835 2560 oblatos
2867 2502 2937 2555 ob
2971 2499 3162 2554 solum
3194 2511 3368 2552 suum
3401 2510 3634 2563 nomen,
3671 2507 3776 2548 nec

2128 2598 2384 2670 amplius
2424 2596 2674 2659 auditos,
2709 2589 2924 2663 puniri,
2978 2586 3091 2642 nisi
3141 2587 3285 2640 forte
3338 2585 3446 2639 hoc
3495 2584 3779 2655 negarent

2128 2705 2341 2744 nomen
2373 2701 2565 2753 suum,
2599 2681 2877 2751 falsisque
2908 2677 3019 2732 diis
3051 2674 3466 2748 supplicarent.

2198 2799 2336 2851 Jure
2367 2793 2564 2864 itaque
2612 2788 2818 2844 merito
2850 2785 3138 2842 exclamat
3182 2780 3582 2850 Tertullianus
3617 2794 3628 2833 :
3665 2800 3693 2828 «
3727 2777 3772 2832 Ο

2127 2883 2476 2941 sententiam
2520 2879 2866 2936 necessitate
2910 2875 3213 2932 confusam
3242 2872 3254 2926 l
3290 2894 3316 2920 »
3351 2868 3603 2940 (Tertull.
3639 2868 3779 2938 Apo-

2129 2975 2285 3042 loget.
2347 2988 2472 3042 cap.
2529 2972 2583 3037 2,
2643 2982 2774 3040 pag.
2830 2965 2977 3036 275).
3034 2959 3311 3018 Consulto
3370 2962 3565 3014 autem
3623 2957 3778 3012 dixit

2130 3064 2468 3131 necessitate,
2503 3059 2641 3130 quia
2690 3057 2981 3126 Trajanus
3029 3053 3190 3108 illam
3223 3049 3440 3106 clarius
3489 3044 3778 3118 explicare

2134 3170 2248 3209 non
2284 3155 2528 3224 poterat.
2563 3149 2640 3203 Ea
2681 3162 2814 3202 vero
2862 3144 3106 3200 confusa
3153 3144 3260 3207 est,
3304 3138 3440 3210 quia
3485 3137 3778 3206 Trajanus

2133 3246 2326 3314 negat,
2351 3239 2523 3294 sicuti
2555 3241 2706 3292 recte
2735 3235 2930 3306 arguit
2957 3234 3175 3286 Auctor
3204 3231 3404 3284 noster
3433 3225 3637 3298 (ibid),
3663 3241 3778 3279 non

2134 3329 2485 3402 inquirendos
2517 3326 2899 3389 Christianos,
2933 3325 3134 3392 utpote
3164 3321 3497 3380 innocentes,
3526 3314 3776 3370 nullius-

2134 3438 2245 3493 que
2278 3418 2511 3475 sceleris
2542 3432 2671 3471 reos
2699 3438 2713 3483 ;
2745 3418 2795 3469 et
2825 3412 3061 3468 mandat
3107 3414 3300 3464 tamen
3351 3404 3678 3478 puniendos,
3718 3407 3780 3459 ut

2130 3513 2376 3566 nocentes
2408 3525 2473 3564 ac
2521 3504 3000 3577 gravissimorum
3036 3498 3300 3556 conscios
3329 3495 3637 3552 scelerum.
3670 3494 3776 3548 Ea-

2133 3601 2266 3655 dem
2300 3614 2436 3669 ergo
2466 3598 2588 3652 hinc
2635 3593 2925 3651 sententia
2945 3592 3126 3663 parcit
3163 3596 3214 3644 et
3258 3587 3437 3656 saevit,
3467 3584 3780 3640 dissimulat

2131 3697 2182 3745 et
2210 3687 2598 3743 animadvertit
2629 3683 2832 3754 (ibid.).
2859 3679 3240 3736 Clementiam
3268 3676 3484 3748 quippe
3506 3673 3779 3730 dissimu-

2133 3778 2236 3844 lat,
2271 3776 2561 3849 parcendo
2610 3771 2977 3840 Christianis,
3012 3768 3112 3840 qui
3156 3766 3458 3838 judicibus
3490 3781 3605 3819 non
3637 3762 3776 3818 oﬂ'e-

2132 3869 2431 3924 rebantur.
2484 3862 2657 3919 Savit
2701 3878 2833 3918 vero
2892 3859 2952 3915 in
3011 3857 3258 3924 oblatos,
3309 3852 3545 3910 tametsi
3603 3852 3778 3906 inno-

2132 3961 2351 4024 centes,
2383 3970 2530 4026 quos
2579 3968 2754 4008 suum
2786 3951 3070 4005 duntaxat
3117 3946 3189 4002 ob
3220 3959 3434 4001 nomen
3469 3942 3638 4012 jubet
3669 3957 3777 4012 pu-

2132 4046 2266 4104 niri.

2204 4147 2269 4200 In
2291 4145 2412 4199 tota
2434 4157 2569 4214 ergo
2595 4138 3061 4196 Christianorum
3087 4149 3264 4189 causa
3284 4129 3430 4186 nihil
3462 4128 3618 4185 aliud
3652 4116 3782 4200 pos.-

2132 4235 2453 4300 tulabatur,
2489 4229 2658 4288 sicuti
2693 4227 2881 4283 adhuc
2911 4225 2992 4280 ait
3038 4221 3457 4286 Tertullianus,
3490 4216 3605 4273 nisi
3653 4231 3779 4272 con-

2133 4329 2299 4400 fessio
2327 4323 2592 4390 nominis,
2626 4335 2734 4375 non
2786 4316 3128 4375 examinatio
3179 4310 3406 4370 sceleris
3457 4306 3610 4381 (ibid.
3645 4321 3777 4377 pag.

2134 4398 2282 4488 271),
2339 4431 2442 4470 nec
2500 4411 2755 4469 accusati
2814 4405 3093 4464 defensio.
3153 4403 3236 4457 Ad
3296 4400 3429 4456 illos
3486 4398 3781 4488 enimvero

370 4517 516 4573 liani
551 4485 889 4599 sdnsuslqui
923 4485 1133 4571 asserit
1162 4519 1392 4571 tantum
1426 4485 1706 4584 abfuisse,
1741 4520 1805 4571 ut
1831 4515 2026 4587 genti-
2057 4492 2103 4556 D
2134 4485 2502 4562 damnandos
2534 4506 2635 4557 aut
2666 4498 3053 4555 absolvendos
3261 4495 3491 4591 ’ίεξηωῐῐι
3524 4485 3783 4599 ευῖίῖοίθῖ

370 4607 460 4663 les
492 4606 613 4677 illo,
647 4623 823 4678 quem
858 4605 1149 4676 mquitatis
1185 4604 1542 4676 postulabat,
1575 4606 1747 4661 modo
1782 4606 1839 4660 in
1872 4605 2018 4660 981

369 4697 864 4763 Christianorum,
908 4695 1084 4750 sicuti
1137 4695 1385 4750 aliorum
1435 4695 1724 4763 omnium,
1760 4695 2026 4761 erimina,

371 4803 630 4859 quorum
652 4783 1444 4856 lnsimulabantur,unquam
1462 4785 1858 4857 inquirerent;
1886 4785 2028 4857 quin

372 4876 574 4948 potius
606 4875 798 4931 omnis
842 4890 1045 4930 eorum
1095 4872 1394 4945 inquisitio
1415 4873 1722 4945 judicibus
1753 4873 2029 4929 omnibus

377 4965 681 5040 prohibita
713 4969 858 5022 erat.

451 5056 639 5112 Plinio
670 5056 826 5111 enim
861 5053 1116 5110 secundo
1149 5051 1462 5124 Trajanum
1497 5054 1906 5125 imperatorem
1940 5052 2029 5106 in-

379 5145 711 5219 terroganti
745 5145 886 5217 quid
921 5142 1289 5212 Christianis,
1323 5160 1573 5215 quorum
1607 5143 1874 5200 inﬁnitus
1908 5159 2034 5214 pro-

380 5237 701 5309 pemodum
785 5237 909 5290 erat
987 5248 1291 5299 numerus,
1368 5233 1724 5299 faciendum,
1780 5231 1893 5294 ille,
1954 5231 2036 5286 ait

381 5325 806 5395 Tertullianus,
877 5322 1198 5395 respondit,
1279 5321 1374 5378 hoc
1441 5340 1613 5395 genus
1684 5321 2034 5394 inquirendos

383 5414 612 5487 quidem
640 5431 748 5470 non
778 5428 915 5482 esse,
948 5412 1153 5468 oblatos
1190 5427 1313 5467 vero
1361 5415 1553 5484 puniri
1595 5422 1844 5485 oportere
1875 5412 2034 5482 (Ter-

382 5502 517 5559 tull.
575 5503 793 5575 Apotog.
827 5518 876 5556 c.
910 5503 963 5569 2,
999 5501 1232 5572 p.273).
1287 5501 1603 5574 Ipsiusmet
1649 5506 1842 5558 autem
1893 5502 2034 5557 Tra-

377 5593 510 5666 jani
543 5593 666 5649 haec
697 5595 837 5650 sunt
885 5590 945 5646 in
975 5588 1224 5661 epistola
1272 5607 1376 5647 sua
1405 5592 1476 5648 ad
1525 5591 1783 5648 Blinium
1811 5591 1987 5647 verba
2016 5607 2029 5645 :

2137 4597 2252 4664 bat,
2287 4598 2352 4649 ut
2382 4607 2594 4648 nomen
2627 4605 2823 4658 suum,
2858 4603 2958 4643 seu
2993 4602 3055 4642 se
3103 4579 3466 4639 Christianos
3498 4593 3646 4644 esse,
3680 4579 3783 4631 aut

2137 4687 2419 4755 negarent
2449 4685 2549 4736 aut
2579 4678 3013 4734 conﬁterentur.

2209 4781 2368 4846 Quod
2403 4780 2661 4851 quidem,
2687 4792 2862 4847 quam
2887 4774 3157 4845 iniquum
3181 4769 3452 4839 omnique
3476 4764 3598 4838 juri
3629 4763 3782 4819 divi-

2139 4889 2235 4938 no,
2295 4867 2548 4926 naturali
2607 4871 2662 4921 et
2717 4867 2994 4931 humano,
3043 4862 3400 4926 adversetur,
3434 4856 3530 4912 ille
3588 4853 3781 4910 adhuc

2140 4962 2505 5017 demonstrat
2537 4955 2687 5011 982
2714 4953 3156 5025 quzestionibus,
3190 4967 3338 5022 quas
3358 4946 3698 5003 verberibus
3726 4946 3786 4998 et

2139 5048 2448 5107 tormentis
2470 5046 2627 5119 leges
2645 5045 2844 5100 haberi
2869 5045 3178 5114 imperant.
3213 5041 3337 5096 Non
3361 5038 3536 5094 aliam
3567 5036 3786 5107 quippe

2142 5142 2213 5198 ob
2246 5139 2526 5195 rationem
2576 5134 2821 5191 exerceri
2854 5135 3085 5202 debent,
3119 5148 3297 5204 quam
3336 5134 3402 5185 ut
3449 5129 3788 5198 retegantur

2143 5230 2411 5295 crimina,
2446 5232 2503 5284 et
2558 5226 2791 5281 illorum
2853 5222 3104 5279 accusati
3165 5239 3231 5277 ea
3281 5239 3314 5275 a
3358 5237 3419 5274 se
3477 5215 3790 5273 commissa

2144 5322 2458 5376 fateantur.
2519 5316 2727 5372 Omnia
2773 5330 3026 5384 namque
3075 5311 3288 5383 placita
3335 5307 3688 5381 principum,
3739 5300 3789 5356 si

2142 5411 2376 5482 tyranni
2409 5425 2525 5465 non
2569 5407 2707 5477 sint,
2732 5406 2897 5477 justa
2935 5406 3175 5461 senatus
3223 5398 3512 5469 consulta,
3544 5394 3788 5463 aliaeque

2145 5499 2303 5571 leges
2334 5516 2450 5554 non
2501 5497 2738 5554 omnino
2771 5496 3008 5567 iniqum,
3040 5492 3388 5565 praecipiunt
3432 5485 3604 5543 malos
3642 5483 3786 5552 erui,

2142 5605 2254 5646 non
2283 5587 2564 5659 abscondi,
2611 5587 2784 5643 verba
2834 5587 2972 5642 sunt
3014 5583 3280 5639 Auctoris
3333 5574 3538 5643 nostri,
3588 5572 3790 5643 confes-
