4118 6182
418 195 570 255 1075

933 192 1460 254 TERTULLIANI
1505 193 1830 255 OPERUM
1875 194 2072 253 PARS
2117 194 2166 254 Ι.
2195 227 2271 238 -
2301 195 2575 258 SERIES
2621 200 2671 274 I,
2721 199 3280 261 APOLOGETICA.

3658 198 3805 257 1076

414 342 498 382 sos
537 326 823 392 damnari,
858 342 969 380 non
1017 325 1232 381 absolvi
1280 326 1436 394 (ibid.
1471 343 1600 396 pag.
1631 328 1772 394 276;
1825 333 1881 381 et
1909 325 2010 381 lib.
2044 345 2062 382 ι
2091 330 2147 393 Α
2176 330 2392 400 quippe
2429 331 2644 387 tabella
2693 349 2808 386 non
2855 333 3088 403 aliquod
3145 331 3635 396 Christianorum,
3667 331 3812 384 sicut

415 415 487 470 ad
542 417 759 471 Nation.
813 431 939 484 cap.
971 416 1024 482 2,
1080 430 1212 483 pag.
1258 414 1406 483 560).
1440 415 1523 466 Ad
1575 414 1886 485 Scapulam
1928 431 2061 469 vero

409 503 671 575 judieem
705 503 976 558 similiter
1024 504 1363 558 scribebat:
1406 524 1426 548 ‹‹
1461 504 1607 566 Quid
1655 503 1909 573 amplius
1959 504 2063 558 tibi

417 593 748 661 mandatur,
783 608 960 663 quam
995 597 1268 646 nocentes
1301 592 1931 660 confessos,damnare,
1965 608 2064 646 ne-

415 685 622 752 gantes
669 686 860 735 autem
915 681 986 735 ad
1037 684 1328 736 tormenta
1373 697 1635 734 revocare
1667 704 1693 729 ››
1745 682 1948 751 (Idem,
1999 681 2068 735 ad

421 768 644 842 Scapul.
681 785 808 840 cap.
842 769 893 840 4)
922 772 943 822 Ρ

486 879 908 933 Verumtamen
943 875 1395 941 ethnici,contra
1423 875 1576 930 hanc
1607 879 1770 930 tanta
1800 875 2070 947 aequitate

419 964 820 1038 prmsoriptam
846 964 1304 1033 judicandorum
1338 980 1570 1018 reorum
1604 963 2068 1029 normam,Chri-

421 1055 644 1111 stisnos
677 1069 790 1108 non
845 1054 914 1107 ad
973 1051 1207 1122 aliquod
1255 1051 1448 1107 scelus
1496 1052 1916 1117 conﬁtendum,
1968 1053 2068 1108 sed

420 1143 756 1214 negandum
813 1142 1242 1196 crudelissimis
1314 1141 1706 1211 quaestionum
1761 1142 2071 1196 tormentis

419 1231 872 1302 compellebant.
905 1231 1260 1285 Persuasum
1294 1246 1430 1300 ergo
1479 1230 1692 1285 habere
1743 1231 2072 1285 debuerunt

419 1320 550 1376 illos
583 1336 710 1375 esse
742 1318 1036 1384 innoxios,
1063 1323 1119 1373 et
1150 1317 1370 1372 nullius
1394 1333 1523 1373 reos
1546 1318 1832 1384 criminis,
1858 1319 2074 1390 quippe

421 1412 522 1478 qui
571 1408 714 1463 illud
766 1409 836 1464 ab
890 1408 1036 1478 ipsis
1087 1407 1286 1478 negari
1335 1408 1570 1474 vellent,
1619 1413 1719 1463 aut
1763 1424 1883 1477 eos,
1917 1409 2070 1478 quod

423 1498 589 1553 nefas
619 1501 728 1564 est,
760 1497 806 1552 si
859 1498 940 1551 rei
972 1499 1178 1560 forent,
1226 1496 1397 1567 plane
1448 1495 1699 1550 mentiri.
1752 1497 2074 1559 Quaestione

425 1585 718 1656 siquidem
751 1585 907 1647 torti,
940 1585 1273 1639 fatebantur
1305 1586 1615 1654 palamque
1648 1584 1983 1639 clamabant
2012 1600 2074 1640 se

427 1691 556 1732 esse
587 1673 969 1729 Christianos.
1004 1673 1114 1727 Sed
1165 1672 1380 1728 ethnici
1435 1672 1648 1744 quibus
1701 1672 1846 1728 alios
1895 1674 2074 1728 conﬁ-

426 1767 620 1821 tentes
641 1777 768 1818 reos
793 1762 1049 1834 amplius
1072 1766 1342 1831 torquere
1365 1761 1451 1815 fas
1473 1777 1587 1815 non
1620 1764 1764 1830 erat,
1798 1760 2077 1817 Christia-

432 1869 540 1907 nos
571 1850 759 1906 dirius
783 1851 1071 1922 jubebant
1111 1850 1380 1916 cruciari,
1414 1851 1597 1905 donec
1644 1853 1943 1921 negarent,
1980 1854 2080 1904 aut

434 1944 804 1995 necarentur.

505 2031 677 2082 Recte
699 2043 834 2098 ergo
855 2025 1257 2082 Tertullianus
1281 2025 1413 2082 illos
1443 2025 1523 2082 sic
1555 2031 1723 2100 urget
1755 2045 1766 2082 :
1798 2050 1824 2077 ‹‹
1857 2026 2080 2082 Videtis

431 2116 725 2187 quomodo
785 2115 898 2186 ipsi
968 2131 1066 2170 vos
1124 2119 1325 2169 contra
1378 2116 1657 2170 mandata
1711 2115 1958 2185 faciatis,
2018 2119 2082 2169 ut

433 2206 734 2260 confessos
769 2221 980 2275 negare
1034 2204 1276 2275 cogatis.
1306 2205 1461 2259 Adeo
1511 2205 1869 2260 conﬁtemini
1914 2205 2080 2259 inno-

432 2298 627 2350 centes
654 2310 782 2349 esse
805 2309 1086 2364 nos,quos
1108 2294 1383 2348 damnare
1406 2293 1605 2348 statim
1630 2310 1697 2348 ex
1719 2293 2082 2349 confessione

434 2401 550 2440 non
605 2383 783 2439 vultis
817 2405 845 2432 ››
891 2383 1076 2452 (Idem
1126 2381 1198 2437 ad
1247 2382 1465 2454 Scapul.
1523 2399 1649 2454 cap.
1685 2384 1760 2453 4).
1812 2385 1882 2437 At
1930 2388 2083 2437 certe

435 2472 496 2527 hi
544 2476 710 2527 tanta
768 2471 965 2543 legum
1027 2487 1267 2526 suarum
1327 2471 1803 2541 prmvaricatione
1859 2471 2084 2542 scipsos

438 2560 921 2615 manifestissime
973 2560 1462 2614 condemnabant.
1511 2559 1872 2614 Christianos
1903 2559 2082 2628 enim,

439 2665 546 2706 nec
596 2649 848 2715 auditos,
884 2664 988 2703 nec
1041 2649 1334 2715 defensos,
1373 2653 1655 2720 tanquam
1709 2649 1972 2703 omnium
2026 2647 2084 2702 in

441 2739 603 2806 deos,
660 2737 839 2808 leges,
902 2737 1306 2807 imperatores,
1387 2753 1599 2806 mores,
1658 2737 2089 2808 ipsamquemet

442 2831 648 2888 contra
703 2830 974 2882 naturam
1030 2826 1346 2881 criminum
1421 2843 1549 2881 reos
1620 2826 2082 2881 insectabantur.

445 2917 597 2972 Dum
629 2932 765 2987 ergo
815 2913 1155 2969 nitebantur
1205 2913 1336 2969 illos
1381 2914 1700 2984 quaestione
1751 2915 1822 2969 ad
1871 2931 1939 2969 ea
1986 2929 2086 2969 ne-

2174 415 2422 472 aliorum
2475 425 2660 474 morte
2711 421 3144 485 damnatorum,
3190 421 3417 474 crimen
3469 419 3811 482 notabatur;

2175 507 2273 561 sed
2308 508 2497 562 solum
2529 509 2994 564 Christianorum
3031 526 3235 564 nomen
3269 525 3282 562 :
3316 534 3345 558 α
3382 508 3463 562 De
3495 507 3724 573 tabella,
3743 509 3819 563 ait

2175 596 2575 651 Tertullianus
2609 614 2707 652 eos
2739 597 3110 668 alloquendo,
3143 597 3406 653 recitatis
3462 595 3631 650 illum
3661 595 3820 649 Chri-

2177 685 2432 738 stianum
2473 707 2502 734 »
2556 687 2822 755 (Tertull.
2884 689 3108 757 Apolog.
3177 703 3301 758 cap.
3367 688 3426 752 2,
3491 701 3622 757 pag.
3678 685 3816 752 279).

2178 773 2441 843 nihilque
2491 775 2765 845 amplius.
2799 778 2869 830 At
2919 791 3053 830 cum
3085 789 3177 829 res
3207 775 3288 829 ita
3341 773 3444 841 sit,
3481 773 3668 844 pergit
3711 773 3818 839 ille,

2177 867 2330 917 certe
2363 879 2375 916 :
2411 862 2823 918 «Christianus
2846 865 2895 918 si
2919 863 3140 919 nullius
3171 862 3445 918 criminis
3480 876 3691 917 nomen
3721 867 3818 928 est,

2179 949 2345 1006 valde
2369 950 2652 1021 ineptum,
2673 952 2723 1006 si
2748 951 2930 1008 solius
2953 951 3229 1016 nominis,
3253 950 3486 1005 crimen
3511 955 3602 1005 est
3625 973 3651 997 »
3680 952 3819 1019 (Ter-

2182 1040 2306 1094 tull.
2341 1039 2524 1103 ibid.).
2561 1041 2631 1094 Et
2660 1039 2740 1094 ita
2789 1041 3028 1110 quidem
3067 1039 3125 1094 in
3176 1038 3415 1110 Rigaltii
3464 1039 3732 1093 editione.
3769 1038 3820 1092 In

2179 1128 2400 1183 nostris
2446 1144 2577 1183 vero
2627 1128 2972 1184 codicibus:
3029 1150 3049 1176 α
3087 1127 3464 1183 Christianus
3517 1126 3567 1181 si
3620 1125 3822 1180 nullius

2180 1217 2446 1271 criminis
2478 1232 2687 1270 nomen
2720 1233 2854 1272 reus
2885 1222 2991 1283 est,
3030 1216 3195 1273 valde
3224 1216 3554 1280 incestum,
3579 1236 3606 1264 »
3641 1231 3822 1269 recen-

2181 1306 2358 1360 tiores
2394 1325 2418 1356 a
2453 1305 2759 1369 incertum,
2789 1306 2838 1359 si
2883 1305 3066 1360 solius
3114 1305 3376 1360 nominis
3411 1303 3637 1359 crimen
3669 1309 3766 1358 est.
3799 1326 3822 1350 ››

2183 1394 2245 1448 In
2276 1394 2633 1464 quibusdam
2679 1393 3116 1465 manuscriptis,
3151 1398 3208 1448 et
3238 1394 3421 1448 editis
3452 1391 3704 1463 Rigaltio
3733 1408 3822 1446 an-

2181 1483 2538 1554 tiquioribus
2597 1499 2610 1538 :
2671 1505 2699 1532 ‹‹
2755 1483 3123 1538 Christianus
3180 1483 3228 1537 si
3287 1481 3522 1536 nullius
3579 1481 3823 1536 criminis

2183 1588 2320 1626 reus
2349 1576 2457 1639 est,
2493 1587 2705 1626 nomen
2731 1571 2895 1626 valde
2921 1571 3222 1631 infestum.
3257 1571 3306 1626 si
3359 1570 3554 1625 solius
3588 1568 3824 1624 nominis

2185 1661 2406 1717 crimen
2437 1666 2545 1715 est.
2580 1682 2608 1709 ››
2638 1664 2828 1731 Atque
2870 1659 2992 1716 haec
3031 1661 3258 1714 videtur
3301 1659 3570 1730 genuina
3616 1656 3821 1713 Tertul-

2189 1748 2328 1803 liani
2351 1748 2539 1815 lectio,
2573 1753 2748 1816 atque
2790 1748 2849 1802 in
2882 1747 3014 1803 aliis
3053 1747 3358 1803 codicibus
3392 1764 3463 1803 ea
3501 1763 3611 1801 vox
3648 1762 3825 1801 nomen

2186 1837 2564 1907 transposita,
2598 1841 2655 1890 et
2699 1836 2878 1892 altera
2930 1838 3218 1905 incestum,
3275 1842 3578 1906 corrupta.
3628 1834 3823 1889 Sensus

2189 1941 2444 1996 namque
2534 1924 2882 1980 Tertulliani
2954 1930 3062 1992 est,
3137 1924 3551 1980 Christianum
3629 1938 3820 1978 nomen

2189 2013 2371 2068 fuisse
2417 2012 2667 2068 ethnicis
2695 2012 2861 2068 valde
2913 2014 3216 2078 infestum,
3249 2019 3498 2084 propter
3543 2013 3692 2084 quod
3744 2025 3821 2065 so-

2190 2102 2458 2170 lum,nec
2486 2100 2644 2155 aliud
2675 2117 2915 2171 prorsus
2947 2102 3017 2156 ob
3041 2100 3284 2165 crimen,
3317 2101 3688 2156 Christianos
3717 2102 3820 2153 tam

2191 2190 2506 2246 crudeliter
2533 2191 2887 2260 torquebant
2915 2195 2972 2245 et
2999 2190 3460 2245 interﬁciebant.

2259 2283 2330 2333 At
2362 2277 2589 2332 nullum
2621 2283 2796 2341 certe,
2831 2282 2999 2349 urget
3027 2277 3428 2332 Tertullianus
3463 2278 3618 2347 (ibid.
3639 2275 3819 2345 cap.3,

2193 2384 2324 2439 pag.
2355 2367 2502 2435 281),
2537 2367 2793 2421 nominis
2823 2366 3024 2421 odium
3050 2365 3276 2437 concipi
3308 2371 3526 2436 potest,
3561 2365 3670 2419 nisi
3699 2362 3820 2417 illud

2193 2456 2413 2526 aliquid
2467 2455 2759 2525 signiﬁcet
2807 2455 3144 2523 barbarum,
3198 2461 3299 2509 aut
3347 2454 3627 2509 vitiosum
3673 2453 3725 2506 in
3771 2466 3822 2504 se

2194 2545 2342 2615 ipso,
2370 2543 2457 2598 vel
2492 2542 2805 2614 incognitis
2835 2542 3177 2597 hominibus
3217 2542 3320 2612 qui
3355 2559 3424 2597 eo
3458 2539 3822 2613 appellantur.

2192 2631 2368 2703 Atqui
2399 2631 2614 2686 ethnici
2638 2629 2783 2685 nihil
2807 2634 3116 2702 potuerant
3156 2630 3214 2684 in
3260 2630 3614 2685 Christianis
3643 2629 3820 2696 depre-

2196 2723 2449 2777 hendere
2473 2720 2686 2786 vitiosi,
2720 2737 2868 2790 quos
2916 2717 3002 2774 vel
3035 2718 3214 2774 semel
3256 2719 3468 2773 audire
3519 2717 3819 2772 noluerant.

2198 2810 2353 2868 Nihil
2375 2809 2552 2865 etiam
2583 2808 2897 2863 barbarum
2920 2805 2979 2861 in
2998 2806 3316 2862 Christiani
3339 2803 3749 2876 nomine,quod
3767 2801 3820 2856 de

2195 2901 2471 2965 unctione,
2495 2897 2575 2952 ait
2597 2896 3012 2966 Tertullianus,
3034 2895 3331 2951 deducitur
3362 2896 3522 2966 (ibid.
3550 2911 3673 2965 pag.
3694 2892 3821 2959 281).

442 3005 633 3078 ganda
681 2979 934 3074 sidigere,
968 3003 1302 3058 fatebantur
1348 2979 1549 3074 utique
1603 3007 1723 3058 tam
1765 3003 1911 3059 falsa
1960 3019 2089 3058 esse
2119 3053 2158 3078 η
2198 2989 2313 3078 N69
2343 2987 2544 3078 hilum,
2581 2985 2818 3056 qUidem
2868 2985 3286 3078 Plfimpitebant
3335 2983 3535 3078 ignari
3582 2979 3820 3078 gentiles.

441 3053 510 3149 ἔτι
540 3053 814 3161 crimina?
843 3053 1020 3163 (Ιυᾉω
1070 3108 1305 3147 summa
1353 3053 1476 3146 erait
1526 3090 1761 3147 ίιιοι-υιη
1812 3097 1869 3147 et
1918 3093 2086 3147 ίοηο-
2119 3053 2160 3118 C
2199 3077 2298 3149 qui
2335 3075 2701 3142 Chrestianos,
2738 3091 2851 3129 non
2904 3074 3264 3139 Christianos,
3298 3073 3680 3145 appellandos
3713 3083 3821 3123 esse

446 3183 640 3238 centia
686 3187 745 3238 et
792 3181 1118 3251 integritas.
1155 3182 1214 3234 ln
1259 3179 1366 3234 hac
1404 3179 1604 3250 itaque
1645 3185 1766 3236 tam
1798 3181 2090 3235 horrenda

441 3269 784 3325 eorumdem
843 3268 1306 3325 Christianorum
1373 3267 1675 3324 vexatione
1734 3285 1848 3323 non
1905 3268 2088 3335 aliud,

444 3357 618 3415 sicuti
653 3358 845 3414 aiebat
883 3356 1302 3425 Tertullianus,
1335 3356 1448 3411 nisi
1482 3355 1799 3412 Christiani
1830 3358 2092 3426 :nomz'nis

439 3447 707 3520 praelium
736 3454 818 3502 est
862 3445 1062 3517 (idem,
1104 3445 1378 3516 Apologet.
1433 3462 1564 3516 cap.
1604 3446 1659 3511 2,
1689 3462 1822 3516 pag.
1854 3446 2002 3515 279),
2034 3446 2092 3499 in

447 3553 561 3607 quo
583 3539 861 3607 negantes
892 3534 1363 3602 absolvebantur,
1399 3539 1575 3605 atque
1607 3534 2094 3589 excarniﬁcaban-

445 3629 544 3680 tur
567 3624 929 3680 conﬁtentes.

518 3713 718 3783 Neque
747 3710 1042 3782 putaveris
1067 3711 1390 3781 quidquam
1419 3711 1492 3767 ab
1523 3710 1622 3767 illo
1654 3711 1734 3768 ibi
1767 3716 1866 3767 aut
1896 3713 2096 3767 fictum

450 3804 555 3857 aut
601 3803 1036 3872 exaggeratum.
1082 3799 1227 3855 Nam
1277 3803 1481 3856 eadem
1529 3800 1699 3873 plane
1744 3803 1934 3857 fuerat
1984 3819 2099 3856 non

448 3889 642 3945 solum
672 3887 891 3944 Justini
943 3889 1241 3961 martyris,
1296 3890 1699 3962 Athenagora,
1751 3890 2003 3956 Tatiani,
2038 3893 2102 3946 ut

448 3978 589 4034 alibi
627 3977 883 4033 vidimus
935 3978 1096 4049 (tom.
1132 3979 1151 4032 Ι
1183 3979 1452 4050 Apparal.
1508 3997 1641 4051 pag,
1687 3980 1815 4046 354,
1841 3981 1964 4048 356,
2000 3979 2099 4034 471

447 4073 504 4123 ct
531 4068 679 4136 523),
714 4067 813 4122 sed
847 4065 1140 4122 Melitonis
1171 4067 1370 4133 etiam,
1405 4068 1578 4123 sicuti
1610 4069 1785 4124 refert
1813 4068 2102 4124 Eusebius

448 4157 684 4228 (Euseb.
736 4155 839 4210 lib.
877 4173 932 4211 1v
965 4158 1174 4212 Hister.
1223 4157 1420 4211 Eccles.
1472 4174 1597 4227 cap.
1654 4158 1743 4226 26,
1775 4174 1905 4228 pag.
1957 4158 2101 4228 147),

449 4245 685 4316 publica
717 4245 1126 4317 expostulatio.
1149 4245 1346 4300 Palam
1372 4245 1587 4316 quippe
1606 4246 1909 4316 conquesti
1943 4251 2102 4317 sunt,

447 4333 715 4406 quamvis
772 4333 1005 4389 nullum
1051 4349 1263 4388 nomen
1298 4351 1364 4389 ex
1412 4335 1604 4405 seipso
1637 4336 1855 4389 bonum
1901 4334 1974 4389 sit
2003 4339 2104 4390 aut

2198 3164 2696 3238 garriebant.Nam
2727 3163 2835 3218 hoc
2864 3163 3060 3233 ipsum
3093 3180 3306 3218 nomen
3338 3165 3420 3218 de
3447 3162 3724 3225 suavitate,
3750 3155 3819 3210 vel

2201 3253 2529 3324 benignitate
2567 3251 2894 3307 derivatum
2925 3262 3012 3307 est
3042 3252 3248 3324 (Ibid)
3282 3255 3362 3305 At
3395 3252 3466 3306 de
3497 3251 3603 3305 hac
3628 3246 3817 3302 utrius-

2202 3359 2313 3414 que
2343 3340 2598 3397 nominis
2629 3340 2979 3412 etymologia
3018 3340 3156 3396 alibi
3187 3340 3585 3396 disseruimus
3614 3335 3816 3407 (Disser-

2203 3435 2304 3488 tat.
2335 3433 2395 3486 in
2424 3432 2669 3487 Lactant.
2704 3446 2829 3502 cap.
2864 3431 2950 3498 17,
2985 3433 3097 3485 art.
3130 3429 3203 3500 1).

2805 3560 3124 3600 ARTICULUS
3165 3561 3249 3598 ΠΙ.

2207 3642 2384 3706 Quam
2413 3635 2649 3689 absurde
2693 3633 2898 3688 ethnici
2926 3633 3223 3704 objicerent
3274 3629 3825 3706 Christianospmpter

2277 3724 2440 3762 suum
2470 3709 2566 3761 aut
2595 3708 2838 3760 auctoris
2882 3701 3203 3759 sui'nomen
3232 3704 3357 3759 odio
3413 3701 3693 3766 habendos,
3720 3701 3825 3766 quia

2280 3779 2467 3833 nullus
2495 3778 2847 3848 philosoyhus
2879 3777 3210 3842 Platonicos,
3238 3769 3821 3848 Epicureos,_Pyth€_l_90'

2279 3866 2415 3905 reos.
2446 3840 2668 3914 Stoicos,
2698 3856 2747 3902 et
2794 3848 3160 3913 Academicos,
3191 3840 3385 3902 nullus
3436 3840 3666 3902 medicus
3712 3840 3822 3914 Era-

2279 3924 2589 3987 sistratum,
2621 3910 2808 3973 nullus
2838 3910 3234 3989 grammaticus
3265 3910 3822 3989 Aristarchummulluf

2279 4009 2482 4063 coquus
2539 3977 3139 4062 lpiciumfsectarum
3193 4007 3430 4045 sua-rum
3488 3977 3743 4050 auctores,
3769 3977 3819 4033 ob

2279 4081 2444 4120 suum
2473 4080 2672 4119 nomen
2702 4063 2880 4120 odisse
2905 4063 3328 4135 perhibeantur.

2281 4181 2425 4236 Cum
2461 4179 2605 4236 nihil
2637 4181 2714 4234 sit
2743 4178 2865 4234 sole
2894 4179 3071 4234 etiam
3105 4177 3434 4234 meridiano
3465 4158 3820 4258 clarius,quod

2212 4270 2539 4324 humanum
2589 4268 2909 4339 ingenium,
2951 4266 3110 4321 falsas
3163 4265 3466 4337 religionis
3511 4251 3823 4335 praejudiciis

2211 4363 2584 4424 excaecatum,
2619 4358 2933 4412 obscurare
2987 4372 3102 4410 non
3137 4355 3457 4419 moliatur;
3488 4368 3599 4406 non
3641 4344 3820 4401 mirum

448 4422 697 4515 m§1u_m~
729 4422 1098 4515 ChriStianPS
1132 4429 1317 4477 tamen
1370 4439 1543 4477 suum
1578 4423 1866 4515 duntax‘}t
1895 4423 1966 4477 οῙ)
1999 4439 2099 4515 ’⁷⁷9⁸
2131 4420 2177 4484 Ῑ)
2209 4444 2484 4515 profecto,
2519 4420 2809 4498 sivethnici
2841 4441 3494 4512 quibusdamlitigiosis
3517 4427 3820 4505 disputatio-

449 4511 752 4576 cabulum,
787 4527 891 4570 nec
925 4511 1126 4566 audita
1156 4527 1420 4582 unquam
1455 4527 1653 4578 causa,
1688 4511 2091 4568 condemnari.

448 4600 664 4655 Eodem
692 4603 887 4654 autem
910 4599 1047 4667 telo,
1073 4601 1174 4654 sed
1198 4599 1372 4671 paulo
1393 4599 1559 4654 aliter
1589 4604 1872 4667 contorto,
1907 4601 2102 4656 ethni-

450 4705 550 4744 cos
580 4688 1001 4743 transfixcrunt
1044 4688 1329 4744 Minatius
1361 4689 1540 4756 Felix,
1577 4689 1659 4743 uti
1692 4706 1870 4759 supra
1901 4693 2104 4744 osten-

449 4777 648 4834 dimus
705 4777 1008 4848 (Dissertal.
1058 4778 1118 4831 in
1146 4777 1344 4832 Minut.
1394 4780 1584 4833 Octav.
1637 4794 1764 4850 cap.
1798 4777 1852 4848 8,
1883 4783 1990 4835 art.
2023 4779 2102 4850 2),

449 4869 506 4920 et
535 4865 882 4938 Cyprianus,
917 4864 1089 4919 sicuti
1120 4865 1276 4920 infra
1302 4865 1586 4922 dicemus.

517 4971 631 5028 Nec
665 4970 921 5026 multum
949 4971 1234 5026 curabant
1262 4972 1510 5042 gentiles
1531 4989 1828 5027 summam
1854 4971 2003 5027 hanc
2027 4977 2102 5028 te-

444 5074 580 5130 gere
610 5059 991 5130 injustitiam,
1012 5076 1187 5131 quam
1222 5059 1340 5115 lata
1364 5078 1465 5131 per
1495 5062 1780 5126 tabellam,
1814 5061 1984 5130 cujus
2015 5061 2101 5116 Ci-

443 5163 574 5202 cero
606 5147 759 5202 983
809 5147 932 5218 (lib.
969 5165 999 5201 ν
1032 5149 1090 5202 in
1130 5150 1276 5204 Verr.
1333 5166 1464 5220 pag.
1502 5151 1628 5217 179,
1664 5149 1768 5203 lin.
1807 5150 1872 5203 19
1903 5168 1915 5217 ;
1950 5154 2098 5204 orat.

445 5237 517 5291 23
563 5253 662 5309 pro
714 5238 899 5292 Rubir.
961 5254 1092 5309 pag.
1152 5239 1278 5306 561,
1339 5237 1443 5291 lin.
1510 5237 1839 5304 ult.;orat.
1871 5239 1940 5292 23
1998 5254 2100 5308 pro

451 5327 632 5383 Flacc.
675 5345 806 5400 pag.
854 5328 980 5394 369,
1039 5327 1144 5382 lin.
1207 5328 1314 5395 47;
1349 5332 1493 5384 orat.
1549 5327 1617 5380 37
1676 5330 1735 5382 in
1792 5328 1853 5382 L.
1910 5329 2098 5384 Pison.

454 5433 589 5490 pag.
657 5418 806 5488 513),
885 5416 1102 5487 aliique
1180 5415 1395 5486 saepius
1472 5416 1809 5484 meminere,
1901 5421 2102 5474 contra

457 5521 556 5564 eos
613 5506 904 5564 sententia
956 5505 1017 5562 in
1065 5503 1371 5577 publicum
1429 5505 1819 5577 proferebant.
1870 5506 1933 5564 ln
1990 5507 2100 5566 hac

2213 4534 2384 4588 nibus
2409 4532 2740 4603 propositas
2764 4531 2834 4585 ab
2858 4534 3106 4586 Auctore
3128 4535 3329 4585 nostro
3351 4523 3739 4584 invictissimas
3765 4515 3812 4567 in

2210 4620 2680 4675 Christianorum
2713 4619 3112 4675 defensionem
3161 4615 3686 4692 argumentationes
3711 4604 3816 4698 elu:

2211 4710 2347 4764 dere
2376 4708 2806 4779 aut.infirmare
2856 4709 3224 4764 tentaverint.
3258 4703 3541 4764 Audiendi
3566 4708 3736 4756 tamen
3764 4694 3813 4744 bi

2212 4803 2351 4853 sunt
2408 4797 2509 4868 qui
2565 4795 2924 4852 Christianos
2984 4797 3187 4852 audire
3247 4797 3539 4860 nolebant,
3572 4795 3625 4846 et
3659 4795 3813 4840 'excu-

2211 4885 2443 4951 tiendaa;
2476 4885 2916 4956 qualescunque
2947 4884 3086 4954 sint,
3119 4885 3354 4941 illorum
3388 4885 3646 4940 rationes.

2281 4975 2675 5031 Clamitabant
2703 4977 2899 5030 autem
2921 4989 3037 5028 non
3056 4974 3411 5045 requirenda
3440 4987 3560 5027 esse
3576 4959 3814 5022 Christia-

2211 5081 2421 5121 norum
2474 5063 2715 5134 scelera,
2761 5078 2886 5132 quae
2936 5061 3132 5116 omnia
3189 5078 3307 5116 uno
3365 5074 3559 5117 eorum
3613 5046 3814 5109 nomine

2211 5153 2810 5225 comprehenduntur.
2844 5151 2999 5206 984
3037 5152 3145 5207 Sed
3199 5149 3516 5207 falsissima
3556 5157 3671 5199 esse
3713 5137 3808 5225 haec

2211 5242 2461 5298 crimina
2486 5242 2610 5312 jam
2645 5239 3031 5296 ostendimus.
3063 5240 3174 5295 Fac
3204 5244 3424 5304 tamen,
3456 5236 3502 5292 si
3532 5219 3811 5321 possiet“!-

2211 5336 2330 5387 tam
2360 5311 2499 5387 vera
2528 5346 2656 5386 esse
2685 5345 2860 5399 quam
2894 5327 3042 5384 falsa
3069 5324 3516 5398 sunt,numquid
3540 5311 3805 5376 homicida,

2209 5420 2298 5477 vel
2330 5421 2480 5476 alius
2531 5417 2775 5489 quilibet
2826 5418 3143 5476 sceleratus
3174 5418 3371 5490 homo,
3406 5417 3628 5499 propter
3659 5411 3804 5499 suum

2209 5509 2403 5568 solum
2452 5524 2663 5564 nomen
2716 5508 3094 5567 condemnari
3146 5507 3364 5565 debet?
3393 5506 3578 5564 Nonne
3607 5492 3800 5567 ,Ῑυάίοθε
