4118 6182
353 322 507 380 1077

1263 323 1336 379 D.
1383 321 1479 379 LE
1524 320 1848 381 NOURRY
1892 318 2539 380 OBSERVATIONES
2584 317 2844 377 NOV/E.

3596 308 3751 373 1078

353 455 632 508 tenentur
659 449 827 505 illum
863 450 1085 519 audire,
1118 456 1173 506 et
1203 452 1552 523 investigare
1582 453 1706 520 ubi,
1737 453 1993 522 quando,
2025 454 2081 519 Α
2111 467 2238 522 cap.
2268 450 2354 505 i7.
2388 467 2520 522 pag.
2553 450 2699 520 308),
2731 453 2786 504 et
2817 445 3204 518 Hieronymus
3233 443 3356 516 (lib.
3398 458 3438 498 ιι
3495 443 3616 499 adv.
3646 447 3748 500 Jo—

356 541 672 612 quomodo,
703 541 918 610 quibus
949 540 1123 596 sociis
1156 542 1373 597 crimen
1408 542 1866 613 perpetraverit?
1895 544 1999 596 Ve-

354 646 488 684 rum
521 628 834 684 Christiani
875 636 1077 683 contra
1127 630 1233 682 has
1283 630 1668 698 arquissimas,
1719 629 1800 684 uti
1849 630 1995 684 dixi-

2104 541 2266 609 vin.),
2301 539 2476 610 Apicii
2510 539 2754 613 ejusque
2783 534 3155 591 belluationis
3188 538 3243 588 et
3272 533 3574 588 immensa
3596 531 3743 604 gulae

2107 625 2668 684 meminerunt.Tres
2695 642 2866 697 porro
2898 623 3273 680 Casaubonus
3297 626 3460 677 notat
3489 621 3745 692 Apicios,

353 734 512 788 mus,
545 716 702 788 leges
748 717 1311 772 condemnabantur.
1369 717 1810 789 Iniquissimum
1860 733 1996 789 ergo
2106 735 2322 788 eosque
2369 716 2518 788 gulae
2566 714 2702 770 vitio
2749 715 2996 769 infames
3048 712 3391 783 (Casaubon.
3440 710 3501 764 in
3550 709 3651 764 lib.
3703 725 3745 762 ιι

350 809 480 861 erat
526 804 840 877 gentilium
879 805 1172 876 judicium
1228 806 1485 876 (Tertull.
1549 809 1815 879 Apologet.
1867 825 1992 878 cap.

349 896 408 960 2,
458 909 592 966 pag.
643 894 772 966 279,
825 898 878 949 et
933 893 1034 949 lib.
1083 912 1099 948 ι
1156 894 1224 949 ad
1271 896 1490 951 Nation.
1543 913 1668 968 cap.
1745 899 1798 965 6,
1859 912 1993 969 pag.

352 983 503 1037 566).

423 983 459 1037 6
491 1024 503 1036 .

423 983 716 1140 U)rgebaut
763 1072 961 1125 tamen
994 1070 1240 1142 gentiles
1292 1089 1304 1127 :
1363 1091 1385 1119 α
1436 1074 1605 1128 Secta
1658 1072 1997 1129 Christiano-

351 1174 478 1212 rum
507 1158 702 1212 oditur
733 1157 792 1212 in
824 1157 1058 1214 nomine
1081 1159 1281 1230 utique
1314 1161 1406 1216 sui
1437 1161 1693 1217 auctoris
1750 1184 1777 1211 ››
1831 1163 1992 1234 (Ibid.

2105 806 2298 862 Athan.
2327 823 2454 876 cap.
2482 807 2538 871 6,
2571 822 2698 875 pag.
2732 804 2801 856 :22
2832 807 2889 858 et
2920 802 3131 873 seqq.).
3158 790 3162 794 ’
3190 801 3253 854 In
3307 797 3592 869 superiori
3641 814 3744 852 au-

2104 899 2222 950 tem
2255 894 2666 951 dissertatione
2698 893 2951 964 (Dissert.
2987 893 3046 945 in
3093 889 3293 945 Arnob.
3349 903 3475 958 cap.
3508 886 3598 954 23,
3632 889 3740 940 art.

2105 986 2160 1056 4)
2188 1001 2303 1040 non
2353 983 2532 1039 semel
2582 982 2886 1038 citavimus
2937 978 3122 1050 Apicii
3174 978 3244 1033 de
3293 994 3353 1032 re
3405 973 3744 1046 coquinaria

2105 1073 2321 1130 editam
2355 1071 2929 1129 commentationem.
2952 1069 3148 1139 Neque
3180 1083 3390 1137 magno
3422 1065 3619 1121 labore
3648 1080 3744 1119 no-

2105 1164 2196 1219 bis
2226 1161 2607 1235 persuadebis
2640 1160 2795 1215 hunc
2844 1174 2992 1227 esse,
3050 1157 3120 1212 de
3171 1173 3288 1228 quo
3345 1152 3744 1211 Tertullianus

355 1263 485 1319 pag.
519 1248 666 1317 282).
696 1247 997 1317 Numquid
1038 1264 1172 1319 erge
1210 1250 1661 1306 examinandum
1713 1269 1827 1306 non
1875 1257 1998 1308 erat
2103 1254 2382 1325 loquitur.

352 1339 552 1389 utrum
585 1335 681 1389 ille
713 1340 933 1402 auctor,
968 1340 1067 1390 aut
1097 1337 1225 1406 ejus
1277 1343 1593 1395 sectatores
1638 1341 1769 1396 odio
1801 1358 1998 1396 revera

353 1422 555 1478 haberi
590 1423 910 1478 deberent?
940 1425 1335 1481 Tertullianus
1385 1433 1578 1483 autem
1626 1431 1996 1486 evidentissi-

352 1528 444 1567 me
476 1513 836 1567 demonstrat
870 1515 1138 1570 ethnicos
1187 1517 1443 1572 absurda
1468 1518 1574 1573 hac
1623 1526 1994 1591 argumenta-

349 1600 510 1656 tione
542 1618 602 1656 se
620 1601 781 1673 ipsos
805 1606 1436 1672 suo,quemadmoduin
1472 1607 1995 1678 dicitur,conficere

352 1688 568 1760 gladio.
612 1694 734 1744 Non
768 1691 922 1745 enim
957 1691 1281 1748 Platonicos
1314 1700 1548 1766 propter
1579 1696 1995 1770 Platonis,Epi-

2175 1347 2246 1398 At
2277 1343 2612 1414 quicunque
2645 1340 2840 1408 fuerit,
2873 1337 3071 1392 nullus
3102 1340 3299 1391 tamen
3349 1333 3585 1407 gentilis
3634 1350 3744 1388 un-

2106 1449 2283 1502 quam
2315 1431 2459 1486 dixit
2489 1435 2721 1502 propter
2752 1427 2932 1496 illius,
2965 1431 3065 1481 aut
3096 1424 3343 1480 aliorum
3378 1441 3520 1494 quos
3548 1438 3744 1476 recen-

2107 1519 2554 1587 suimus,solum
2588 1535 2799 1572 nomen
2829 1517 2960 1571 odio
2993 1517 3228 1586 dignam
3255 1530 3381 1569 esse
3411 1511 3745 1567 institutam

2107 1627 2140 1664 a
2169 1609 2430 1680 quolibet
2460 1612 2698 1676 sectam,
2733 1606 2846 1660 nisi
2883 1605 3043 1676 prius
3074 1602 3398 1659 constiterit
3427 1601 3486 1655 in
3539 1616 3607 1655 ea
3637 1599 3746 1655 ali-

2108 1699 2246 1770 quid
2281 1715 2408 1752 esse
2440 1696 2598 1752 mali.
2633 1694 2888 1751 Gentiles
2921 1711 3052 1763 ergo
3085 1709 3200 1748 non
3228 1691 3520 1746 debebant
3551 1689 3746 1744 odisse

352 1784 820 1885 cureoipropter
849 1782 1502 1885 Epicur'i,Pythagoreos
1535 1790 1768 1856 propter
1785 1787 1994 1856 Pytha-
2025 1820 2074 1885 B
2107 1787 2491 1852 Christianos,
2520 1801 2623 1840 nec
2647 1788 2882 1856 propter
2902 1797 3209 1852 suum,nec
3232 1783 3467 1851 propter
3487 1776 3741 1834 auctoris

355 1869 759 1938 gorae,Stoicos
782 1874 1016 1942 propter
1035 1871 1280 1927 Zenonis
1312 1889 1520 1928 nomen
1546 1875 1676 1929 odio
1708 1876 2000 1932 habebant
2025 1865 2074 1885 ³³
2107 1876 2199 1932 sui
2229 1891 2464 1942 nomen,
2500 1873 2609 1928 nisi
2641 1872 3004 1944 exploratum
3041 1874 3176 1924 ante
3221 1868 3567 1923 habuissent
3612 1865 3741 1921 illos

365 1956 573 2028 (lbid.).
611 1961 681 2012 At
727 1958 788 2012 bi
837 1975 1077 2014 suarum
1126 1966 1435 2033 sectarum,
1483 1963 1564 2017 uti
1624 1963 1760 2019 alibi
1805 1968 1999 2020 osten-

361 2045 560 2101 dimus
594 2046 758 2118 (tom.
811 2047 833 2102 Ι
878 2050 1138 2119 Apparet.
1189 2049 1289 2106 lib.
1348 2067 1430 2118 ιιι,
1482 2052 1716 2108 dissert.
1765 2056 1821 2124 2,
1870 2071 1995 2126 cap.

361 2135 448 2201 17,
485 2138 652 2192 art.1
705 2140 762 2190 et
813 2154 976 2209 seqq.
1033 2155 1165 2210 pag.
1219 2140 1355 2194 1123
1408 2145 1463 2194 et
1520 2143 1728 2214 seqq.),
1771 2141 2004 2198 fuerant

360 2227 648 2280 auctores.
683 2225 828 2281 Tum
870 2226 1079 2283 deinde
1137 2245 1169 2282 a
1224 2230 1580 2285 Tertulliano
1629 2236 2004 2288 recensentur

359 2313 718 2380 Academici,
776 2331 922 2384 quos
972 2315 1173 2386 utique
1223 2335 1256 2370 a
1323 2317 1637 2374 Platonicis
1703 2337 2003 2376 secernere

357 2400 588 2456 videtur
618 2402 882 2474 (Tertull.
917 2405 1194 2475 Apologet.
1231 2423 1355 2478 cap.
1415 2408 1490 2477 3,_
1519 2425 1574 2480 p.
1627 2409 1776 2479 282).
1817 2413 2003 2465 Num-

360 2489 502 2560 quid
531 2490 712 2562 igitur
751 2493 822 2546 de
868 2494 1070 2549 mediae
1120 2499 1175 2550 et
1225 2513 1381 2551 novae
1431 2499 1750 2554 Academiae
1785 2499 2002 2572 princi-

366 2578 543 2648 pibus
575 2579 882 2650 Arcesilae,
918 2585 973 2637 et
998 2584 1241 2655 Lacyde,
1294 2584 1445 2640 sicut
1492 2586 1706 2642 ibidem
1741 2587 2004 2644 animad-

360 2665 668 2733 vertimus,
723 2686 1044 2726 sermonem
1113 2672 1319 2729 fecisse
1375 2675 1711 2732 dicendus?
1777 2678 2005 2748 Expen-

362 2754 452 2822 de,
487 2771 705 2825 quaaso,
740 2774 805 2813 ac
837 2761 1172 2830 pronuntia.

435 2860 628 2933 Pergit
658 2863 756 2918 ille
789 2881 873 2932 ac,
908 2888 935 2915 «
992 2867 1214 2934 Nonne,
1265 2871 1479 2940 inquit,
1531 2873 1742 2927 medici
1792 2890 2004 2930 nomen

367 2965 543 3003 suum
577 2951 764 3006 sortiti
798 2959 937 3008 sunt
966 2955 1037 3009 ab
1087 2959 1440 3024 Erasistrato,
1473 2960 1573 3031 qui
1623 2961 1696 3015 ab
1731 2962 1790 3016 A.
1826 2961 2005 3018 Gellio

367 3035 570 3090 nobilis
597 3037 836 3093 medicus
869 3039 1031 3108 (Gell.
1066 3040 1165 3096 lib.
1200 3061 1312 3098 xvu
1343 3047 1494 3101 Noct.
1527 3049 1634 3103 Att.
1669 3065 1796 3120 cap.
1829 3051 1938 3120 11),
1973 3068 2006 3106 a

366 3122 659 3179 Macrobio
689 3126 1025 3182 medicorum
1053 3135 1292 3188 veterum
1322 3135 1700 3192 nobilissimus
1742 3138 2002 3210 appella-

361 3215 461 3264 tur
487 3231 514 3263 s
552 3213 826 3282 (Macrob.
863 3215 964 3272 lib.
984 3235 1063 3274 νη
1093 3220 1511 3295 Saturnal.cap.
1551 3226 1674 3296 15)?
1705 3231 2003 3282 Testatum

360 3303 556 3356 autem
588 3301 793 3359 Strabo
825 3306 961 3360 fecit
992 3308 1248 3380 Smyrnae
1277 3312 1571 3368 exstitisse
1603 3318 1836 3385 patrum
1867 3333 2004 3371 suo-

360 3405 490 3442 rum
544 3394 803 3463 tempore
848 3394 1313 3454 Erasistrataeam
1364 3401 1666 3458 medicinae
1739 3404 2002 3459 scholam

361 3478 569 3546 (Strab.
603 3479 701 3534 lib.
733 3499 814 3536 xu
847 3481 1038 3554 Georg.
1072 3503 1203 3558 pag.
1237 3490 1386 3560 580).
1431 3490 1803 3547 Celeberrimi
1835 3511 2003 3563 porro

358 3564 540 3636 hujus
570 3570 782 3625 medici
815 3570 1166 3632 Plutarchus
1197 3577 1320 3648 (lib.
1356 3596 1410 3634 1v
1432 3580 1678 3651 Sympos.
1712 3587 1916 3652 quaest.
1954 3584 2002 3638 1.

358 3671 494 3726 pag.
521 3656 648 3723 603,
683 3663 739 3713 et
770 3658 873 3716 lib.
907 3678 1003 3730 vn,
1038 3670 1243 3734 quaest.
1280 3669 1329 3734 1,
1363 3685 1492 3739 pag.
1528 3670 1653 3736 698,
1690 3678 1744 3723 et
1792 3670 1851 3724 in
1889 3671 2004 3726 Vita

358 3742 596 3798 Demetr.
631 3762 762 3818 pag.
793 3749 920 3820 907)
954 3768 967 3817 ;
1021 3752 1246 3808 Plinius
1277 3754 1400 3823 (lib.
1449 3773 1580 3811 xxrx
1611 3763 1808 3814 Natur.
1865 3761 2001 3814 Hist.

359 3846 489 3902 cap.
525 3834 577 3898 1,
609 3851 741 3906 pag.
775 3837 936 3909 603);
965 3839 1232 3899 Valerius
1266 3843 1553 3902 Maximus
1586 3846 1768 3917 (lib.v,
1802 3850 2001 3919 cap.7,

357 3920 491 3991 §1),
525 3925 581 3976 et
609 3922 879 3980 Chronici
939 3929 1254 3987 Eusebiani
1285 3935 1404 4002 (ad.
1455 3952 1590 3990 ann.
1651 3936 1811 4008 1755)
1865 3937 2003 3993 scri-

358 4011 496 4078 ptor
528 4011 889 4069 mentionem
921 4017 1202 4075 fecerunt.

429 4114 690 4187 Denique
719 4125 887 4191 coqui
914 4126 1084 4179 etiam
1123 4130 1518 4199 cognominati
1552 4135 1712 4200 sunt,
1745 4131 1828 4187 ait
1869 4135 2002 4186 Ter-

355 4201 669 4274 tullianus,
742 4209 809 4262 ab
866 4211 1075 4282 Apicio,
1142 4231 1315 4286 quem
1386 4217 1525 4272 alibi
1581 4219 1732 4273 inter
1785 4235 2004 4289 coquos

365 4291 833 4361 pretiosissimos
881 4306 1164 4372 recenset,
1207 4305 1452 4376 ejusque
1484 4309 1857 4364 condimenta
1904 4325 2003 4363 ex-

359 4380 549 4450 agitat
577 4381 842 4452 (Tertull.
874 4388 1155 4460 Apotoget.
1189 4408 1313 4463 cap.
1347 4395 1400 4461 3,
1426 4411 1558 4466 pag.
1589 4397 1659 4463 5;
1689 4397 1753 4452 de
1799 4397 2000 4466 Pallio,

353 4483 485 4538 cap.
521 4468 652 4535 ult.;
683 4472 746 4526 de
774 4475 958 4530 Anim.
993 4495 1120 4549 cap.
1154 4480 1357 4549 33).Ab
1388 4483 1664 4539 Athenaeo
1698 4493 1893 4540 autem
1912 4486 1999 4540 di-

354 4556 580 4612 scimus
598 4556 754 4614 hunc
775 4561 987 4617 Tiberii
1011 4564 1381 4636 imperatoris
1401 4570 1612 4625 steculo
1636 4570 1998 4627 ditissimum

353 4641 561 4712 fuisse,
597 4647 698 4701 sed
731 4647 866 4704 luxu
901 4651 1185 4720 solutum,
1228 4655 1443 4711 multas
1491 4659 1710 4713 ventris
1754 4663 1810 4715 et
1851 4659 1997 4731 gulae

351 4731 499 4786 vitio
530 4735 825 4805 myriadas
885 4757 1260 4800 nummorum
1309 4745 1658 4817 profudisse,
1720 4765 1784 4802 ac
1839 4749 2002 4803 varia

353 4817 757 4908 placentarum
796 4841 1009 4896 genera
1041 4831 1167 4900 ejus
1214 4833 1450 4889 nomine
1494 4835 1731 4890 vocitari
1763 4836 1996 4908 (Athen.

350 4906 460 4962 lib.
495 4925 514 4964 ι
539 4911 895 4985 Deipnosoph.
931 4933 1058 4989 cap.
1096 4920 1146 4990 1,
1179 4937 1312 4993 pag.
1361 4923 1440 4992 7).
1501 4923 1674 4979 Plura
1721 4906 1897 4980 etiam
1929 4927 2001 4980 de

348 4996 455 5052 illo
488 4997 725 5071 Seneca,
751 5004 920 5074 cujus
955 5006 1074 5061 haec
1104 5011 1489 5081 tantum,quaa
1530 5013 1600 5067 ad
1637 5013 2000 5083 propositum

349 5091 622 5142 nostrum
685 5093 873 5163 magis
929 5095 1174 5162 faciunt,
1243 5100 1417 5154 verba
1489 5101 1995 5157 transcribemus:

348 5196 380 5222 ‹‹
415 5174 654 5245 Apicius
685 5185 887 5236 nostra
917 5185 1198 5241 memoria
1225 5187 1386 5253 vixit,
1422 5189 1521 5259 qui
1553 5190 1610 5244 in
1643 5205 1710 5245 ea
1742 5190 1904 5258 urbe,
1933 5207 2001 5245 ex

349 5278 470 5331 qua
499 5263 812 5335 aliquando
867 5271 1220 5344 philosophi,
1275 5275 1436 5331 velut
1486 5285 1856 5350 corruptores
1899 5279 1997 5349 ju-

349 5353 610 5440 ventutis
651 5357 802 5413 985
854 5362 1016 5417 abire
1057 5364 1214 5433 jussi
1281 5371 1440 5434 sunt,
1511 5368 1815 5424 scientiam
1867 5387 1997 5440 pro-

353 5437 546 5508 priam
581 5446 902 5516 professus,
935 5451 1245 5522 disciplina
1288 5470 1397 5510 sua
1428 5457 1705 5512 saeculum
1738 5437 1937 5514 infecit
1966 5479 1995 5509 »

355 5525 578 5619 (Sanco.
624 5531 690 5588 de
728 5537 922 5593 Conso!
965 5539 1038 5594 ad
1085 5542 1293 5596 Helvid.
1347 5559 1474 5614 cap.
1535 5545 1622 5613 10,
1681 5563 1816 5619 pag.
1847 5547 1994 5614 781).

357 5612 516 5671 Alibi
547 5624 740 5679 autem
772 5623 888 5698 ille,
920 5629 1075 5686 sicut
1102 5629 1329 5687 Plinius
1359 5612 1485 5702 (lib.
1516 5650 1574 5690 ix
1604 5612 1798 5692 [Va—tur.
1857 5612 1995 5692 Hist.

2109 1981 2238 2019 esse
2269 1963 2476 2019 malos.
2508 1962 2683 2033 Atqui
2725 1963 2849 2032 jam
2898 1958 3264 2016 ostendimus
3313 1957 3551 2013 eosdem
3597 1969 3742 2025 gen-

2113 2052 2241 2108 tiles
2272 2069 2460 2123 neque
2489 2051 2752 2117 scivisse,
2781 2066 2966 2119 neque
2991 2048 3139 2103 scire
3184 2052 3284 2102 aut
3311 2047 3607 2118 inquirere
3638 2061 3747 2098 un-

2110 2158 2283 2213 quam
2310 2141 2562 2197 voluisse
2589 2143 2784 2193 utrum
2815 2137 2900 2192 illi
2931 2137 3152 2208 aliquid
3176 2134 3595 2208 agerent,quod
3619 2132 3749 2188 odio

2109 2236 2165 2286 et
2196 2247 2366 2302 pmna
2391 2233 2546 2284 esset
2568 2226 3062 2299 prosequendum.

2182 2341 2394 2392 Contra
2423 2339 2618 2390 tamen
2650 2332 2869 2388 nemini
2895 2348 3135 2404 prorsus
3167 2330 3596 2401 incompertum
3631 2331 3756 2383 erat

2112 2425 2475 2482 Christianos
2504 2439 2601 2478 suo
2631 2423 2810 2492 titulo,
2842 2420 2962 2476 sive
3007 2436 3183 2475 suum
3217 2420 3501 2474 duntaxat
3539 2418 3610 2473 ob
3645 2434 3751 2474 no-

2115 2531 2247 2569 men
2277 2514 2506 2568 actibus
2549 2528 2615 2568 ao
2663 2510 2969 2566 sententiis
3018 2509 3335 2580 praesidum
3387 2507 3586 2563 statim
3617 2523 3753 2562 con-

2115 2602 2401 2666 demnari,
2437 2607 2609 2671 atque
2640 2600 2820 2655 oblati
2853 2599 2970 2653 illis
3021 2599 3274 2652 fuerant.
3324 2597 3468 2651 Nam
3518 2601 3755 2667 propter

2115 2693 2224 2746 hoc
2247 2692 2443 2763 ipsum
2474 2690 2665 2744 solum
2690 2704 2901 2743 nomen
2926 2688 2997 2742 ab
3024 2684 3142 2742 illis
3156 2686 3533 2741 condemnari
3555 2689 3755 2740 vestros

2115 2781 2224 2835 hoc
2291 2785 2380 2834 est
2437 2778 2726 2850 judicum,
2796 2775 3101 2846 inquiebat
3163 2773 3578 2838 Tertullianus,
3633 2774 3754 2842 jam

2115 2872 2481 2925 contestamur
2508 2870 2681 2933 actus,
2713 2867 2805 2937 qui
2834 2863 3073 2934 quotidie
3110 2862 3429 2934 judicandis
3474 2861 3753 2929 custodiis,

2115 2959 2172 3012 id
2207 2961 2297 3012 est
2326 2956 2544 3011 carceri
2567 2953 2938 3024 mancipatis,
2965 2952 3296 3024 praesidetis.
3328 2952 3425 3024 qui
3464 2952 3756 3006 sententiis

2114 3047 2296 3118 elogia
2323 3045 2650 3116 dispungitis
2683 3041 2946 3113 (Tertull.
2977 3042 3252 3111 Apologet.
3286 3057 3412 3112 cap.
3447 3041 3753 3110 44,ρ.496),

2117 3137 2237 3192 sive
2288 3151 2518 3190 reorum
2570 3131 2974 3187 accusationes
3024 3129 3412 3196 examinatis;
3467 3129 3754 3198 numquid

2118 3227 2268 3279 inter
2297 3223 2426 3277 illos
2458 3237 2662 3276 omnes
2693 3218 2906 3291 aliquis
2939 3219 3206 3273 inventus
3230 3222 3320 3272 est
3360 3217 3617 3286 sicarius,
3651 3232 3755 3270 seu

2118 3310 2455 3369 homicida?
2501 3326 2643 3364 num
2695 3307 2908 3379 aliquis
2965 3306 3386 3362 manticularius
3433 3307 3595 3378 (Ibid.
3668 3305 3751 3360 Cf.

2117 3403 2268 3458 Fest.
2297 3401 2370 3455 ad
2400 3417 2452 3453 ν.
2512 3398 2970 3466 Manticularius),
3021 3396 3138 3451 sive
3187 3395 3287 3467 qui
3331 3394 3649 3466 repositam
3693 3394 3755 3449 in

2116 3491 2365 3546 aliorum
2394 3487 2713 3558 marsupiis
2738 3485 3046 3556 pecuniam
3081 3484 3307 3539 furatus
3338 3483 3460 3538 sit?
3492 3499 3634 3538 num
3656 3481 3758 3537 ali-

2116 3579 2250 3650 quis
2282 3578 2590 3632 lavantium
2619 3574 2827 3646 praedo,
2862 3577 2984 3641 aut,
3017 3576 3081 3628 ut
3123 3572 3262 3627 alibi
3294 3571 3457 3640 dixit,
3505 3574 3601 3642 fur
3632 3569 3755 3626 bal-

2111 3684 2364 3736 nearum,
2396 3665 2498 3737 qui
2527 3664 2845 3720 lavantium
2877 3666 3066 3717 vestes
3098 3666 3201 3716 aut
3223 3665 3529 3733 argentum
3561 3660 3754 3716 subri-

2113 3754 2349 3827 piebat?
2380 3759 2454 3810 At
2484 3758 2637 3809 certe
2663 3753 2724 3807 bi
2754 3767 2957 3807 omnes
3007 3750 3258 3805 ethnicis
3308 3754 3474 3804 erant
3525 3748 3754 3821 (Apulei

2111 3845 2338 3915 Apotog.
2373 3861 2392 3898 ι
2421 3847 2553 3898 ante
2586 3843 2733 3912 fin.),
2767 3846 2824 3896 et
2856 3838 3087 3895 nullum
3119 3838 3199 3893 ibi
3248 3838 3558 3895 invenistis
3589 3837 3750 3894 Chri-

2113 3933 2315 3988 stianas
2347 3931 2646 4001 religionis
2677 3945 2876 3984 verum
2917 3931 3283 3983 sectatorem.
3325 3927 3451 3982 Non
3499 3927 3655 3982 enim
3682 3928 3754 3983 de

2115 4021 2352 4086 nostris,
2387 4019 2577 4092 pergit
2604 4016 3025 4082 Tertullianus,
3058 4016 3158 4070 sed
3190 4015 3253 4070 de
3301 4017 3494 4070 vestris
3539 4032 3756 4086 semper

2113 4113 2312 4166 wstuat
2341 4124 2526 4163 carcer
2554 4107 2766 4178 (Plaut.
2821 4106 3044 4176 Captiv.
3079 4107 3191 4160 act.
3249 4120 3326 4175 ιν,
3360 4119 3516 4160 scen.
3550 4104 3634 4174 ιι),
3665 4107 3754 4160 to—

2112 4203 2326 4269 tusque
2357 4196 2618 4252 scelestis
2647 4194 2853 4251 vestris
2880 4193 3201 4266 gentilibus
3234 4191 3490 4264 repletus
3539 4197 3650 4248 est.
3680 4194 3758 4248 De

2113 4288 2305 4342 vestris
2347 4302 2579 4357 quoque
2615 4300 2828 4357 semper
2875 4283 3105 4338 metalla
3153 4282 3436 4353 suspirant
3484 4281 3754 4352 (Tertull.

2115 4376 2179 4431 de
2207 4377 2379 4444 Fuga,
2411 4392 2538 4446 cap.
2585 4375 2693 4446 13),
2752 4374 2822 4429 de
2879 4373 2952 4428 iis
3010 4370 3250 4439 scilicet,
3309 4369 3411 4442 qui
3467 4368 3754 4427 scelerum

2116 4465 2382 4532 convicti,
2433 4464 2670 4519 metalla
2714 4463 2960 4518 effodere
3003 4462 3360 4533 cogebantur
3412 4482 3439 4509 ‹‹
3490 4460 3755 4531 Denique

2035 4540 2078 4604 D
2113 4555 2183 4609 de
2220 4553 2430 4609 vestris
2475 4568 2706 4623 semper
2753 4551 2951 4606 bestiae
3007 4551 3377 4623 saginantur,
3425 4550 3496 4604 de
3542 4549 3752 4606 vestris

2110 4658 2344 4713 semper
2374 4641 2690 4697 munerarii
2709 4640 3010 4695 noxiorum
3035 4655 3237 4710 greges
3260 4640 3510 4710 pascunt
3540 4661 3568 4688 »
3590 4639 3750 4710 (Ter-

2111 4730 2240 4785 tull.
2273 4732 2494 4801 Apolog.
2529 4745 2656 4800 cap.
2692 4729 2780 4794 44,
2813 4745 2868 4800 p.
2903 4727 3050 4797 497).
3085 4727 3401 4782 Munerarii
3431 4727 3750 4798 autem,uti

2102 4820 2228 4889 jam
2280 4836 2313 4874 a
2357 4818 2523 4873 nobis
2572 4816 2712 4874 alibi
2762 4817 3137 4871 observatum
3185 4820 3274 4872 est
3333 4816 3638 4887 (Dissertat.
3689 4818 3750 4871 in

2109 4907 2303 4963 Minui.
2356 4906 2537 4962 Octav.
2600 4923 2727 4977 cap.
2789 4906 2875 4974 13,
2909 4909 3016 4960 art.
3062 4906 3113 4973 1,
3170 4908 3227 4959 et
3278 4906 3507 4962 Dissert.
3540 4906 3600 4962 in
3651 4906 3752 4961 La-

2109 4999 2275 5051 ctant.
2310 5012 2436 5066 cap.
2480 4999 2572 5063 27,
2615 4998 2720 5050 art.
2756 4997 2828 5064 1),
2886 4994 2924 5048 ii
2974 4996 3158 5059 erant,
3210 4993 3311 5064 qui
3358 4993 3751 5066 gladiatorum

2109 5083 2446 5155 spectacula
2476 5085 2740 5139 edebant.
2760 5083 2824 5137 Hi
2858 5087 3052 5138 autem
3086 5083 3402 5154 pascebant
3433 5087 3489 5139 et
3517 5084 3753 5139 alebant

2111 5173 2333 5240 noxios,
2369 5173 2469 5244 qui
2503 5175 2574 5227 ad
2606 5173 2824 5228 bestias
2856 5172 3118 5226 damnati
3149 5171 3439 5228 debebant
3468 5189 3599 5228 cum
3635 5171 3752 5226 illis

2110 5277 2391 5334 pugnare.
2441 5263 2498 5316 Si
2547 5266 2743 5317 autem
2790 5261 2930 5316 victi
2982 5260 3255 5328 fuissent,
3309 5265 3438 5318 tum
3488 5261 3751 5317 victrices

2108 5350 2305 5405 bestiae
2337 5351 2613 5408 carnibus
2647 5350 2882 5406 illarum
2912 5349 3328 5420 saginabantur.

2179 5456 2386 5512 Nullus
2418 5459 2613 5530 itaque
2642 5475 2710 5514 ex
2740 5458 2950 5514 horum
2973 5473 3215 5512 numero
3239 5461 3362 5512 erat
3383 5455 3749 5512 Christianus

2108 5544 2261 5600 986
2293 5551 2528 5617 propter
2555 5547 2745 5603 scelus
2777 5545 3012 5616 aliquod
3051 5549 3152 5599 aut
3181 5545 3479 5614 conjectus
3510 5545 3571 5599 in
3620 5560 3747 5598 car-

2109 5649 2320 5705 cerem,
2353 5640 2454 5692 aut
2480 5635 2551 5692 ad
2576 5635 2793 5694 bestias
2823 5635 3158 5700 damnatus,
3190 5633 3290 5689 sed
3321 5647 3498 5689 suum
3530 5632 3742 5690 dunta-
