4118 6182
462 302 617 363 1079

977 298 1509 365 TERTULLIANI
1556 302 1879 371 OPERUM
1923 303 2124 367 PARS
2167 301 2217 361 Ι.
2250 330 2327 346 -
2358 302 2633 365 SERIES
2679 305 2730 379 I,
2774 305 3331 368 APOLOGETICA.

3665 310 3798 369 {080

462 440 562 492 xat
591 437 663 493 ob
696 451 929 508 nomen,
954 437 1107 508 quod
1141 435 1286 492 nihil
1318 436 1488 508 plane
1519 437 1658 492 mali
1688 437 1958 494 habebat.
2000 438 2104 493 Pa-
2134 438 2194 503 Α
2224 434 2373 489 hanc
2404 434 2513 491 tibi
2542 437 2704 493 dabit
2737 455 2749 493 :
2786 462 2812 488 ‹‹
2847 439 3097 494 Humani
3133 439 3289 510 juris
3334 444 3390 494 et
3436 440 3688 495 naturalis
3718 458 3799 513 po-

465 525 587 581 lam
637 525 793 581 enim
826 528 882 581 et
933 529 1335 581 asseveranter
1368 525 1765 582 Tertullianus
1806 527 2061 582 affirmat

468 613 682 670 Nullus
714 614 834 670 illic
884 615 1254 680 Christianus,
1304 615 1415 670 nisi
1443 614 1540 671 hoc
1595 621 1814 671 tantum
1874 618 2111 687 propter

469 720 645 760 suum
680 720 894 761 nomen
924 729 937 773 ;
969 712 1067 760 aut
1093 706 1143 759 si
1170 705 1222 759 et
1249 704 1429 771 aliud,
1466 704 1522 759 id
1554 709 1663 770 est,
1711 704 1977 776 capitalis
2007 702 2110 758 ali-

470 793 641 863 cujus
673 794 909 850 sceleris
941 810 1075 849 reus
1105 798 1162 849 et
1192 793 1514 861 convictus,
1538 797 1669 865 jam
1702 810 1813 850 non
1844 791 2109 849 Christia-

466 898 573 937 nus
604 881 869 954 (Tertull.
922 882 1032 937 loc.
1085 883 1230 953 cit.),
1282 883 1384 937 sed
1435 882 1775 937 Christianae
1808 881 2110 953 religionis

464 974 735 1043 apostata
804 975 860 1028 et
933 972 1210 1026 desertor.
1275 970 1422 1026 nihil
1478 986 1614 1043 ergo
1672 970 1964 1041 iniquiras
2042 986 2109 1025 ac

469 1059 683 1117 divinis
726 1063 784 1117 et
843 1059 1121 1116 humanis
1179 1059 1408 1131 legibus
1478 1060 1668 1131 magis
1719 1059 2104 1125 contrarium,

462 1162 639 1219 quam
670 1149 1015 1205 innocentes
1047 1147 1430 1215 Christianos,
1464 1164 1769 1220 nunquam
1801 1147 2033 1202 auditos
2051 1150 2108 1202 et

458 1237 751 1308 defensos,
786 1254 960 1295 suum
994 1238 1185 1293 solum
1217 1237 1289 1292 ob
1336 1254 1548 1293 nomen
1598 1237 2007 1301 condemnare,
2042 1251 2107 1292 ac

460 1325 821 1397 quibuslibet
853 1326 1222 1398 gravissimis
1254 1324 1560 1398 suppliciis
1613 1326 2023 1382 excarniﬁcare
2052 1328 2108 1381 et

463 1414 749 1470 occidere.

1049 1521 1284 1578 CAPUT
1322 1521 1519 1577 XVIII.

470 1609 656 1679 Quam
704 1608 947 1665 absurde
992 1611 1199 1665 ethnici
1238 1611 1567 1678 obiectarent
1601 1624 1658 1665 se
1703 1609 1783 1664 ad
1829 1610 2106 1665 vexandos

534 1681 914 1753 necandosque
946 1680 1285 1737 Christianos
1339 1681 1666 1753 quibusdam
1712 1683 1829 1736 suis
1892 1681 2105 1752 legibus

535 1755 733 1823 teneri,
766 1755 861 1827 qui
887 1754 1180 1827 quaslibet
1206 1762 1501 1810 sanctiores
1565 1762 1678 1809 tam
1722 1769 1878 1827 saepe,
1939 1770 2103 1823 quam

534 1827 762 1897 impune
788 1825 1093 1882 violabant.

977 1956 1294 1997 ARTICULUS
1334 1955 1575 1996 PRIMUS.

459 2027 667 2097 Quibus
713 2029 1025 2084 rationibus
1095 2029 1475 2085 Tertulliauus
1524 2027 1771 2085 ostendat
1811 2028 1973 2084 nulla
2017 2030 2103 2084 vel

526 2100 641 2170 lege
672 2099 764 2156 vel
788 2103 1118 2157 auctoritate
1149 2103 1324 2156 ullum
1376 2101 1652 2157 hominem
1698 2102 1824 2169 cogi
1848 2116 2004 2171 posse
2032 2101 2103 2155 ad

524 2187 668 2239 eum,
728 2189 888 2243 quem
943 2174 1146 2243 falsum
1201 2175 1371 2237 novit,
1423 2172 1582 2229 deum
1635 2173 1946 2241 colendum,
2004 2176 2103 2227 aut

525 2246 701 2299 cuivis
728 2244 1035 2317 libertatem
1063 2244 1259 2317 adimi,
1300 2261 1465 2316 quam
1512 2260 1705 2301 veram
1750 2244 2100 2314 creditlreli-

527 2318 746 2384 gionem
776 2316 1157 2389 amplexandi.

529 2432 786 2488 Gentiles
826 2432 885 2489 in
944 2449 1207 2489 summas
1253 2430 1559 2504 angustias
1608 2430 1845 2487 adducti
1898 2431 1969 2487 ad
2018 2429 2098 2485 le-

459 2534 600 2591 gum
633 2537 875 2577 suarum
900 2522 1329 2589 auctoritatem,
1350 2524 1633 2591 tanquam
1664 2520 1939 2574 ultimum
1967 2536 2096 2591 pro-

459 2608 883 2680 pugnaculum,
929 2609 1238 2680 confugere
1302 2607 1656 2662 nitebantur.
1710 2604 1956 2673 Nostris,
2005 2604 2100 2659 in-

460 2696 762 2767 quiebant,
821 2695 1205 2769 astringimur
1258 2694 1509 2768 legibus,
1570 2711 1696 2766 quae
1756 2693 2101 2766 praecipiunt

456 2784 649 2841 vexari
680 2786 1061 2853 Christianos,
1095 2790 1152 2841 et
1182 2786 1250 2841 ad
1295 2784 1750 2840 internecionem
1783 2799 1968 2855 usque
1999 2800 2096 2838 ex-

456 2873 727 2931 cruciari.
779 2875 959 2932 Nobis
1009 2891 1169 2947 ergo,
1223 2875 1295 2930 ad
1354 2890 1451 2929 eos
1500 2872 1889 2945 torquendos,
1949 2872 2098 2927 scire

456 2964 678 3020 sufﬁcit
709 2980 905 3020 revera
936 2980 1064 3020 esse
1104 2961 1488 3029 Christianos,
1523 2977 1628 3017 nec
1676 2960 1777 3033 qui
1825 2960 2098 3032 qualesve

455 3052 575 3110 sint
604 3053 859 3127 amplius
900 3052 1357 3125 pcrquirendum
1392 3050 1649 3122 (Tertull.
1687 3050 2095 3121 ApolOget.c.3,

456 3158 515 3214 p.
549 3143 696 3214 282).
729 3143 841 3199 Sed
874 3142 1273 3197 Tertullianus
1296 3140 1611 3211 respondet
1642 3156 1847 3194 vanam
1880 3156 2011 3195 esse
2034 3155 2097 3194 ac

456 3230 629 3303 plane
654 3232 974 3287 absurdam
1007 3230 1155 3286 hanc
1184 3228 1770 3301 argumentationem,
1806 3233 1861 3282 et
1918 3230 2102 3299 ipsos-

462 3322 583 3375 met
612 3319 875 3376 ethnicos
917 3319 1001 3375 sic
1050 3319 1369 3389 alloquitur
1402 3335 1418 3374 :
1448 3317 1504 3372 Si
1537 3332 1639 3388 per
1685 3316 1844 3388 leges
1880 3322 2108 3373 vestras

466 3408 553 3464 fas
585 3412 642 3464 et
672 3424 910 3465 necesse
940 3409 1159 3480 putatis
1198 3406 1558 3463 Christianos
1606 3406 1903 3461 inauditos
1933 3412 1990 3461 et
2018 3406 2107 3461 in-

470 3498 739 3554 defensos
771 3498 1179 3565 condemnare,
1208 3512 1320 3551 vzm
1357 3494 1723 3565 proﬁtemini,
1755 3503 1805 3549 et
1860 3496 2111 3566 iniquam

470 3602 542 3642 ea:
570 3602 694 3642 arce
741 3586 1169 3642 dominationem
1217 3583 1439 3654 (ibid);
1480 3598 1547 3637 ex
1598 3599 1748 3649 arce;
1801 3582 2009 3655 inquit,
2050 3583 2108 3638 id

472 3677 587 3741 est,
618 3674 884 3744 forsitan,
914 3689 985 3729 ex
1023 3673 1167 3728 edito
1196 3680 1249 3728 et
1280 3673 1400 3743 ipso
1444 3672 1640 3727 vertice
1676 3673 1921 3728 civitatis
1949 3672 2107 3741 (ibid.

472 3777 597 3834 cap.
652 3764 705 3830 1,
756 3778 888 3835 pag.
942 3762 1089 3833 259),
1139 3760 1640 3832 quemadmodum
1711 3760 1877 3816 initio
1930 3760 2109 3833 hujus

467 3849 602 3905 libri
634 3851 877 3906 dixerat.
911 3849 1019 3916 Qui
1050 3850 1205 3905 enim
1250 3848 1515 3919 quemvis
1546 3852 1912 3918 accusatum,
1940 3848 2109 3905 inau-

469 3939 590 3995 dita
615 3956 812 4008 causa,
856 3938 1514 4008 condemnatjubetque
1558 3937 1826 4009 interﬁci,
1874 3937 1923 3993 is
1977 3955 2107 4011 pro-

468 4028 562 4083 cul
612 4029 790 4085 dubio
848 4045 963 4084 non
1017 4026 1161 4098 aequi
1203 4026 1423 4098 judicis
1467 4027 1732 4098 fungitur
1760 4026 1976 4096 ofﬁcio,
2007 4028 2107 4084 sed

468 4117 929 4174 dominationem
973 4120 1198 4173 exercet
1226 4115 1663 4188 iniquissimam
1696 4130 1761 4172 ac
1790 4116 2107 4173 intoleran-

468 4205 603 4262 dam
634 4206 1029 4279 tyrannidem.

534 4299 753 4352 Verum
785 4300 849 4352 ut
877 4293 1186 4368 gentilium
1234 4292 1617 4365 pertinaciam
1666 4294 1899 4365 penitus
1948 4294 2105 4350 fran-

462 4388 582 4456 gat,
617 4384 776 4441 aliud
807 4387 1223 4457 argumentum
1260 4382 1395 4437 inde
1425 4382 1595 4450 eruit,
1630 4382 1785 4453 quod
1831 4382 2107 4440 omnibus

461 4476 517 4527 et
547 4472 796 4545 singulis
827 4473 1046 4528 dabant
1077 4469 1415 4544 quemlibet,
1450 4486 1565 4525 uno
1595 4476 1651 4525 et
1679 4486 1812 4526 vero
1844 4476 2102 4544 excepto,

2134 1808 2183 1873 B

2220 523 2455 579 testatis
2487 528 2575 580 est
2610 527 2952 599 unicuique,
2986 529 3136 600 quod
3180 527 3483 600 putaverit,
3507 528 3804 597 colcre;nsc

2221 613 2319 668 alii
2363 614 2547 683 obest,
2598 620 2701 670 aut
2759 617 2998 687 prodest
3042 616 3283 671 alterius
3325 615 3535 688 religio.
3582 619 3674 673 Sed
3717 636 3803 674 nec

2220 700 2516 773 religionis
2540 708 2628 760 est
2653 721 2857 777 cogere
2875 705 3369 777 religionemque:
3403 710 3593 777 sponte
3617 707 3805 779 suscipi

2219 791 2445 861 debeat,
2478 809 2593 848 non
2637 795 2730 861 vi;
2776 811 2907 849 cum
2942 799 2998 850 et
3041 794 3246 849 hostiae
3292 794 3361 850 ab
3409 795 3591 849 animo
3636 796 3806 851 libenti

2218 880 2677 952 expostulantur.
2711 885 2796 939 Ita
2824 885 2935 939 etsi
2966 901 3072 939 nos
3105 882 3588 955 compuleritis,ad
3620 886 3807 939 sacriﬁ-

2219 970 2494 1041 candum,
2528 970 2673 1026 nihil
2705 972 3061 1043 prsistabitis
3092 973 3205 1028 diis
3234 972 3463 1028 vestris.
3512 973 3586 1028 Ab
3640 974 3806 1030 invitis

2217 1056 2373 1112 enim
2408 1057 2695 1115 sacriﬁcia
2723 1076 2837 1115 non
2878 1059 3315 1131 desiderabunt,
3352 1060 3464 1115 nisi
3507 1061 3806 1116 contentiosi

2216 1145 2355 1200 sint.
2388 1147 2797 1203 Contentiosus
2827 1148 2983 1204 enim
3017 1154 3166 1205 Deus
3198 1165 3311 1205 non
3343 1152 3431 1205 est
3479 1171 3505 1198 »
3551 1149 3713 1219 (Idem
3755 1150 3810 1205 ad

2215 1234 2442 1306 Scapul.
2476 1252 2604 1308 cap.
2636 1236 2714 1309 2).

2285 1324 2473 1380 Audis
2502 1329 2654 1381 certe
2685 1326 2899 1397 quibus
2932 1330 3147 1382 Auctor
3176 1329 3372 1383 noster
3404 1325 3677 1381 rationum
3708 1343 3805 1383 mo-

2216 1412 2429 1467 mentis
2459 1414 2730 1469 ostendat
2749 1415 3015 1486 juri,non
3044 1414 3234 1471 solum
3267 1415 3638 1485 humano,sed
3664 1416 3807 1470 etiam

2215 1501 2467 1557 naturali
2501 1518 2848 1575 repugnare,
2898 1506 2963 1559 ut
3011 1504 3145 1575 quis
3204 1520 3465 1576 unquam
3520 1502 3633 1558 ulla
3679 1502 3725 1557 vi
3752 1504 3807 1559 ad

2215 1589 2649 1662 suscipiendam
2682 1591 2939 1665 aliquam
2974 1591 3183 1647 falsam
3224 1593 3559 1665 religionem
3586 1596 3677 1646 aut
3706 1590 3811 1645 falsi

2215 1678 2305 1733 dei
2337 1678 2559 1735 cultum
2592 1681 2993 1753 compellatur.
3026 1679 3354 1751 Cujuslibet
3398 1680 3673 1752 siquidem
3704 1678 3811 1734 reli-

2213 1767 2306 1839 gio
2353 1785 2459 1824 nec
2504 1770 2741 1841 prodest
2794 1787 2899 1826 nec
2966 1765 3135 1825 nccet
3188 1769 3375 1835 alteri,
3450 1769 3546 1840 qui
3606 1769 3810 1839 proximi

2214 1855 2305 1911 sui
2334 1857 2488 1912 bono
2522 1861 2625 1913 aut
2656 1858 2811 1914 malo
2853 1874 2959 1914 nec
3006 1858 3213 1913 melior
3260 1873 3366 1913 nec
3397 1858 3554 1929 pejor
3581 1856 3809 1910 efficitur.

2282 1944 2504 2001 Deinde
2532 1962 2666 2001 vero
2698 1947 2851 2002 Deus
2882 1948 2953 2002 ab
2986 1946 3167 2001 invito
3198 1950 3255 2001 et
3303 1944 3617 2001 reluctante
3660 1946 3806 2000 sacri-

2212 2032 2343 2089 ﬁcia
2374 2051 2488 2090 non
2522 2036 2835 2103 desiderat,
2870 2035 2984 2091 nisi
3025 2034 3437 2091 contentiosus
3488 2033 3579 2103 sit,
3627 2033 3676 2087 id
3721 2037 3809 2100 est,

2210 2121 2345 2178 lites
2374 2127 2431 2178 et
2455 2124 2652 2196 jurgia
2684 2125 2976 2180 seminare
3005 2124 3161 2180 velit.
3198 2125 3269 2178 At
3314 2122 3451 2178 talis
3498 2124 3634 2178 deus
3674 2137 3812 2176 verus

2211 2227 2339 2268 esse
2375 2229 2747 2284 nequaquam
2781 2218 2990 2286 potest.
3024 2213 3171 2279 Quin
3226 2212 3404 2268 etiam
3456 2236 3483 2261 ‹‹
3531 2227 3707 2274 nemo,
3751 2210 3813 2263 sit

2209 2301 2401 2356 adhuc
2421 2301 2833 2372 Tertullianus,
2876 2302 2948 2357 ab
2980 2301 3160 2357 invito
3192 2300 3300 2357 coli
3354 2301 3529 2366 volet,
3580 2316 3643 2355 ne
3673 2300 3812 2353 homo

2209 2389 2446 2460 quidem
2482 2412 2511 2440 ››
2544 2390 2752 2462 (Idem,
2785 2391 3072 2461 Apologet.
3124 2407 3252 2462 cap.
3300 2390 3398 2457 24,
3432 2406 3491 2461 p.
3531 2390 3662 2457 418).
3694 2387 3811 2441 Nam

2209 2478 2542 2533 damnanda
2573 2478 2744 2550 plane
2774 2484 2863 2535 est
2893 2478 3214 2548 simulatio,
3248 2484 3305 2533 et
3343 2478 3565 2533 nefaria
3596 2474 3814 2548 hypocri-

2209 2566 2314 2632 sis,
2359 2583 2476 2638 qua
2504 2566 2555 2621 is
2604 2584 2665 2624 se
2702 2584 2835 2624 eum
2886 2568 3073 2624 colere
3128 2567 3382 2623 exterius
3433 2566 3611 2639 tingit,
3658 2580 3803 2637 quem

2208 2655 2457 2712 interius
2490 2657 2716 2729 spernit
2746 2661 2923 2729 atque
2949 2658 3292 2714 detestatur.

2278 2763 2363 2817 Ad
2396 2762 2517 2818 haec
2546 2780 2701 2831 vero,
2733 2779 2800 2819 ea
2830 2781 2971 2820 sane
2996 2768 3086 2820 est
3118 2763 3374 2819 hominis
3427 2761 3716 2835 fragilitas,
3760 2761 3813 2813 ut

2207 2850 2391 2906 Deum
2418 2868 2617 2907 verum
2650 2869 2798 2924 saepe
2829 2854 3045 2925 saepius
3078 2853 3359 2909 offendat.
3394 2852 3567 2923 Atqui
3616 2850 3810 2923 placare

2205 2938 2373 2995 illum
2406 2941 2631 3012 nequit,
2662 2941 2776 2997 nisi
2809 2941 2993 2997 libera
3033 2958 3098 2997 ac
3142 2942 3373 2998 sincera
3406 2940 3581 2996 animi
3610 2954 3810 2994 conver-

2209 3027 2371 3084 sione
2400 3034 2457 3084 et
2504 3030 2864 3102 pmnitentia,
2916 3034 3018 3086 aut
3066 3032 3219 3087 facto
3273 3030 3534 3086 maxima
3585 3028 3813 3084 libertate

2211 3118 2520 3174 sacrificio.
2566 3123 2807 3174 Summa
2846 3120 3024 3191 igitur
3071 3119 3197 3174 sine
3227 3118 3523 3191 injustitia
3568 3133 3718 3173 nemo
3745 3130 3817 3170 co-

2216 3221 2347 3275 gere
2377 3222 2468 3261 me
2500 3211 2689 3279 potest
2719 3208 2789 3263 ad
2824 3208 3276 3263 sacrificandum
3305 3208 3462 3279 Jovi,
3494 3211 3592 3263 aut
3618 3203 3817 3260 cuilibet

2219 3293 2383 3350 alteri
2413 3295 2541 3363 deo,
2593 3313 2765 3368 quem
2799 3314 2913 3352 non
2959 3313 3097 3352 curo
3128 3314 3201 3352 an
3248 3296 3397 3352 mihi
3448 3295 3715 3368 propitius
3737 3290 3817 3362 [sit

2216 3383 2305 3439 vel
2335 3383 2557 3453 iratus;
2591 3386 2775 3441 multo
2808 3386 3004 3442 minus
3034 3386 3083 3441 si
3117 3385 3284 3441 illum
3326 3385 3619 3442 hominem
3646 3382 3815 3446 fuisse,

2219 3488 2325 3528 nec
2356 3474 2610 3545 amplius
2642 3475 2920 3531 exsistere
2949 3479 3104 3531 certo
3131 3474 3348 3531 certius
3383 3473 3744 3547 cognoverim.

2292 3564 2480 3618 Instat
2526 3564 2716 3619 adhuc
2755 3563 3151 3620 Tertullianus
3200 3568 3275 3633 et,
3327 3586 3357 3614 ‹‹
3410 3563 3586 3633 Colat,
3636 3556 3813 3630 inquit,

2220 3650 2371 3707 alius
2400 3652 2606 3721 Deum,
2633 3653 2783 3710 alius
2812 3653 3200 3724 Jovem,alius
3217 3653 3287 3709 ad
3317 3651 3532 3708 coelum
3564 3648 3817 3722 supplices

2220 3757 2432 3798 manus
2466 3744 2682 3810 tendat,
2716 3743 2868 3799 alius
2899 3743 2971 3799 ad
3015 3759 3177 3799 aram
3227 3742 3414 3810 Fidei,
3448 3741 3614 3807 alius,
3660 3736 3704 3794 si
3731 3736 3815 3791 hoc

2217 3831 2457 3901 putatis,
2508 3833 2696 3888 nubes
2746 3836 3013 3889 numeret
3073 3848 3266 3897 orans,
3328 3831 3484 3888 alius
3538 3824 3814 3892 lacunaria,

2219 3919 2369 3976 alius
2400 3921 2657 3977 animam
2690 3938 2856 3978 suam
2888 3922 2993 3977 deo
3024 3938 3127 3977 suo
3170 3923 3396 3991 voveat,
3448 3919 3597 3976 alius
3643 3913 3815 3971 hirci»

2220 4006 2423 4078 (Ibid.).
2460 4007 2661 4065 Nonne
2700 4008 2760 4064 bi
2808 4026 3012 4065 omnes
3060 4025 3221 4080 aequo
3266 4009 3407 4079 jure
3474 4010 3572 4063 aut
3621 3998 3815 4060 tolerari

2217 4099 2319 4151 aut
2347 4096 2725 4153 condemnari
2755 4098 3063 4167 debebant,
3088 4113 3192 4153 nec
3222 4096 3321 4153 uni
3345 4096 3545 4169 potius
3574 4109 3732 4166 quam
3752 4088 3815 4143 al-

2216 4184 2325 4240 teri
2354 4186 2923 4258 eripiendam,quam
2951 4185 3460 4254 voluerit,colendi
3480 4175 3819 4241 libertatem?

2286 4292 2397 4348 Sed
2431 4309 2545 4348 non
2578 4293 2735 4349 clara
2781 4294 3019 4349 omnino
3067 4310 3133 4349 ac
3183 4292 3497 4366 perspicua
3543 4292 3673 4348 sunt
3718 4286 3816 4341 haec

2215 4380 2560 4436 Tertullianl
2591 4383 2788 4450 verba,
2816 4399 2882 4438 ac
2914 4383 3157 4439 forsitan
3208 4381 3522 4439 dubitandi
3563 4380 3711 4436 locus
3746 4376 3817 4430 est

2216 4472 2414 4525 utrum
2446 4470 2722 4542 loquatur
2747 4474 2978 4527 tantum
3028 4472 3097 4526 de
3141 4470 3485 4543 gentilibus,
3539 4472 3632 4525 aut
3671 4466 3732 4521 de
3759 4463 3815 4517 iis

464 4544 896 4617 deumicolendi
930 4560 1280 4616 facultatem.
1306 4560 1453 4614 Nam
1485 4576 1617 4614 cum
1653 4558 1889 4615 dixisset
1919 4577 2101 4616 unum
2136 4544 2180 4610 Ι)
2212 4558 2389 4614 simul
2419 4564 2477 4615 et
2505 4560 2871 4627 Christianis,
2905 4564 2969 4616 ut
3009 4559 3279 4632 pluribus
3334 4560 3529 4616 visum
3560 4560 3661 4613 est.
3692 4549 3813 4620 Quid

463 4649 534 4705 ab
566 4666 704 4719 uno,
737 4654 794 4705 et
850 4648 1031 4705 alium
1084 4650 1155 4704 ab
1206 4648 1318 4704 alio
1364 4648 1543 4703 libere
1593 4651 1649 4702 et
1700 4647 1940 4706 licenter
1969 4650 2098 4718 coli,

462 4738 597 4795 illos
629 4740 714 4795 sic
745 4742 912 4811 urget
946 4756 958 4794 :
1000 4758 1020 4786 ι
1051 4738 1254 4793 Videte
1286 4753 1357 4792 ne
1389 4737 1496 4792 hoc
1530 4738 1598 4792 ad
1649 4736 2101 4811 irreligiositatis
2147 4740 2160 4749 ’

459 4827 715 4901 elogium
747 4831 1082 4894 concurrat,
1133 4825 1387 4881 adimere
1418 4824 1744 4879 libertatem
1780 4825 2099 4898 religionis,

457 4923 514 4976 et
544 4917 890 4974 interdicere
938 4915 1231 4987 optionem
1263 4913 1587 4969 divinitatis
1622 4930 1635 4967 :
1688 4918 1753 4969 ut
1785 4931 1899 4970 non
1930 4914 2101 4971 liceat

459 5008 605 5065 mihi
637 5007 823 5064 colere
877 5022 1050 5079 quem
1103 5005 1298 5073 velim,
1338 5003 1438 5060 sed
1490 5018 1664 5074 cogar
1707 5002 1894 5060 colere
1925 5020 2098 5076 quem

460 5098 644 5155 nolim
679 5120 706 5148 ››
736 5096 895 5166 (Ibid.
934 5113 1059 5168 cap.
1093 5096 1183 5163 24,
1218 5112 1275 5166 p.
1302 5094 1448 5163 418).
1503 5091 1833 5165 Religiosus
1881 5094 2093 5149 etenim

459 5188 653 5246 cultus
684 5186 850 5255 liber,
883 5186 1096 5260 inquit,
1128 5192 1183 5240 et
1209 5182 1571 5240 voluntarius
1611 5199 1739 5239 esse
1769 5181 1961 5249 debet,
1993 5197 2098 5238 nec

460 5280 619 5337 ullus
658 5294 919 5350 unquam
953 5276 1024 5332 ab
1072 5273 1189 5330 ullo
1221 5271 1455 5328 homine
1503 5275 1603 5327 aut
1649 5270 1769 5327 ulla
1817 5270 1940 5343 lege
1970 5269 2097 5341 cogi

454 5374 647 5441 potest
676 5369 749 5423 ad
780 5383 930 5433 eam,
966 5381 1143 5438 quam
1174 5361 1379 5418 falsam
1406 5377 1534 5416 esse
1566 5361 1738 5428 novit,
1762 5360 2096 5432 amplexan-

458 5459 593 5515 dam
642 5456 981 5530 religionem
1032 5471 1045 5509 :
1093 5453 1294 5508 divina
1345 5448 1637 5522 siquidem
1705 5451 1806 5520 rei,
1868 5448 1953 5503 uti
1997 5447 2095 5505 ille

458 5551 662 5618 postea
692 5544 858 5610 dixit,
890 5541 1170 5615 faciunda
1200 5541 1373 5596 libens
1395 5540 1614 5595 animus
1640 5538 1907 5595 indicitur
1938 5538 2091 5608 (Ibid.

455 5633 606 5691 081
642 5648 770 5706 cap.
799 5633 891 5701 28,
924 5647 981 5704 p.
1015 5630 1159 5701 435).
1195 5627 1499 5687 Rationem
1547 5641 1681 5686 vero
1733 5626 1782 5683 si
1832 5627 2092 5700 postules

2208 4663 2341 4703 vero
2372 4648 2420 4703 si
2454 4652 2733 4720 utrosque
2763 4653 2935 4720 atque
2969 4648 3210 4721 insuper
3246 4648 3483 4705 Judaaos
3512 4644 3815 4715 designasse

2210 4735 2485 4791 dicatur?
2517 4737 2595 4793 De
2625 4737 2972 4793 Christianis
3021 4736 3314 4808 siquidem
3351 4739 3409 4791 et
3440 4732 3650 4791 Judssis
3694 4724 3814 4785 scri-

2210 4824 2344 4879 bere
2392 4826 2627 4897 potuit:
2664 4825 2819 4881 Calas
2861 4827 3008 4881 alius
3056 4827 3246 4893 Deum,
3297 4824 3539 4879 unicum
3584 4816 3817 4874 videlicet

2209 4918 2385 4984 atque
2415 4914 2912 4986 omnipotentem;
2946 4916 3017 4970 de
3058 4912 3308 4970 ethnicis
3353 4929 3488 4968 vero
3519 4910 3701 4967 :Alius
3738 4904 3815 4959 Jo-

2206 5018 2349 5072 vem,
2400 5003 2553 5058 sicut
2595 5002 3023 5076 incompertum
3074 5002 3293 5059 nemini
3346 5005 3455 5058 est.
3518 5001 3591 5055 De
3632 4994 3812 5052 iisdem

2207 5091 2386 5146 etiam
2446 5091 2790 5148 Christianis
2839 5093 3031 5148 dicere
3069 5092 3258 5147 adhuc
3303 5089 3537 5163 potuit:
3568 5086 3711 5141 Alius
3752 5076 3811 5134 ad

2204 5178 2396 5233 calum
2448 5179 2716 5251 supplices
2756 5195 2958 5235 manus
2987 5178 3188 5235 tendat.
3241 5177 3387 5235 Nam
3431 5176 3513 5246 hi,
3565 5172 3645 5229 uti
3686 5164 3812 5225 vidi-

2206 5283 2341 5324 mus
2395 5268 2578 5340 (supr.
2636 5285 2762 5340 cap.
2812 5268 2897 5336 il,
2943 5271 3053 5323 art.
3120 5268 3199 5340 3),
3249 5264 3522 5340 expansis
3570 5256 3811 5317 manibus

2205 5362 2387 5413 Deum
2420 5357 2948 5413 orabant.Tametsi
2978 5357 3134 5411 enim
3166 5356 3435 5411 ethnicus
3471 5348 3639 5410 simili
3660 5343 3807 5439 modo

2204 5448 2344 5503 deos
2375 5462 2515 5502 suos
2546 5450 2900 5517 precaretur,
2932 5444 2983 5501 is
3012 5444 3340 5501 Christiano
3380 5449 3571 5499 tamen
3619 5443 3807 5510 oppom

2204 5553 2237 5593 a
2261 5533 2620 5592 Tertulliano
2649 5533 3006 5609 videtur,qui
3035 5532 3253 5592 ibidem
3284 5532 3431 5592 dixit
3450 5550 3472 5615 γε
3501 5530 3650 5588 Alius
3667 5535 3803 5591 γονον

2204 5625 2483 5684 nimirum
2515 5623 2776 5698 gentilis,
2807 5618 3318 5712 manussimi‘lite‘r
3345 5618 3630 5712 tendatad
