4118 6182
329 372 465 434 1081

1229 378 1301 435 D.
1347 377 1443 436 LE
1490 379 1815 439 NOURRY
1863 375 2510 438 OBSERVATIONES
2556 375 2811 436 ΝονλΕ.

3568 371 3723 434 1082

319 505 516 558 Fidei:
566 503 622 557 in
675 504 976 559 codicibus
1026 508 1240 562 nostris
1291 509 1708 577 manuscriptis
1749 508 2044 579 legiturA
2078 507 2296 562 buisset
2337 507 2534 570 deum,
2568 505 2798 560 etiamsi
2857 505 2990 558 aliis
3045 504 3278 575 penitus
3333 505 3721 576 incognitum,

322 593 470 648 988
499 593 692 659 Fidiw,
744 593 845 648 sed
897 593 1269 650 librariorum
1303 597 1499 667 procul
1543 596 1718 650 dubio
1751 613 1964 652 errore.

319 681 694 737 Tolerabilius
727 682 971 738 forsitan
1023 684 1308 754 scriptum
1361 689 1516 740 esset
1559 685 1728 751 Fidii,
1792 702 1964 755 quem

318 770 581 842 gentiles,
605 775 669 825 ut
699 771 856 826 canit
876 771 1135 842 Ovidius,
1157 773 1313 828 Jovis
1345 774 1529 829 ﬁlium
1564 778 1619 828 et
1641 775 1810 828 deum
1837 789 1965 829 esse

316 859 709 930 cpinabantur
763 860 941 929 (Ovid.
991 860 1092 916 lib.
1151 878 1204 916 vx
1252 864 1459 917 Faster.
1491 863 1519 935 §
1549 864 1624 934 4).
1657 863 1829 918 Recte
1859 879 1951 918 au-

315 952 431 1003 tem
461 948 633 1017 Fidei,
685 949 854 1019 cujus
908 953 1191 1021 tanquam
1244 952 1362 1008 dese
1420 952 1704 1024 templum
1749 953 1960 1008 eratin

313 1036 614 1108 Capitolio,
648 1038 1148 1108 quemadmodum
1184 1040 1320 1097 alibi
1355 1042 1794 1098 observavimus
1827 1043 1895 1113 (t.
1936 1046 1960 1095 Ι

312 1126 572 1196 Apparet.
606 1142 663 1197 p.
697 1127 842 1197 r66).

380 1215 468 1269 Ad
497 1215 732 1270 Judaaos
763 1230 897 1271 vero
928 1220 1190 1288 spectare
1230 1218 1500 1274 videntur
1538 1219 1959 1292 subsequentia

309 1303 574 1359 Auctoris
607 1303 788 1360 nostri
819 1305 994 1360 verba
1026 1322 1040 1360 :
1075 1328 1104 1356 «
1140 1306 1318 1374 Alius,
1352 1309 1400 1363 si
1434 1309 1541 1364 hoc
1573 1310 1810 1380 putatis,
1847 1327 1956 1364 nu-

313 1393 416 1447 bes
446 1397 716 1448 numeret
745 1410 938 1449 orans.
971 1412 993 1442 ι
1017 1395 1162 1450 Nam
1195 1397 1264 1451 de
1296 1396 1505 1452 iisdem
1535 1398 1758 1454 Judaeis
1788 1400 1952 1454 Juve-

314 1480 466 1536 nalis
496 1482 709 1536 cecinit
736 1499 746 1535 :

479 1569 704 1637 Quidam
737 1571 912 1620 sortiti
943 1575 1268 1623 metuentem
1293 1575 1511 1624 sabbata
1539 1580 1762 1637 patrem,

475 1633 558 1681 Nil
592 1637 787 1696 praeter
818 1637 986 1683 nubes
1016 1639 1068 1684 et
1098 1637 1215 1685 coeli
1247 1651 1450 1686 numen
1485 1633 1731 1688 adorant.

989 1714 1254 1772 (Juvenal.
1286 1717 1444 1766 Saiir.
1477 1731 1582 1777 xvi,
1618 1732 1665 1766 v.
1697 1719 1826 1779 916.)

372 1811 485 1863 Cur
515 1814 708 1865 autem
740 1811 952 1881 adjecit
981 1812 1377 1869 Tertullianus
1415 1832 1427 1869 :
1461 1815 1526 1869 Si
1555 1815 1652 1870 hoc
1687 1819 1896 1885 putatis
1923 1816 1949 1870 ?

301 1896 503 1952 Nonne
534 1897 626 1953 bis
659 1880 849 1954 verbis
882 1902 1118 1956 eosdem
1162 1902 1394 1958 Judaaos
1436 1880 1711 1958 denotare
1742 1904 1944 1970 voluit,
1977 1880 2024 1943 Β

300 2002 449 2056 quos
479 1985 695 2042 ethnici
725 1992 782 2042 et
813 1989 998 2044 nubes
1029 1994 1085 2044 et
1127 1990 1335 2045 caelum
1375 1992 1616 2047 adorare
1660 1992 1806 2047 falso
1839 2010 1944 2064 pu-

303 2073 556 2129 tabant?
584 2075 729 2131 Huic
761 2083 955 2132 autem
988 2095 1021 2132 a
1051 2079 1407 2135 Tertulliano
1437 2081 1750 2152 opponitur
1779 2082 1943 2148 alius,

302 2162 562 2234 gentilis,
613 2165 714 2235 qui
787 2165 1012 2222 colebat
1069 2169 1366 2224 lacunaria
1423 2186 1664 2225 suorum
1724 2170 1947 2226 scilicet

298 2251 678 2322 templorum,
737 2258 804 2310 ut
852 2255 1003 2311 infra
1046 2259 1445 2313 ostendemus.
1495 2259 1686 2331 Pergit
1740 2260 1856 2328 ille,
1898 2269 1946 2316 et

297 2340 463 2407 alius,
497 2341 707 2412 inquit,
740 2347 882 2414 puta
912 2344 1301 2416 Christianus,
1334 2364 1491 2403 suam
1544 2365 1788 2403 animam
1843 2351 1944 2405 Deo

298 2445 396 2484 suo
436 2438 588 2485 vocat
630 2436 688 2487 et
742 2439 1079 2501 consecret;
1129 2441 1330 2491 contra
1376 2453 1509 2492 vero
1557 2439 1723 2506 alius,
1759 2438 1945 2492 ethni-

298 2533 426 2586 cus,
461 2519 606 2576 hirci
635 2521 894 2578 animam
946 2523 1092 2580 falso
1142 2526 1247 2580 deo
1295 2531 1516 2582 voveat.
1575 2528 1740 2582 Canit
1787 2527 1942 2583 enim

297 2607 577 2680 Virgilius
610 2624 623 2664 :

451 2715 586 2777 Ergo
616 2716 712 2766 rite
749 2730 903 2767 suum
939 2718 1144 2769 Baccho
1175 2720 1410 2769 dicemus
1440 2721 1697 2771 honorem

454 2779 788 2843 Carminibus
818 2783 1022 2843 patriis,
1054 2783 1300 2832 lancesve
1333 2789 1385 2832 et
1415 2783 1519 2832 liba
1546 2786 1816 2842 feremus;

447 2841 508 2890 Et
538 2842 727 2893 ducius
754 2841 918 2894 cornu
948 2841 1111 2894 stabit
1138 2860 1288 2894 sacer
1317 2846 1494 2894 hircus
1524 2848 1588 2895 ad
1620 2862 1784 2907 aram,

1010 2908 1212 2970 (Virgil.
1247 2909 1333 2958 lib.
1368 2922 1405 2956 ιι
1443 2909 1624 2972 Georg.
1654 2925 1707 2960 v.
1739 2911 1871 2972 393.)

291 2980 580 3038 Martialis
618 2999 751 3040 vero
785 3002 797 3039 :

416 3072 534 3119 Yite
565 3085 764 3123 nocens
793 3087 942 3123 rosea
973 3075 1144 3124 stabat
1173 3077 1460 3126 moriturus
1490 3077 1554 3126 ad
1588 3092 1705 3128 aras

449 3135 652 3194 Hircus,
685 3137 1042 3203 Bacchegtuis
1070 3139 1282 3203 victima
1311 3145 1459 3203 grata
1492 3143 1670 3190 sacris.

878 3201 1118 3252 (Martial.
1152 3201 1246 3250 lib.
1275 3201 1348 3261 ni,
1380 3203 1647 3265 Epigram.
1681 3204 1780 3266 24.)

291 3283 503 3340 Verum
556 3287 693 3356 quid
752 3289 946 3343 obtat
1002 3290 1320 3360 quominus
1370 3291 1766 3348 Tertullianus
1817 3293 1937 3349 haec

284 3374 490 3429 omnia
517 3391 631 3430 non
663 3376 1008 3434 Christianis
1040 3383 1098 3434 et
1124 3379 1362 3448 Judaeis,
1398 3383 1497 3436 sed
1531 3381 1673 3438 solis
1704 3382 1939 3454 gentili-

286 3460 400 3516 bus
432 3463 705 3518 tribuat?
755 3465 956 3521 Nonne
1005 3467 1347 3536 Menecwus,
1381 3471 1601 3526 Codrus
1631 3475 1689 3526 et
1721 3471 1938 3542 Mures,

284 3549 356 3603 de
390 3550 611 3621 quibus
661 3569 766 3608 nos
798 3554 856 3609 in
889 3556 1178 3626 superiori
1228 3558 1635 3614 dissertatione
1665 3564 1800 3631 post
1831 3562 1937 3616 La-

283 3640 578 3696 ctantium
609 3641 739 3712 (lib.
779 3659 864 3708 ιιι,
896 3659 1029 3715 cap.
1074 3646 1158 3713 12,
1190 3661 1321 3717 pag.
1346 3647 1470 3717 370)
1506 3648 1936 3720 disputavimus

287 3725 603 3795 (Dissertat.
653 3733 714 3785 in
760 3733 1018 3789 Lactant.
1069 3750 1193 3804 cap.
1247 3735 1333 3801 10,
1394 3741 1503 3791 art.
1548 3738 1624 3807 4),
1677 3738 1935 3793 animam

285 3829 465 3872 suam
489 3817 601 3873 diis
622 3821 944 3875 voverant?
972 3821 1389 3894 Aristophanes
1418 3829 1613 3880 autem
1642 3830 1934 3882 Socratem

286 3901 524 3960 inducit
570 3908 753 3963 nubes
785 3914 1049 3966 orantem
1099 3914 1156 3966 et
1207 3911 1576 3969 invocantem
1617 3915 1931 3987 (Aristoph.

278 3992 487 4060 Nubes,
519 4000 630 4049 aet.
666 3997 686 4050 Ι
721 4013 878 4052 scen.
913 4000 1021 4070 ιιι).
1074 4000 1332 4056 Gentiles
1373 4017 1626 4073 quoque,
1661 4004 1934 4074 sublatis,

279 4085 344 4135 ut
387 4083 614 4138 dictum
648 4089 755 4150 est,
788 4086 844 4140 in
879 4087 1092 4142 coelum
1139 4091 1434 4160 manibus,
1467 4092 1606 4147 deos
1638 4109 1774 4147 suos
1804 4109 1933 4164 pre-

275 4171 589 4226 cabantur.
653 4174 797 4245 Ergo
854 4176 1248 4233 Tertullianus
1298 4180 1369 4234 de
1430 4180 1523 4235 his
1577 4181 1717 4236 solis
1775 4181 1933 4252 loqui

273 4259 485 4329 potius
513 4260 766 4329 videtur,
799 4268 856 4318 et
888 4266 1081 4335 majus
1111 4266 1246 4323 inde
1278 4270 1773 4339 argumentationi
1804 4272 1932 4340 ejus

271 4347 465 4403 robur
507 4350 759 4406 accedet.
825 4352 996 4409 Recte
1049 4354 1305 4425 quidem,
1357 4357 1610 4428 inquies,
1671 4358 1783 4414 nisi
1833 4359 1932 4415 ille

270 4435 402 4490 Jovi
457 4444 779 4510 opponeret
827 4441 1011 4498 Deum
1063 4443 1218 4500 haud
1273 4446 1450 4502 dubie
1496 4463 1718 4518 verum,
1754 4464 1929 4520 quem

267 4525 478 4582 adhuc
510 4527 793 4600 singulari
817 4547 1060 4587 numero
1079 4533 1286 4590 deinde
1310 4535 1636 4607 appellavit.
1656 4538 1765 4592 Sed
1789 4539 1928 4610 quid

266 4618 434 4669 vetat
499 4617 811 4686 quominus
862 4619 957 4675 ille
1008 4621 1134 4676 Jovi
1183 4624 1438 4680 maximo
1482 4625 1790 4697 gentilium
1822 4629 1928 4684 deo

264 4703 462 4760 alium
527 4707 846 4776 quemlibet
903 4709 1022 4765 sive
1080 4712 1394 4783 majorum,
1455 4714 1576 4770 sive
1632 4715 1926 4773 minorum

265 4795 549 4863 gentium
598 4797 771 4851 deum
822 4801 1206 4870 opposuerit?
1253 4804 1492 4873 Quoquo
1526 4808 1720 4859 autem
1753 4807 1925 4862 modo

262 4883 454 4938 verba
489 4885 618 4953 ejus
647 4885 1066 4959 intelligantur,
1095 4906 1162 4945 ex
1205 4890 1276 4945 iis
1316 4895 1467 4947 recte
1508 4893 1745 4948 omnino
1788 4911 1923 4950 con-

263 4970 464 5028 cludit
498 4973 764 5030 ethnicos
805 4981 1010 5033 contra
1049 4979 1151 5050 jus
1201 4995 1404 5036 omnes
1435 4987 1488 5036 et
1518 4981 1605 5037 fas
1637 4983 1927 5040 ademisse

258 5060 628 5118 Christianis
659 5065 778 5119 veri
809 5065 909 5120 Dei
942 5066 1168 5123 colendi
1225 5069 1584 5128 facultatem.
1639 5071 1746 5127 Per
1791 5071 1924 5130 illos

254 5150 573 5221 siquidem
609 5153 833 5210 caeteris
864 5157 1139 5212 omnibus
1188 5157 1400 5214 licebat
1442 5176 1556 5215 non
1602 5162 1793 5216 solum
1823 5162 1924 5217 Jo-

251 5254 412 5307 vem,
461 5241 588 5306 sed,
624 5259 739 5297 uno
772 5244 1056 5300 duntaxat
1098 5263 1230 5303 vero
1264 5253 1375 5304 Deo
1428 5255 1685 5321 excepto,
1719 5267 1924 5322 quem-

249 5345 506 5399 cunque
561 5329 750 5386 colere
809 5333 1018 5390 falsum
1068 5351 1134 5391 ac
1191 5337 1506 5394 ridiculum
1564 5340 1759 5395 deum.
1804 5343 1928 5406 Qua

248 5416 418 5473 enim
457 5418 802 5476 crudelitate
835 5421 1000 5494 impii
1044 5423 1312 5482 homines
1344 5426 1693 5485 Christianis
1721 5447 1926 5487 verum

1969 3237 2011 3306 ϐ
2053 3258 2151 3328 qui
2185 3258 2399 3313 diserte
2434 3257 2568 3313 alibi
2607 3258 2752 3312 dixit
2804 3276 2816 3313 :

2075 595 2189 650 coli
2223 600 2278 650 et
2306 596 2557 651 adorari.

2146 687 2251 739 Sed
2298 687 2421 754 jam
2482 685 2736 756 aliquem
2796 683 2996 738 audire
3054 683 3220 738 nobis
3280 683 3718 754 videmur,'qui

2075 773 2244 828 nobis
2277 774 2335 827 in
2387 790 2583 828 aurem
2635 773 2970 828 insusurrat
3019 772 3097 826 ibi
3148 771 3570 826 Tertullianum
3599 776 3721 827 tota

2071 861 2159 915 via
2194 879 2442 930 errasse,
2490 863 2643 917 989
2699 866 2895 933 utpote
2937 861 3032 931 qui
3067 860 3158 916 his
3191 860 3554 932 argumentis
3588 878 3718 933 pro-

2070 951 2207 1006 bare
2239 952 2554 1006 contendat
2583 951 3015 1006 concedendam
3049 966 3176 1005 esse
3209 950 3448 1004 cuilibet
3471 950 3716 1005 faculta-

2070 1042 2184 1094 tem
2230 1056 2400 1111 quem
2449 1040 2718 1107 voluerit,
2750 1040 2868 1096 sive
2916 1056 3138 1106 verum,
3186 1039 3306 1093 sive
3353 1037 3589 1104 falsum,
3623 1055 3718 1094 co-

2065 1127 2224 1183 lendi
2272 1131 2469 1196 deum,
2504 1146 2568 1184 ac
2627 1145 2728 1200 pro
2789 1127 3028 1183 arbitrio
3071 1129 3325 1198 aliquam
3379 1127 3715 1198 religionem

2067 1215 2338 1287 eligendi.
2397 1222 2559 1273 Itane
2624 1234 2755 1271 vero
2827 1216 3082 1286 desipuit
3138 1215 3554 1286 Tertullianus,
3614 1217 3714 1287 qui

2064 1305 2221 1372 totis,
2305 1307 2390 1361 uti
2472 1306 2743 1376 vidimus,
2798 1305 3016 1377 ingenii
3072 1305 3292 1360 viribus
3351 1306 3715 1360 demonstrat

2065 1394 2250 1449 solam
2283 1395 2677 1451 Christianam
2711 1394 3053 1465 religionem
3102 1410 3298 1448 veram
3335 1409 3460 1448 esse
3490 1398 3547 1447 et
3575 1410 3714 1464 pro-

2065 1482 2364 1550 ﬁtendam,
2400 1488 2636 1539 caeteras
2688 1500 2890 1538 omnes
2927 1481 3099 1536 falsas
3132 1485 3187 1536 et
3220 1481 3588 1550 rejiciendas,
3613 1481 3714 1551 qui

2063 1569 2236 1641 plane
2289 1574 2639 1643 penitusque
2695 1571 2994 1626 contendit
3025 1587 3324 1624 summum
3384 1569 3712 1624 Christiano

2061 1675 2190 1714 esse
2222 1661 2383 1716 nefas
2415 1678 2580 1716 suam
2616 1677 2820 1732 negare
2842 1659 2958 1714 imo
2990 1662 3046 1714 et
3077 1657 3451 1712 dissimulare
3483 1656 3712 1728 religio-

2061 1764 2216 1816 nem,
2242 1750 2341 1820 qui
2376 1754 2659 1821 martyres
2691 1754 2922 1804 nostros
2955 1748 3110 1802 omni
3145 1747 3315 1802 laude
3345 1747 3473 1801 ideo
3506 1763 3710 1801 cumu-

2061 1837 2160 1904 lat,
2197 1839 2350 1909 quod
2385 1839 2694 1894 maluerint
2725 1837 3087 1910 quibuslibet
3136 1836 3454 1891 dirissimis
3485 1835 3714 1890 crueia-

2058 1927 2219 1982 tibus
2269 1928 2667 1983 excarniﬁcari
2718 1933 2774 1982 et
2820 1926 3086 1996 interfici,
3136 1943 3307 1996 quam
3359 1925 3472 1980 tria
3520 1924 3712 1979 thuris

2059 2031 2240 2086 grana
2288 2017 2452 2072 falsis
2504 2017 2616 2072 diis
2666 2016 2915 2082 adolere,
2950 2033 3014 2071 ac
3065 2015 3320 2070 mirabili
3369 2016 3538 2086 plane
3571 2029 3710 2069 con-

2058 2105 2274 2159 stantia
2305 2121 2478 2160 suum
2509 2122 2610 2177 pro
2648 2105 2778 2160 ﬁdei
2811 2110 2866 2159 et
2897 2103 3197 2175 religionis
3221 2121 3338 2158 suae
3371 2102 3708 2158 defensione

2056 2193 2403 2265 sanguinem
2434 2194 2734 2250 fuderint?
2764 2195 2941 2248 Secus
2969 2210 3104 2248 vero
3138 2194 3185 2246 si
3210 2192 3509 2262 sensisset,
3534 2209 3704 2247 suam

2054 2281 2113 2335 in
2144 2283 2486 2353 Apologclico
2520 2283 2769 2355 aliisque
2804 2282 3102 2337 similibus
3136 2282 3300 2336 libris
3334 2282 3708 2335 conscriben-

2056 2369 2145 2423 dis
2200 2369 2367 2441 plane
2427 2373 2726 2444 gratisque
2774 2371 3014 2426 lusisset
3082 2387 3339 2441 operam.
3411 2375 3528 2424 Non
3590 2368 3702 2424 alio

2054 2456 2235 2529 igitur
2257 2461 2504 2515 tendunt
2536 2460 2693 2515 illius
2723 2464 3085 2532 argumenta,
3120 2459 3235 2513 nisi
3268 2463 3331 2512 ut
3360 2457 3432 2513 iis
3465 2459 3703 2512 demon-

2054 2551 2199 2602 stret
2253 2548 2547 2604 neminem
2599 2550 2725 2621 cogi
2759 2566 2929 2620 posse
2961 2549 3032 2603 ad
3066 2547 3448 2603 deserendam
3480 2563 3701 2612 veram,

2055 2641 2111 2691 et
2142 2637 2348 2693 falsam
2384 2638 2853 2710 amplectendam
2883 2638 3256 2709 religionem;
3293 2653 3357 2690 ac
3391 2634 3700 2706 iniquissi-

2053 2741 2182 2780 mos
2214 2743 2340 2781 esse
2370 2727 2637 2798 gentiles,
2672 2728 2768 2798 qui
2803 2727 3116 2797 unicuique
3148 2724 3471 2796 quemlibet
3502 2725 3701 2789 deum,

2052 2815 2160 2868 etsi
2211 2815 2343 2870 aliis
2395 2815 2777 2885 incognitum,
2820 2815 3045 2870 colendi
3088 2815 3306 2868 dabant
3347 2813 3700 2883 libertatem;

2053 2918 2228 2973 quam
2289 2903 2431 2958 solis
2481 2903 2826 2959 Christianis
2876 2918 3073 2957 verum
3132 2903 3310 2958 Deum
3370 2901 3699 2957 colentibus

2051 2990 2410 3046 adimebant.

2119 3080 2191 3133 At
2220 3079 2370 3134 alius
2397 3079 2688 3152 quispiam
2714 3097 2746 3134 a
2767 3079 2936 3135 nobis
2959 3077 3276 3151 postulabit
3304 3094 3408 3133 cur
3436 3077 3532 3133 ille
3554 3079 3696 3135 adeo

2052 3168 2342 3223 afﬁrmate
2371 3173 2662 3224 asseveret
2707 3168 3101 3224 voluntariam
3159 3184 3287 3223 esse
3334 3167 3694 3238 religionem,

2871 3280 2898 3308 «
2942 3259 3024 3311 Ad
3084 3257 3340 3312 ofﬁcium
3394 3257 3697 3312 haereticos

2050 3346 2342 3418 compelli,
2376 3364 2490 3402 non
2525 3347 2686 3414 illici,
2734 3347 2973 3418 dignum
3007 3352 3111 3402 est.
3145 3346 3372 3401 Duritia
3413 3347 3697 3402 vincenda

2049 3440 2156 3503 est,
2190 3453 2302 3491 non
2337 3437 2640 3492 suadenda
2672 3457 2699 3485 »
2746 3435 3106 3508 (Tertullian.
3146 3436 3420 3507 Scorpiac.
3454 3452 3581 3507 cap.
3612 3439 3690 3506 2).

2048 3525 2255 3580 Verum
2290 3529 2448 3595 petat
2488 3524 2583 3580 ille
2632 3543 2665 3579 a
2715 3524 2968 3596 Rigaltio
3017 3526 3310 3596 quomodo
3342 3526 3554 3580 Auctor
3584 3541 3693 3579 no-

2046 3615 2163 3666 ster
2190 3613 2534 3667 vincendam
2565 3612 2701 3667 velit
2731 3611 3132 3667 haereticorum
3164 3612 3692 3683 duritiam,eosque

2045 3701 2113 3754 ad
2165 3701 2422 3756 ofﬁcium
2483 3702 2864 3770 reducendos,
2896 3705 2953 3756 et
2983 3701 3198 3767 audiet,
3233 3718 3345 3756 non
3377 3701 3430 3756 vi
3464 3705 3564 3756 aut
3593 3718 3693 3758 co-

2045 3789 2270 3844 actione
2300 3805 2593 3860 corporea,
2620 3791 2719 3844 sed
2754 3789 3161 3860 spiritualibus
3193 3790 3400 3845 divina:
3432 3791 3692 3861 Scriptu-

2042 3894 2116 3931 ras
2148 3878 2327 3933 armis
2358 3879 2670 3950 divinaque
2693 3880 3058 3933 auctoritate.
3090 3881 3168 3933 Ac
3197 3895 3256 3934 re
3289 3879 3525 3950 quidem
3557 3896 3692 3934 vera

2042 3965 2167 4036 ipse
2198 3965 2592 4020 Tertullianus
2625 3967 2706 4020 sic
2740 3967 3113 4037 prosequitur
3145 3982 3156 4020 :
3189 3989 3216 4016 «
3264 3968 3332 4020 Et
3361 3965 3560 4037 utique
3593 3984 3688 4022 sa-

2040 4052 2116 4108 tis
2166 4053 2453 4124 optimum
2505 4055 3004 4124 praejudicabitur,
3055 4055 3208 4126 quod
3262 4055 3602 4126 probabitur
3655 4073 3687 4109 a

2041 4141 2156 4197 Deo
2184 4143 2570 4197 constitutum
2604 4147 2779 4213 atque
2831 4148 3202 4214 praeceptum.
3238 4165 3266 4191 »
3300 4142 3684 4207 Quamobrem

2040 4231 2199 4286 hisce
2231 4231 2408 4285 armis
2439 4230 2570 4285 illos
2603 4231 2844 4285 revincit
2865 4235 2921 4285 et
2951 4235 3265 4303 expugnat.

2110 4320 2289 4375 Nobis
2320 4337 2450 4375 vero
2483 4319 2732 4390 adjicere
2764 4319 2934 4375 liceat
2965 4337 3078 4375 non
3109 4320 3377 4376 eamdem
3410 4336 3538 4375 esse
3566 4319 3684 4375 hae-

2039 4409 2352 4464 reticorum
2379 4425 2443 4463 ac
2464 4409 2772 4481 gentilium
2795 4409 3402 4480 rationem.0uidquid
3427 4423 3684 4481 namque

2039 4498 2110 4553 de
2157 4497 2463 4566 haereticis,
2526 4498 2625 4569 qui
2684 4515 2886 4553 verum
2937 4499 3121 4553 Deum
3164 4501 3547 4570 agnoverunt,
3582 4499 3683 4554 sed

1959 4587 2336 4671 Derroribus
2384 4587 2820 4658 sceleribusque
2883 4587 3008 4642 suis
3077 4587 3148 4642 ab
3214 4587 3472 4643 Ecclesia
3528 4588 3684 4643 defe-

2038 4680 2260 4744 cerunt,
2330 4677 2706 4732 statuendum
2775 4677 3036 4745 dixeris;
3099 4694 3214 4734 non
3292 4678 3418 4734 ideo
3485 4681 3684 4735 tamen

2035 4766 2305 4832 ethnicis,
2330 4769 2395 4820 ut
2424 4768 2574 4820 recte
2606 4765 2686 4820 ait
2715 4765 3129 4834 Tertullianus,
3159 4769 3246 4823 fas
3279 4784 3540 4840 unquam
3573 4767 3684 4823 fuit

2034 4855 2397 4911 Christianos
2439 4854 2747 4908 tormentis
2797 4871 2861 4909 ac
2909 4856 3264 4912 cruciatibus
3296 4858 3366 4911 ad
3398 4856 3681 4913 falsorum

2034 4946 2275 5001 deorum
2307 4943 2604 5015 impellere
2635 4944 3087 5001 venerationem.
3122 4946 3330 5002 Nullus
3362 4946 3518 5002 enim
3553 4944 3680 5002 sine

2035 5033 2265 5105 piaculo
2295 5033 2354 5089 in
2386 5049 2640 5088 errorem
2672 5032 3013 5105 impellitur,
3044 5034 3160 5091 imo
3206 5053 3338 5092 vero
3371 5053 3475 5092 nec
3506 5035 3680 5092 indu-

2036 5125 2205 5180 citur.
2239 5125 2311 5178 At
2354 5122 2502 5177 nihil
2550 5121 2822 5193 prohibet
2854 5124 3171 5196 quominus
3202 5125 3456 5181 hmretici
3491 5125 3682 5198 legiti-

2035 5231 2132 5270 ma
2165 5211 2512 5268 auctoritate
2535 5211 2606 5267 ad
2630 5228 2778 5284 eam,
2805 5229 2982 5284 quam
3009 5213 3682 5286 reliquerunt,reducan-

2037 5309 2133 5359 tur
2161 5301 2482 5358 veritatem.

2655 5462 2971 5506 armemus
3009 5453 3071 5505 ιι.

247 5506 452 5561 Deum
506 5506 832 5565 honorandi
884 5511 1163 5570 tollebant
1220 5515 1540 5586 licentiam,
1573 5518 1701 5590 pari
1731 5519 1929 5576 indul-

246 5595 468 5668 gentia
503 5597 875 5666 patiebantur
914 5602 1168 5673 qualibet
1206 5603 1265 5660 in
1317 5605 1550 5663 civitate
1600 5625 1665 5665 ac
1694 5608 1928 5679 provin-

243 5689 367 5759 cia,
407 5689 486 5741 ut
528 5688 679 5747 infra
721 5690 968 5764 dicetur,
1001 5709 1035 5748 a
1091 5694 1296 5767 quovis
1346 5695 1604 5767 homine,
1638 5714 1813 5768 quem
1853 5698 1928 5754 li-

2039 5553 2214 5626 Quam
2243 5552 2446 5610 insulse
2466 5554 2674 5610 ethnici
2690 5555 2760 5611 ad
2779 5557 3102 5628 torquendos
3121 5555 3496 5626 tallendosque
3519 5553 3678 5628 Chri-

2107 5629 2314 5682 stianos
2349 5628 2643 5699 objicerent
2671 5643 2729 5684 se
2758 5627 3088 5699 quibusdam
3119 5631 3513 5700 imperatorum
3543 5627 3676 5697 legi-

2111 5701 2208 5757 bus
2260 5701 2520 5772 astringi,
2569 5701 3016 5773 quandoquidem
3067 5702 3134 5757 ab
3181 5703 3253 5756 iis
3299 5700 3432 5771 ipsis
3486 5714 3676 5755 emen-
