4118 6182
530 399 555 456 1
567 397 684 457 083

1048 395 1571 457 TERTULLIANI
1618 393 1944 456 OPERUM
1999 394 2199 455 PARS
2245 395 2291 454 l.
2318 425 2398 439 —
2427 394 2701 455 SERIES
2747 394 2795 468 Ι,
2838 390 3400 453 APOLOGETICA.

3727 392 3853 451 1084

599 528 746 584 datae
772 537 901 581 sunt
948 528 1090 597 leges
1134 528 1387 598 Lycurgi,
1419 529 1514 598 qui
1560 527 1767 583 idcirco
1822 527 2005 582 inedia
2035 542 2175 581 mor-
2200 528 2257 593 Α
2287 526 2383 581 rit.
2419 526 2677 582 (Elianus
2711 542 2841 581 vero
2890 525 3095 580 scribit
3137 523 3243 594 illi,
3275 538 3407 578 cum
3455 521 3857 576 Lacedaemonios

600 609 704 653 tem
733 601 842 653 sibi
867 600 1145 667 conscivit,
1178 604 1337 669 atque
1358 600 1492 655 alia:
1521 615 1554 652 a
1588 601 1840 654 Romanis
1869 599 2167 668 abrogatas,

598 687 661 724 ac
689 672 1021 725 nominatim
1063 671 1255 739 Julia},
1292 672 1499 741 Papia},
1553 680 1603 725 et
1651 685 1777 742 qua?
1818 670 2083 725 debitores
2104 672 2169 742 in

599 743 949 883 trinasptarles
978 742 1467 814 secarijubebant,
1502 757 1571 796 ac
1599 741 1848 813 quaenam
1885 742 2027 810 leges
2069 741 2172 794 illa

628 830 785 869 uerzn
818 855 828 866 .

628 830 828 869 uerznt.

599 919 811 975 Nullus
860 936 1118 990 unquam
1171 918 1310 987 ulla,
1351 920 1463 974 nisi
1513 920 1891 991 iniquissima
1918 918 2063 989 lege,
2098 917 2170 971 ad

529 1006 743 1062 falsum
777 1006 1030 1078 aliquem
1064 1007 1239 1062 deum
1264 1008 1572 1063 colendum
1607 1007 1851 1078 astringi
1882 1008 2175 1078 potest.At

528 1096 684 1151 990
713 1094 938 1168 injuste:
971 1094 1127 1166 legis,
1164 1101 1228 1151 ut
1273 1102 1428 1152 recte
1478 1097 1559 1152 ait
1590 1095 2012 1161 Tertullianus,
2044 1094 2171 1149 nul-

530 1185 616 1240 lus
672 1184 845 1240 honor
897 1188 978 1239 est
1016 1183 1274 1255 (Tertull.
1328 1185 1427 1239 lib.
1478 1203 1497 1240 ι
1544 1185 1613 1239 ad
1667 1186 1888 1239 Nation.
1940 1199 2064 1254 cap.
2115 1183 2170 1247 6,

529 1289 659 1345 pag.
682 1273 833 1343 566),
856 1289 960 1327 nec
986 1272 1163 1327 ullius
1188 1290 1447 1344 unquam
1476 1274 1733 1328 hominis
1755 1271 2173 1328 conscientiam

530 1360 825 1433 obligavit.
857 1359 1028 1415 Nulla
1057 1360 1238 1431 igitur
1267 1360 1527 1416 humana
1574 1361 1698 1432 lege
1742 1358 2056 1415 Christiani
2101 1359 2173 1413 ad

531 1448 769 1504 ﬂctitios
820 1450 959 1504 deos
1007 1448 1282 1503 colendos
1338 1450 1463 1521 cogi
1527 1453 1811 1520 poterant.
1870 1450 1992 1513 Qua
2040 1463 2173 1516 ergo

531 1537 719 1593 fronte
748 1536 964 1593 ethnici
995 1538 1245 1608 objicere
1278 1544 1537 1609 poterant
1570 1555 1632 1594 se
1664 1539 1733 1593 ad
1766 1554 1863 1592 eos
1894 1542 2172 1607 torquen-

530 1625 637 1681 dos
676 1633 734 1681 et
771 1627 1061 1681 necandos
1092 1627 1445 1696 quibusdam
1480 1629 1897 1697 imperatorum
1930 1641 2173 1679 suorum

530 1715 761 1787 legibus
809 1715 1115 1786 obstringi,
1163 1716 1259 1787 qui
1314 1732 1523 1787 negare
1567 1733 1682 1770 non
1728 1718 1995 1787 poterant
2040 1712 2174 1783 plu-

528 1805 710 1861 rimas
741 1805 811 1859 ab
842 1803 1180 1860 hominibus
1213 1805 1385 1859 etiam
1419 1804 1656 1876 majoris
1696 1801 2077 1868 auctoritatis,
2112 1804 2175 1855 ut

520 1895 648 1965 jam
698 1894 757 1947 in
810 1892 1097 1964 superiori
1146 1893 1555 1948 dissertatione
1609 1893 1863 1947 vidimus
1921 1892 2169 1962 (Dissert.
2205 1911 2252 1975 Β

527 1981 588 2036 in
620 1983 864 2035 Lactant.
898 1997 1025 2051 cap.
1056 1982 1149 2045 28,
1172 1985 1280 2035 art.
1314 1982 1387 2051 1),
1414 1998 1515 2051 pro
1546 1982 1805 2036 humana
1833 1979 2173 2034 inﬁrmitate

528 2074 587 2126 et
616 2074 942 2141 temporum
976 2069 1406 2139 opportunitate
1447 2070 1612 2134 latas,
1647 2086 1795 2140 quas
1824 2067 2039 2124 idcirco
2072 2084 2174 2123 au-

531 2158 728 2212 dacter
773 2161 830 2213 et
874 2156 1116 2228 impune
1162 2157 1573 2226 amendarunt,
1624 2160 1988 2228 spreverunt,
2037 2172 2172 2211 con-

529 2244 955 2304 culcaverunt?
985 2248 1107 2311 Quo
1137 2251 1329 2301 autem
1363 2250 1533 2317 pacto
1566 2247 1622 2301 id
1656 2250 1989 2318 negassent,
2020 2244 2176 2316 quod

533 2352 649 2389 non
676 2335 868 2389 solum
901 2334 1231 2389 certissimo
1278 2334 1569 2390 Ciceronis
1608 2335 1943 2391 testimonio
1974 2333 2174 2401 (Cicer.

532 2423 634 2478 lib.
668 2440 688 2477 ι
717 2422 782 2478 de
813 2422 983 2495 logib.
1015 2439 1153 2494 pag,
1184 2424 1307 2489 328,
1341 2422 1447 2478 lin.
1487 2425 1524 2478 5
1571 2428 1627 2479 et
1664 2426 1876 2494 seqq.),
1907 2423 2007 2478 sed
2038 2438 2180 2477 con-

538 2512 715 2567 stanti
772 2510 1117 2566 saeculorum
1177 2514 1443 2567 omnium
1497 2512 1851 2583 experientia
1907 2510 2181 2567 omnibus

540 2606 900 2670 compertum
954 2600 1087 2655 est?
1132 2601 1287 2655 Nihil
1338 2601 1536 2671 itaque
1583 2618 1819 2656 necesse
1865 2601 1997 2667 fuit,
2029 2603 2092 2654 ut
2121 2597 2180 2651 id

540 2687 941 2743 Tertullianus
987 2688 1186 2755 variis,
1218 2694 1275 2743 et
1316 2687 1485 2759 longe
1537 2688 1805 2759 pluribus
1862 2704 2037 2759 quam
2081 2702 2183 2758 par

537 2782 682 2842 erat,
701 2775 980 2846 exemplis
1001 2777 1845 2847 comprobaret.Verumtamen
1867 2777 2002 2846 quia
2028 2776 2182 2846 quod

540 2864 818 2931 abundat,
853 2868 916 2918 ut
946 2866 1131 2932 aiunt,
1165 2882 1277 2920 non
1310 2866 1496 2931 vitiat,
1528 2865 1810 2936 plurimas
1866 2865 1962 2920 ille
1994 2864 2183 2920 sanci-

544 2958 635 3008 tas
667 2970 701 3007 a
727 2952 903 3008 variis
922 2952 1355 3025 legislatoribus
1384 2955 1556 3026 leges,
1577 2960 1634 3010 et
1662 2973 1695 3010 a
1725 2954 1957 3026 papulis
1985 2959 2188 3024 postea

543 3045 643 3097 aut
686 3043 1047 3112 emendatas,
1080 3049 1180 3097 aut
1226 3044 1560 3115 antiquatas
1607 3044 1735 3099 ideo
1776 3043 2088 3115 congessit,
2122 3046 2187 3097 ut

540 3131 778 3185 tandem
811 3131 1083 3200 ethnicis,
1104 3131 1300 3202 legum
1323 3132 1380 3186 in
1412 3132 1770 3188 Christianos
1790 3133 2059 3187 datarum
2084 3148 2184 3187 au-

543 3218 871 3273 ctoritatem
904 3235 1209 3290 nunquam
1240 3237 1355 3275 non
1386 3227 1445 3276 et
1474 3222 1545 3277 ad
1579 3238 2069 3291 nauseam,usque
2091 3221 2187 3276 ob-

534 3307 921 3376 jectantibus,
977 3308 1239 3379 linguam
1298 3309 1530 3381 penitus
1587 3310 1937 3366 occluderet.
1996 3310 2189 3365 Nostri

544 3394 743 3466 itaque
798 3396 973 3451 ofﬁcii
1032 3414 1159 3452 esse
1207 3398 1481 3453 duximus
1539 3398 1736 3455 omnia
1781 3400 1908 3469 ejus
1945 3398 2190 3469 vestigia

548 3483 844 3555 persequi,
878 3502 943 3539 ac
967 3502 1068 3555 pro
1101 3485 1249 3541 virili
1282 3489 1444 3557 parte
1482 3492 1680 3542 nostra
1709 3486 1998 3558 solitoque
2029 3503 2190 3542 more

543 3588 611 3627 ea
641 3571 967 3638 enucleare,
1001 3589 1126 3643 quae
1158 3575 1229 3629 ab
1282 3573 1382 3629 illo
1430 3576 1502 3631 de
1532 3576 1792 3646 antiquis
1820 3576 2189 3631 ethnicorum

541 3658 771 3729 legibus
828 3676 1148 3731 earumque
1224 3663 1583 3731 auctoribus,
1652 3664 2061 3719 emendatione
2132 3668 2191 3720 et

549 3746 922 3818 abrogatione
960 3749 1262 3820 speciatim
1296 3752 1511 3807 tradita
1540 3757 1699 3807 sunt.

619 3835 859 3891 Orditur
887 3843 1083 3893 autem
1126 3839 1197 3894 ab
1242 3840 1657 3911 antiquiisimo
1709 3840 2043 3913 legislatore
2088 3842 2192 3913 Ly-

548 3940 745 3996 curgo,
776 3927 949 3996 cujus
973 3926 1199 4000 «leges,
1230 3928 1445 4000 inquit,
1467 3946 1502 3985 a
1520 3930 1970 3986 Lacedaemoniis
2002 3946 2194 3986 emen-

547 4014 716 4081 datae,
738 4018 971 4071 tantum
1000 4018 1219 4073 auctori
1246 4035 1348 4074 suo
1379 4017 1595 4074 doloris
1626 4019 2103 4089 incusserunt,ut
2133 4021 2192 4075 in

547 4120 783 4160 secessu
815 4104 1011 4160 inedia
1032 4106 1103 4161 de
1132 4122 1197 4161 se
1228 4107 1356 4178 ipso
1379 4107 1755 4178 judicaverit,
1778 4130 1807 4157 »
1826 4114 1946 4177 aut,
1971 4112 2033 4163 ut
2054 4106 2193 4164 alibi

550 4193 683 4250 aliis
714 4193 906 4251 verbis
961 4193 1118 4252 idem
1165 4195 1634 4267 signiﬁcantibus
1692 4197 1856 4266 dixit,
1896 4202 2195 4269 apocarte-

548 4283 707 4339 resin
764 4284 989 4355 optavit
1054 4307 1073 4335 ι
1137 4284 1379 4355 (Tertul.
1427 4286 1707 4358 Apologet.
1770 4303 1895 4357 cap.
1956 4287 2010 4354 4,
2065 4303 2192 4356 pag.

549 4370 695 4441 286;
748 4376 806 4427 et
862 4388 991 4445 cap.
1050 4374 1140 4443 46,
1200 4390 1331 4445 pag.
1389 4374 1537 4444 512),
1590 4374 1699 4429 hoc
1730 4380 1836 4441 est,
1869 4373 2198 4430 voluntaria

552 4460 708 4515 fame
766 4465 824 4516 et
864 4462 1061 4517 inedia
1104 4466 1372 4518 mortuus
1419 4466 1529 4518 est.
1562 4461 1678 4519 Cur
1706 4466 1923 4530 autem,
1956 4463 2196 4519 obsecro

550 4550 610 4604 te
639 4548 744 4603 has
794 4548 952 4621 leges
1002 4551 1421 4607 Lacedaemonii
1480 4552 1883 4619 emendavere,
1916 4551 2029 4607 nisi
2060 4552 2200 4623 quia

551 4652 652 4694 eas
681 4637 1185 4709 imperfectas,nec
1207 4640 1319 4696 sibi
1340 4640 1514 4698 utiles
1544 4645 1601 4697 et
1631 4640 2044 4697 convenientes
2065 4657 2195 4697 esse

553 4724 989 4783 arbitrabantur
1006 4728 1033 4783 ?
1050 4731 1116 4783 At
1135 4729 1455 4785 Pausanias
1479 4732 1771 4787 memoriae
1804 4730 2109 4803 mandavit,
2123 4730 2195 4784 il-

551 4813 676 4869 lum
697 4813 755 4868 in
775 4816 1090 4885 quemdam
1112 4818 1446 4889 confugisse
1474 4820 1688 4887 vicum,
1722 4818 2064 4890 cuiAlpium
2088 4835 2196 4873 no-

551 4918 687 4958 men
709 4908 852 4973 erat,
870 4910 1184 4976 postquam
1205 4906 1350 4962 alter
1370 4907 1574 4963 oculus
1603 4909 1654 4963 ei
1684 4925 1966 4965 excussus
1988 4908 2198 4963 fuisset

552 4992 641 5055 ab.
657 4991 1067 5059 Aleandro,cui
1088 4995 1244 5066 leges
1262 4997 1389 5067 ejus
1410 5014 1525 5053 non
1550 4996 1890 5069 placuerant
1918 5000 2193 5068 (Pausan.

552 5078 592 5136 l.
629 5097 711 5150 III,
742 5098 871 5154 pag.
896 5082 1041 5153 400).
1066 5084 1334 5141 Valerius
1363 5103 1496 5141 vero
1528 5086 1817 5142 Maximus
1849 5086 1995 5141 illud
2025 5086 2196 5157 paulo

552 5168 743 5226 fusius
793 5172 1003 5245 hisque
1053 5175 1243 5231 verbis
1291 5180 1526 5231 enarrat
1576 5192 1588 5230 :
1635 5199 1665 5226 ‹‹
1718 5182 1976 5248 Lycurgo
2010 5190 2199 5247 neque

540 5257 709 5330 leges
733 5259 1066 5317 salutariter
1096 5262 1430 5333 excogitatae
1462 5263 1674 5319 auxilio
1705 5280 1833 5319 esse
1864 5267 2197 5335 potuerunt,

555 5348 874 5419 quominus
922 5344 1165 5406 infestos
1209 5350 1363 5406 cives
1411 5351 1794 5422 experiretur.
1835 5357 1993 5424 Saepe
2043 5351 2199 5407 enim

554 5436 854 5508 lapidibus
886 5439 1123 5509 petitus,
1143 5437 1459 5510 aliquando
1487 5441 1676 5495 furore
1701 5440 1929 5511 publico
1958 5428 2197 5510 ejectus,

554 5526 730 5581 etiam
763 5527 1021 5597 privatus
1061 5527 1246 5598 oculo,
1281 5529 1351 5583 ad
1384 5527 1658 5583 ultimum
1689 5529 1819 5601 ipsa
1849 5530 2037 5602 patria
2067 5528 2201 5602 pul-

558 5630 660 5669 sus
692 5619 782 5670 est
811 5638 837 5664 »
884 5614 1024 5685 (Val.
1080 5619 1229 5684 Max,
1278 5615 1317 5670 l.
1370 5633 1424 5685 ν,
1458 5633 1587 5689 cap.
1629 5617 1681 5685 3,
1716 5621 1893 5674 exter.
1923 5620 1951 5687 §
1978 5619 2056 5691 2).
2089 5615 2202 5674 Sed

559 5706 806 5772 uterque
834 5702 1017 5760 tacuit
1046 5720 1161 5776 quo
1206 5704 1412 5775 mortis
1440 5720 1651 5779 genere
1697 5704 1875 5763 vitam
1908 5705 2005 5763 ille
2035 5706 2202 5762 ﬁnie-

2273 604 2511 686 juStitia
2541 616 2804 670 imbuere
2830 613 3129 680 voluisset,
3152 616 3381 667 erutum
3404 610 3622 680 quidem
3642 609 3857 678 oculum,

2282 710 2383 758 aut
2412 720 2478 759 ex
2507 704 2743 759 insidiis
2768 703 2932 773 jactu
2953 701 3190 773 lapidis,
3217 705 3315 755 aut
3334 698 3518 753 baculi
3544 698 3651 753 ictu
3670 698 3857 768 (Elian.

2279 792 2319 846 l.
2378 810 2478 847 x111
2544 794 2670 849 Var.
2739 808 2867 863 cap.
2925 790 3037 861 2‘3),
3097 787 3580 860 quemadmodum
3644 803 3674 842 a
3719 786 3863 841 variis

2282 880 2664 953 scriptoribus
2703 880 3001 952 proditum
3052 878 3259 933 fuerat.
3301 876 3461 940 Quod
3514 891 3633 930 vero
3680 874 3741 929 ad
3768 890 3864 929 rem

2281 976 2542 1026 nostram
2576 969 2764 1041 magis
2796 968 2951 1035 facit,
2971 970 3178 1023 testem
3214 964 3543 1021 nominatim
3572 964 3698 1019 citat
3714 961 3867 1034 Epho-

2283 1074 2436 1127 rum,
2468 1059 2568 1130 qui
2617 1075 2747 1114 eum
2796 1058 2853 1113 in
2903 1055 3108 1113 exsilio
3160 1056 3311 1110 fame
3342 1053 3575 1125 periisse
3628 1051 3864 1123 perhibet.

2280 1148 2389 1202 Sed
2417 1147 2497 1202 ibi
2528 1146 2624 1203 ille
2676 1164 2789 1202 non
2841 1145 2986 1201 dixit
3018 1148 3213 1200 utrum
3241 1142 3361 1197 haec
3390 1140 3568 1197 fames
3596 1137 3868 1195 voluntaria

2284 1235 2476 1290 fuerit.
2510 1236 2899 1300 Quamobrem
2943 1237 3161 1288 Auctor
3210 1235 3405 1287 noster
3442 1228 3685 1301 pressius
3711 1227 3867 1297 sequi-

2283 1328 2380 1379 tur
2426 1323 2825 1389 Plutarchum,
2859 1322 2960 1393 qui
2999 1323 3214 1377 diserte
3253 1318 3454 1375 scribit
3496 1316 3653 1371 illum
3691 1315 3868 1386 jurejuo

2284 1413 2465 1468 rando
2502 1415 2644 1468 791
2686 1428 2865 1482 reges,
2900 1416 3168 1466 senatum
3218 1425 3284 1464 ac
3334 1407 3486 1463 cives
3517 1404 3867 1470 obstrinxisse,

2284 1502 2403 1558 fore
2434 1506 2500 1557 ut
2530 1502 2689 1573 leges
2720 1502 2848 1572 ejus
2893 1498 3095 1556 sedulo
3144 1499 3538 1563 observarent,
3568 1496 3731 1551 donec
3768 1492 3870 1548 Del-

2284 1591 2417 1663 phis
2449 1591 2663 1647 rediret
2692 1588 3009 1662 (Plutarch.
3052 1592 3094 1643 t.
3129 1589 3171 1655 Ι,
3217 1589 3277 1642 in
3309 1588 3433 1642 Vita
3465 1587 3679 1657 Lycurg.
3708 1601 3755 1655 p.
3785 1581 3867 1650 57).

2282 1681 2365 1736 Ne
2394 1686 2589 1736 autem
2623 1678 2971 1735 sacramenti
3004 1677 3283 1748 religione
3306 1675 3676 1738 solverentur,
3702 1666 3869 1723 ἐτελεύ-

2280 1789 2439 1837 τησεν
2495 1767 2962 1842 ἀποκαρτερήσας,
3011 1773 3240 1821 mortem
3303 1764 3411 1819 sibi
3485 1761 3660 1818 inedia
3708 1758 3871 1815 consci-

2280 1860 2378 1914 vit.
2410 1858 2518 1913 Sed
2553 1858 2609 1912 id
2644 1874 2758 1912 non
2798 1854 3101 1928 prohibuit
3144 1853 3463 1925 quominus
3510 1845 3870 1906 Lacedaemonii

2284 1964 2457 2004 suum
2481 1964 2596 2001 non
2620 1946 2793 2002 modo
2818 1941 3381 2008 sacramentum,sed
3401 1939 3556 1996 illius
3572 1937 3731 1995 etiam
3750 1935 3869 2007 leges

2284 2036 2607 2107 spreverint
2626 2040 2681 2091 et
2712 2033 3086 2090 aboleverint.

2353 2143 2440 2198 Ad
2470 2142 2760 2197 Romanos
2790 2138 3035 2195 sulinde
3053 2140 3268 2193 Auctor
3297 2139 3497 2192 noster
3522 2132 3686 2201 venit,
3699 2142 3869 2200 eosque

2287 2231 2381 2287 his
2410 2229 2720 2301 compellat
2747 2228 2939 2284 verbis
2975 2244 2987 2283 :
3020 2228 3213 2284 Nonne
3250 2235 3301 2281 et
3347 2241 3438 2281 vos
3483 2220 3722 2295 quotidie,
3746 2232 3869 2286 cxpe-

2288 2322 2544 2375 rimentis
2589 2318 3037 2374 illuminantibus
3083 2315 3438 2385 antiquitatis
3486 2312 3567 2383 (id
3620 2317 3698 2365 est
3740 2319 3871 2376 expe-

2289 2410 2499 2465 rientia
2527 2413 2722 2463 vestra
2754 2405 2986 2477 edocti),
3033 2414 3201 2459 totam
3231 2403 3395 2458 illam
3439 2406 3657 2456 veterem
3682 2404 3726 2451 at
3745 2408 3871 2463 squa-

2291 2498 2496 2552 lentem
2519 2496 2742 2564 silvam,
2777 2493 2896 2550 sive
2926 2492 3216 2547 inﬁnitam
3247 2497 3305 2546 et
3334 2491 3635 2546 obscuram
3663 2486 3871 2539 veterum

2291 2586 2485 2657 legum
2502 2583 2936 2639 multitudinem
2948 2582 3120 2648 ,novis
3128 2579 3532 2652 principalium
3545 2575 3874 2657 rescriptoth

2291 2654 2678 2731 el'cdictorum
2705 2670 3012 2735 securibus,
3036 2670 3155 2725 sive
3176 2668 3345 2724 novis
3370 2665 3688 2739 principum
3714 2654 3875 2714 rescri-

2292 2765 2431 2835 ptis,
2466 2762 2734 2818 truncatis
2761 2764 2817 2816 οι
2865 2759 3076 2816 εκάὶιίδ
3095 2755 3371 2827 (Tertull.
3402 2753 3669 2827 Apologet.
3698 2766 3740 2803 c.
3766 2746 3808 2814 4,
3833 2760 3874 2813 p-

2292 2853 2463 2919 286)?
2493 2852 2555 2906 In
2591 2848 2826 2921 Rigaltii
2858 2852 3055 2903 autem
3092 2852 3149 2901 et
3179 2846 3402 2900 secutis
3433 2838 3778 2899 editionibus,
3802 2847 3876 2921 rv-

2292 2942 2448 2997 statis
2476 2947 2529 2995 et
2553 2919 2771 2993 mediiis
2789 2953 2811 2999 ;
2840 2936 2942 2992 sed
2975 2952 3091 3007 qua
3111 2932 3483 2996 auctoritate,
3515 2945 3613 2986 nec
3639 2925 3726 2981 ille
3748 2919 3876 2987 dixit,

2297 3046 2401 3085 nec
2432 3045 2537 3084 nos
2568 3027 2724 3083 aliud
2749 3026 2899 3081 scire
2928 3040 3267 3096 possumus,
3302 3022 3420 3078 nisi
3450 3020 3594 3075 hanc
3627 3013 3876 3070 lectionem

2297 3118 2574 3174 omnibus
2617 3129 2943 3186 repugnare
2990 3111 3314 3179 codicibus,
3367 3112 3535 3179 atque
3584 3102 3708 3177 ipsi,
3745 3110 3877 3186 quem

2297 3207 2392 3263 ille
2420 3224 2534 3279 prae
2567 3183 2839 3260 manibus
2874 3202 3147 3268 habebat,
3174 3198 3496 3269 exemplari
3525 3196 3767 3252 Puteano.
3792 3183 3879 3240 Nos

2218 3269 2263 3339 C
2300 3269 2497 3352 tamen
2555 3310 2671 3349 non
2728 3291 2869 3348 latet
2916 3308 2949 3346 a
3006 3288 3368 3346 Tertulliano
3421 3284 3556 3341 alibi
3602 3279 3876 3350 scriptum:

2299 3408 2327 3438 ‹‹
2360 3384 2558 3440 Colere
2591 3380 2809 3447 omnia,
2860 3394 3104 3434 runcare
3150 3382 3332 3449 atque
3376 3378 3600 3430 rustare
3629 3360 3876 3455 instituit?

2299 3478 2365 3529 ut
2414 3471 2549 3526 inde
2596 3468 2753 3525 velut
2796 3444 2869 3524 ex
2912 3465 3167 3524 surculis
3202 3444 3259 3521 et
3290 3459 3696 3536 propaginibus
3722 3444 3878 3545 populi

2299 3562 2369 3617 de
2395 3558 2649 3633 populis,
2707 3558 2881 3614 urbes
2932 3557 3001 3612 de
3052 3554 3323 3620 urbibus,
3355 3569 3459 3625 per
3513 3550 3714 3618 ubique
3759 3538 3879 3633 orbis

2300 3629 2751 3721 pangerentur»
2790 3646 2991 3716 (Idem,
3047 3649 3113 3699 de
3168 3642 3317 3697 Pall.
3377 3656 3501 3712 cap.
3559 3638 3631 3709 2).
3683 3629 3879 3721 Sedrctll

2300 3720 2564 3807 unquam
2623 3734 2793 3791 licuit
2838 3734 3084 3789 verbum
3132 3730 3374 3801 aliquod
3412 3745 3480 3783 ex
3525 3739 3635 3780 uno
3681 3720 3880 3807 auctoris

2300 3805 2449 3881 libro
2479 3823 2539 3879 in
2585 3823 2767 3879 alium
2822 3826 3021 3877 contra
3069 3818 3339 3874 codicum
3372 3815 3629 3873 omnium
3656 3805 3878 3865 reclama-

2301 3914 2519 3969 tionem
2575 3909 2937 3967 translerre?
2985 3911 3227 3979 Quoquo
3281 3910 3483 3961 autem
3536 3899 3694 3957 modo
3742 3893 3877 3961 legas.

2301 4003 2445 4058 satis
2475 4005 2715 4072 apertus
2744 4003 2833 4055 est
2875 3996 3142 4053 Auctoris
3174 3994 3361 4051 nostri
3392 4006 3596 4049 sensus
3638 4003 3651 4042 :
3694 3984 3881 4039 horren-

2301 4096 2420 4147 tem
2451 4093 2712 4145 veterum
2756 4087 2951 4158 legum
2983 4086 3188 4142 silvam
3240 4084 3408 4139 novis
3439 4078 3783 4158 expurgatant
3819 4078 3884 4118 1‘6-

2304 4183 2679 4249 secatamque
2706 4156 2887 4232 fuisse
2909 4174 3241 4247 principum
3269 4171 3503 4237 edictis,
3525 4166 3720 4239 quibus
3738 4156 3883 4253 pietas

2304 4246 2601 4338 tanquam
2624 4265 2810 4322 noxiae
2841 4246 3051 4330 herbis,
3083 4261 3287 4318 evulsa
3318 4268 3473 4316 sunt.
3511 4256 3731 4313 Frustra
3748 4246 3885 4338 igitur

2306 4334 2524 4411 ethnici
2563 4353 2746 4409 tantis
2790 4350 3145 4408 clamoribus
3194 4365 3443 4406 suarum
3491 4346 3549 4401 in
3592 4334 3885 4399 Christianos

2305 4444 2503 4516 legum
2534 4441 2943 4498 auctoritatem
2969 4438 3368 4497 venditabant.

2378 4551 2459 4605 Ad
2489 4550 2549 4604 id
2581 4553 2776 4604 autem
2812 4547 3005 4603 adhuc
3036 4543 3561 4602 demonstrandum
3588 4528 3887 4621 continenter

2225 4622 2272 4689 Ῐ)
2306 4636 2704 4694 Tertullianus
2734 4635 2947 4707 adjecit
2978 4652 2993 4694 :
3029 4656 3053 4687 ε
3092 4633 3296 4690 Nonne
3338 4628 3675 4687 vanissimas
3721 4623 3885 4708 Ρᾳρξξιε

2303 4727 2461 4800 leges
2491 4743 2615 4797 qua:
2646 4731 2781 4782 ante
2804 4699 3026 4780 liberos
3057 4720 3279 4794 suscipi
3310 4723 3541 4792 cogunt,
3570 4699 3883 4802 qua‘m‘lulitﬂ

2305 4799 2750 4871 matrimonium
2781 4812 3069 4883 contrahi,
3112 4815 3244 4883 post
3271 4813 3445 4865 tanta
3474 4799 3800 4892 auctoritatis
3819 4801 3883 4892 εἴ

2306 4909 2602 4961 nectutem
2632 4902 2759 4958 heri
2785 4903 3032 4958 Severus
3063 4897 3575 4957 constantissimus
3613 4886 3884 4962 princip“?

2307 4958 2552 5049 Siliani
2584 5012 2613 5041 »
2645 4990 2850 5062 (Idem,
2902 4990 3177 5062 Apologet.
3228 5003 3354 5058 cap.
3408 4990 3459 5054 4,
3507 4958 3694 5037 286⁷6ι
3733 4958 3884 5062 seq-ll

2307 5083 2512 5153 Aperte
2568 5056 2765 5136 autem
2823 5056 2904 5134 ibi
2944 5056 3088 5133 'iue'
3146 5056 3315 5133 docet
3368 5074 3474 5129 has
3545 5056 3883 5157 Julia-8.168sﬁ

2306 5150 2503 5242 Papiis
2535 5168 2894 5233 emendatas,
2919 5167 3022 5223 sed
3046 5170 3323 5236 utrasque
3346 5160 3643 5231 abrogatas
3662 5150 3725 5206 ab
3750 5150 3885 5210 ἱωρθ·

2310 5241 2501 5316 ratore
2525 5263 2751 5315 Severo.
2778 5259 2965 5315 Varias
2996 5262 3191 5313 autem
3223 5258 3386 5312 erant
3413 5249 3575 5308 Julia:
3603 5246 3761 5315 leges.
3789 5241 3883 5304 (δυ’

2311 5367 2344 5405 a
2372 5348 2524 5405 Julio
2555 5350 2779 5404 Caesare
2816 5348 2900 5403 ita
2950 5346 3371 5419 cognominatas
3403 5343 3557 5397 sunt.
3590 5328 3759 5402 Ραρίίθ
3777 5327 3882 5419 rem

2310 5453 2413 5493 seu
2447 5437 2640 5508 potius
2662 5435 2926 5507 Poppaais
2954 5409 3164 5491 nomen
3193 5433 3477 5488 dederunt
3499 5422 3693 5495 Papius
3712 5409 3885 5508 et‘Pog-

2314 5496 2475 5598 pecus
2505 5496 3075 5596 consules-Augusti
3125 5520 3364 5579 Caesaris
3414 5522 3656 5585 tempore
3682 5496 3880 5598 ευσξίῗίξ·

2310 5584 2339 5671 .l
2352 5613 2529 5670 uliam
2558 5628 2692 5669 vero
2744 5584 2951 5685 legem"
2973 5612 3039 5669 de
3077 5608 3406 5667 maritandis
3434 5584 3695 5662 ordinibus
3713 5607 3750 5685 ξ
3772 5584 3880 5685 T61:

2312 5702 2558 5762 tulliano
2606 5678 2903 5776 design-ari
2931 5716 3135 5759 omnes
3166 5698 3335 5758 facile
3363 5689 3682 5754 concedunt.
3713 5678 3879 5737 Verum
