4118 6182
256 337 401 396 1085

1149 338 1220 395 Ι).
1270 339 1364 397 LE
1414 337 1740 398 NOURRY
1786 332 2427 395 OBSERVATIONES
2475 329 2738 393 NOVAZ.

3481 319 3637 380 1086

254 468 536 538 quomodo
566 465 745 536 Papia
774 465 865 520 lex
902 468 1156 536 coegerit
1202 467 1414 522 liberos
1469 472 1601 522 ante
1644 467 1886 537 suscipi,
1916 470 1970 534 Α
1997 464 2216 519 instare
2263 463 2655 530 credentibus,
2691 463 2747 515 et
2794 459 2921 513 vitae
2971 453 3233 510 mortalis
3263 453 3319 507 in
3360 454 3635 506 aeternam

254 571 420 626 quam
477 555 565 609 lex
610 553 770 608 Julia
804 554 1051 624 jusserit.
1109 556 1548 610 matrimonium
1599 553 1884 621 contrahi,

254 643 532 699 Heraldus
564 658 625 697 se
656 659 772 696 non
823 644 966 696 satis
1021 642 1342 714 intelligere
1391 644 1641 713 (Herald.
1676 648 1793 698 not.
1827 644 1883 696 in

253 732 514 802 Tertull.),
539 737 596 786 et
618 730 906 785 Antonius
935 731 1298 802 Augustinus
1325 731 1436 786 sibi
1466 748 1593 787 esse
1623 731 1887 801 incogni-

253 826 372 876 tum
407 820 557 875 ultro
589 819 845 874 fatentur
891 818 1163 891 (August.
1209 820 1272 875 de
1301 821 1463 889 legib.
1498 837 1623 892 cap.
1677 821 1784 890 18).
1818 822 1890 874 At

252 925 386 965 sane
430 913 660 963 constat
707 923 834 963 eam
879 906 1077 962 Julian
1119 907 1329 978 legem,
1377 910 1462 963 uti
1506 909 1673 964 Dion.
1723 908 1782 980 (l.
1833 925 1890 963 ιν

252 999 393 1052 Rom.
449 998 649 1052 Histor.
713 1012 765 1066 p.
825 996 974 1066 256),
1032 995 1331 1052 Cornelius
1389 998 1626 1052 Tacitus
1684 997 1750 1068 (Ι.
1803 1013 1886 1065 ιιι,

250 1085 455 1152 Annal,
499 1093 626 1140 ante
665 1085 866 1155 med),
899 1089 956 1140 et
997 1084 1310 1140 Suetonius
1362 1085 1444 1156 (in
1498 1086 1614 1141 Vita
1658 1087 1887 1157 August.

250 1174 278 1246 §
304 1175 393 1245 34)
424 1173 752 1244 perhibent,
777 1173 847 1227 ab
877 1177 1138 1244 Augusto
1172 1174 1393 1230 Caesare
1423 1175 1889 1245 severius,quam

253 1263 415 1332 alias,
459 1262 642 1316 fuisse
695 1266 1090 1316 retractatum.
1124 1262 1270 1317 Nam
1303 1270 1509 1334 praeter
1541 1263 1777 1334 praamia
1817 1262 1889 1317 iis

253 1351 345 1422 qui
396 1350 611 1405 liberos
668 1355 1046 1420 susceperant
1098 1351 1416 1421 proposita,
1461 1351 1553 1407 ille
1600 1351 1890 1421 graviores

253 1440 513 1510 innuptis
535 1445 592 1494 et
613 1437 921 1494 cmlibibus
945 1455 1145 1509 poenas
1170 1439 1630 1511 indixerat,quas
1660 1441 1892 1510 deinde,

254 1534 485 1600 propter
551 1528 943 1582 recusantium
1020 1528 1360 1597 tumultum,
1413 1530 1680 1600 mitigare
1737 1531 1891 1585 992

253 1622 485 1673 coactus
517 1622 624 1671 est.
659 1615 834 1670 Addit
865 1632 1035 1686 porro
1067 1617 1380 1672 Suetonius
1416 1636 1428 1675 :
1468 1638 1494 1669 α
1515 1622 1656 1673 Cum
1687 1619 1895 1674 imma-

251 1707 486 1761 turitate
517 1721 890 1776 sponsarum,
914 1709 970 1759 et
999 1705 1507 1761 matrimoniorum
1543 1708 1745 1763 crebra
1767 1724 1892 1762 mu-

251 1795 490 1859 tatione,
522 1794 639 1848 vim
671 1793 817 1865 legis
869 1792 1028 1848 eludi
1062 1795 1322 1862 sentiret,
1367 1801 1604 1868 tempus
1643 1813 1893 1867 sponsas

249 1882 500 1938 habendi
549 1883 880 1953 coarctavit,
938 1883 1203 1938 divertiis
1260 1885 1501 1940 modum
1549 1885 1890 1956 imposuit»

249 1973 427 2040 (Suet.
462 1971 644 2042 ibid.).
694 1971 896 2026 Nonne
935 1987 1072 2027 vero
1122 1972 1214 2026 his
1254 1960 1446 2028 verbis
1495 1976 1896 2029 immaturitate

248 2077 594 2132 sponsarum,
659 2059 855 2130 colligi
912 2065 1105 2130 potest
1171 2067 1407 2132 propter
1455 2064 1894 2119 multitudinem

251 2165 474 2214 eorum,
509 2147 609 2218 qui
641 2147 809 2202 bellis
839 2147 1106 2203 civilibus
1138 2149 1391 2221 aliisque
1423 2157 1592 2206 antea
1630 2151 1897 2206 exstincti

253 2239 500 2306 fuerant,
533 2241 823 2291 statutum
853 2253 981 2293 esse
1026 2239 1098 2292 ab
1130 2239 1481 2310 imperatore
1515 2245 1794 2311 Augusto,
1836 2243 1899 2294 ut

253 2326 528 2398 virgines,
560 2326 738 2380 etiam
770 2327 1031 2380 nondum
1063 2326 1207 2382 satis
1247 2327 1456 2381 adultae
1510 2333 1566 2382 et
1618 2328 1739 2382 viro
1774 2345 1897 2381 ma-
1943 2319 1955 2334 ’

252 2420 415 2482 turse,
449 2414 777 2469 nuberent?
804 2415 861 2468 Si
893 2419 1088 2469 autem
1142 2416 1193 2470 is
1247 2416 1323 2470 sit
1369 2417 1630 2471 Suetonii
1663 2433 1899 2484 sensus,

255 2503 351 2558 hic
373 2503 719 2558 Tertulliani
740 2519 867 2558 esse
890 2504 1119 2559 videtur
1142 2505 1417 2576 :Poppaea
1436 2505 1561 2577 lege
1585 2507 1897 2572 sancitum,

254 2592 588 2660 utvirgines
612 2591 913 2660 eajuniori
934 2596 1098 2646 aetate
1121 2593 1177 2647 in
1202 2594 1639 2648 matrimonium
1663 2594 1903 2649 colloca-

253 2686 799 2751 rentur,antequam
827 2680 968 2734 illud
998 2681 1120 2752 lege
1141 2681 1291 2736 Julia
1318 2685 1655 2737 contrahere
1677 2683 1900 2754 potuis-

252 2775 406 2826 sent.
431 2774 498 2824 Et
525 2787 656 2825 vero
687 2786 756 2824 ex
791 2769 966 2824 Dione
991 2770 1276 2825 discimus
1308 2771 1379 2826 ab
1413 2773 1613 2826 eodem
1639 2778 1902 2843 Augusto

253 2861 577 2925 decretum,
614 2862 677 2914 ut
708 2858 897 2930 pactio
931 2859 1212 2930 nuptialis
1245 2860 1408 2915 irrita
1460 2867 1636 2926 esset,
1670 2862 1720 2916 si
1754 2880 1901 2933 nup-

253 2949 349 3004 tiaa
380 2948 534 3003 ultra
563 2948 865 3002 biennium
897 2947 1287 3016 differrentur,
1309 2949 1363 3002 id
1401 2954 1509 3019 est,
1534 2951 1727 3021 inquit
1747 2951 1900 3006 idem

252 3037 423 3101 Dion,
458 3044 522 3091 ut
552 3053 619 3091 ea
649 3037 829 3108 virgo,
862 3053 1034 3107 quam
1085 3038 1216 3107 quis
1263 3038 1626 3108 despondere
1655 3038 1900 3107 volebat,

256 3127 458 3181 decem
491 3141 676 3181 annos
707 3131 846 3180 nata
877 3130 1049 3195 esset,
1084 3131 1140 3180 et
1173 3126 1389 3197 nuptiae
1422 3144 1536 3182 non
1567 3128 1719 3183 ultra
1744 3127 1903 3184 bien-

260 3214 427 3268 nium
470 3218 924 3285 prorogarentur
950 3213 1139 3284 (Dion.
1171 3214 1271 3282 lib,
1307 3231 1394 3268 LIV
1420 3217 1569 3270 Rom.
1596 3218 1812 3271 Histor.
1846 3233 1903 3287 p.

256 3303 410 3373 609).
444 3303 619 3374 Atqui
652 3302 699 3357 si
734 3301 928 3374 puella
971 3303 1195 3358 decimo
1247 3302 1434 3359 atatis
1473 3321 1590 3358 sua:
1625 3320 1776 3358 anno
1810 3304 1907 3358 de-

259 3391 537 3462 sponderi
569 3396 625 3446 et
657 3393 875 3446 nubere
921 3395 1167 3462 poterat,
1201 3396 1326 3446 tum
1367 3408 1504 3464 ergo
1538 3391 1692 3449 filios
1722 3391 1908 3448 susci-

256 3496 418 3552 pere,
477 3479 560 3535 uti
620 3479 702 3534 ait
748 3479 1165 3547 Tertullianus,
1225 3482 1562 3553 cogebatur,
1614 3499 1738 3553 quae
1785 3481 1911 3552 lege

254 3568 436 3638 Julia,
469 3570 912 3625 matrimonium
954 3587 1106 3626 anno
1154 3587 1259 3626 suo
1309 3575 1536 3626 tantum
1568 3570 1910 3626 duodecimo

258 3659 409 3713 inire
456 3662 702 3729 poterat.
767 3657 935 3728 Vide,
989 3658 1039 3714 si
1099 3657 1308 3731 placet,
1368 3659 1702 3715 Gothofredi
1758 3658 1906 3730 (Cod.

258 3747 512 3802 Theodos.
547 3764 602 3818 p.
633 3748 740 3802 226
770 3751 826 3802 et
857 3750 1044 3819 seqq.)
1095 3752 1152 3803 et
1181 3748 1451 3816 aliorum,
1488 3749 1544 3802 in
1574 3747 1807 3803 tertiam
1841 3748 1911 3802 de

253 3835 636 3907 sponsalibus
694 3836 903 3909 legem,
965 3837 1413 3905 adnotationes;
1494 3840 1551 3892 et
1628 3838 1909 3908 expende,

251 3941 479 3996 quaso,
512 3929 707 3980 utrum
739 3925 883 3993 haec,
917 3930 1018 3981 aut
1050 3925 1164 3980 alia
1211 3925 1500 3997 quaedam,
1535 3942 1714 3995 quam
1746 3941 1910 3980 exco-

248 4013 496 4084 gitabis,
555 4015 862 4069 verborum
925 4013 1271 4070 Tertulliani
1346 4013 1750 4086 interpretatio
1805 4012 1913 4067 tibi

252 4103 451 4174 magis
483 4101 756 4157 arrideat.

327 4207 585 4263 Dubium
636 4212 834 4264 autem
883 4224 1011 4264 esse
1062 4226 1176 4264 non
1223 4212 1436 4281 potest,
1477 4210 1618 4281 quin
1669 4213 1914 4264 Severus

249 4297 579 4367 imperator
610 4297 775 4353 illam
826 4298 1135 4368 utriusque
1179 4298 1349 4354 Juliaa
1399 4304 1454 4354 et
1483 4300 1738 4371 Poppaeae
1770 4297 1914 4369 legis

247 4391 488 4458 partem
520 4387 907 4458 abrogaverit,
945 4391 1289 4459 tempusque
1341 4388 1748 4460 assignaverit,
1800 4403 1914 4457 quo

245 4476 518 4547 virgines
549 4481 781 4531 matura
821 4481 989 4532 astate
1039 4477 1348 4541 nubsrent,
1390 4477 1534 4532 Nam
1584 4477 1640 4530 id
1692 4475 1914 4531 Tertul-

1996 554 2418 609 commutanda:
2461 549 2747 606 desiderio
2794 543 3252 617 suspirantibus.
3290 564 3316 591 »
3349 541 3459 596 Sed
3490 538 3635 594 vidi-

1996 659 2128 696 mus
2161 642 2392 696 eosdem
2425 639 2785 695 Christianos
2836 636 3039 691 solitos
3090 634 3273 687 fuisse
3314 647 3416 701 pro
3456 628 3635 698 hujus

1997 731 2132 785 linis
2163 746 2326 784 mora
2355 727 2674 799 deprecari.
2724 725 2903 780 Nobis
2950 724 3132 794 igitur
3165 719 3392 775 facilius
3427 717 3636 787 proba-

1998 819 2151 874 bitur
2181 818 2322 873 illud
2354 817 2426 872 ab
2467 821 2713 871 Auctore
2759 819 2957 868 nostro
2989 811 3212 865 dictum
3247 807 3428 862 fuisse
3458 804 3636 859 casti-

1995 909 2134 962 tatis
2163 924 2229 962 ac
2271 904 2625 976 virginitatis
2675 903 2891 970 studio,
2920 916 3065 970 quas
3111 897 3346 969 quidem
3393 893 3637 948 virtutes

1995 995 2307 1052 Christiani
2337 999 2498 1049 tanto
2529 993 2734 1048 ardore
2762 990 3048 1055 colebant,
3079 989 3299 1057 quanto
3351 999 3449 1038 eas
3495 997 3636 1053 gen-

1994 1084 2126 1140 tiles
2159 1082 2459 1155 despectui
2487 1081 2782 1136 habebant
2810 1087 2867 1133 et
2895 1075 3421 1147 adspernabantur.

2066 1192 2215 1246 Tum
2245 1189 2455 1244 dehinc
2482 1185 2876 1242 Tertullianus
2924 1183 3289 1237 continenter
3335 1177 3638 1250 prosequi-

1996 1284 2138 1335 tur:
2181 1299 2201 1327 ι
2238 1277 2542 1334 Judicatos
2593 1279 2744 1329 retro
2793 1274 2851 1326 in
2903 1277 3095 1342 partes
3144 1268 3321 1324 secari
3375 1283 3408 1320 a
3456 1265 3641 1320 credi-

1999 1370 2225 1424 toribus
2255 1367 2409 1438 leges
2431 1370 2612 1420 erant.
2637 1367 2932 1418 Consensu
2969 1365 3163 1412 tamen
3191 1354 3420 1427 publico
3439 1353 3642 1407 crude-

2003 1457 2135 1512 litas
2164 1461 2367 1528 postea
2396 1470 2561 1510 erasa
2591 1458 2679 1507 est
2709 1472 2736 1499 ››
2789 1447 3051 1519 (Tertull.
3106 1447 3378 1514 Apologet.
3430 1457 3555 1511 cap.
3588 1441 3641 1510 4,

2003 1565 2056 1618 p.
2089 1547 2236 1615 287).
2270 1544 2395 1599 Una
2426 1547 2616 1598 autem
2663 1541 2782 1593 haec
2832 1542 2955 1592 erat
3003 1551 3070 1588 ex
3112 1531 3532 1587 vetustissimis
3562 1528 3644 1618 ls-

2001 1616 2194 1707 gibus,
2229 1633 2484 1705 primum
2521 1631 2574 1684 in
2618 1631 2842 1690 decem,
2873 1630 2930 1680 et
2979 1627 3180 1694 postea
3221 1621 3280 1674 in
3335 1616 3644 1672 duodecim

2001 1723 2231 1780 tabulas
2270 1720 2491 1786 relatis,
2525 1735 2673 1789 qum,
2724 1721 2870 1770 teste
2926 1713 3105 1775 Livio,
3165 1731 3192 1759 «
3245 1708 3304 1761 in
3353 1707 3644 1760 immenso

2003 1813 2249 1868 aliarum
2295 1825 2470 1880 super
2518 1806 2664 1861 alias
2710 1807 3110 1859 acervatarum
3163 1799 3355 1869 legum
3406 1791 3644 1850 cumulo

2003 1907 2140 1958 sunt
2190 1899 2380 1955 omnis
2433 1897 2561 1951 fons
2607 1892 2822 1965 publici
2874 1884 3377 1962 privatiquejuris
3410 1903 3438 1933 ››
3489 1881 3644 1936 993

2003 1991 2145 2062 (Liv.
2192 1988 2293 2043 lib.
2345 1988 2491 2053 III,§
2533 1985 2601 2038 34
2632 1987 2689 2038 et
2729 1982 2840 2052 35).
2892 1982 3030 2044 Quae
3076 1981 3294 2039 autem,
3327 1989 3394 2027 ac
3425 1970 3646 2062 quibus

2002 2059 2190 2136 verbis
2221 2082 2501 2146 concepta
2544 2073 2719 2128 fuerit
2764 2071 2856 2125 lex
2902 2069 3022 2133 illa,
3066 2073 3123 2122 te
3152 2063 3381 2120 docebit
3411 2066 3478 2114 Α.
3513 2059 3645 2116 Gel-

2004 2170 2139 2232 lius,
2173 2167 2270 2238 qui
2305 2165 2464 2219 illius
2493 2163 2729 2217 initium
2779 2158 2992 2214 alicubi
3024 2155 3189 2225 (Gell.
3240 2153 3342 2207 lib.
3392 2167 3464 2204 xv
3495 2151 3645 2238 Noct.

2007 2259 2167 2312 Attio.
2198 2237 2328 2326 cap.
2373 2254 2459 2323 13,
2511 2270 2568 2323 p.
2618 2252 2765 2316 821),
2823 2247 3103 2315 illamque
3159 2243 3447 2312 integram
3505 2237 3645 2292 alibi

2008 2346 2165 2400 hunc
2197 2341 2504 2412 descripsit
2533 2341 2591 2394 in
2629 2339 2902 2393 modum:
2928 2350 3090 2388 r‘ERIS.
3113 2343 3398 2385 CONFESSI.
3435 2341 3642 2380 essm.

2008 2452 2061 2497 Ο.
2102 2450 2267 2489 JURE.
2308 2446 2616 2486 JUDICATIS.
2674 2441 2954 2481 TRIGINTA.
3023 2436 3167 2476 DIES.
3217 2433 3396 2473 JUSTI.
3439 2431 3644 2470 SUNTO.

2010 2540 2165 2578 POST.
2201 2537 2426 2576 DEINDE.
2453 2534 2668 2574 MANUS.
2695 2529 2963 2569 INJEC’I‘IO.
2987 2526 3143 2564 ESTO.
3168 2525 3247 2561 IN.
3269 2523 3386 2561 JUS.
3420 2511 3645 2558 DUC’I‘IO.

2010 2629 2089 2667 NI.
2117 2626 2455 2666 JUDICATUM.
2490 2622 2668 2662 FACI'I‘.
2701 2621 2825 2659 AUT.
2859 2617 3009 2663 QUIS.
3058 2612 3300 2652 EDENDO.
3351 2611 3450 2648 ΕΜ.
3481 2607 3646 2646 JURE.

2007 2717 2287 2754 VINDICET.
2319 2714 2525 2752 SECUM.
2562 2710 2785 2749 DUCI'I‘O.
2827 2705 3069 2746 VINCI'I‘O.
3115 2702 3246 2742 AUT.
3282 2697 3488 2739 NERVO.
3517 2696 3648 2735 AUT.

2011 2804 2391 2843 COMPEDIBUS.
2420 2799 2756 2847 QUINDECIM.
2787 2795 2986 2835 PONDO.
3020 2793 3111 2831 NE.
3142 2790 3380 2829 MINORE.
3414 2787 3542 2824 AU'I‘.
3578 2784 3651 2823 SI.

2009 2894 2204 2932 VOLE’I‘.
2255 2891 2484 2930 MAJORE.
2520 2887 2778 2944 ‘VINCITO.
2834 2884 2900 2923 SI.
2939 2881 3132 2920 νομεῖ.
3169 2877 3296 2928 SUO,
3332 2874 3536 2914 νινιτο.
3569 2872 3651 2911 NI.

2013 2983 2145 3022 SUO.
2210 2981 2376 3018 νινιτ.
2437 2979 2552 3024 QUI.
2607 2976 2763 3014 EMIT.
2819 2971 3095 3011 VlNCTUM.
3134 2965 3386 3006 IIABEBIT.
3431 2960 3656 2999 LIBRAS.

2012 3071 2230 3110 FABRIS.
2279 3070 2341 3106 M.
2385 3069 2528 3105 DIES.
2563 3066 2720 3104 DATO.
2774 3064 2844 3102 SI.
2894 3061 3083 3099 VOLET.
3132 3055 3292 3094 PLUS.
3327 3051 3488 3090 DATO.
3521 3049 3657 3087 TER-

2014 3161 2145 3200 TlIS.
2179 3157 2478 3196 NUNDINIS.
2512 3154 2733 3192 PARTIS.
2775 3149 3038 3191 SECANTO.
3077 3147 3147 3184 SI.
3184 3142 3348 3182 PLUS.
3383 3136 3660 3177 MINUSVE.

2019 3246 2370 3288 SECUERUNT.
2404 3245 2488 3282 ss.
2522 3243 2764 3281 ravunn.
2798 3239 2930 3278 εετο
2964 3219 3120 3287 (Ibid.
3174 3216 3274 3269 lib.
3316 3229 3410 3280 xx,
3444 3227 3571 3280 cap.
3608 3209 3659 3276 1,

2018 3339 2074 3392 p.
2132 3320 2258 3374 1101
2311 3323 2367 3372 et
2413 3319 2623 3386 seqq.).
2665 3312 2943 3368 Eamdem
2985 3309 3136 3362 hanc
3168 3297 3664 3392 legemunon_si_ne

2015 3384 2192 3463 variis
2240 3384 2588 3461 lectionibus
2636 3400 2874 3456 Fulvius
2922 3396 3170 3452 Ursinus
3223 3389 3425 3446 retulit
3474 3384 3662 3457 (Fulv.

2020 3497 2212 3552 Ursin.
2245 3499 2375 3550 Not.
2409 3496 2491 3547 in.
2534 3493 2630 3547 cit'.
2663 3492 2908 3561 August.
2942 3485 3092 3553 lib.).

2089 3609 2214 3660 Ere
2235 3603 2432 3672 itaque
2453 3598 2640 3654 alieno
2662 3593 2959 3653 obstrictis
2983 3591 3237 3664 primum
3257 3586 3366 3642 hac
3389 3584 3513 3655 lege
3536 3597 3668 3672 con-

2021 3670 2604 3761 cedebatur—triginta
2636 3686 2861 3740 dierum
2895 3681 3176 3752 spatium,
3207 3693 3318 3748 quo
3353 3670 3665 3761 pecuniam

2022 3785 2366 3854 quererent.
2398 3759 2544 3833 Tum
2590 3775 2798 3830 deinde
2832 3769 3009 3826 vincti
3040 3769 3098 3821 in
3149 3779 3439 3854 carcerem
3469 3759 3669 3854 trude-

2021 3847 2253 3926 bantur.
2305 3865 2511 3922 Tertiis
2562 3869 2756 3919 autem
2817 3855 3120 3923 nundinis,
3176 3853 3295 3908 sive
3353 3853 3485 3921 post
3522 3847 3669 3902 alios

2024 3961 2323 4029 sexaginta
2355 3955 2476 4010 dies
2508 3953 2696 4022 capite
2737 3964 2935 4020 poenas
2966 3945 3248 4008 luebant;
3287 3944 3343 4029 et
3370 3938 3437 4029 _si
3469 3935 3668 4029 plures

2023 4025 2187 4104 erant
2235 4044 2574 4111 creditores,
2626 4039 2933 4095 secabatur
2995 4046 3207 4103 corpus
3254 4025 3554 4094 debitoris,
3615 4025 3672 4078 et

2023 4135 2268 4208 singulae
2292 4133 2420 4204 ejus
2443 4135 2640 4203 partes
2662 4125 2912 4197 singulis
2934 4118 3321 4208 creditoribus
3349 4114 3668 4208 dabantur,

2025 4200 2153 4291 Quo
2195 4200 2349 4279 certe
2393 4200 2631 4287 (nihil,
2687 4216 2768 4272 ait
2815 4211 3056 4280 Gellius,
3096 4205 3401 4272 immitius,
3433 4200 3568 4270 nisi,
3602 4203 3674 4254 ut

2025 4315 2215 4385 reipsa
2246 4313 2506 4382 apparet,
2540 4323 2604 4362 eo
2636 4301 2877 4359 oonsilio
2923 4304 3086 4355 tanta
3116 4291 3672 4385 immanitaspoenln

2027 4379 2369 4459 denuntiata
2397 4401 2506 4462 est,
2539 4411 2612 4450 ne
2660 4393 2730 4448 ad
2780 4405 2906 4446 eam
2954 4401 3214 4459 unquam
3249 4379 3670 4454 perveniretur.

2027 4491 2231 4547 Addici
2288 4501 2541 4557 namque
2593 4497 2748 4536 nunc
2799 4484 2856 4535 et
2896 4475 3105 4531 vinciri
3134 4472 3354 4528 multos
3384 4467 3672 4534 videmus,

244 4564 454 4620 “anus
485 4564 623 4634 Ῐῑενίι
657 4565 715 4619 id
761 4572 848 4620 est
889 4582 995 4620 8υο
1030 4569 1312 4636 tempore:
1348 4566 1568 4621 motum
1599 4581 1727 4620 9539
1759 4580 1917 4620 8539‘
1947 4553 1994 4617 D
2028 4581 2166 4653 quia
2193 4553 2561 4633 vinculorum
2587 4586 2816 4644 poenam
2841 4561 3206 4623 deterrimini
3236 4557 3505 4616 homines
3535 4573 3673 4612 con-

242 4658 436 4710 verat.
486 4657 773 4708 Praeterea
820 4670 888 4709 ex
939 4655 1221 4709 Martiano
1271 4653 1556 4709 discimus
1600 4652 1820 4723 aliquid
1855 4653 1915 4707 in

244 4742 487 4814 legibus
536 4742 711 4798 Juliis
764 4747 834 4798 ab
885 4743 1087 4798 eodem
1140 4743 1350 4798 Severo
1381 4743 1758 4797 emendatum
1792 4742 1913 4810 (lib.

241 4848 399 4887 χχιιι
435 4834 649 4900 Digest.
682 4832 771 4887 tit.
805 4836 859 4900 2,
894 4832 1004 4903 leg.
1040 4834 1147 4902 19).
1198 4832 1350 4887 Alibi
1381 4848 1513 4888 vero
1547 4831 1917 4887 ostendimus

244 4922 425 4992 (tom.
462 4924 483 4973 Ι
517 4925 778 4992 Apparat.
813 4921 916 4976 lib.
961 4939 1047 4991 ιιι,
1081 4922 1316 4977 dissert.
1371 4922 1427 4992 2,
1479 4938 1605 4991 cap.
1660 4922 1744 4988 18,
1804 4923 1914 4975 art.

244 5011 308 5079 3,
374 5027 436 5081 p.
482 5009 641 5080 1153)
697 5009 922 5065 ablatas
967 5011 1150 5065 fuisse
1196 5028 1230 5065 a
1279 5010 1658 5067 Constantino
1704 5009 1917 5080 Magno

247 5115 486 5170 paruas,
524 5115 651 5168 quae
699 5098 790 5153 his
839 5097 1013 5153 Juliis
1043 5098 1425 5170 Poppmisqus
1458 5098 1687 5169 legibus
1718 5103 1921 5152 contra

244 5188 492 5243 caelibes
524 5192 581 5242 et
612 5187 784 5242 orbos
837 5187 1081 5243 decretae
1115 5188 1364 5242 fuerant.
1418 5188 1528 5244 Sed
1575 5187 1660 5241 haa
1693 5185 1918 5243 Tertul-

245 5276 406 5333 liani
441 5276 629 5332 nostri
663 5281 923 5347 tempore
955 5275 1305 5347 posteriores
1333 5281 1494 5333 sunt.

327 5384 602 5451 Denique
634 5382 918 5454 Rigaltius
961 5383 1234 5455 Opinatur
1264 5384 1437 5440 hasce
1477 5382 1634 5455 leges
1664 5382 1792 5438 ideo
1822 5399 1920 5438 va-

253 5472 550 5529 nissimas
582 5490 615 5527 a
644 5471 1008 5528 Tertulliano
1057 5473 1360 5545 appellari,
1413 5494 1441 5524 ‹‹
1490 5472 1630 5544 quia
1658 5472 1728 5527 de
1781 5470 1920 5527 filiis

253 5560 664 5632 suscipiendis
714 5561 972 5633 cogitare
1022 5577 1135 5617 non
1182 5561 1476 5618 immerito
1523 5576 1741 5616 vanum
1772 5560 1920 5616 stul-

251 5655 514 5723 tumque
563 5649 869 5709 videbatur
925 5650 1295 5721 Christianis,
1348 5650 1524 5708 tinem
1571 5648 1921 5710 saeculorum

2026 4650 2653 4724 temnunLDissectum
2676 4676 2805 4716 esse
2825 4654 3152 4726 antiquitus
3174 4650 3462 4706 neminem
3487 4660 3675 4717 neque

2025 4758 2135 4828 legi
2167 4771 2355 4828 neque
2386 4753 2604 4819 audivi,
2628 4748 2904 4822 quoniam
2939 4742 3160 4800 servitia
3191 4740 3302 4795 ista
3327 4754 3505 4810 pcenaa
3529 4752 3678 4828 ‘con-

2027 4825 2209 4903 temni
2244 4825 2360 4900 non
2398 4843 2559 4914 quita
2588 4843 2677 4895 est
2701 4859 2725 4890 ι
2754 4835 2921 4908 (Gell,
2945 4832 3123 4904 ibid.)
3149 4828 3347 4884 Cernis
3369 4833 3508 4883 sane
3528 4825 3679 4880 hanc

2029 4936 2217 5008 ipsam
2250 4950 2378 4990 esse
2423 4931 2629 5001 legem,
2688 4943 2863 4999 quam
2925 4920 3323 4979 Tertullianus
3378 4928 3674 5012 consensu

2028 5002 2263 5097 publico
2297 5022 2662 5093 antiquatam
2695 5035 2760 5072 ac
2788 5015 3151 5088 repudiatam
3183 5006 3413 5065 asserit.
3445 5002 3674 5097 Quinti-

2027 5091 2226 5170 lianus
2258 5091 2487 5184 quoque
2516 5109 2661 5163 illud
2693 5107 2852 5162 hisce
2874 5103 3065 5159 verbis
3095 5097 3442 5172 planissime
3470 5091 3678 5184 conﬁr:

2029 5210 2152 5260 mat
2187 5221 2199 5259 ;
2234 5179 2443 5257 «Sunt
2495 5198 2762 5271 quaedam
2812 5211 2926 5249 non
2956 5189 3281 5248 laudabilia
3310 5189 3541 5250 natura,
3574 5179 3676 5236 sed

2022 5295 2158 5365 jure
2189 5306 2502 5356 concessa;
2538 5293 2602 5342 ut
2645 5284 2952 5341 duodecim
2985 5280 3202 5337 tabulis
3235 5272 3517 5332 debitoris
3545 5287 3677 5326 cor-

2028 5400 2140 5454 pus
2174 5383 2324 5437 inter
2351 5378 2664 5435 creditores
2695 5375 2875 5430 dividi
2904 5371 3089 5439 licuit,
3114 5384 3291 5441 quam
3329 5365 3514 5454 legem
3545 5374 3674 5454 mos

2029 5450 2303 5543 publicus
2334 5465 2659 5541 repudiavit
2690 5487 2717 5515 ››
2758 5460 3023 5536 (Quintil.
3055 5460 3159 5516 lib.
3192 5475 3257 5513 ιιι
3287 5456 3419 5510 Inst.
3453 5450 3675 5508 Orator.

2031 5577 2158 5617 can.
2190 5563 2267 5617 6).

2102 5563 2283 5722 iis;
2329 5649 2380 5706 si
2428 5649 2488 5704 in
2527 5644 2835 5704 duodecim
2879 5639 3214 5698 tabularum
3244 5630 3493 5704 legibus,
3525 5640 3674 5697 quas
