4046 6168
431 335 593 394 1087

958 339 1487 401 TERTULLIANI
1533 342 1854 404 OPERUM
1907 342 2102 402 PARS
2147 341 2193 400 Ι.
2227 373 2303 383 -
2341 340 2611 400 SERIES
2657 340 2702 414 Ι,
2750 337 3311 399 APOLOGETICA.

3674 327 3836 388 1088

430 467 603 522 etiam
641 469 827 538 pueri,
861 473 1137 539 tanquam
1191 471 1458 526 omnium
1509 474 1781 543 optimas,
1817 473 1952 528 olim
1987 473 2070 526 di-
2103 473 2158 537 Α
2187 475 2542 525 coercentur.
2582 472 2715 535 Quae
2766 470 3003 541 quidem
3048 468 3246 524 omnia
3288 483 3318 519 a
3363 460 3655 519 Macrobio
3707 458 3829 528 (lib-

429 572 608 623 scere,
635 556 719 609 uti
778 557 860 611 ait
890 558 1080 612 Cicero
1113 558 1234 628 (lib.
1271 577 1308 614 ιι
1340 560 1404 615 de
1435 562 1604 632 legib.
1640 578 1770 633 pag.
1820 562 1945 625 341,
1975 560 2075 614 lin.

425 644 536 714 27),
569 645 940 712 tenebantur,
976 646 1199 717 aliquid
1241 648 1412 703 fuerit
1445 667 1556 704 non
1603 651 1773 706 modo
1805 667 1920 704 non
1954 649 2078 704 lau-

427 732 712 802 dandum,
748 739 811 786 ut
843 733 979 789 alibi
1011 737 1378 792 ostendimus
1412 739 1720 808 (Dissertat.
1745 741 1801 793 in
1834 741 2076 794 Lactant.

431 836 556 891 cap.
589 821 678 887 26,
712 825 821 874 art.
859 823 928 892 1),
965 824 1064 878 sed
1110 841 1346 895 prorsus
1392 826 1567 881 etiam
1614 828 1858 892 immite,
1892 844 2080 898 quan-

429 913 486 964 to
523 909 708 981 magis
740 910 797 964 in
827 910 978 977 aliis,
1001 929 1147 982 quas
1179 914 1447 971 homines
1471 921 1704 988 prepter
1725 921 2079 972 suatantum

429 999 737 1053 commoda
767 998 1054 1053 tulerunt!
1100 1000 1271 1055 Nulla
1294 1003 1446 1057 enim
1473 1005 1815 1075 antiquitas,
1841 1020 1944 1058 nec
1967 1003 2082 1059 ulla

426 1085 783 1158 legislatoris
815 1086 1092 1155 dignitas,
1128 1091 1226 1144 sed
1262 1091 1380 1144 sola
1421 1092 1665 1162 aequitas
1698 1092 1883 1164 legem
1919 1109 2078 1147 com—

432 1173 867 1229 mendat.Nulla
890 1175 1067 1245 igitur
1092 1177 1350 1248 iniquior
1370 1184 1457 1234 est
1472 1197 1558 1248 ea,
1585 1198 1698 1251 qua
1717 1181 2080 1236 Christianus

430 1262 501 1316 ob
533 1262 723 1317 solum
756 1280 928 1318 suum
964 1281 1192 1333 nomen,
1229 1284 1331 1322 nec
1362 1269 1560 1324 audita
1590 1286 1849 1340 unquam
1882 1286 2079 1340 causa,

429 1352 888 1407 condemnatur.

1045 1478 1360 1518 ARTICULUS
1403 1481 1468 1518 ΙΙ.

433 1565 802 1647 Examinatar
852 1583 1024 1638 quam
1072 1570 1294 1638 impune
1326 1570 1547 1647 etlmiei
1573 1571 1903 1625 violaverint
1934 1570 2083 1642 leges

512 1637 873 1710 immodicum
901 1637 1204 1706 arenarum,
1223 1642 1574 1710 supellectilis
1595 1651 1644 1696 et
1673 1644 1902 1697 vestium
1931 1637 2080 1696 su'm-

504 1711 662 1778 ptum
691 1709 1017 1780 cohibentes,
1042 1714 1091 1765 et
1121 1727 1244 1780 quae
1275 1709 1384 1766 illa:
1414 1715 1627 1782 fuerint
1648 1731 1714 1768 ac
1741 1714 2083 1769 centenariw

507 1794 710 1840 cernas;
761 1797 928 1851 quam
987 1783 1239 1837 audocter
1287 1785 1430 1837 alias
1481 1785 1968 1855 pessumdederint,
2018 1801 2082 1839 ac

507 1855 1016 1927 eampotz‘ssimum,
1052 1870 1156 1924 qua
1179 1857 1468 1924 patricius,
1499 1857 1682 1910 decem
1710 1859 2080 1927 argentipon-

507 1922 577 2006 do
629 1923 853 2006 habens,
900 1922 1071 2006 senta
1104 1922 1382 2006 submotus
1429 1936 1507 1982 est
1526 1944 1545 1989 ,'
1576 1930 1700 1998 quis
1749 1922 1875 1996 ille,
1906 1922 2079 2006 quive

509 1993 760 2048 libertini
812 1997 938 2070 qui,
981 1998 1159 2070 ﬂagra
1227 1998 1403 2052 adhuc
1475 1993 1808 2070 rumpentes,
1862 1993 2079 2054 similes

510 2069 890 2135 sumptuaria:
923 2068 1060 2137 leges
1090 2067 1408 2140 adspernati
1435 2074 1582 2125 sunt.

431 2225 438 2230 ρ
509 2187 666 2242 994
695 2190 1121 2260 Argumentum
1167 2209 1342 2248 suum
1375 2195 1748 2266 prosequitur
1777 2194 2081 2250 Tertullia-

438 2291 573 2340 nus,
607 2280 662 2331 et
691 2277 941 2334 ethnicis
971 2281 1030 2334 in
1063 2280 1425 2338 Christianos
1466 2284 1854 2354 quarumdam
1887 2283 2082 2355 legum

450 2364 825 2422 simulatione
873 2369 1267 2436 saevientibus,
1322 2372 1522 2442 objicit
1577 2372 1670 2428 his
1728 2389 1843 2427 non
1902 2373 2085 2443 magis

448 2453 735 2526 obligatos
757 2457 957 2525 fuisse,
984 2474 1161 2530 quam
1188 2460 1472 2531 ipsosmet
1493 2461 1756 2517 ethnicos
1788 2465 2089 2532 sumptua-

448 2543 551 2598 riis
601 2544 851 2616 legibus,
902 2563 1022 2615 quaa
1081 2565 1294 2620 magna
1350 2550 1619 2621 aaquitate
1667 2568 1731 2606 ac
1779 2550 2090 2622 prudentia

447 2637 722 2702 sumptus
752 2634 810 2688 in
843 2637 1039 2704 omnis,
1074 2637 1397 2693 domestica
1429 2639 1788 2710 supellectile
1820 2656 1883 2694 ac
1914 2641 2089 2695 vesti-

446 2723 557 2778 bus
590 2725 935 2781 coercebant
965 2727 1218 2797 (Tertull.
1263 2731 1414 2801 Apol.
1450 2746 1574 2802 cap.
1609 2732 1660 2797 4,
1697 2749 1751 2803 p.
1785 2733 1933 2801 288),
1968 2736 2085 2802 aut,

446 2815 512 2867 ut
568 2813 693 2884 ipse
739 2813 899 2886 loqui
945 2824 1121 2887 amat,
1154 2827 1431 2890 sumptum
1481 2825 1530 2875 et
1561 2822 1914 2876 ambitionem
1945 2837 2088 2876 com-

442 2903 742 2972 primentes
774 2904 969 2976 (Idem,
1005 2921 1130 2978 cap.
1162 2909 1217 2975 6,
1252 2924 1383 2980 pag.
1415 2910 1561 2982 205).
1614 2911 1684 2965 At
1711 2914 1874 2966 tanta
1905 2911 2089 2966 auda-

442 2990 532 3045 cia
561 3007 659 3047 eas
693 2992 863 3064 plane
893 2997 1436 3065 pessumdederant,
1465 3003 1530 3053 ut
1576 2998 1685 3070 ipsi
1731 2998 2086 3055 Tertulliano

439 3081 790 3151 respondere
851 3100 965 3139 non
1025 3086 1339 3158 potuerint,
1393 3087 1464 3143 ab
1515 3088 1598 3143 eis
1640 3090 1854 3160 petenti
1891 3107 1902 3144 :
1935 3091 2085 3153 Quo-

2190 560 2568 614 mSaturnal.
2616 576 2742 630 cap.
2797 559 2879 625 17)
2928 561 3061 630 post
3115 560 3181 610 Α.
3243 553 3491 610 Gellium
3549 547 3840 620 explicata

2188 648 2319 715 (loc.
2355 649 2497 719 oit.).
2531 647 2872 703 Tertulliani
2907 646 3090 701 nostri
3122 643 3469 700 sententiam
3508 639 3682 712 plane
3715 641 3838 692 sta-

2191 736 2406 791 biliunt
2435 753 2499 792 ao
2531 736 2898 791 conﬁrmant.

2259 844 2372 898 Nec
2400 843 2608 913 majori
2649 859 2798 898 curae
2833 841 2948 896 illis
3007 841 3117 895 fuit
3163 840 3290 910 jam
3335 836 3570 892 laudata
3600 850 3633 890 a
3667 831 3839 887 nobis

2188 934 2279 988 lex
2307 933 2546 1000 Fannia,
2590 949 2704 1003 qua
2747 930 3168 1002 prohibebatur
3219 943 3289 982 ne
3345 924 3598 996 amplius
3659 937 3842 993 quam

2189 1038 2308 1076 una
2336 1020 2574 1092 gallina,
2607 1036 2786 1090 eaque
2818 1036 2932 1074 non
2977 1019 3265 1090 saginata,
3291 1016 3348 1069 in
3401 1027 3625 1069 omnem
3658 1010 3840 1064 infer-

2189 1115 2368 1166 retur.
2405 1114 2474 1164 At
2503 1109 2726 1165 Plinius
2762 1109 2940 1178 hujus
2993 1105 3139 1178 legis
3172 1105 3528 1160 mentionem
3580 1100 3744 1167 facit,
3781 1116 3844 1154 ac

2191 1199 2483 1270 quomodo
2533 1214 2657 1253 eam
2709 1196 2955 1269 gentiles
2997 1195 3347 1250 labefactare
3398 1189 3704 1262 cceperint,
3752 1188 3847 1243 his

2190 1287 2440 1358 explicat
2511 1286 2704 1341 verbis
2765 1301 2778 1342 :
2839 1308 2867 1335 ‹‹
2943 1283 3204 1340 Gallinas
3283 1280 3552 1352 saginare
3625 1276 3847 1332 Deliaci

2192 1393 2430 1448 cmpere.
2469 1376 2630 1431 Unde
2661 1375 2844 1445 pestis
2877 1377 3076 1429 exorta
3104 1371 3332 1442 opimas
3376 1385 3511 1423 aves
3542 1372 3599 1422 et
3634 1369 3848 1436 suopte

2193 1483 2432 1538 corpore
2485 1470 2694 1520 unctas
2744 1464 3077 1521 devorandi.
3120 1469 3237 1518 Hoc
3273 1461 3525 1533 primum
3579 1457 3847 1527 antiquis

2191 1571 2488 1611 comarum
2524 1554 2850 1609 interdictis
2900 1557 3200 1621 exceptum
3261 1550 3490 1605 invenio
3533 1549 3661 1618 jam
3721 1546 3850 1615 lege

2191 1644 2251 1699 C.
2288 1643 2488 1699 Fannii
2542 1659 2638 1698 eos
2671 1642 2839 1698 annis
2889 1641 3160 1697 undecim
3210 1644 3342 1694 ante
3387 1639 3680 1692 Punicum
3716 1635 3845 1689 bel-

2190 1731 2334 1801 lum,
2395 1748 2466 1787 ne
2524 1731 2658 1802 quid
2732 1729 2964 1786 volucre
3035 1733 3348 1800 poneretur
3392 1730 3596 1798 prater
3663 1739 3847 1778 unam

2113 1820 2488 1900 Bgallinam,
2551 1837 2680 1891 quae
2737 1836 2850 1874 non
2909 1822 3063 1874 esset
3119 1817 3298 1872 altilis
3335 1837 3355 1866 ι
3421 1814 3588 1880 (Plin.
3657 1812 3762 1867 lib.
3814 1830 3847 1866 x

2190 1911 2322 1965 Hist.
2355 1917 2542 1964 natur.
2575 1926 2704 1980 cap.
2751 1909 2841 1976 50,
2875 1923 2930 1978 p.
2967 1907 3113 1978 442),
3155 1923 3256 1961 seu
3307 1903 3545 1976 pinguis
3594 1906 3654 1956 et
3688 1901 3831 1972 sagi-

2189 2002 2346 2067 nata,
2381 2003 2436 2054 et
2465 2016 2498 2053 a
2543 1997 2818 2052 Juvenale
2869 1995 3042 2050 altilis
3095 1993 3442 2066 simpliciter
3488 1989 3845 2063 appellatur.

2195 2110 2219 2140 (ι
2253 2088 2414 2151 Quod
2457 2086 2666 2143 deinde
2697 2089 2871 2156 caput
2919 2085 3268 2140 translatum
3305 2099 3406 2154 per
3448 2096 3656 2137 omnes
3687 2078 3849 2149 leges

2192 2175 2534 2242 ambulavit,
2573 2175 2998 2245 inventumque
3034 2169 3442 2227 diverticulum
3473 2174 3564 2224 est
3593 2169 3654 2223 in
3689 2171 3849 2224 trau-

2194 2267 2262 2322 de
2294 2282 2490 2321 earum
2524 2263 2876 2336 gallinaceos
2908 2277 3140 2334 quoque
3163 2259 3436 2331 pascendi
3468 2258 3623 2313 laete
3658 2258 3842 2312 madi-

2197 2358 2287 2412 dis
2313 2355 2457 2412 cibis
2483 2373 2495 2422 ;
2532 2354 2716 2410 multo
2743 2353 2824 2410 ita
2853 2353 3134 2425 gratiores
3164 2352 3566 2424 approbantur
3596 2371 3624 2397 υ
3665 2350 3850 2419 (Juve-

2196 2448 2310 2503 nal.
2343 2447 2504 2501 satir.
2527 2446 2583 2511 5,
2604 2461 2658 2498 v.
2685 2445 2827 2513 117).
2857 2444 2935 2498 De
2967 2443 3057 2498 bis
3088 2446 3280 2498 autem
3321 2442 3468 2496 995
3536 2444 3850 2510 sumptua-

2197 2535 2300 2590 riis
2355 2538 2412 2589 et
2468 2533 2702 2588 cibariis
2751 2531 2996 2603 legibus,
3049 2530 3219 2602 plura
3269 2528 3478 2584 Paulus
3544 2528 3851 2582 Manutius

2198 2623 2385 2694 (Paul.
2432 2625 2649 2677 Manut.
2704 2620 2802 2676 lib.
2849 2621 2914 2675 de
2959 2621 3150 2692 Legib.
3203 2620 3428 2674 Roman.
3463 2635 3591 2690 cap.
3651 2615 3739 2683 18)
3797 2621 3852 2670 et

2197 2712 2485 2768 Antonius
2519 2709 2878 2780 Augustinus
2918 2710 3073 2779 (Aut.
3107 2712 3352 2780 August.
3387 2706 3488 2762 lib.
3525 2725 3542 2760 1
3571 2707 3646 2760 de
3683 2704 3848 2775 legit.

2197 2820 2320 2874 cap.
2357 2802 2464 2872 18),
2498 2818 2530 2856 a
2560 2800 2728 2854 nobis
2761 2799 2919 2853 citati
2951 2798 3062 2852 alia
3093 2797 3154 2852 in
3184 2797 3615 2863 dissertatione,
3643 2795 3744 2849 ubi
3781 2795 3850 2849 de

2197 2892 2357 2947 hisce
2387 2890 2612 2962 legibus
2643 2888 2962 2944 Arnobium
2998 2895 3126 2959 post
3153 2886 3579 2941 Tertullianum
3636 2883 3849 2940 simili-

2194 2984 2285 3037 ter
2315 2980 2714 3051 disputantem
2744 2977 3077 3033 audivimus
3121 2978 3435 3046 (Disserlat.
3487 2976 3547 3029 in
3591 2975 3846 3028 Lactant.

2195 3085 2321 3142 cap.
2353 3070 2409 3139 9,
2443 3071 2548 3124 art.
2587 3069 2658 3138 1).

438 3185 573 3226 nam
624 3170 735 3226 illae
783 3171 939 3243 leges
991 3174 1280 3241 abierunt,
1332 3193 1457 3247 qua:
1516 3182 1750 3233 centum
1799 3195 1934 3247 tera,
1969 3194 2084 3233 non
2117 3149 2159 3216 α
2269 3179 2564 3242 Quantum
2614 3178 2810 3230 autem
2860 3172 3077 3229 ethnici
3125 3171 3431 3245 praeclaras
3472 3170 3655 3226 hasce
3695 3168 3851 3242 leges

439 3258 696 3328 amplius
723 3261 780 3315 in
814 3277 1033 3317 caenam
1056 3265 1347 3319 subscribi
1371 3266 1678 3335 jubebant,
1705 3283 1810 3323 nec
1836 3267 2090 3338 amplius

443 3361 618 3416 quam
653 3363 829 3403 unam
862 3349 1063 3405 inferri
1112 3352 1415 3422 gallinam,
1445 3358 1503 3408 et
1543 3371 1672 3410 eam
1705 3372 1819 3410 non
1850 3355 2090 3424 sagina-

443 3439 563 3489 tam
590 3440 612 3490 Ρ
643 3457 671 3485 ››
695 3439 906 3492 Narrat
935 3455 1067 3493 vero
1097 3441 1158 3494 Α.
1193 3439 1415 3496 Gellius
1447 3458 1508 3520 se
1541 3443 1600 3497 in
1631 3442 1934 3514 Capitonis
1963 3435 2091 3498 Atei

445 3523 845 3593 Conjectaneis
865 3525 1080 3598 legisse
1103 3533 1342 3584 senatus
1363 3530 1803 3602 decretum,quo
1838 3531 2090 3586 civitatis

446 3612 957 3684 principesjurare
983 3616 1347 3685 jubebantur
1377 3635 1440 3674 se
1471 3619 1530 3673 in
1563 3618 1718 3676 ludis
1749 3621 2089 3690 Megalensi-

445 3701 557 3755 bus
573 3716 684 3755 non
700 3703 951 3772 majores
965 3704 1021 3758 in
1037 3721 1228 3760 coenas
1244 3706 1506 3777 singulas
1519 3714 1794 3781 sumptus
1813 3711 2090 3780 facturos,

444 3805 618 3861 quam
671 3795 945 3848 centenos
996 3793 1226 3850 vicenos
1271 3796 1400 3852 aeris
1455 3797 1574 3854 sive
1632 3815 1817 3868 asses,
1883 3803 2092 3871 praeter

446 3880 598 3952 olus,
629 3881 717 3938 far
740 3887 797 3938 et
824 3883 1028 3940 vinum
1061 3887 1353 3957 patrium;
1387 3905 1573 3961 neque
1604 3891 1828 3962 argenti
1861 3891 1919 3946 in
1953 3909 2090 3947 con-

444 3970 596 4029 vivio
647 3971 780 4046 plus
827 3974 1120 4048 ponderis,
1168 3994 1343 4051 quam
1392 3977 1573 4035 libras
1638 3983 1870 4036 centum
1920 3980 2089 4053 (Gell.

447 4061 552 4118 lib.
596 4080 635 4117 ιι
683 4065 833 4120 Noct.
885 4068 1050 4122 Attio.
1103 4084 1229 4138 cap.
1278 4069 1390 4140 24).
1443 4070 1658 4126 Deinde
1700 4070 1824 4142 lege
1873 4071 2092 4126 Fannia

444 4155 707 4217 cautum,
741 4171 812 4209 ne
848 4154 908 4209 in
955 4155 1113 4211 ludis
1142 4158 1434 4225 Romanis,
1469 4159 1733 4229 Plebeiis,
1767 4161 2092 4216 Saturnali-

455 4241 586 4308 bus,
646 4242 896 4315 aliisque
948 4246 1302 4315 quibusdam
1375 4247 1600 4315 diebus,
1662 4249 1856 4319 plures
1914 4266 2092 4322 quam

443 4331 702 4399 centuni,
735 4333 1049 4404 decemque
1095 4335 1227 4391 aliis
1260 4336 1484 4405 diebus,
1509 4337 1569 4392 in
1603 4337 1851 4410 singulis
1884 4340 2094 4394 mensi-

445 4419 558 4473 bus
612 4419 839 4490 triceni,
904 4423 1126 4479 caeteris
1191 4425 1429 4481 tandem
1485 4425 1691 4481 diebus
1739 4427 1871 4482 deni
1931 4443 2094 4485 asses

2201 3265 2544 3338 spreverint,
2569 3281 2634 3320 ac
2667 3281 2770 3336 pro
2803 3263 2986 3319 nihilo
3018 3261 3351 3330 habuerint,
3387 3260 3578 3315 disces
3613 3274 3684 3314 ex
3717 3258 3852 3314 toti-

2201 3355 2332 3410 dem
2363 3353 2634 3409 Auctoris
2665 3353 2848 3409 nostri
2879 3352 3040 3408 hisce
3082 3351 3275 3406 verbis
3311 3366 3324 3404 :
3363 3371 3390 3399 ι
3423 3348 3599 3405 Video
3633 3353 3690 3403 et
3722 3363 3854 3402 cen-

2198 3441 2454 3498 tenarias
2485 3458 2699 3510 Cinnas,
2722 3459 2754 3496 a
2779 3440 3037 3497 centenis
3061 3441 3188 3511 jam
3211 3437 3498 3495 sestertiis
3529 3436 3813 3491 dicendas
3830 3457 3853 3482 ιι

2201 3530 2462 3602 (Tertull.
2528 3531 2801 3602 Apologet.
2860 3546 2985 3602 cap.
3043 3529 3097 3600 6,
3177 3546 3234 3600 p.
3294 3527 3441 3598 300).
3501 3525 3856 3581 Centenariss

2202 3625 2397 3677 autem
2429 3637 2625 3691 coenze,
2660 3620 2744 3675 uti
2794 3620 3063 3676 observat
3114 3619 3337 3685 Festus,
3399 3640 3428 3665 «
3482 3615 3852 3680 dicebantur,

2201 3710 2258 3765 in
2310 3727 2456 3781 quas
2488 3709 2614 3782 lege
2646 3709 2870 3765 Licinia
2906 3726 3018 3764 non
3053 3707 3188 3780 plus
3219 3705 3623 3772 centussibus,
3650 3707 3855 3782 praeter

2198 3803 2364 3853 terrae
2387 3797 3080 3870 nata,impendebatur,id
3111 3800 3462 3866 est,centum
3495 3793 3736 3848 assibus
3757 3792 3853 3862 qu1

2200 3892 2366 3943 erant
2410 3888 2614 3943 breves
2645 3887 2871 3943 nummi
2901 3903 2970 3942 ex
3016 3902 3125 3941 aere
3153 3904 3178 3936 ι
3236 3886 3406 3954 (Fest.
3460 3883 3534 3938 ad
3567 3899 3630 3937 ν.
3669 3884 3853 3938 Cente-

2199 3979 2422 4048 nariae),
2455 3977 2538 4033 uti
2569 3994 2747 4049 supra
2773 3976 3137 4032 monuimus.
3168 3974 3376 4029 Noster
3413 3972 3596 4044 igitur
3643 3974 3854 4026 Auctor

2200 4067 2496 4139 significat
2546 4066 2760 4122 veteris
2811 4064 3176 4136 frugalisque
3226 4079 3398 4118 0031133
3446 4065 3658 4116 auctos
3697 4065 3854 4115 extra

2202 4157 2444 4211 modum
2476 4159 2765 4226 sumptus.
2815 4155 2960 4210 Nam
2994 4171 3120 4225 quas
3163 4157 3334 4208 antea
3363 4155 3601 4206 centum
3639 4155 3704 4204 ut
3735 4150 3857 4221 plu-

2202 4247 2418 4300 rimum
2452 4244 2684 4300 assibus
2731 4243 2979 4299 debebat
3027 4242 3260 4307 instrui,
3303 4240 3424 4295 haec
3474 4245 3716 4294 centum
3775 4252 3854 4292 se-

2203 4334 2421 4390 stertiis
2454 4333 2578 4389 dari
2607 4333 2768 4388 illius
2798 4337 3060 4404 tempore
3093 4334 3487 4387 consueverat.
3535 4327 3852 4383 Sestertins

2203 4428 2399 4481 autem
2454 4424 2600 4480 duos
2632 4439 2793 4479 asses
2841 4427 2898 4477 et
2945 4422 3254 4478 semissem
3300 4418 3551 4475 valebat.
3607 4417 3853 4472 Centum

441 4506 943 4578 impenderentur.
977 4517 1185 4569 Postea
1214 4530 1347 4570 vero
1390 4515 1515 4588 lege
1547 4515 1767 4572 Licinia
1795 4517 2091 4574 indultum
2125 4518 2172 4582 D
2200 4530 2372 4586 porro
2431 4512 2732 4569 sestertios
2791 4512 3040 4567 rotunde
3086 4511 3249 4578 dixit,
3282 4523 3649 4578 numeroque
3701 4509 3852 4561 certo

441 4597 664 4666 nuptiis
695 4598 1238 4669 ducentorum,aliis
1262 4605 1469 4662 diebus
1490 4605 1842 4661 tricenorum
1867 4608 2089 4664 assium

440 4689 647 4756 praeter
678 4704 852 4758 pomo
884 4695 942 4745 et
987 4691 1143 4748 olera
1169 4693 1497 4766 impensam
1529 4695 1672 4751 fieri.
1706 4700 1780 4751 At
1810 4701 1941 4768 post
1971 4697 2090 4753 haec

438 4771 668 4845 legibus
701 4776 791 4832 his
823 4779 938 4834 situ
973 4785 1030 4836 et
1059 4783 1220 4838 senio
1251 4783 1620 4851 oblitteratis,
1647 4803 1778 4842 cum
1810 4786 2006 4858 plures
2027 4787 2088 4842 in

440 4862 653 4934 amplis
703 4867 1077 4938 patrimoniis
1125 4871 1548 4940 belluarentur,
1580 4876 1715 4931 data
1755 4879 1842 4932 est
1872 4894 1904 4932 a
1935 4875 2090 4948 Sylla

438 4951 720 5010 dictatore
776 4956 868 5013 lex
925 4961 1212 5032 Cornelia,
1272 4979 1385 5034 qua
1417 4963 1664 5020 facultas
1696 4981 1973 5022 concessa
2001 4967 2089 5021 cst

438 5042 794 5114 quibusdam
842 5048 1007 5105 feriis
1051 5051 1413 5108 solemnibus
1464 5053 1763 5110 sestertios
1811 5055 2085 5124 tricenos,

437 5132 569 5190 aliis
601 5136 808 5194 diebus
841 5156 956 5195 non
989 5141 1244 5212 amplius
1289 5159 1466 5214 quam
1516 5148 1734 5210 ternos,
1770 5144 1828 5200 in
1862 5161 2084 5201 ccenam

434 5222 838 5296 impendendi.
880 5230 1164 5288 Preterea
1219 5231 1310 5288 lex
1359 5233 1582 5290 Emilia
1625 5237 1682 5290 et
1721 5234 1893 5290 Antia
1923 5252 2085 5291 sum-

435 5316 532 5370 tus
563 5332 860 5375 cmnorum
902 5320 1285 5393 ciborumque
1320 5339 1504 5396 genus
1537 5326 1592 5379 et
1622 5324 1862 5380 modum
1895 5325 2086 5380 adhuc

434 5405 853 5475 prmﬂnierunt.
881 5411 1029 5484 Lege
1057 5413 1295 5468 tandem
1326 5413 1503 5469 Julia.
1537 5430 1665 5484 quas
1687 5415 1949 5486 Augusto
1979 5414 2086 5471 im-

433 5500 697 5570 perante,
731 5503 793 5555 ut
832 5501 1110 5572 diximus,
1146 5507 1365 5560 statuta
1414 5507 1521 5570 est,
1583 5501 1904 5575 plurimum
1954 5504 2083 5577 qui-

434 5584 567 5641 dem
613 5587 672 5642 hi
728 5597 1000 5663 sumptus
1049 5594 1203 5649 aucti
1253 5596 1412 5659 sunt,
1465 5593 1564 5646 sed
1612 5592 1693 5646 ita
1742 5598 1961 5663 tamen,
2019 5597 2083 5649 ut

432 5677 607 5732 certis
659 5679 1015 5749 quibusdam
1064 5682 1284 5738 ﬁnibus
1335 5680 1567 5738 effrenis
1617 5681 1858 5739 luxuriae
1907 5687 2081 5740 astus

2201 4621 2303 4674 pro
2336 4603 2554 4659 incerto
2581 4618 2723 4657 usus
2753 4605 2859 4667 est,
2895 4604 2961 4656 ut
3018 4605 3250 4656 centum
3284 4598 3509 4654 assium
3552 4602 3610 4651 et
3651 4600 3852 4651 sester-

2197 4693 2415 4748 tiorum
2492 4691 2877 4763 oppositione,
2950 4690 3162 4745 nimios
3216 4703 3515 4744 omnarum
3576 4691 3850 4757 sumptus

2197 4782 2535 4854 exagitaret.
2570 4781 2708 4844 Quis
2752 4797 2921 4852 porro
2952 4780 3100 4835 vitas
3143 4781 3458 4846 Caesarum,
3492 4793 3526 4831 a
3574 4775 3849 4832 Suetonio

2195 4872 2440 4943 aliisque
2471 4871 2806 4926 auctoribus
2836 4870 3104 4942 scriptas,
3128 4868 3218 4924 vel
3249 4866 3546 4924 levissime
3577 4865 3854 4938 perstrin-

2194 4963 2404 5036 gendo,
2435 4977 2553 5017 non
2605 4960 3035 5027 animadvertit,
3069 4957 3188 5015 illis
3232 4956 3617 5028 regnantibus
3667 4970 3850 5012 omnes

2196 5053 2338 5107 adeo
2390 5049 2572 5106 fuisse
2619 5053 3019 5122 sumptuosas,
3066 5053 3131 5104 ut
3183 5049 3325 5104 ﬁdes
3375 5046 3468 5102 his
3523 5046 3849 5109 historicis,

2195 5139 2429 5198 tametsi
2483 5139 2596 5196 ﬁde
2654 5140 2870 5212 dignis,
2927 5140 3020 5195 vix
3085 5139 3419 5194 habeatur?
3485 5137 3665 5193 Vides
3724 5149 3852 5192 sane

2195 5234 2413 5304 quanta
2442 5229 2722 5286 facilitate
2775 5229 3021 5287 Romani
3071 5229 3344 5301 antiquas
3376 5244 3442 5282 ac
3491 5228 3852 5284 venerandus

2195 5323 2350 5396 leges
2384 5339 2518 5378 suas
2549 5323 2985 5378 emendaverint
3033 5325 3088 5377 et
3131 5319 3581 5391 infirmaverint,
3623 5321 3766 5376 dum
3796 5331 3850 5372 ss

2193 5412 2586 5485 iniquissimis
2608 5414 2668 5469 in
2696 5413 3058 5470 Christianos
3084 5411 3385 5485 rescriptis
3416 5411 3608 5468 teneri
3638 5409 3848 5468 effutie-

2191 5503 2353 5559 bant.

2261 5593 2408 5648 Tum
2456 5591 2666 5651 deinde
2717 5593 3115 5652 Tertullianus
3168 5593 3378 5652 asserit
3417 5592 3699 5651 similiter
3728 5606 3852 5667 pes-

2193 5682 2496 5740 sumdatas
2553 5683 2710 5756 leges
2767 5707 2794 5736 ‹‹
2850 5702 2980 5758 qua
3031 5684 3369 5757 patricium,
3427 5685 3588 5757 quod
3651 5685 3842 5742 decem
