4046 6168
214 369 241 426 1
252 365 369 428 089

211 588 389 646 tionis
447 588 657 643 senatu
709 583 1131 641 submovebant
1162 604 1184 633 ι
1221 578 1482 654 (Tertull.
1539 579 1650 636 loc.
1705 576 1850 648 cit.).

214 677 271 735 Si
303 676 438 748 quis
468 679 665 731 autem
696 690 731 730 a
762 672 929 729 nobis
972 671 1203 743 petierit
1229 670 1361 742 quis
1412 668 1508 725 ille
1555 668 1632 724 sit
1668 666 1853 739 patri-

216 768 363 837 cius,
396 764 535 821 huic
570 766 637 819 A.
692 762 837 819 Gelli
889 761 1080 818 verbis
1135 758 1668 833 respondebimus:
1703 778 1731 806 «
1792 756 1850 810 C.

218 854 523 913 Fabricius
556 852 855 923 Lucinius,
906 854 962 907 et
992 852 1056 915 Q.
1106 849 1374 905 tEmilius
1424 848 1611 918 Papus
1659 847 1854 902 Romae

220 960 492 1002 censores
524 943 781 1009 fuerunt,
813 944 871 997 et
900 940 960 995 P.
1012 938 1341 996 Cornelium
1372 937 1607 1005 Rufum,
1641 934 1742 1006 qui
1762 933 1855 989 bis

222 1035 427 1090 consul
460 1036 519 1089 et
548 1032 803 1087 dictator
832 1030 1037 1096 fuerat,
1072 1031 1276 1084 senatu
1329 1028 1658 1091 moverunt,
1719 1039 1854 1078 cau-

215 1138 463 1195 samque
492 1121 591 1177 isti
624 1123 771 1176 notae
801 1118 1301 1189 subscripserunt,
1335 1114 1491 1187 quod
1532 1129 1667 1169 eum
1699 1128 1856 1167 com-

216 1212 509 1285 perissent
538 1209 765 1280 argenti
798 1207 934 1263 facti
978 1223 1151 1262 coenas
1183 1204 1392 1277 gratia,
1425 1204 1625 1259 decem
1666 1200 1857 1272 pondo

214 1302 432 1358 habere
482 1322 512 1350 ››
572 1297 737 1371 (Gell.
797 1297 1049 1352 lib.xvn
1103 1297 1265 1351 Noct.
1338 1293 1446 1349 Att.
1500 1308 1628 1363 cap.
1685 1291 1739 1355 2,
1795 1306 1854 1361 p.

223 1392 408 1459 1005).
439 1388 621 1444 Audis
647 1386 903 1459 profecto
933 1385 1199 1441 eamdem
1231 1382 1312 1438 ibi
1352 1383 1423 1438 ab
1453 1380 1577 1447 illo,
1619 1384 1796 1451 atque
1829 1396 1862 1434 a

219 1478 599 1545 Tertulliano,
632 1476 853 1546 argenti
902 1490 1197 1530 summam
1228 1471 1417 1527 notari
1448 1486 1625 1542 quam
1675 1466 1862 1525 Rufus

219 1569 523 1624 habuerat.
554 1567 628 1621 At
675 1564 828 1636 quod
872 1563 969 1619 ille
1008 1562 1155 1618 dixit
1200 1576 1367 1618 omne
1415 1562 1621 1632 gratia,
1652 1559 1761 1614 hoc
1791 1563 1858 1612 A.

223 1656 445 1713 Gellius
478 1673 491 1711 :
528 1676 557 1706 α
586 1654 669 1711 Ob
701 1652 966 1720 luxuria,
994 1651 1211 1723 inquit,
1246 1649 1629 1722 notam,quod
1662 1650 1863 1705 decem

222 1747 417 1819 pondo
465 1744 645 1800 libras
692 1741 916 1814 argenti
969 1739 1105 1797 facti
1161 1740 1402 1796 haberet
1461 1760 1488 1789 »
1549 1738 1706 1807 (Ibid.
1757 1736 1860 1792 lib.

217 1852 344 1903 vm,
376 1850 501 1907 cap.
560 1835 613 1903 8,
645 1850 702 1905 p.
753 1832 902 1899 289).
954 1830 1168 1887 Eadem
1199 1830 1372 1901 plane
1403 1829 1463 1883 in
1523 1827 1669 1883 Livii
1728 1826 1863 1897 Epi-

222 1934 377 1983 tome
406 1923 508 1979 lib.
540 1924 657 1991 xxv)
691 1921 961 1994 legimus.
995 1922 1069 1975 At
1098 1918 1321 1975 Plinius
1374 1918 1500 1989 (lib.
1551 1933 1691 1972 xvm
1724 1918 1861 1971 Hist.

214 2023 411 2071 natur.
444 2029 572 2084 cap.
594 2012 648 2079 6,
680 2027 737 2082 p.
770 2011 919 2078 447),
969 2009 1235 2065 eamdem
1296 2006 1521 2079 argenti
1568 2021 1866 2061 summam

218 2106 281 2161 in
312 2098 796 2174 suppellectilem,
830 2097 1100 2154 Valerius
1131 2112 1263 2152 vero
1296 2096 1588 2150 Maximus
1627 2094 1687 2149 in
1729 2110 1869 2150 vasa

223 2195 505 2266 argentea
539 2190 903 2261 insumptam
953 2202 1081 2243 esse
1120 2186 1469 2242 testificatur
1514 2184 1666 2253 (Val.
1720 2187 1865 2238 Max.

222 2282 329 2338 lib.
361 2298 426 2352 ιι,
448 2296 575 2352 cap.
607 2283 657 2345 6,
691 2280 717 2346 §
760 2279 835 2347 4).
866 2277 974 2332 Sed
1023 2276 1203 2347 hujus
1243 2275 1440 2344 verba,
1493 2290 1620 2345 quas
1651 2273 1721 2328 ad
1747 2288 1867 2327 rem

224 2376 489 2428 nostram
511 2365 1092 2441 plurimumfaciunt,
1109 2363 1311 2420 audire
1326 2362 1639 2419 molestum
1674 2363 1867 2417 forsan

228 2478 346 2518 non
379 2459 511 2529 erit,
543 2458 672 2513 llaec
702 2460 900 2512 autem
930 2458 1071 2511 sunt
1103 2471 1115 2510 :
1150 2475 1179 2504 «
1210 2452 1477 2509 Narravit
1508 2451 1701 2507 omnis
1732 2456 1870 2505 aetas

228 2554 287 2606 ct
314 2548 588 2619 deinceps
619 2544 881 2601 narrabit
909 2543 1155 2599 Fabricii
1201 2541 1427 2598 Lucinii
1459 2556 1709 2597 censura
1737 2543 1869 2595 Cor-

229 2638 453 2696 nelium
485 2637 721 2706 Rufum,
754 2633 985 2689 duobus
1016 2631 1424 2688 consulatibus
1474 2635 1532 2687 et
1580 2630 1873 2685 dictatura

228 2726 665 2800 speciosissime
711 2724 1003 2789 functum,
1053 2721 1206 2793 quod
1244 2722 1443 2776 decem
1493 2720 1686 2791 pondo
1734 2735 1877 2774 vasa

230 2820 508 2889 argentea
567 2814 992 2885 comparasset,
1057 2809 1298 2882 perinde
1377 2825 1443 2864 ac
1505 2808 1660 2863 996
1719 2806 1874 2861 malo

229 2904 494 2977 exemplo
518 2903 883 2959 luxuriosum
914 2900 975 2955 in
1008 2900 1210 2956 ordine
1259 2897 1552 2954 senatorio
1585 2900 1875 2953 retentum

230 3012 351 3050 non
404 3008 553 3050 esse.
605 3015 634 3043 »
682 2992 833 3047 Tum
882 2990 1003 3045 baac
1066 2988 1431 3044 continenter
1495 2984 1802 3057 subjunxit
1859 3000 1872 3039 :

232 3088 439 3154 «Ipsae
494 3080 723 3137 medius
768 3079 945 3134 fidius
992 3077 1139 3133 mihi
1191 3077 1394 3133 litterae
1439 3074 1637 3131 saeculi
1690 3073 1877 3129 nostri

232 3174 643 3243 obstupescere
674 3168 966 3237 videntur,
988 3183 1122 3224 cum
1151 3167 1222 3223 ad
1252 3168 1475 3222 tantam
1509 3164 1873 3221 severitatem

235 3261 603 3317 referendam
635 3257 1032 3314 ministerium
1080 3256 1523 3312 accommodare
1563 3256 1872 3324 coguntur,

238 3367 306 3405 ac
335 3347 519 3404 vereri
549 3362 620 3401 ne
649 3362 765 3401 non
797 3350 1009 3401 1108th
1040 3345 1205 3400 urbis
1237 3349 1367 3400 acta
1420 3357 1881 3398 commemorare

239 3438 668 3494 existimentur.
702 3435 805 3491 Vix
835 3434 990 3490 enim
1024 3433 1299 3490 credibile
1356 3437 1444 3488 est
1474 3433 1629 3487 idem
1684 3447 1880 3503 pome-

239 3528 397 3583 rium
430 3527 627 3581 decem
674 3524 866 3596 pondo
918 3522 1141 3594 argenti
1189 3527 1247 3578 et
1295 3522 1651 3577 invidiosum
1701 3520 1886 3575 fuisse

239 3631 508 3681 censum,
542 3618 598 3669 et
627 3612 883 3684 inepiam
912 3611 1111 3667 haberi
1143 3610 1731 3682 contemptissimam.
1766 3630 1795 3658 ››

317 3722 521 3779 Nonne
549 3724 745 3777 autem
776 3718 1179 3775 Tertullianus
1210 3716 1482 3775 similiter
1511 3716 1731 3772 indicat
1758 3731 1885 3771 eam

242 3809 474 3883 argenti
505 3824 801 3865 summam
840 3825 873 3864 a
924 3807 1188 3864 Cornelio
1233 3806 1377 3863 Rufo
1428 3807 1500 3861 ad
1550 3805 1889 3861 fabricanda

244 3903 350 3956 aut
387 3899 634 3955 emenda
677 3899 951 3968 argentea
996 3913 1135 3953 vasa
1164 3896 1493 3967 impensam
1552 3894 1756 3963 fuisse,
1789 3894 1890 3964 qui

249 3988 535 4059 majorem
592 3989 989 4042 Romanorum
1047 3984 1251 4040 luxum
1279 3986 1414 4055 jure
1472 3982 1677 4038 merito
1734 3981 1893 4037 hisce

247 4074 551 4148 redarguit
580 4073 1083 4145 subsequentibus
1124 4072 1318 4128 verbis
1352 4088 1365 4128 :
1398 4094 1426 4123 «
1458 4071 1637 4127 Video
1669 4071 1729 4125 in
1760 4069 1884 4126 lan-

251 4182 350 4221 ces
400 4164 495 4235 (ad
526 4163 687 4220 cibos
734 4162 1003 4218 videlicet
1050 4162 1415 4218 coenantibus
1462 4160 1757 4232 ferendos)
1789 4176 1896 4230 pa-

251 4271 389 4311 rum
417 4256 508 4310 est
563 4252 614 4308 si
643 4254 1011 4318 senatorum,
1070 4255 1127 4307 et
1183 4268 1300 4306 non
1349 4250 1777 4318 libertinorum,
1809 4248 1896 4304 vel

252 4344 447 4401 adhuc
475 4342 658 4415 ﬂagra
684 4340 1089 4413 rumpentium
1119 4339 1453 4411 argentaria
1495 4337 1732 4395 metalla
1761 4353 1898 4409 pro-

254 4435 436 4490 ducta
492 4453 521 4482 ››
579 4429 837 4503 (Tertull.
896 4428 1056 4501 Apol.
1115 4445 1245 4500 cap.
1312 4428 1368 4501 6,
1428 4445 1485 4501 p.
1542 4429 1689 4500 301).
1744 4426 1898 4481 Vitio

254 4525 459 4595 itaque
489 4519 740 4578 ethnicis
768 4520 963 4587 vertit,
1007 4519 1160 4589 quod
1194 4521 1355 4574 tanto
1396 4517 1536 4572 luxu
1568 4515 1745 4573 soluti
1777 4516 1901 4571 fue-

1115 360 1190 418 D.
1236 358 1330 419 LE
1373 355 1697 419 NOUBRY
1742 349 2388 414 OBSERVATIONES
2434 347 2695 410 ΝονΑῑ.

211 500 405 573 pondo
431 496 658 571 argenti
687 492 1145 575 habuisset,.pro
1194 506 1406 563 magno
1443 488 1615 546 titulo
1663 485 1850 545 ambi-
1881 489 1935 552 Α

3452 350 3609 410 1090

2131 483 2451 536 Verberibus
2479 494 2675 532 caesum
2704 481 2965 545 te,,Dave,
2996 480 3052 530 in
3079 481 3377 545 pistrimam
3412 482 3603 534 dedam

2537 558 2706 609 usque
2736 542 2803 593 ad
2833 556 3019 593 necem

2530 626 2760 689 (Terent.
2790 624 2955 675 Andr.
2986 637 3023 684 ι,
3055 637 3197 675 scen.
3230 638 3283 685 ιι,
3315 640 3367 675 v.
3388 626 3455 689 8,)

2034 760 2140 816 Sed
2173 760 2242 815 de
2275 773 2575 814 servorum
2606 756 2793 829 poenis
2826 758 3016 814 fusius
3059 759 3119 813 in
3171 759 3437 831 sequenti
3486 761 3605 817 dia-

1967 849 2300 904 sertatione.
2334 850 2405 902 At
2438 847 2487 902 si
2520 850 2716 901 tantus
2747 846 2983 918 horum,
3016 847 3118 918 qui
3155 848 3248 903 vix
3277 847 3608 906 libertatem

1968 940 2331 1010 acceperant,
2363 940 2487 991 erat
2514 935 2707 1003 luxus,
2740 935 2876 990 hinc
2906 936 3127 1007 conjice
3176 942 3437 1009 quantus
3466 938 3605 995 alio-

1968 1043 2099 1082 rum
2149 1025 2369 1081 fuerit?
2417 1025 2808 1089 Quamobrem
2858 1023 3093 1081 Plinius
3136 1042 3270 1081 mox
3330 1027 3546 1082 citatus
3597 1044 3610 1081 :

1969 1138 1999 1167 «
2032 1119 2280 1186 Propter
2310 1114 2566 1185 quinque
2598 1114 2811 1184 pondo,
2837 1113 3304 1186 inquit,argenti,
3341 1120 3607 1171 notatum

1970 1222 2003 1261 a
2033 1203 2375 1260 censoribus
2406 1201 2827 1273 triumphalem
2860 1218 3056 1258 senem
3108 1203 3439 1259 fabulosum
3482 1207 3609 1276 jam

1969 1293 2198 1349 videtur
2226 1313 2254 1342 »
2287 1290 2437 1347 Plin.
2487 1290 2587 1345 lib.
2637 1307 2699 1345 ιιι
2745 1290 2941 1346 Natur.
2995 1293 3127 1347 Hist.
3175 1308 3301 1364 cap.
3353 1292 3443 1361 l1,
3478 1310 3612 1366 pag.

1969 1384 2080 1452 69).
2115 1384 2237 1447 Qua
2267 1397 2402 1452 ergo
2434 1380 2660 1436 ratione
2690 1379 2939 1451 gentiles
2986 1381 3274 1450 objectare
3323 1382 3617 1438 audebant

1972 1488 2034 1528 se
2064 1470 2303 1541 injustis
2335 1470 2396 1524 in
2441 1467 2802 1543 Christianos
2860 1467 3090 1541 legibus
3149 1469 3457 1542 adstringi,
3516 1471 3618 1542 qui

1971 1560 2340 1631 mquissimas
2373 1558 2767 1630 sumptuarias
2810 1556 2941 1614 illas
2990 1559 3147 1630 leges
3177 1557 3371 1631 palam
3405 1564 3461 1615 et
3506 1560 3618 1615 im-

1973 1665 2129 1722 pune
2160 1646 2527 1705 everterant?

2577 1777 2895 1819 ARTICULUS
2936 1779 3012 1817 IV.

1896 1857 1942 1922 B
1976 1873 2197 1942 Quanta
2229 1870 2453 1926 licentia
2481 1870 2731 1939 gentiles,
2761 1869 2957 1938 spretis
2986 1869 3217 1942 legibus,
3242 1884 3367 1942 quae
3392 1871 3610 1927 theatra

2048 1945 2289 1999 orientia
2327 1942 2737 2011 destruxerant,
2782 1943 2937 2012 longe
2990 1941 3155 2011 plura
3190 1941 3607 2011 acdiﬁcavorint,

2047 2017 2107 2140 in
2136 2030 2261 2142 qtua?
2289 2015 2521 2083 majoris
2550 2014 2840 2084 voluptatis
2886 2028 3047 2069 causa
3086 2014 3341 2084 penulati
3380 2016 3620 2086 conﬂue-

2082 2104 2153 2142 an
2188 2127 2200 2141 .

2082 2104 2200 2142 am.

2047 2213 2130 2267 Ad
2165 2210 2310 2267 alias
2340 2208 2739 2266 Tertullianus
2770 2208 2928 2265 venit
2956 2208 3354 2281 leges,quibus
3387 2211 3620 2283 pudici-

1978 2301 2092 2369 tiaa,
2125 2316 2355 2356 morum
2387 2299 2678 2354 honestati
2706 2314 2771 2353 ac
2802 2298 3099 2354 modestiae
3123 2298 3454 2355 consultum
3492 2301 3625 2356 fue-

1978 2394 2087 2445 rat.
2120 2389 2319 2444 Palam
2348 2392 2544 2444 autem
2578 2387 2715 2443 facit
2743 2404 2840 2443 eas
2882 2386 3072 2442 adhuc
3105 2392 3266 2443 tanta
3296 2388 3528 2444 licentia
3550 2390 3621 2445 ab

1979 2478 2230 2535 ethnicis
2252 2477 3248 2550 pessumdatas,quantatemeritate
3271 2477 3628 2549 objiciebant

1981 2584 2043 2623 se
2093 2567 2223 2623 aliis
2272 2566 2443 2639 plane
2512 2566 2752 2622 nefariis
2818 2566 2877 2620 in
2945 2565 3308 2623 Christianos
3374 2569 3618 2625 sancitis

1981 2657 2186 2713 teneri.
2249 2679 2276 2705 ‹‹
2327 2658 2447 2723 Quo
2492 2655 2649 2711 enim
2700 2655 2989 2723 abierunt,
3039 2656 3252 2727 inquit,
3305 2657 3462 2729 leges
3515 2658 3626 2713 illas

1982 2746 2258 2801 vitiorum
2300 2744 2744 2813 smendatrices,
2797 2762 2925 2816 quin
2972 2745 3218 2813 theatra,
3286 2748 3629 2818 stuprandis

1986 2835 2252 2891 moribus
2284 2834 2552 2904 orientia,
2586 2835 2789 2889 statim
2821 2835 3250 2889 destruebant?
3280 2855 3305 2886 ι)
3359 2836 3622 2907 (Tertull.

1986 2925 2207 2995 Apolog.
2242 2940 2368 2995 cap.
2396 2923 2455 2991 6,
2489 2938 2623 2994 pag.
2674 2923 2823 2993 299).
2872 2923 2943 2977 At
2973 2926 3125 2978 certe
3158 2924 3490 2980 communis
3521 2924 3637 2997 ple-

1986 3028 2306 3083 rorumque
2337 3012 2625 3076 omnium,
2688 3012 2775 3066 uti
2825 3013 2994 3066 docet
3047 3012 3278 3067 Servius
3338 3012 3422 3085 (in
3454 3013 3555 3069 lib.
3591 3030 3632 3070 ιι

1986 3107 2180 3171 Georg.
2244 3101 2479 3170 Virgilii,
2527 3117 2579 3154 v.
2630 3099 2773 3166 381;
2830 3103 2887 3154 et
2938 3099 2997 3154 in
3060 3099 3160 3154 lib.
3214 3118 3254 3155 ιι
3303 3102 3521 3170 Ᾱτῖηεὶἀ,
3570 3119 3628 3158 v.

1986 3190 2135 3261 737),
2167 3188 2362 3260 opinio
2395 3187 2505 3243 fuit
2559 3187 2781 3259 primos
2835 3187 3046 3242 theatri
3082 3188 3253 3244 ludos
3311 3189 3366 3244 in
3420 3191 3630 3246 Bacchi

1989 3279 2109 3335 sive
2145 3277 2325 3332 Liberi
2359 3276 2541 3348 patris
2599 3276 2878 3331 honorem
2940 3277 3241 3334 institutos
3293 3278 3494 3346 fuisse,
3528 3281 3633 3351 qui

1992 3367 2227 3439 quidem
2276 3366 2491 3420 idcirco
2552 3364 2839 3420 Liberales
2889 3366 3267 3421 vocabantur.
3338 3371 3632 3433 Quantum

1992 3460 2187 3512 autem
2220 3453 2379 3509 hisce
2411 3453 2568 3508 ludis
2595 3469 2786 3509 mores
2827 3453 3136 3509 hominum
3187 3472 3635 3529 corrumperen-

1994 3549 2111 3609 tur,
2178 3543 2328 3598 997
2398 3557 2568 3597 nemo
2626 3558 2767 3597 sane
2836 3547 2945 3609 est,
2994 3543 3095 3615 qui
3162 3560 3229 3599 ex
3294 3546 3640 3602 detestanda

1996 3649 2238 3706 prorsus
2295 3630 2531 3686 illorum
2590 3631 2960 3703 turpitudine
3013 3636 3187 3703 atque
3257 3634 3642 3706 obscenitate,

2000 3724 2070 3778 de
2102 3738 2218 3792 qua
2247 3719 2387 3776 alibi
2418 3720 2812 3775 disseruimus
2837 3720 3080 3792 (Dz'ssert.
3118 3724 3177 3776 in
3210 3722 3456 3779 Lactant.
3511 3741 3639 3797 cap.

2002 3812 2089 3877 17,
2123 3814 2228 3865 art.
2262 3810 2316 3880 1,
2346 3817 2400 3864 et
2430 3810 2491 3864 in
2522 3810 2767 3865 Lactant.
2802 3825 2929 3880 cap.
2963 3810 3051 3879 35,
3087 3811 3195 3866 arf.
3216 3813 3290 3880 1),
3326 3812 3493 3869 facile
3526 3831 3641 3869 non

1998 3899 2308 3971 intelligat.
2341 3898 2401 3953 Si
2431 3898 2564 3969 quis
2594 3902 2791 3953 tamen
2837 3900 3146 3953 Auctorem
3201 3905 3468 3956 nostrum
3528 3920 3644 3958 non

2004 3990 2073 4045 de
2105 3988 2199 4043 his
2230 3991 2485 4055 tantum,
2519 3987 2617 4041 sed
2650 3985 2781 4041 aliis
2813 3986 2990 4041 etiam
3038 3986 3248 4043 theatri
3300 3988 3477 4057 ludis,
3512 3991 3648 4046 olim

2003 4077 2243 4143 eversis,
2276 4091 2608 4131 sermonem
2642 4090 2838 4130 revera
2868 4074 3074 4131 fecisse
3095 4078 3429 4144 contendat,
3463 4079 3647 4134 adsti-

2006 4164 2329 4239 pulatorem
2361 4162 2563 4233 utique
2592 4160 2833 4217 habebit
2865 4161 3144 4234 Tullium,
3176 4166 3233 4219 et
3270 4180 3425 4234 eum,
3460 4182 3493 4221 a
3533 4182 3648 4238 quo

2007 4254 2243 4320 citetur,
2276 4251 2695 4323 Augustinum.
2758 4251 2947 4321 Hujus
3005 4254 3163 4307 enim
3222 4253 3473 4325 ipsemet
3530 4255 3651 4311 hinc

2008 4346 2148 4399 sunt
2172 4341 2348 4397 verba
2379 4356 2392 4395 :
2430 4362 2458 4390 ‹‹
2491 4338 2761 4404 Romani,
2794 4341 3203 4412 quamvisjam
3233 4343 3651 4414 superstitione

2011 4431 2178 4488 noxia
2213 4434 2633 4502 premerentur,
2681 4433 2746 4483 ut
2795 4428 2929 4484 illos
2988 4430 3129 4486 deos
3186 4430 3445 4489 colerent
3503 4449 3653 4505 quos

2007 4520 2283 4577 videbant
2312 4518 2423 4573 sibi
2453 4516 2709 4574 voluisse
2741 4517 3004 4573 scenicos
3058 4521 3461 4592 turpitudines
3516 4539 3651 4578 con-

256 4614 380 4670 riot
408 4627 523 4667 non
556 4609 746 4666 solum
779 4612 1099 4676 senatores,
1150 4623 1351 4663 verum
1384 4609 1561 4662 etiam
1620 4604 1899 4671 libertini,
1933 4593 1978 4658 D
2011 4608 2248 4673 sacrari,
2280 4625 2396 4663 suae
2424 4611 2621 4662 tamen
2671 4606 2978 4678 dignitatis
3022 4625 3312 4666 memores
3345 4627 3410 4665 ac
3461 4612 3655 4683 pudo.

259 4702 442 4771 ﬂagra
471 4698 662 4755 adhuc
689 4700 1049 4768 rumpentes,
1083 4697 1141 4751 id
1195 4700 1304 4763 est,
1336 4694 1437 4766 qui
1492 4711 1711 4767 paucos
1768 4696 1902 4748 ante

258 4791 386 4846 dies
416 4788 758 4845 servitutem
815 4789 1112 4842 exuerant.
1144 4784 1301 4841 Servi
1360 4784 1651 4856 siquidem
1706 4783 1903 4853 flagris

257 4884 546 4950 tanquam
580 4875 860 4949 peculiari
892 4891 1091 4930 eorum
1121 4873 1409 4946 supplicio
1442 4873 1584 4930 caedi
1616 4871 1903 4929 solebant.

256 4966 656 5034 Quamobrem
696 4965 767 5022 de
797 4964 1051 5021 Liburno
1099 4980 1264 5021 servo
1311 4963 1609 5021 Juvenalis
1659 4969 1779 5019 ιιωο
1810 4978 1905 5018 ce-

260 5058 410 5116 cinit
442 5073 457 5113 :

392 5262 407 5276 .
475 5261 489 5274 .
557 5258 571 5273 .
641 5258 656 5272 .
720 5222 889 5272 Tarde
924 5223 1135 5271 venisse
1168 5222 1431 5272 Liburnus

392 5287 611 5348 Dicitur,
648 5289 703 5349 et
727 5299 911 5349 pinnas
940 5284 1363 5349 alienipendere
1394 5286 1565 5334 somni

390 5347 626 5414 Cogitur,
655 5347 745 5398 hic
769 5348 965 5412 frangit
992 5347 1213 5407 ferulas,
1243 5349 1399 5399 rubet
1428 5348 1514 5398 hic
1540 5349 1785 5412 ﬂagellis.

952 5427 1217 5490 (Junenal.
1249 5428 1413 5479 Eatir.
1443 5442 1513 5490 Vl,
1544 5443 1594 5477 v.
1628 5432 1760 5489 590.)

263 5587 437 5660 Apud
497 5584 834 5643 Terentium
890 5599 1023 5642 vero
1081 5585 1282 5643 Simon
1329 5586 1511 5659 flagra
1568 5590 1623 5643 et
1679 5588 1917 5666 verbera

264 5692 436 5736 servo
463 5691 572 5733 suo
602 5674 757 5734 Davo
788 5673 873 5733 sic
902 5673 1212 5734 minitatur
1243 5691 1258 5743 ;

2012 4700 2113 4766 ris,
2144 4703 2367 4753 actores
2398 4695 2603 4751 talium
2654 4695 2984 4752 fabularum
3046 4715 3418 4771 nequaquam
3471 4701 3655 4758 hono-

2013 4790 2286 4843 raverunt
2317 4801 2477 4840 more
2506 4785 2856 4854 Graecorum,
2891 4786 3014 4853 sed,
3050 4788 3201 4841 sicut
3234 4790 3385 4860 apud
3433 4790 3658 4846 Cicero-

2014 4893 2147 4932 nem
2233 4874 2426 4945 Scipio
2511 4871 2792 4944 loquitur,
2880 4889 3014 4928 cum
3101 4880 3284 4931 artem
3373 4878 3657 4935 ludicram

2015 4978 2369 5036 scenamque
2447 4965 2631 5018 totam
2700 4962 2910 5033 probro
2979 4963 3278 5034 ducerent,
3345 4982 3532 5038 genus
3600 4969 3659 5023 iul

2014 5054 2322 5110 hominum
2366 5067 2483 5108 non
2533 5049 2705 5106 modo
2752 5050 2973 5106 honore
3029 5052 3245 5109 civium
3296 5054 3658 5127 reliquorum

2018 5160 2229 5209 carere,
2263 5142 2364 5198 sed
2395 5139 2570 5196 etiam
2602 5139 2758 5195 tribu
2791 5140 3009 5196 moveri
3040 5141 3340 5199 notatione
3394 5146 3661 5202 censoria

2016 5233 2325 5289 voluerunt
2358 5252 2385 5278 ιο
2419 5230 2683 5301 (August.
2720 5228 2820 5283 lib.
2856 5247 2896 5284 ιι
2926 5230 2991 5286 de
3025 5230 3189 5287 Civzt.
3219 5248 3347 5304 cap.
3399 5234 3488 5303 13,
3522 5252 3657 5307 pag.

2019 5322 2088 5376 40
2118 5325 2175 5376 et
2203 5320 2410 5389 seqq.).
2443 5318 2627 5381 Quam
2668 5317 2904 5388 quidem
2949 5319 3243 5377 Ciceronis
3288 5322 3659 5393 sententiam,

2020 5410 2105 5465 ita
2134 5408 2391 5475 citatam,
2422 5405 2517 5462 his
2548 5405 2748 5461 laudat
2793 5408 3114 5481 probatque
3162 5410 3661 5483 subsequentibus

2021 5497 2212 5556 verbis
2246 5513 2258 5550 :
2294 5520 2321 5545 ‹‹
2354 5494 2638 5551 Praeclara
2671 5512 2811 5552 sane
2835 5501 2893 5554 et
2922 5498 3197 5555 laudibus
3247 5499 3523 5556 Romanis
3554 5515 3661 5554 an-

2023 5586 2387 5644 numeranda
2414 5584 2747 5655 prudentia,
2779 5586 2880 5643 sed
2911 5585 3113 5644 vellem
3146 5605 3209 5645 se
3230 5588 3353 5661 ipsa
3390 5602 3661 5659 sequere-

2025 5680 2084 5734 tu
2094 5694 2140 5744 r,
2174 5692 2240 5733 ac
2269 5673 2620 5733 imitaretur.
2657 5694 2686 5723 ››
