4118 6182
474 352 625 432 4091

991 366 1515 429 TERTULLIANI
1561 364 1885 428 OPERUM
1926 366 2127 427 PARS
2169 368 2219 428 Ι.
2252 399 2328 410 --
2359 365 2634 427 SERIES
2679 366 2724 440 Ι,
2771 367 3330 430 APOLOGETICA.

3682 367 3817 429 {093

542 503 649 559 Diu
679 502 879 574 itaque
926 501 1160 573 optimm
1217 499 1373 571 leges
1404 515 1518 554 non
1574 499 1907 571 viguerunt.
1965 503 2114 555 Nam
2146 502 2197 568 Α
2229 499 2462 556 nulatos
2483 497 2688 569 jussit,
2746 514 2862 552 non
2920 499 3146 567 togatos
3202 499 3271 574 ad
3329 514 3543 555 manus
3592 498 3819 555 venire»

472 590 875 648 Tertullianus
905 590 1169 645 ethnicos
1198 589 1281 644 ita
1330 588 1651 643 insectatus
1703 592 1793 643 est
1824 605 1836 643 :
1873 610 1901 638 «
1934 588 2113 643 Video

470 687 527 737 et
559 682 789 736 theatra
822 695 925 734 nec
957 677 1325 750 singula,nec
1357 678 1516 731 nuda
1547 697 1576 727 »
1610 676 1878 747 (Tertull.
1910 678 2115 747 Apolo-

469 775 582 845 get.
616 770 803 840 cap.6,
827 786 882 840 p.
914 768 1038 838 301)
1074 783 1087 822 :
1121 783 1238 821 non
1270 765 1506 837 singula
1536 765 1936 836 quidem,quia
1959 766 2114 837 prio-

469 862 630 916 ribus
655 857 1069 928 eversis,longe
1092 856 1259 928 plura
1282 856 1497 927 ubique
1514 860 1803 910 terrarum
1821 859 2114 910 exstruxe-

470 946 987 1009 rant.Addidit,nec
1016 944 1210 1006 nuda;
1242 944 1519 1015 quoniam
1544 942 1810 998 solebant
1830 942 1971 996 illuc
1996 958 2109 996 non

466 1042 624 1092 veste
645 1034 1071 1102 communi,sed
1089 1032 1303 1104 penula
1326 1032 1515 1087 induti
1533 1031 1931 1087 conﬂuere.Ne
1952 1031 2111 1086 enim

464 1126 549 1181 vel
573 1125 767 1188 hieme,
802 1123 1017 1193 inquit,
1048 1122 1300 1193 voluptas
1330 1120 1616 1191 impudica
1646 1121 1907 1192 frigeret,
1939 1119 2114 1190 primi

396 1236 397 1239 η
465 1214 868 1270 Lacedaemonii
898 1211 1086 1267 odium
1113 1208 1335 1282 penula
1376 1209 1518 1263 ludis
1548 1209 2007 1279 excogitaverunt.
2044 1208 2109 1262 In

469 1302 749 1359 omnibus
779 1304 975 1355 autem
1010 1298 1454 1369 manuscriptis,
1514 1302 1570 1352 et
1599 1301 1735 1351 ante
1792 1296 2108 1367 Rigaltium

466 1391 695 1447 excusis
722 1389 1163 1454 codicibus,non
1185 1386 1746 1457 odiumpenulw,sed
1765 1384 2112 1456 simpliciter

461 1480 726 1554 penulam
756 1477 1095 1549 legimus.ln
1127 1475 1393 1531 obscuris
1409 1490 1541 1530 vero
1564 1491 1630 1529 ac
1655 1474 1800 1529 forte
1821 1472 2110 1545 corruptis

465 1568 627 1624 hisce
663 1566 855 1623 verbis
912 1563 1276 1636 explicandis
1323 1580 1494 1618 suum
1544 1562 1757 1617 eruditi
1806 1562 2108 1632 ingenium

466 1676 581 1714 non
614 1672 819 1729 parum
852 1670 990 1710 sane
1023 1651 1723 1708 exercueruntlieraldus
1753 1651 1909 1706 enim
1941 1654 2109 1722 putat

464 1748 539 1803 iis
587 1746 828 1802 forsitan
882 1741 1197 1813 signiﬁcari
1255 1740 1555 1813 penulam,
1606 1755 1781 1811 quam
1838 1739 2107 1795 arcendis

464 1835 677 1908 pluviis
709 1830 1278 1889 Lacedaemoniorum
1314 1829 1591 1900 belligera
1639 1844 1781 1900 gens
1813 1828 2103 1900 excogita-

462 1928 642 1991 verat,
677 1940 710 1977 a
739 1920 1017 1976 Romanis
1049 1920 1119 1973 ad
1168 1918 1339 1972 ludos
1389 1917 1709 1988 patientius
1759 1918 2108 1988 spectandos

463 2013 646 2070 fuisse
675 2009 1019 2067 adhibitam.
1064 2007 1279 2061 Verum
1328 2004 1725 2060 Tertullianus
1775 2005 1938 2061 illam
1992 2023 2106 2062 non

462 2101 636 2157 modo
667 2099 737 2154 ad
773 2113 945 2152 usum
978 2094 1314 2160 militarem,
1347 2094 1448 2148 sed
1482 2094 1552 2148 ad
1588 2093 1758 2150 ludos
1807 2095 1978 2150 etiam
2036 2094 2106 2150 ab

463 2189 672 2246 iisdem
704 2181 1155 2241 Lacedaemoniis
1181 2181 1473 2236 inventam
1507 2182 1650 2235 satis
1681 2185 1881 2253 aperte
1910 2181 2107 2235 decla-

463 2281 572 2332 rat.
607 2273 888 2346 Rigaltius
916 2287 1052 2326 vero
1084 2271 1420 2341 suspicatur
1464 2268 1630 2323 illum
1681 2269 1900 2325 ironice
1947 2269 2107 2341 loqui

463 2367 535 2421 de
567 2362 819 2436 penulis,
852 2365 1052 2430 utpote
1082 2358 1333 2413 nimium
1367 2358 1641 2429 gravibus
1660 2362 1716 2412 et
1740 2358 2103 2429 ponderosis,

461 2472 586 2525 quas
619 2452 833 2508 idcirco
865 2450 1063 2503 odium
1098 2447 1292 2519 potius
1320 2463 1494 2517 quam
1526 2446 1881 2517 voluptatem
1913 2463 2107 2502 creare

462 2545 751 2615 poterant.
784 2541 854 2593 At
880 2552 1161 2607 quorsum
1195 2534 1600 2590 Tertullianus
1630 2534 1724 2589 his
1781 2534 1971 2590 verbis
2005 2551 2106 2605 po-

462 2633 604 2700 tius,
638 2643 814 2700 quam
847 2624 976 2681 aliis
1007 2628 1064 2678 et
1094 2622 1559 2695 praecedentibus
1595 2626 1652 2677 et
1699 2624 2108 2695 subsequenti-

463 2722 596 2785 bus,
630 2717 849 2772 ironice
878 2711 1258 2784 loqueretur?

538 2808 684 2873 Quia
713 2804 895 2877 igitur
923 2801 1318 2856 Tertullianus
1349 2800 1475 2856 sine
1505 2800 1694 2856 ironia
1732 2805 1788 2857 et
1819 2803 2106 2858 affirmate

463 2896 623 2969 loqui
663 2895 911 2961 videtur,
944 2890 1241 2946 existimat
1271 2889 1486 2945 idcirco
1528 2890 1827 2944 Ferrarius
1858 2907 1992 2946 eum
2023 2891 2106 2946 ibi

469 2983 745 3042 memoria
775 2982 1031 3053 lapsum,
1056 2995 1121 3035 ac
1150 2978 1417 3049 penulam
1438 2979 1745 3049 scripsisse
1775 2995 1877 3050 pro
1906 2980 2103 3035 endro-

465 3075 662 3131 midem
698 3072 840 3143 (Frr.
875 3072 1023 3141 part.
1076 3068 1207 3122 nde
1236 3070 1309 3123 Re
1352 3071 1483 3121 vest.
1531 3065 1633 3122 lib.
1667 3084 1732 3135 11,
1787 3085 1837 3123 ο.
1873 3069 1946 3139 1),
1980 3085 2105 3140 qua:

468 3180 664 3221 crassa
695 3161 870 3216 etiam
919 3163 975 3213 et
1023 3156 1253 3212 hirsuta
1284 3156 1463 3211 vestis
1510 3160 1653 3224 erat,
1711 3172 1777 3211 ac
1825 3156 2105 3228 palaestrae

467 3253 588 3310 sive
616 3250 813 3322 potius
844 3252 976 3319 post
1023 3244 1375 3317 palmstram,
1409 3261 1523 3299 non
1579 3244 1776 3301 minus
1808 3262 1981 3317 quam
2014 3263 2109 3318 pe-

474 3340 613 3395 nula
642 3337 897 3393 utilis.In
930 3351 1046 3389 sua:
1069 3336 1265 3388 autem
1295 3333 1586 3404 opinionis
1607 3334 2110 3391 confirmationem

473 3431 595 3486 hinc
628 3426 845 3501 profert
875 3420 1159 3478 Martialis
1189 3422 1452 3477 carmina
1483 3438 1495 3477 :

602 3563 751 3612 Hanc
780 3557 879 3609 tibi
913 3554 1212 3617 sequanicaa
1242 3554 1495 3617 pinguem
1525 3553 1759 3602 textricis
1788 3553 2075 3617 alumnam,

655 3624 783 3680 Quae
818 3616 1279 3680 Lacedaemonium
1309 3616 1539 3680 barbara
1574 3629 1770 3680 nomen
1800 3616 1973 3675 habet,

595 3684 835 3736 Sordida,
866 3680 958 3729 sed

658 3749 822 3801 Dona,
852 3740 1188 3805 peregrinam
1219 3740 1841 3805 mittimuseudromida,

604 3809 707 3859 Seu
737 3802 941 3855 lentum
971 3816 1185 3853 ceroma
1212 3803 1368 3868 teris._
1389 3802 1697 3868 tepidumve
1726 3805 1952 3868 trigona,

652 3870 769 3921 Sive
800 3868 1053 3930 harpasta
1082 3878 1246 3914 manu
1282 3865 1653 3927 pulverulenta
1682 3865 1842 3928 rapis.

988 3679 1161 3741 gelido
1192 3692 1300 3727 non
1330 3679 1705 3739 adspernenda
1736 3680 2033 3740 Decembri,

1022 3944 1271 4008 (Martial.
1301 3944 1392 3994 lib.
1424 3956 1494 4005 Iv,
1526 3945 1792 4009 Epigram.
1826 3948 1921 4003 19.)

532 4084 686 4140 998
720 4086 937 4139 Verum
970 4077 1113 4135 nihil
1143 4094 1386 4150 prorsus
1420 4093 1659 4134 necesse
1714 4078 1942 4135 videtur
2001 4098 2105 4136 no-

463 4192 595 4232 men
624 4169 1029 4245 penulaz,quod
1054 4171 1389 4222 constanter
1411 4166 1466 4220 in
1500 4167 1774 4223 omnibus
1805 4169 2105 4226 codicibus

460 4264 693 4335 legitur,
728 4263 962 4333 prepter
1008 4256 1404 4327 conjecturam
1463 4254 1787 4312 immutari.
1847 4257 2104 4314 Dubium

459 4354 753 4411 enimvero
784 4345 1005 4403 nemini
1036 4360 1163 4400 esse
1194 4348 1405 4415 potest,
1439 4344 1582 4414 quin
1629 4345 1875 4401 Romani
1920 4363 2102 4418 penu-

456 4443 561 4499 lati
615 4438 773 4497 ludis
832 4432 1083 4507 publicis
1140 4432 1509 4487 interessent.
1568 4433 1758 4489 Testis
1812 4434 2103 4505 siquidem

458 4530 630 4588 nobis
659 4532 749 4583 est
776 4522 1092 4581 Suetonius
1114 4520 1358 4577 Galbam
1384 4520 1797 4592 imperatorem
1820 4524 2100 4593 jussisse,

2136 1871 2184 1935 B

2139 3233 2182 3299 C

2225 588 2543 661 (Lamprid.
2576 588 2636 643 in
2666 587 2858 658 ejusd.
2899 587 3036 652 Vita,
3072 603 3206 660 pag.
3236 587 3385 655 315.)

2296 676 2695 732 Tertullianus
2745 676 2947 747 itaque
2992 680 3287 731 Romanos
3318 678 3524 731 merito
3552 677 3821 748 coarguit;

2225 765 2440 838 quippe
2472 764 2569 836 qui
2592 769 2791 820 contra
2822 763 3131 835 antiquum
3158 780 3374 820 morem
3404 764 3609 836 penula
3627 768 3826 820 uteren-

2221 858 2339 925 tur,
2372 871 2507 910 cum
2538 852 2791 926 publicis
2821 852 2979 909 ludis
3012 859 3070 909 et
3121 853 3492 925 spectaculis,
3532 853 3819 925 praesertim

2223 941 2437 1013 hieme,
2469 943 2729 998 aderant.
2758 943 2922 998 Tunc
2956 942 3135 1013 enim,
3164 943 3301 1014 quia
3327 942 3551 997 theatra
3578 942 3824 998 carebant

2222 1032 2415 1097 tectis,
2478 1030 2751 1103 penulam
2825 1047 3154 1103 sumpsere,
3213 1048 3284 1087 ne
3349 1031 3529 1101 frigus
3590 1030 3825 1102 pluviave

2222 1124 2477 1188 noceret,
2523 1135 2590 1175 ac
2643 1120 2839 1192 turpia
2886 1120 2969 1176 ibi
3020 1124 3149 1176 acta
3190 1119 3316 1175 sine
3364 1118 3481 1174 ullo
3529 1124 3827 1189 spectarent

2222 1208 2613 1265 incommodo.
2647 1212 2858 1265 Contra
2886 1208 3168 1281 pristinos
3206 1209 3405 1280 itaque
3451 1223 3636 1264 mores
3679 1208 3824 1262 volu-

2221 1297 2399 1369 ptatis
2429 1314 2608 1353 causa
2655 1302 3033 1369 sumpserant
3062 1297 3361 1370 penulam,
3412 1313 3588 1368 quam
3640 1295 3826 1351 milites

2220 1386 2293 1441 ob
2326 1386 2512 1441 solam
2545 1387 2949 1441 necessitatem
2983 1386 3325 1441 induebant.
3361 1385 3507 1440 Nam
3557 1385 3625 1439 de
3668 1383 3825 1438 milite

2220 1475 2319 1546 qui
2350 1474 2737 1531 Christianam
2768 1474 3106 1548 religionem
3135 1490 3329 1530 coram
3360 1474 3593 1528 tribuno
3622 1472 3825 1543 proﬁte-

2218 1564 2408 1629 batur,
2464 1564 2843 1633 gravissimas,
2920 1563 3114 1635 inquit
3163 1560 3585 1625 Tertullianus,
3630 1560 3827 1632 penula:

2213 1655 2401 1724 posuit
2468 1652 2744 1723 (Tertull.
2812 1652 2878 1707 de
2942 1652 3117 1707 Coron
3149 1692 3163 1717 ,
3227 1667 3333 1721 cap
3364 1690 3377 1703 .
3451 1651 3536 1721 1).
3605 1653 3676 1703 De
3736 1648 3826 1701 hac

2217 1757 2389 1813 porro
2437 1745 2597 1796 veste
2640 1740 2859 1795 videsis
2916 1739 3222 1795 Octavium
3278 1737 3626 1803 Ferrarium,
3678 1740 3828 1808 atque

2215 1828 2558 1885 Bartholum
2592 1827 3018 1897 Bartholinum,
3049 1828 3147 1900 qui
3181 1826 3508 1899 peculiares
3538 1826 3607 1880 de
3635 1824 3726 1879 illa
3752 1824 3826 1878 dis

2216 1917 2581 1988 quisitiones,
2642 1922 2699 1974 et
2743 1916 2890 1974 alios
2945 1917 3045 1988 qui
3100 1917 3171 1972 de
3230 1932 3293 1971 re
3349 1912 3621 1971 vestiaris
3673 1912 3826 1968 libros

2218 2005 2548 2061 ediderunt.

2226 2134 2229 2135 ν
2289 2094 2430 2157 Quis
2476 2093 2657 2166 igitur
2704 2111 2819 2149 non
2868 2094 3023 2149 videt
3090 2109 3209 2165 qua
3258 2091 3592 2148 temeritate
3642 2088 3825 2145 ethnici

2217 2181 2553 2237 clamabant
2573 2182 3399 2254 iniquissimisimpcratorum
3414 2180 3473 2235 in
3505 2177 3827 2235 Christianos

2216 2270 2446 2343 legibus
2478 2287 2540 2326 se
2587 2271 2659 2325 ad
2690 2288 2790 2326 eos
2831 2271 3121 2327 vexandos
3150 2269 3302 2342 cogi,
3334 2269 3434 2339 qui
3477 2272 3635 2323 tanta
3678 2266 3826 2322 auda-

2217 2360 2309 2413 cia
2355 2364 2412 2413 et
2448 2358 2801 2431 impunitate
2850 2359 2994 2415 alias
3054 2358 3452 2431 aequissimas,
3502 2357 3720 2413 theatra
3766 2354 3825 2409 ob

2217 2448 2538 2503 immanem
2607 2464 2839 2502 morum
2906 2446 3298 2519 corruptelam
3372 2445 3633 2501 funditus
3674 2440 3825 2498 everti

2216 2536 2819 2608 pracipientes,plane
2848 2536 3253 2608 despiciebant
3268 2540 3327 2591 et
3357 2528 3827 2607 aspernabantur?

2215 2624 2412 2696 Neque
2443 2624 2589 2681 alias
2621 2625 2816 2696 plures
2840 2641 3121 2696 perquam
3180 2624 3437 2695 optimas
3468 2622 3648 2695 pluris
3675 2618 3822 2675 facie-

2215 2714 2377 2781 bant,
2410 2714 2907 2785 quemadmodum
2949 2712 3350 2770 Tertullianus
3393 2713 3582 2780 docet,
3622 2714 3675 2766 et
3715 2710 3825 2780 post

2216 2801 2381 2856 illum
2413 2802 2812 2858 ostendemus.

2825 2962 3144 3003 ARTICULUS
3194 2962 3248 3001 ν.

2215 3052 2560 3125 Expenditur
2617 3069 2725 3125 qua
2781 3052 3101 3125 temeritate
3140 3053 3353 3108 ethnici
3416 3048 3820 3125 concuteaperint

2288 3123 2440 3195 lege:
2490 3122 2997 3197 quae—dignitatum
3043 3122 3102 3179 el
3154 3126 3435 3179 natalium
3481 3123 3730 3197 insignia,
3758 3132 3825 3197 _ac

2290 3191 2673 3269 matronarum
2702 3191 2759 3269 et
2780 3194 3133 3269 meretricum
3178 3204 3352 3252 vestes
3396 3191 3659 3264 distingui
3692 3191 3825 3269 jube-

2293 3265 2443 3336 bant,
2489 3270 2588 3322 aut
2633 3267 2996 3338 prohibebant
3044 3284 3114 3322 ne
3158 3269 3427 3323 mulieres
3476 3263 3630 3331 auro,
3657 3263 3826 3318 nisiin

2288 3338 2496 3393 annulo
2515 3341 2786 3410 pronubo,
2817 3348 3169 3396 ornarentur.

2290 3464 2543 3519 Gradum
2589 3464 2724 3520 inde
2767 3464 3163 3521 Tertullianus
3212 3463 3354 3518 facit
3406 3464 3477 3518 ad
3530 3458 3679 3518 aliud
3715 3469 3824 3529 pos-

2218 3553 2616 3609 sumdatarum
2648 3554 2719 3609 ab
2752 3554 3002 3610 ethnicis
3031 3554 3227 3627 legum
3249 3569 3465 3626 genus,
3497 3550 3701 3623 quibus
3725 3559 3825 3600 mo-

2218 3642 2415 3696 destia
2446 3659 2510 3697 ac
2541 3642 2841 3698 sobrietati
2873 3644 2932 3698 in
2966 3643 3172 3717 primis
3229 3642 3552 3697 mulierum
3601 3636 3822 3710 pruden-

2216 3730 2446 3786 tissime
2477 3732 2809 3788 consultum
2841 3732 2979 3787 olim
3012 3732 3141 3787 fuit.
3174 3731 3283 3798 Qui
3314 3730 3478 3789 enim
3513 3729 3664 3799 leges
3691 3720 3824 3780 Chri-

2217 3820 2409 3875 stiano
2425 3821 2645 3875 nomini
2669 3822 2987 3890 injuriosas
3005 3826 3126 3877 tam
3146 3820 3472 3877 insolenter
3493 3811 3826 3889 objectabant

2217 3908 2274 3963 hi
2305 3908 2417 3980 ipsi
2449 3899 2764 3981 tranquillo
2804 3910 3050 3982 laetoque
3081 3909 3276 3965 animo
3306 3909 3680 3980 patiebantur
3705 3900 3823 3957 alias

2215 3996 2567 4062 conculcari,
2601 4021 2627 4047 «
2657 4015 2785 4070 qua
2817 3998 3159 4071 dignitatum
3186 4002 3243 4053 et
3278 3996 3660 4052 honestorum
3688 3990 3823 4044 nata-

2214 4084 2361 4140 lium
2408 4086 2664 4159 insignia
2708 4105 2820 4143 non
2871 4092 3089 4143 temere
3136 4103 3241 4143 nec
3293 4086 3543 4158 impune
3588 4073 3822 4149 usurpari

2214 4174 2489 4229 sinebant
2538 4197 2566 4225 »
2597 4176 2862 4247 (Tertull.
2907 4177 3186 4250 Apologet.
3239 4191 3369 4247 cap.
3424 4175 3479 4246 6,
3527 4187 3651 4244 pag.
3696 4163 3819 4233 300).

2213 4263 2354 4326 Quis
2383 4280 2515 4319 vero
2563 4265 2752 4321 nescit
2780 4265 2939 4321 varia
2987 4266 3169 4321 fuisse
3217 4280 3448 4337 regum,
3496 4263 3819 4318 senatorum.

2211 4350 2475 4421 equitum
2511 4358 2568 4407 et
2588 4353 2951 4425 plebeiprum
2996 4353 3301 4409 hominum
3350 4349 3626 4424 insignia,
3656 4345 3819 4401 diver-

2212 4456 2424 4511 sasque
2450 4447 2660 4509 vestes,
2694 4443 2910 4513 quibus
2941 4460 2974 4498 a
3003 4460 3065 4498 se
3113 4443 3360 4498 invicem
3412 4433 3818 4509 distingueban-

2211 4527 2353 4581 tur?
2382 4530 2557 4585 Missa
2595 4530 2888 4587 enimvero
2921 4536 2985 4585 ut
3036 4531 3289 4602 plurima
3338 4530 3492 4587 999
3545 4524 3815 4581 faciamul.

457 4625 524 4676 ut
552 4617 636 4673 illi
666 4617 725 4670 in
757 4613 1010 4685 quodam
1043 4609 1289 4666 solemni
1322 4608 1654 4680 spectaculo
1684 4628 1883 4667 manus
1921 4629 2094 4685 penu-
2127 4600 2173 4665 Ι)
2207 4614 2326 4670 haec
2357 4617 2473 4672 alia
2521 4624 2661 4673 sunt
2688 4620 2760 4674 de
2810 4619 2926 4675 illis
2973 4600 3289 4690 ipsiusmet
3338 4616 3603 4674 Auctoris
3653 4603 3812 4667 nostri

457 4711 526 4765 lis
554 4706 896 4764 continerent
925 4700 1180 4771 (Sueton.
1216 4699 1273 4752 in
1311 4699 1409 4753 Vit.
1470 4696 1671 4768 Galbae,
1702 4699 1729 4767 §
1757 4701 1833 4770 6).
1870 4702 1933 4755 In
1960 4700 2095 4757 Dio-

458 4797 551 4854 nis
571 4810 707 4852 vero
730 4785 1255 4863 Epitomelegimus
1285 4787 1668 4842 Commodum
1687 4788 2096 4861 imperatorem

459 4883 804 4960 praecepisse
832 4882 895 4934 ut
923 4878 994 4933 ad
1030 4874 1489 4946 ultimum,quod
1524 4875 2096 4948 dedit,gladiatorum

460 4990 679 5031 munus
736 4970 1034 5026 senatores
1095 4964 1153 5018 in
1223 4962 1514 5018 theatrum
1574 4966 1878 5035 venirent,
1933 4964 1985 5020 ἔν
2040 4987 2098 5021 τι

457 5063 525 5137 τῇ
576 5058 746 5132 στολῇ
804 5059 872 5129 τῇ
924 5048 1139 5121 ἱππάδι,
1173 5049 1261 5119 καὶ
1320 5050 1371 5105 ὲν
1426 5056 1543 5114 ταῖς
1597 5051 1857 5125 μανδύαις
1909 5053 1987 5117 εἷς
2034 5055 2095 5109 τὸ

460 5152 679 5227 θέατρον
725 5144 982 5203 εἰσελθεῖν
1019 5162 1031 5200 :
1064 5143 1314 5213 Equestri
1369 5151 1509 5198 veste
1562 5146 1611 5198 et
1665 5146 1872 5216 penula
1928 5146 2096 5201 indu-

459 5252 537 5301 tos
570 5241 753 5297 venire
783 5240 844 5293 in
880 5236 1155 5291 theatrum
1192 5230 1360 5300 jussit
1389 5229 1593 5300 (Epist.
1646 5232 1812 5289 Dion.
1864 5233 1922 5288 in
1977 5235 2098 5290 Vita

462 5328 734 5389 Commod.
761 5342 890 5400 pag.
921 5322 1068 5393 295).
1104 5319 1225 5383 Quo
1257 5318 1495 5387 quidem
1529 5326 1734 5377 ornatu
1790 5339 2094 5394 nunquam

459 5428 633 5479 antea
663 5417 806 5472 illud
856 5409 1081 5484 ingredi
1140 5410 1584 5473 consueverant,
1634 5409 1746 5464 nisi
1776 5410 2097 5481 imperator

459 5527 529 5567 ex
558 5509 669 5563 hac
698 5507 818 5560 vita
868 5496 1237 5556 decessisset.
1285 5496 1355 5547 At
1406 5490 1611 5563 μανδύη
1665 5498 1961 5569 signiﬁcat
1990 5499 2095 5554 ali-

460 5598 616 5670 quod
651 5592 872 5666 penula
920 5600 1124 5657 genus.
1183 5580 1330 5636 Nam
1380 5583 1752 5654 Lampridius
1785 5587 1853 5643 de
1888 5589 2095 5645 eodem

458 5684 777 5743 Commodo
810 5697 823 5735 :
863 5702 884 5728 ι
919 5677 1134 5732 Contra
1162 5670 1667 5742 consuetudinem,
1726 5675 1940 5746 inquit,
2001 5692 2093 5748 pe.

2206 4704 2384 4760 verba
2415 4721 2428 4759 :
2454 4728 2483 4755 «
2508 4707 2648 4772 Quis
2679 4708 2920 4763 omnino
2938 4724 3142 4780 regum
3172 4707 3404 4779 insigne
3438 4698 3696 4778 potestati
3717 4708 3816 4751 sua

2207 4791 2449 4849 humero
2480 4796 2730 4866 praefert,
2763 4801 2820 4851 et
2850 4812 2964 4851 non
3017 4799 3118 4850 aut
3164 4795 3355 4868 capite
3409 4794 3688 4855 diadema,
3732 4784 3818 4839 aut

2207 4880 2265 4934 in
2291 4897 2468 4937 manu
2502 4889 2817 4955 sceptrum,
2842 4889 2943 4940 aut
2974 4884 3230 4955 aliquam
3264 4883 3510 4955 prOpriaa
3539 4877 3706 4935 vestis
3733 4886 3817 4927 nc-

2205 4973 2324 5023 tam
2349 4970 2376 5024 'I
2402 4972 2605 5039 (Idem,
2637 4972 2717 5028 lib
2768 4973 2890 5028 adv.
2922 4973 3153 5037 Judzos,
3184 4989 3311 5044 cap.
3347 4974 3455 5039 10).

2277 5059 2487 5113 Datum
2522 5077 2757 5132 quoque
2780 5066 2870 5116 est
2900 5079 2933 5117 a
2960 5061 3185 5118 Caesare
3232 5064 3496 5132 Augusto
3557 5053 3813 5111 edictum,

2207 5163 2323 5217 quo
2357 5148 2657 5218 prohibuit
2687 5166 2759 5205 ne
2798 5149 2975 5218 ullus,
3028 5151 3142 5205 nisi
3192 5155 3447 5215 senator,
3498 5151 3812 5218 purpuram.

2207 5252 2334 5305 quae
2381 5239 2523 5292 tunc
2585 5237 2753 5307 vulgo
2815 5239 3179 5305 sumebatur,
3233 5237 3507 5307 deinceps
3571 5226 3812 5287 indueret

2206 5324 2394 5395 (Dion,
2446 5324 2551 5382 lib.
2610 5345 2740 5382 χιιι
2797 5329 3002 5383 Hister.
3053 5328 3204 5382 Rom.
3255 5343 3386 5399 pag.
3458 5323 3600 5391 459).
3650 5318 3811 5370 Antea

2204 5430 2337 5467 vero
2380 5414 2573 5471 Julius
2620 5417 2830 5482 Caesar,
2881 5419 3027 5471 teste
3076 5417 3375 5481 Suetonio,
3424 5435 3450 5463 «
3502 5408 3807 5466 lecticarum

2205 5519 2400 5567 usum,
2429 5504 2569 5559 item
2603 5505 2992 5578 conchyliada
3015 5507 3211 5575 vestis,
3246 5510 3301 5562 et
3357 5499 3803 5573 margaritarum.

2204 5591 2315 5647 nisi
2366 5593 2540 5649 certis
2595 5595 2862 5667 personis
2917 5598 2975 5650 et
3011 5595 3322 5650 aatatibbus
3368 5603 3581 5664 perque
3640 5584 3802 5667 08”?”

2204 5680 2346 5751 dies,
2379 5665 2658 5739 ademit»
2684 5683 2947 5756 (Sueton.
2981 5683 3039 5739 in
3077 5684 3175 5741 Vit.
3209 5684 3347 5741 Julii
3375 5678 3620 5741 Caesaris,
3649 5672 3675 5738 §
3702 5665 3794 5735 43)·
