4118 6182
204 323 359 385 1093

1120 319 1194 379 D.
1238 317 1335 378 LE
1379 316 1707 379 NOURBY
1752 314 2403 377 OBSERVATIONES
2444 318 2701 379 NOVE.

3450 320 3608 384 1094

198 456 332 520 Quae
364 451 602 518 quidem
632 451 705 506 ab
736 448 1047 505 Eusebiani
1077 448 1345 505 Chronici
1378 451 1612 503 auctore
1643 448 1714 501 de
1762 446 1844 501 fe—
1874 448 1930 514 Α
1960 445 2132 501 unico
2164 450 2332 502 norat
2358 448 2559 520 digito,
2612 464 2786 520 quem
2837 464 3093 519 sponsus
3137 450 3603 524 oppignerasset,

197 541 379 598 minis
410 540 494 597 sic
526 539 891 610 explicantur
920 556 933 593 :
974 559 1001 589 α
1030 538 1342 593 Prohibitse
1372 536 1596 592 lecticis
1626 552 1848 606 marga-

198 631 449 701 ritisque
479 629 587 699 uti,
620 645 747 700 quae
779 644 883 683 nee
930 628 1085 683 viros
1134 643 1238 682 nec
1287 626 1499 682 liberos
1546 624 1845 691 haberent,

198 725 257 776 et
304 719 561 775 minores
608 721 805 773 essent
846 716 1018 772 annis
1062 716 1492 787 quinquaginta
1524 714 1785 785 quinque
1815 734 1843 764 »

198 809 435 879 (Euseb.
471 807 675 863 Chron.
711 806 893 876 μνη).

272 898 548 971 Magnum
608 911 838 967 quoque
893 894 1046 948 inter
1100 897 1505 949 matronarum
1554 896 1611 947 et
1662 908 1847 948 mere-

200 987 414 1042 tricum
472 988 663 1040 vestes
716 987 841 1038 erat
887 983 1204 1038 discrimen
1254 981 1521 1053 (Tertull.
1574 982 1846 1052 Apologet.

202 1092 329 1147 cap.
360 1076 416 1140 6,
448 1090 580 1145 pag.
613 1072 758 1136 301).
791 1072 936 1126 Nam
992 1070 1346 1136 meretrices,
1397 1071 1572 1125 sicuti
1626 1070 1848 1125 Nonius

202 1162 522 1230 annotavit,
573 1161 958 1217 succinctiore
986 1164 1145 1215 veste
1176 1161 1490 1214 utebantur
1516 1159 1682 1231 (Non.
1716 1176 1844 1230 cap.

204 1254 272 1308 14
300 1252 365 1307 de
392 1256 526 1307 Gen.
558 1249 813 1320 vestim.)
834 1249 1217 1312 Quamobrem
1253 1247 1659 1319 Ulpianus:«Si
1691 1248 1848 1319 quis,

202 1341 416 1412 inquit,
473 1339 732 1412 virgines
791 1336 1165 1408 appellasset,
1225 1336 1275 1391 si
1331 1340 1526 1391 tamen
1581 1337 1843 1393 ancillari

201 1434 363 1485 veste
392 1429 657 1494 vestitas,
691 1427 888 1482 minus
921 1442 1159 1497 peccare
1205 1425 1456 1491 videtur,
1504 1425 1687 1480 multo
1737 1429 1846 1482 mi-

204 1535 318 1573 nus
348 1518 397 1573 si
425 1515 755 1572 meretricia
785 1519 945 1570 veste
974 1514 1222 1580 feminea,
1257 1530 1373 1569 non
1424 1515 1847 1571 matrumfami-

203 1607 416 1663 liarum
446 1605 667 1661 vestita:
702 1603 1004 1660 fuissent»
1036 1604 1265 1676 (Digest.
1300 1603 1400 1659 lib.
1434 1620 1628 1673 xnvm,
1662 1606 1751 1661 tit.
1785 1606 1848 1661 de

202 1696 409 1764 Iniun,
443 1698 576 1763 etc.,
609 1692 721 1765 leg.
754 1692 866 1764 45).

1958 535 2222 605 pronubo
2270 536 2488 593 annulo
2541 561 2563 589 ι
2619 536 2885 607 (Tertull.
2935 538 3211 610 Apologet.
3265 556 3392 611 cap.
3438 542 3493 611 6,
3544 557 3606 612 p.

1958 624 2348 688 302.)Nemini
2382 630 2577 682 autem
2610 626 3040 698 incompertum
3072 632 3160 683 est
3190 644 3413 685 morem
3445 635 3608 687 vetu-

1960 713 2289 769 stissimum
2323 716 2526 781 fuisse,
2560 720 2624 771 ut
2645 733 2898 787 sponsus
2928 715 2987 771 in
3020 717 3351 772 futurarum
3380 719 3609 789 nuptia-

1959 817 2089 855 rum
2122 803 2335 874 pignus
2366 807 2672 870 annulum,
2706 821 2880 876 quem
2912 806 3200 860 vocabant
3250 808 3605 877 pronubum,

1959 907 2187 962 sponsae
2219 910 2336 948 suis
2371 895 2645 948 mitteret.
2679 894 2737 949 Si
2771 896 2904 965 quis
2954 899 3148 949 tamen
3180 894 3343 949 illius
3396 901 3605 951 testem

1958 980 2167 1035 saltem
2196 998 2379 1036 unum
2415 983 2527 1037 sibi
2571 983 2736 1038 citari
2784 983 2941 1051 velit,
2991 983 3042 1038 is
3100 983 3302 1039 audiat
3354 988 3606 1041 Juvena-

1958 1068 2071 1123 lem
2109 1087 2121 1124 :

2050 1192 2383 1257 gonventum
2413 1196 2591 1241 tamen
2622 1196 2673 1257 et
2700 1196 2931 1255 pactum,
2963 1196 3013 1243 et
3042 1193 3310 1257 sponsalia
3331 1200 3513 1246 nostra

2050 1254 2387 1320 Tempestate
2416 1269 2590 1320 paras,
2618 1254 2894 1320 jamquea
2922 1254 3138 1306 tonsore
3168 1262 3421 1320 magistro

2051 1318 2297 1375 Pecteris,
2329 1322 2383 1366 et
2410 1319 2575 1380 digito
2607 1320 2801 1380 pignus
2829 1318 3052 1368 fortasse
3083 1318 3291 1368 dedisti.

2488 1397 2748 1459 (Juvenal.
2778 1398 2937 1447 Satir.
2968 1400 3013 1457 6,
3048 1412 3095 1449 v.
3128 1402 3184 1449 25
3218 1403 3269 1449 et
3292 1402 3462 1463 seqq.)

2030 1512 2257 1568 Plinius
2286 1518 2481 1569 autem
2513 1518 2789 1569 testatum
2824 1515 2994 1569 nobis
3026 1514 3165 1570 facit
3210 1516 3366 1571 hunc
3418 1533 3606 1573 annu-

1959 1601 2080 1655 lum
2116 1618 2223 1656 suo
2250 1608 2511 1674 tempore
2542 1602 2792 1657 ferreum
2826 1604 3007 1659 fuisse
3036 1620 3103 1659 ac
3151 1605 3278 1659 sine
3325 1620 3559 1676 gemma
3594 1622 3609 1663 :

1959 1710 1987 1738 «
2022 1690 2209 1745 Etiam
2241 1707 2419 1754 nunc,
2455 1690 2556 1761 ait,
2582 1708 2809 1762 sponsa:
2841 1692 3068 1747 muneri
3100 1693 3320 1748 ferreus
3351 1693 3609 1750 annulus

280 1801 576 1865 Quantum
608 1803 803 1855 autem
839 1797 1136 1869 muneres,
1167 1802 1367 1855 contra
1418 1801 1709 1871 majorum
1760 1801 1848 1856 ίη,
1878 1815 1927 1879 Β
1960 1777 2211 1879 mittil-ur
2237 1779 2405 1851 isque
2425 1779 2561 1879 sine
2588 1796 2822 1879 gemma
2856 1803 2885 1829 »
2917 1779 3088 1851 (Plin.
3121 1780 3220 1837 lib.
3269 1798 3449 1838 xxxm
3494 1784 3611 1839 Na-

207 1889 437 1955 stituta,
470 1888 563 1943 his
591 1888 852 1944 vestibus
884 1887 1284 1955 abuterentur,
1324 1889 1483 1943 disce
1532 1905 1599 1944 ex
1651 1894 1851 1945 nostro

206 1976 567 2037 Tertulliano
602 1995 614 2033 :
650 1999 678 2027 «
727 1976 928 2043 Video,
978 1976 1191 2047 inquit,
1242 1980 1298 2032 et
1346 1977 1499 2031 inter
1556 1982 1854 2034 matronas

210 2072 386 2138 atque
416 2064 773 2137 prostibulas
803 2064 1032 2120 nullum
1064 2064 1132 2119 de
1163 2064 1367 2119 habitu
1400 2064 1712 2122 discrimen
1764 2084 1853 2122 re-

207 2156 415 2211 lictum
464 2176 491 2203 »
540 2153 808 2224 (Tertull.
861 2154 960 2209 loc.
1006 2154 1145 2223 cit.).
1180 2153 1377 2224 Neque
1407 2153 1487 2209 ibi
1520 2153 1616 2209 ille
1648 2154 1850 2227 plura;

212 2245 314 2300 sed
346 2260 470 2314 quae
500 2241 614 2297 alio
649 2242 707 2295 in
741 2240 888 2296 libro
916 2240 1177 2307 uberius,
1229 2241 1503 2314 huncque
1550 2245 1852 2315 prosequi-

208 2336 307 2388 tur
335 2331 395 2386 in
428 2331 666 2386 modum
703 2347 715 2384 :
750 2352 779 2380 «
811 2334 1086 2386 Converte
1114 2335 1169 2385 te
1201 2331 1271 2385 ad
1319 2334 1585 2402 feminas,
1636 2332 1853 2403 inquit,

208 2422 391 2477 habes
449 2423 711 2492 spectare
777 2419 930 2490 quod
1000 2418 1224 2474 Caecina
1290 2420 1530 2475 Severus
1602 2422 1856 2493 graviter

206 2509 438 2566 senatui
471 2508 774 2581 impressit
805 2511 1105 2563 matronas
1137 2509 1262 2564 sine
1295 2508 1442 2564 stola
1490 2510 1547 2563 in
1596 2510 1848 2581 publico.

202 2599 467 2669 Denique
501 2597 725 2653 Lentuli
775 2598 1017 2669 auguris
1065 2597 1372 2665 consultis,
1420 2614 1546 2669 qua)
1594 2598 1675 2652 ita
1726 2615 1854 2654 sese

203 2692 665 2755 exauctorasset,
724 2703 827 2759 pro
885 2690 1090 2758 stupro
1148 2691 1273 2741 erat
1318 2704 1522 2759 pcena;
1572 2688 1852 2758 quoniam

202 2776 445 2849 quidem
476 2776 699 2831 indices
732 2775 1124 2847 custodesque
1157 2775 1461 2847 dignitatis
1491 2775 1754 2845 habitus,
1788 2783 1854 2834 ut

202 2864 480 2922 lenocinii
513 2864 815 2920 factitandi
845 2864 1286 2935 impedimenta,
1333 2864 1538 2923 sedulo
1588 2868 1853 2937 quaedam

207 2953 666 3010 desuefecerant.
696 2956 766 3008 At
796 2970 953 3009 nunc
982 2954 1039 3009 in
1073 2953 1416 3027 semetipsas
1445 2954 1853 3025 lenocinando,

207 3059 327 3114 quo
353 3041 584 3113 planius
616 3042 919 3109 adeantur,
954 3045 1010 3096 et
1041 3040 1254 3096 stolam
1304 3044 1359 3096 et
1404 3058 1750 3113 supparum,
1801 3047 1857 3097 et

209 3129 596 3203 crepidulam,
650 3128 1037 3198 caliendrum,
1083 3129 1244 3201 ipsas
1284 3146 1515 3202 quoque
1537 3132 1662 3202 jam
1690 3131 1855 3186 lecti-

1962 1874 2072 1922 lur.
2102 1862 2299 1923 Hister.
2333 1886 2383 1924 c.
2418 1870 2468 1935 1,
2498 1885 2555 1939 p.
2588 1870 2663 1939 7).
2982 1936 2993 1943 υ

2034 1956 2377 2012 Tertulliani
2408 1957 2607 2028 itaque
2638 1957 2822 2013 nostri
2876 1962 3066 2028 aitate,
3120 1976 3247 2016 mos
3294 1959 3392 2016 ille
3439 1962 3614 2033 plane

1966 2046 2267 2101 modestus
2288 2046 2781 2117 jamiimmutatus
2812 2053 3025 2115 erat,et
3055 2066 3158 2119 pro
3182 2050 3366 2107 ferreo
3396 2051 3614 2107 annulo

1966 2150 2181 2189 aureus
2211 2135 2483 2191 dabatur.
2515 2139 2725 2191 Postea
2763 2152 2894 2192 vero
2945 2137 3208 2193 Isidorus
3256 2140 3327 2194 de
3377 2140 3613 2196 annulis

1964 2223 2293 2294 iisdemque
2343 2224 2628 2295 pronubis
2677 2223 2887 2294 plurali
2937 2242 3181 2282 numero
3213 2226 3609 2298 loquebatur:

1966 2334 1993 2361 ‹‹
2029 2312 2279 2366 Feminae
2313 2329 2427 2366 non
2462 2330 2579 2367 usae
2609 2320 2751 2367 sunt
2780 2313 3036 2381 annulis,
3067 2315 3178 2369 nisi
3211 2332 3359 2386 quos
3403 2315 3614 2387 virgini

1963 2416 2219 2470 sponsus
2252 2402 2708 2472 miserat,neque
2738 2402 2993 2473 amplius
3023 2420 3199 2473 quam
3234 2404 3400 2459 binos
3432 2421 3619 2461 annu-

1965 2488 2051 2544 los
2083 2504 2291 2544 aureos
2323 2490 2383 2544 in
2414 2489 2615 2560 digitis
2647 2489 2860 2546 habere
2891 2490 3178 2547 solebant.
3210 2494 3281 2547 At
3311 2510 3466 2549 nunc
3498 2511 3613 2566 pra

1964 2595 2107 2635 auro
2140 2579 2364 2634 nullum
2396 2579 2631 2635 feminis
2662 2578 2783 2635 leve
2813 2584 2903 2635 est
2932 2585 3107 2651 atque
3139 2582 3405 2639 immune
3437 2600 3617 2639 mem-

1965 2670 2137 2724 brum
2168 2690 2195 2719 »
2231 2670 2463 2741 (Isidor.
2496 2668 2600 2724 lib.
2652 2686 2748 2723 xxx
2791 2669 3011 2739 Origin.
3065 2686 3192 2742 cap.
3244 2672 3357 2743 22).
3410 2673 3615 2730 Nonne

1965 2764 2161 2815 autem
2196 2759 2286 2815 his
2316 2759 2742 2830 posterioribus
2772 2760 2961 2815 verbis
2991 2761 3063 2816 ad
3096 2762 3218 2817 hinc
3267 2764 3615 2821 Tertulliani

1967 2849 2244 2919 respexit,
2295 2849 2512 2919 quibus
2560 2847 2872 2903 mulierum
2923 2849 3129 2905 luxum
3181 2851 3329 2923 ipso,
3381 2854 3453 2908 de
3500 2870 3615 2925 quo

1966 2939 2219 3010 agimus,
2279 2936 2405 2991 loco
2458 2937 2541 2992 sic
2589 2938 2840 3003 exagitat
2888 2954 2901 2991 :
2954 2961 2981 2988 «
3027 2938 3194 2996 Nunc
3252 2942 3311 2995 in
3372 2942 3608 2998 feminis

1966 3044 2081 3099 prae
2112 3044 2252 3081 auro
2286 3024 2513 3080 nullum
2543 3025 2666 3080 leve
2702 3027 3033 3081 membrum
3085 3051 3105 3077 ι
3159 3028 3420 3099 (Tertull.
3470 3031 3616 3102 Apo-

1966 3116 2126 3184 logei.
2178 3131 2305 3185 cap.
2354 3115 2409 3183 6,
2460 3130 2515 3185 p.
2566 3115 2713 3184 304).
2748 3116 3143 3179 Quamobrem
3169 3118 3411 3174 Ovidius
3442 3125 3614 3176 antea

210 3177 596 3203 ν““Ί’““”““““’-1
652 3177 1037 3198 ""'"’""'"’
1086 3177 1243 3201 'I'"'
1288 3177 1513 3202 1"1‘”
1537 3177 1662 3202 0""
1693 3177 1820 3186 'VV"
2019 3177 2038 3184 '
2250 3177 2266 3185 ⁹

207 3238 331 3288 cas,
364 3224 420 3275 et
449 3218 646 3283 sellas,
672 3220 885 3291 quibus
917 3219 977 3273 in
1010 3218 1244 3291 publico
1272 3234 1503 3291 quoque
1534 3220 1854 3277 domestice
1884 3177 1927 3246 Ο
1966 3203 2254 3259 cecinerat
2287 3219 2301 3258 ε

206 3326 275 3364 ac
328 3312 546 3364 secrete
594 3308 987 3375 habebantur,
1035 3308 1322 3379 ejeravere
1353 3330 1380 3359 ››
1416 3309 1619 3381 (Idem,
1651 3308 1750 3363 lih.
1789 3310 1858 3366 de

203 3395 417 3468 Pallio,
452 3413 579 3469 cap.
613 3398 686 3467 4).
721 3396 846 3452 Alio
880 3396 1071 3451 adhuc
1102 3396 1160 3451 in
1190 3396 1337 3452 libro
1387 3399 1655 3453 eumdem
1708 3400 1852 3455 abu-

201 3502 343 3541 sum
397 3502 462 3540 ac
512 3486 784 3556 rejectam
838 3485 1001 3541 illam
1041 3486 1422 3542 honestarum
1456 3491 1855 3544 matronarum

200 3582 261 3629 et
295 3575 757 3631 meretricierum
790 3575 1042 3631 vestium
1086 3575 1469 3631 differentiam
1521 3576 1715 3633 acrius
1763 3577 1856 3633 in-

202 3667 489 3719 sectatur.
524 3664 691 3729 Audi,
726 3681 944 3736 quaaso,
978 3680 1111 3720 eum
1144 3664 1481 3736 loquentem
1512 3682 1523 3719 :
1563 3688 1590 3716 «
1630 3668 1855 3731 Quanto

204 3751 400 3823 magis
431 3751 893 3822 blaephemabile
922 3756 1031 3817 est,
1061 3752 1108 3808 si
1155 3753 1255 3825 qui
1307 3754 1635 3808 sacerdotes
1686 3753 1853 3824 pudi-

204 3841 358 3897 citia
390 3839 651 3895 dicimini
688 3842 1121 3911 impudioarum
1156 3842 1268 3896 ritu
1315 3842 1641 3912 procedatis
1689 3841 1856 3897 cultae

200 3935 264 3985 et
311 3928 551 4000 expietis
577 3933 600 3983 Ρ
628 3932 740 3984 Aut
770 3930 909 4000 quid
942 3929 1137 3985 minus
1180 3930 1394 3984 habent
1442 3930 1856 3986 infelicissimae

203 4018 322 4073 illa
373 4017 742 4089 publicarum
792 4018 1102 4074 libidinum
1153 4018 1419 4083 victimis,
1472 4035 1618 4089 quas
1648 4020 1697 4074 si
1731 4037 1856 4091 quas

204 4108 371 4178 leges
401 4124 435 4161 a
468 4106 839 4162 maritalibus
870 4111 925 4162 et
968 4106 1397 4162 matronalibus
1436 4108 1857 4164 decoramentis

200 4196 575 4262 coercebant,
601 4197 725 4264 jam
763 4200 916 4251 certe
965 4194 1158 4252 saeculi
1213 4195 1557 4265 improbitas
1597 4196 1857 4267 quotidie

200 4285 521 4353 insurgens
552 4282 987 4339 honestissimis
1018 4284 1353 4355 quibusque
1388 4284 1621 4339 feminis
1672 4300 1856 4354 usque

198 4372 276 4427 ad
310 4388 571 4427 errorem
603 4372 981 4443 dignoscendi
1016 4372 1337 4443 coaequavit
1369 4394 1397 4422 »
1429 4374 1630 4443 (Idem.
1663 4372 1762 4427 lib.
1817 4390 1855 4427 ιι

193 4460 266 4516 de
294 4460 454 4516 Cultu
483 4460 673 4531 femin.
710 4477 758 4516 ο.
787 4460 906 4532 12)?
934 4461 1082 4515 Tum
1115 4461 1289 4531 paulo
1323 4466 1453 4532 post
1486 4478 1499 4517 :
1534 4483 1563 4511 ‹‹
1599 4461 1857 4517 Thamar

2090 3310 2195 3373 Nec
2224 3308 2433 3371 prodite
2468 3321 2681 3373 graves,
2707 3309 2885 3373 insuto
2915 3311 3159 3373 vestibus
3188 3326 3339 3373 auro,

2152 3372 2249 3421 Per
2273 3385 2408 3434 quas
2437 3384 2544 3420 non
2577 3372 2775 3433 petitis,
2808 3386 2949 3434 stupe
2979 3372 3174 3437 fugatis
3202 3372 3350 3436 opes.

2311 3451 2477 3512 (Ovid.
2510 3451 2601 3501 lib.
2632 3464 2690 3500 ut
2724 3450 2785 3499 de
2817 3453 2940 3501 Arte
2970 3453 3203 3514 amandi,
3241 3468 3287 3502 v.
3321 3455 3451 3518 172.)

2039 3558 2232 3613 Testis
2263 3558 2457 3613 adhuc
2489 3558 2655 3614 nobis
2686 3568 2775 3614 est
2809 3557 3035 3614 Plinius
3065 3559 3249 3615 visam
3283 3577 3316 3616 a
3337 3577 3397 3617 se
3420 3563 3624 3635 Agrip-

1968 3647 2187 3718 pinam,
2216 3646 2445 3701 Claudii
2478 3646 2782 3718 principis,
2817 3647 2875 3702 id
2924 3652 3014 3703 est
3058 3648 3325 3717 Neronis,
3358 3668 3621 3721 uxorem,

1971 3756 1996 3784 κ
2032 3735 2242 3789 edente
2273 3751 2338 3788 eo
2371 3734 2593 3789 navalis
2626 3734 2808 3806 praelii
2840 3736 3623 3806 spectaculum,assidentem

1968 3822 2019 3878 ei
2077 3822 2347 3877 indutam
2405 3821 2823 3893 paludamento
2883 3840 3025 3879 auro
3083 3825 3265 3880 textili
3329 3828 3456 3882 sine
3502 3828 3621 3883 alia

1968 3909 2211 3965 materie
2243 3932 2269 3958 υ
2305 3909 2475 3977 (Plin.
2511 3910 2644 3965 ibid.
2679 3927 2808 3981 cap.
2843 3912 2895 3981 3,
2924 3930 2981 3982 p.
3013 3913 3120 3984 39).
3172 3914 3335 3976 Quod
3385 3914 3623 3985 quidem

1967 4004 2025 4055 et
2054 3998 2201 4054 Dion
2234 3998 2355 4069 (lib.
2386 4015 2423 4053 ι
2456 4000 2602 4053 Rom.
2659 4000 2884 4070 Histor.)
2931 4005 2986 4054 et
3013 4001 3339 4069 ,Cornelius
3383 4003 3622 4060 Tacitus

1966 4088 2049 4159 (Ο.
2102 4086 2287 4141 Tacit.
2340 4084 2443 4141 lib.
2496 4104 2575 4140 χιι
2636 4088 2845 4145 Annal.
2904 4093 3023 4142 ant.
3076 4090 3204 4159 ﬁn.)
3252 4091 3623 4149 confirmant.

1967 4177 2074 4242 Qui
2135 4174 2306 4247 plura
2363 4176 2433 4230 de
2490 4175 2601 4230 hoc
2660 4176 3059 4231 Romanarum
3118 4178 3432 4235 mulierum
3481 4180 3623 4237 luxu

1967 4265 2114 4322 scire
2144 4262 2416 4333 voluerit,
2448 4264 2499 4318 is
2527 4264 2696 4319 adeat
2736 4264 3057 4320 Meursium
3115 4266 3353 4336 (Meurs.
3405 4268 3509 4325 lib.
3559 4270 3624 4326 de

1966 4356 2125 4408 Luxu
2161 4355 2387 4409 Roman.
2421 4369 2551 4424 cap.
2585 4354 2614 4405 4
2646 4359 2699 4407 et
2748 4354 2960 4424 seqq.),
3012 4354 3437 4427 Iiobierzykum
3486 4363 3620 4426 (Ko-

1967 4443 2143 4497 bierz.
2194 4442 2296 4497 lib.
2354 4442 2461 4497 Ide
2490 4443 2651 4496 Luxu
2682 4443 2837 4497 Rom.
2873 4459 3002 4513 cap.
3034 4443 3088 4509 8,
3122 4449 3179 4499 et
3206 4448 3416 4515 seqq.),
3448 4463 3536 4515 ac,
3569 4448 3619 4503 si

199 4550 328 4615 illa,
362 4528 495 4619 quae
524 4564 585 4605 se
612 4528 949 4620 expinxeyrat
981 4554 1037 4604 et
1066 4528 1392 4615 ornaverat,
1431 4549 1645 4605 idcirco
1688 4550 1853 4605 Judze

1981 4536 2151 4597 Vacat,
2185 4546 2253 4585 ea
2284 4546 2410 4599 quae
2442 4546 2549 4585 nos
2594 4528 2733 4585 alibi
2764 4530 3177 4587 adnotavimus
3208 4533 3393 4604 (Tom.
3444 4534 3466 4589 l
3511 4536 3618 4608 Ap-

199 4637 546 4708 suspicione
575 4638 700 4693 visa
729 4642 818 4693 est
867 4639 1115 4710 quaestui
1166 4639 1388 4703 sedere,
1432 4639 1694 4709 adeoque
1742 4639 1853 4693 sub

195 4724 532 4781 velamento
562 4725 797 4793 latebat,
840 4726 1077 4782 habitus
1109 4726 1391 4797 qualitate
1437 4727 1853 4797 quazstuariam

204 4814 570 4880 mentiente;
604 4819 669 4869 ut
698 4815 1113 4888 qumstuariam
1145 4820 1203 4870 et
1230 4814 1479 4869 voluerit
1508 4820 1565 4870 et
1601 4816 1854 4886 compel-

202 4901 442 4965 laverit,
475 4906 532 4956 et
562 4908 767 4973 pactus
818 4904 897 4957 sit
950 4926 977 4952 »
1029 4904 1145 4973 (ib).
1198 4902 1454 4957 absimili
1509 4903 1679 4957 modo
1726 4903 1855 4958 His-

202 5007 497 5063 ronymus
529 5010 542 5049 :
578 5014 605 5042 «
636 4992 914 5062 Thamar,
937 4992 1152 5064 inquit,
1176 4992 1286 5047 sub
1309 4991 1501 5063 specie
1532 4991 1856 5047 meretricis

203 5081 362 5139 fallit
409 5082 625 5139 Judam
676 5104 705 5133 »
755 5082 1109 5155 (Hieronym.
1162 5082 1262 5139 lib.
1298 5101 1315 5138 ι
1346 5082 1470 5138 adv.
1518 5083 1849 5153 Pelagium).

198 5172 419 5227 I000
448 5171 705 5227 Audisne
736 5188 910 5244 quam
961 5172 1213 5244 antiquae
1261 5172 1478 5228 fuerint
1524 5173 1594 5228 de
1642 5172 1854 5227 distin-

194 5257 456 5329 guendis
489 5259 885 5314 matrodarum
915 5267 1357 5332 scortorumque
1386 5259 1645 5315 vestibus
1675 5258 1852 5330 leges,

192 5351 255 5402 et
288 5363 476 5419 quam
510 5346 752 5419 impune
783 5364 882 5404 eas
913 5350 1131 5403 ethnici
1164 5348 1546 5404 violaverint?

263 5454 472 5526 Neque
502 5452 648 5511 alias
679 5456 867 5528 magis
900 5456 1201 5523 curabant,
1236 5454 1449 5526 quibus
1502 5455 1852 5511 feminarum

191 5540 503 5598 modestiae
535 5546 591 5598 et
629 5543 928 5601 sobrietati
980 5547 1219 5599 cautum
1271 5547 1414 5598 erat.
1466 5542 1641 5598 Nulla
1696 5543 1848 5597 enim

197 5631 537 5704 antiquitus
570 5633 783 5691 femina
813 5656 841 5684 ‹‹
876 5632 1197 5701 aurum,ait
1227 5631 1853 5705 Tertullianus,praeter

1960 4628 2145 4690 parat.
2180 4634 2236 4689 p.
2268 4619 2421 4689 792.)

2566 4764 2883 4805 ARTICULUS
2932 4768 3007 4806 VI.

1965 4840 2312 4907 Expenditur
2344 4847 2560 4964 guanla
2607 4839 2893 4892 severitate
2942 4856 3071 4894 usus
3118 4842 3233 4897 vim
3280 4846 3612 4901 mulieribus

2037 4910 2169 4964 olim
2198 4912 2344 4963 inter
2383 4912 2525 4964 ictus
2555 4911 2745 4964 fuerit.
2778 4925 2843 4963 ac
2890 4926 3053 4964 auom
3098 4915 3341 4964 immmp-
3388 4924 3611 4964 ῃνοηίρι-

2037 4910 2169 4988 olim
2198 4910 2525 4988 interdictas
2554 4911 2745 4978 fuerit.
2778 4925 2843 4963 ac
2865 4915 3341 4988 _quam_impune,
3388 4924 3611 4988 propter

2034 4982 2189 5035 illius
2235 4982 2485 5047 abusum,
2537 4996 2731 5036 uxores
2758 4997 2791 5034 α
2820 4983 2957 5036 viris
2986 4985 3107 5038 suis
3137 4982 3418 5043 trucidata
3446 4982 3559 5045 sint
3590 5009 3609 5045 :

2033 5068 2197 5133 quam
2229 5053 2586 5133 iminoderate
2614 5062 2795 5133 postea
2825 5068 2864 5108 a
2892 5055 3116 5133 [animis
3146 5064 3443 5133 sumptum,
3484 5077 3610 5133 qua:

2035 5122 2234 5201 idcirco
2264 5122 2489 5201 solitum
2536 5122 2785 5201 osculum
2813 5127 3135 5201 propinquis
3177 5122 3459 5201 porrigere
3492 5122 3610 5189 ἠοη

2033 5195 2308 5273 audebant
2330 5212 2352 5273 Δε
2388 5212 2553 5273 quam
2580 5194 2837 5273 frequens
2862 5194 3035 5273 fuerit
3064 5194 3303 5256 uxorum
3332 5194 3610 5273 vrepudia-

2036 5270 2136 5343 tio,
2170 5269 2366 5343 priscis
2395 5266 2728 5343 temporibus
2758 5268 3078 5343 incognita;
3130 5288 3194 5326 ac
3241 5289 3350 5343 qua
3396 5266 3611 5332 ratione

2032 5339 2252 5417 ethnici
2291 5340 2527 5417 proavis
2565 5340 2677 5392 suis
2709 5341 2965 5395 nuntium
2993 5339 3325 5401 sermone‘et
3357 5347 3610 5417 loquendi

2032 5410 2187 5465 modo
2216 5411 2529 5467 remiserinl
2541 5452 2553 5463 .

2030 5541 2185 5596 Nihil
2216 5558 2359 5599 sane
2389 5544 2631 5615 antiqua
2662 5543 3054 5601 Romanorum
3090 5549 3374 5619 probitate
3422 5550 3610 5622 magis

1962 5630 2205 5702 dignum
2237 5634 2435 5689 1001
2476 5650 2653 5706 quam
2690 5632 2948 5692 salubris
2996 5635 3096 5695 illa
3144 5638 3447 5707 severitas,
3497 5656 3611 5713 qua
