4118 6182
538 268 713 329 109ὔν
1055 264 1575 330 TERTULLIANI
1622 269 1945 332 OPERUM
1994 271 2187 333 PARS
2233 272 2252 331 l

537 401 657 458 vini
689 416 834 456 usus
867 398 1100 455 feminis
1130 399 1213 456 ita
1241 399 1587 456 interdictas
1617 401 1824 469 fuerat,
1857 424 1886 452 ‹‹
1936 406 2001 457 ut
2052 418 2175 458 ma-
2205 405 2261 472 Α

534 496 789 561 tronam,
849 490 1020 545 sicuti
1065 488 1462 545 Tertullianus
1511 494 1708 546 noster
1752 498 2056 557 memorat,
2107 492 2178 547 ob

535 582 864 651 resignatos
895 578 1053 636 cellas
1083 578 1320 633 vinariae
1359 578 1583 635 loculos
1631 579 1722 635 sui
1774 580 1967 636 inedia
2016 597 2182 636 neca-

533 671 670 725 rint.
705 670 823 725 Sub
856 667 1104 724 Romulo
1135 685 1267 723 vero
1308 685 1434 739 qua:
1465 669 1668 723 vinum
1721 669 2009 741 attigerat,
2066 670 2179 724 im-

532 774 686 831 pune
718 776 751 813 a
795 758 1049 813 Mecenio
1102 758 1311 812 marito
1361 758 1651 813 trucidata
1696 765 1803 815 est.
1856 758 2073 814 Idcirco
2122 762 2180 815 et

530 848 732 904 oscula
762 847 1110 919 prOpinquis
1142 846 1313 901 oﬂ‘ere
1345 848 1665 903 necessitas
1694 852 1837 918 erat,
1872 852 1936 903 ut
1965 848 2177 919 spiritu

521 938 939 1008 judicarentur
992 958 1018 985 »
1070 935 1337 1007 (Tertull.
1375 937 1661 1007 {Apologeh
1692 954 1816 1009 cap.
1848 939 1903 1002 6,
1938 954 1995 1009 p.
2027 938 2173 1008 303).

527 1027 742 1081 Eodem
759 1025 951 1097 plane,
971 1026 1079 1080 etsi
1096 1042 1209 1080 non
1233 1025 1435 1081 eodem
1456 1026 1677 1092 ordine,
1698 1025 1912 1081 clarius
1930 1024 2178 1097 explicat

525 1115 749 1171 Plinius
787 1132 798 1171 :
835 1138 862 1165 ‹‹
896 1115 1020 1170 Non
1053 1114 1285 1181 licebat,
1319 1114 1529 1185 inquit,
1564 1115 1619 1169 id
1653 1115 1905 1185 (vinum)
1943 1114 2177 1170 feminis

523 1206 717 1260 Roma:
749 1204 965 1260 bibere.
1000 1225 1029 1253 ››
1061 1202 1396 1257 Invenimus
1428 1201 1579 1257 inter
1612 1202 1895 1274 exempla.
1946 1202 2175 1274 Egnatii

524 1294 766 1350 Mecenii
801 1308 1065 1361 uxorem,
1098 1292 1251 1363 quod
1283 1290 1479 1346 vinum
1512 1290 1762 1346 bibisset
1790 1308 1821 1345 e
1864 1289 2037 1357 dolio,
2085 1290 2174 1343 in-

520 1383 823 1439 terfectam
856 1381 1036 1437 fuisse
1069 1397 1100 1435 a
1132 1380 1363 1450 marito,
1387 1395 1635 1451 eumque
1662 1380 1834 1435 caedis
1866 1398 1898 1435 a
1930 1377 2171 1434 Romulo

524 1471 881 1527 absolutum.
915 1469 1125 1525 Fabius
1160 1469 1351 1524 Pictor
1379 1468 1435 1522 in
1470 1467 1793 1523 Annalibus
1846 1468 1973 1522 suis
2024 1466 2171 1523 scri-

521 1560 640 1633 psit
671 1565 1020 1625 matronam,
1056 1559 1207 1629 quod
1245 1557 1493 1623 luculos,
1517 1558 1575 1611 in
1605 1557 1819 1629 quibus
1854 1560 2019 1612 erant
2061 1556 2171 1611 cla-

520 1666 618 1704 ves
650 1650 885 1704 vinarias
920 1647 1096 1715 cellae,
1124 1647 1557 1717 resignavisset,
1590 1664 1621 1702 a
1652 1646 1775 1701 suis
1796 1646 1993 1701 inedia
2024 1645 2168 1701 mori

520 1743 817 1807 coactam;
852 1737 1011 1806 Cato,
1043 1738 1173 1793 ideo
1214 1735 1575 1809 propinquos
1618 1735 1851 1790 feminis
1900 1734 2167 1790 osculum

520 1828 679 1897 dare,
713 1831 779 1883 ut
810 1828 1023 1882 scirent
1058 1844 1129 1881 an
1162 1830 1440 1881 temetum
1475 1823 1714 1880 olerent.
1742 1824 1860 1880 Hoc
1894 1828 2016 1879 tum
2060 1841 2165 1879 no-

523 1933 658 1972 men
705 1916 837 1971 vino
893 1920 1036 1982 erat,
1090 1915 1243 1969 unde
1293 1919 1348 1969 et
1395 1913 1739 1969 temulentis
1795 1913 2085 1984 appellata
2133 1934 2163 1963 ››

523 2004 719 2077 (Plin.,
768 2003 869 2059 lib.
922 2020 1017 2058 xxv
1073 2007 1269 2060 Natur.
1322 2004 1455 2057 llist.
1508 2018 1635 2073 cap.
1687 2003 1773 2070 13,
1823 2018 1955 2073 pag.
2016 2002 2161 2074 142).

519 2094 660 2162 Quis
689 2098 883 2149 autem
914 2092 1077 2148 facile
1107 2092 1217 2147 sibi
1252 2109 1364 2148 non
1400 2091 1773 2163 persuadebit
1803 2091 1923 2147 hac
1967 2091 2165 2147 omnia

516 2202 550 2240 a
594 2181 958 2239 Tertulliano
1008 2198 1123 2236 non
1176 2182 1257 2235 ita
1313 2180 1490 2236 simul
1543 2181 1818 2253 conjungi
1877 2180 2162 2252 potuisse,

514 2272 628 2329 nisi
659 2288 727 2329 ea
754 2270 841 2328 vel
872 2287 940 2326 ex
965 2270 1092 2343 ipso
1124 2269 1422 2335 Plinio,vel
1454 2269 1661 2324 iisdem
1685 2286 1751 2324 ac
1772 2268 1868 2324 ille
1900 2269 2162 2324 fontibus

512 2361 982 2419 hauserit?Paulo
1005 2361 1159 2417 enim
1184 2360 1353 2416 aliter
1373 2360 1635 2416 Valerius
1657 2359 1941 2415 Maximus
1963 2363 2162 2415 narrat

512 2452 676 2508 illam
735 2452 963 2524 Egnatii
1008 2451 1249 2505 Mecenii
1296 2467 1557 2519 uxorem,
1617 2466 1681 2504 eo
1740 2449 1893 2520 quod
1954 2449 2154 2505 vinum

512 2541 760 2611 biberat,
794 2541 866 2595 ab
922 2558 988 2596 eo
1035 2540 1449 2611 interemptum
1500 2538 1625 2593 sine
1673 2544 2012 2593 accusatore
2061 2542 2162 2592 aut

514 2629 932 2702 reprehensore
966 2628 1110 2699 (Val.
1144 2628 1375 2683 Maxim.
1427 2628 1527 2682 lib.
1582 2643 1660 2694 vr,
1710 2643 1834 2697 cap.
1892 2628 1944 2695 3,
1996 2626 2025 2699 §
2066 2627 2155 2695 9);

513 2719 791 2791 quoniam
843 2734 1045 2772 omnes
1093 2716 1505 2772 existimabant
1555 2718 1759 2787 Optimo
1786 2716 1941 2770 illam
1970 2732 2159 2771 exem-

508 2809 603 2880 plo
635 2808 858 2863 violata?
885 2807 1194 2862 sobrietatis
1247 2822 1432 2877 poenas
1486 2805 1657 2861 luisse
1707 2804 1889 2876 (Idem,
1942 2803 2043 2859 lib.
2093 2821 2155 2875 ιι,

510 2912 639 2969 cap.
676 2898 727 2967 1,
763 2894 792 2968 §
813 2897 891 2965 5).

579 2986 749 3040 Prius
778 3002 912 3040 vero
942 2984 1168 3040 dixerat
1197 2984 1313 3039 vini
1336 2999 1509 3039 usum
1534 2982 1671 3039 olim
1696 2982 1973 3038 Romanis
1996 2981 2159 3038 femi-

510 3074 602 3129 nis
635 3075 941 3146 ignotum;
977 3073 1117 3144 quia
1164 3072 1465 3144 proximus
1516 3076 1601 3127 cst
1652 3072 1786 3127 inde
1835 3073 1905 3127 ad
1956 3071 2157 3126 incon-

509 3145 738 3218 cessam
774 3178 1043 3218 venerem
1093 3161 1332 3234 gradus.
1385 3160 1535 3227 Quin
1567 3160 1742 3215 etiam
1773 3160 1844 3214 ab
1875 3162 1940 3216 A.
1975 3158 2154 3215 Gellio
2185 3145 2229 3216 C

507 3268 715 3306 rursus
749 3250 963 3307 citetur
991 3254 1151 3319 Cato,
1185 3250 1286 3321 qui
1316 3249 1560 3304 tradidit
1588 3250 1790 3304 eodem
1824 3248 1995 3303 modo
2027 3264 2164 3303 con-

511 3340 850 3395 damnatam
884 3338 1211 3409 mulierem,
1240 3355 1366 3410 quas
1393 3342 1493 3391 aut
1522 3336 1720 3393 vinum
1762 3336 2011 3404 biberat,
2063 3340 2167 3392 aut

510 3430 566 3484 in
617 3429 908 3485 adulterio
976 3430 1165 3484 fuerat
1222 3427 1588 3499 deprehensa
1644 3427 1733 3499 (A.
1783 3425 1925 3482 Gell.
1977 3426 2081 3481 lib.
2131 3444 2166 3481 x

516 3517 666 3573 Noct.
727 3518 887 3571 Attio.
948 3516 1073 3587 cap'.
1133 3517 1223 3584 23,
1284 3532 1416 3588 pag.
1475 3517 1621 3577 557).
1675 3516 1758 3570 Ad
1819 3515 1939 3571 haec
2005 3531 2162 3586 vero,

511 3605 827 3662 Athenaeus
859 3622 973 3661 non
1000 3606 1190 3661 solum
1237 3606 1354 3660 vini
1409 3605 1755 3661 mulieribus
1804 3623 1837 3661 a
1884 3606 2163 3661 Romanis

516 3694 817 3749 interdicti
870 3694 1225 3750 mentionem
1280 3694 1437 3764 facit,
1488 3695 1587 3749 sed
1649 3694 1875 3750 addidit
1924 3695 2165 3766 insuper

513 3780 717 3838 cellam
748 3782 1028 3838 vinariam
1064 3782 1134 3838 iis
1165 3800 1279 3837 non
1310 3782 1709 3853 commissam,
1743 3787 1799 3838 et
1831 3783 2096 3839 osculum
2130 3800 2164 3839 a

514 3872 745 3928 maritis
776 3878 831 3928 et
859 3876 1121 3946 cognatis
1153 3872 1368 3928 idcirco
1402 3878 1756 3944 porrectum,
1808 3879 1873 3929 ut
1921 3878 2163 3946 possent

517 3962 761 4019 odoratu
806 3978 1122 4035 agnoscere
1173 3968 1371 4019 utrum
1413 3979 1609 4019 revera
1640 3963 1840 4018 vinum
1872 3964 2162 4019 bibissent

512 4051 741 4123 (Athen.
795 4051 900 4107 lib.
944 4069 979 4106 x
1034 4052 1388 4124 DeipnosOph.
1449 4069 1576 4124 cap.
1627 4054 1680 4119 7,
1738 4069 1869 4124 pag.
1929 4052 2055 4123 429,
2105 4056 2161 4107 et

511 4156 638 4212 cap.
676 4142 764 4207 11,
797 4156 929 4213 pag.
957 4141 1102 4212 440).
1132 4142 1205 4196 De
1238 4140 1347 4196 hac
1379 4145 1575 4196 autem
1602 4140 1718 4195 vini
1751 4140 2159 4197 interdictione

504 4231 631 4302 jam
690 4229 1123 4302 disputavimus
1179 4230 1507 4301 (Dissertat.
1578 4231 1637 4283 in
1691 4229 1890 4285 Arnob.
1939 4246 2066 4301 cap.
2101 4231 2155 4297 4,

512 4323 620 4375 art.
662 4320 735 4391 1).

580 4407 795 4463 Contra
824 4407 973 4462 hanc
1006 4412 1199 4463 tamen
1252 4406 1435 4479 legem
1473 4424 1484 4463 :
1522 4430 1549 4457 «
1593 4407 1710 4461 Prre
1761 4408 1915 4475 vino,
1966 4407 2158 4479 inquit

510 4495 927 4564 Tertullianus,
959 4496 1188 4552 nullum
1225 4497 1473 4552 liberum
1504 4501 1591 4550 est
1631 4494 1866 4551 oculum
1921 4519 1946 4545 n
1992 4498 2152 4569 (Ter-
2182 4516 2231 4581 Ι)

508 4584 640 4641 tull.
689 4586 967 4657 Apotoget.
1020 4603 1069 4641 c.
1117 4587 1172 4652 6,
1225 4603 1279 4657 p.
1315 4586 1461 4654 304).
1491 4587 1562 4639 At
1593 4585 1649 4640 in
1684 4584 1824 4639 illud
1857 4585 2153 4641 ebrietatis

508 4675 717 4731 vitium
775 4674 918 4729 varii
980 4675 1317 4746 scriptores,
1369 4690 1434 4729 ac
1489 4674 1863 4745 potissimum
1922 4674 2156 4746 satyrici

508 4767 691 4836 poetae
722 4762 1095 4818 invehuntur.
1123 4765 1231 4819 Sed
1267 4762 1521 4818 sufficiet
1549 4762 1606 4817 in
1632 4779 1753 4817 rem
1787 4763 2155 4819 notissimam

507 4852 631 4907 haec
663 4850 935 4907 retulisse
963 4851 1259 4909 Juvenalis
1315 4851 1598 4919 carmina,
1648 4852 1862 4923 quibus
1911 4868 1979 4907 ea
2028 4868 2154 4922 quae

508 4958 625 4998 non
673 4941 846 4997 modo
895 4942 965 4996 de
1011 4942 1308 5010 ebrietate,
1362 4941 1461 4997 sed
1513 4940 1651 4996 luxu
1682 4941 1857 4996 etiam
1889 4941 1949 4995 in
1980 4958 2151 5013 supe-

506 5030 647 5087 riori
677 5029 919 5086 articulo
952 5031 1223 5097 diximus,
1255 5030 1562 5086 manifeste
1593 5029 2018 5085 conﬁrmantur
2050 5045 2062 5082 :

600 5172 813 5222 Nullum
845 5175 1046 5223 crimen
1076 5174 1244 5229 abest,
1278 5172 1591 5234 facinusque
1622 5171 1872 5232 libidinis,
1906 5184 1970 5221 ex
2000 5183 2105 5233 quo

603 5235 1433 5299 PaupertasRomauaperit...
1474 5271 1485 5283 .
1524 5271 1534 5281 .
1575 5270 1586 5283 .
1628 5272 1638 5283 .
1679 5272 1688 5283 .
1727 5270 1740 5283 .
1778 5270 1789 5281 .
1830 5271 1843 5284 .
1882 5271 1893 5282 .
1933 5269 1945 5282 .
1985 5270 1997 5281 .
2034 5268 2047 5284 .
2089 5272 2101 5282 .
2138 5270 2151 5283 .

602 5361 777 5424 Prima
802 5361 1110 5424 peregrinos
1141 5360 1374 5409 obscena
1401 5358 1627 5424 pecunia
1658 5371 1834 5408 mores

602 5419 889 5483 Intulit,‘et'
912 5419 1055 5484 turpi
1090 5422 1363 5484 fregerunt
1383 5419 1578 5484 sgecula
1608 5420 1737 5484 luxu

602 5482 809 5533 Divitiae
840 5482 1042 5534 molles.
1072 5482 1209 5541 Quid
1238 5483 1379 5531 enim
1408 5482 1585 5531 Venus
1613 5483 1760 5533 ebria
1788 5486 1973 5533 curat?

601 5547 843 5610 Inguinis
874 5551 927 5596 et
954 5546 1287 5610 capitisque:
1318 5546 1424 5593 sint
1452 5543 1758 5610 discrimina
1786 5548 1973 5606 nescit,

602 5607 833 5661 Grandia
864 5622 982 5674 quae
1012 5607 1204 5661 mediis
1226 5609 1337 5673 jam
1367 5607 1613 5660 noctibus
1642 5612 1818 5661 ostrea
1845 5609 2071 5661 mordet.

2266 314 2281 331 .
2316 304 2390 315 —
2428 270 2697 333 SERIES
2742 272 2788 345 l,
2841 272 3401 336 APOLOGETICA.

2136 5333 2151 5346 ⁸
2261 5336 2598 5403 timebatur,
2650 5337 2911 5408 quandiu
2956 5353 3153 5392 rarum
3205 5318 3362 5402 erat;
3407 5335 3537 5407 quia
3566 5345 3680 5387 vero
3706 5318 3827 5408 nulla

3734 280 3867 342 1096

2541 403 2761 515 perfusa
2790 416 2936 453 mero
2962 407 3214 478 spumant
3239 406 3527 480 unguenda
3552 407 3764 473 Falerno,

2580 466 2743 515 lbitur
2768 467 2991 515 concha.
3028 480 3149 515 eum
3178 482 3282 515 1am
3312 472 3561 515 vertigine
3584 476 3761 515 tectum

2580 466 2743 516 ibitur
2768 466 3005 533 concha,
3028 480 3149 517 eum
3173 468 3282 533 jan
3312 466 3561 533 vertigine
3584 466 3762 522 tectum

2382 529 2651 593 itmbutat,
2685 534 2739 593 et
2766 530 2993 593 geminis
3021 529 3258 593 exsurgit
3285 529 3470 581 mensa
3492 532 3721 584 lucernis.

2382 592 2404 655 Ι
2438 605 2601 655 nunc,
2636 596 2688 640 et
2708 592 2895 655 dubita
2920 606 3038 655 quae
3070 592 3281 642 sorbeat
3308 608 3427 642 aera
3449 608 3607 644 sanna

2380 653 2562 716 Tullis,
2594 654 2721 716 quid
2754 654 2893 703 dicat
2920 653 3062 703 notua
3091 655 3305 705 Collatia
3335 658 3529 716 Maura,

2380 715 2567 766 Maura
2592 715 2861 780 pudicitiae
2891 722 3124 766 veterem
3157 732 3277 767 cum
3309 715 3535 782 praeterit
3560 733 3707 769 aram.

2751 796 3020 857 (Juvenal.
3050 798 3195 847 satlr.
3225 800 3271 858 6,
3302 813 3350 848 γ.
3383 801 3471 850 293
3499 802 3548 849 et
3574 802 3731 865 seqq.)

2381 402 2512 453 Cum

2382 466 2511 515 Cum

2359 938 2565 994 1002
2620 937 2766 1002 Quid
2817 938 3027 1011 plura?
3074 940 3402 997 Gentilibus
3464 942 3645 998 adhuc
3699 943 3876 1015 probro

2285 1029 2505 1081 Auctor
2554 1035 2751 1082 noster
2783 1028 2975 1098 vertit,
3010 1029 3165 1100 quod
3190 1031 3487 1087 evanuerit
3517 1033 3695 1102 prisca
3723 1055 3746 1081 α
3776 1033 3875 1087 feli-

2285 1115 2430 1170 citas
2461 1115 2992 1181 matrimoniorum,
3026 1118 3098 1172 de
3129 1119 3391 1175 moribus
3436 1120 3628 1191 utique
3673 1136 3877 1193 prospe-

2282 1209 2679 1275 rata,qua,per
2706 1222 2890 1261 annos
2917 1206 3032 1261 fere
3065 1212 3367 1263 sexcentos
3395 1209 3464 1263 ab
3497 1208 3638 1264 Urbe
3662 1211 3874 1277 condita,

2282 1292 2443 1348 nulla
2474 1294 2785 1365 repudium
2817 1295 3030 1351 domus
3063 1296 3300 1367 scripsit
3337 1319 3357 1346 ι
3393 1296 3670 1369 (Tertull.,
3716 1299 3873 1369 ibid.)

2280 1381 2456 1437 Visne
2486 1382 2543 1436 id
2575 1382 2679 1437 tibi
2710 1383 2920 1439 Graecis
2942 1383 3296 1455 quibusdam
3323 1386 3646 1457 Latinisque
3667 1388 3875 1442 testibus

2280 1471 2558 1542 probari?
2610 1470 2837 1527 Primus
2896 1473 3005 1528 erit
3071 1473 3349 1546 Dinysius
3421 1474 3872 1544 Halicarnasseus,

2278 1561 2447 1631 cujus
2500 1560 2619 1615 haec
2667 1566 2805 1616 sunt
2851 1562 3065 1618 verba:
3132 1560 3517 1637 Ὀμολογεῖται
3587 1562 3718 1626 ἐντὸς
3766 1562 3872 1617 ἑτῶν

2278 1645 2445 1702 εἶ’κοσι
2494 1649 2581 1702 καὶ
2633 1648 2998 1703 πεντακοσίων
3057 1647 3250 1721 μηδιὶς
3300 1649 3352 1705 ἐν
3385 1652 3567 1725 Ῥώμῃ
3596 1649 3871 1715 διαλυθῆναι

2274 1737 2470 1811 γάμοις’
2529 1736 2664 1791 κατὰ
2717 1739 2814 1806 τὴν
2875 1733 3114 1811 ἑϐδόμην
3174 1738 3261 1793 ἐπὶ
3318 1746 3437 1802 ταῖς
3493 1742 3759 1815 τριάκοντα
3801 1740 3868 1795 καὶ

2276 1824 2459 1879 ἑκατὸν
2521 1822 2902 1897 Ὀλυμπιάσιν,
2961 1826 3333 1882 ὑπατιυόνλων
3395 1828 3610 1904 Μάρκου
3668 1830 3871 1900 Housm-

2273 1912 2413 1981 νέου,
2470 1912 2559 1967 καὶ
2610 1914 2770 1968 Γαΐου
2804 1915 3103 1989 Παπυρίου,
3135 1920 3352 1992 πρῶτος
3384 1916 3641 1973 ἀπολύσαι
3694 1916 3865 1992 Λέγεται

2270 2003 2369 2071 τήν
2404 2003 2591 2057 ἑαυτοῦ
2620 2008 2845 2076 γυναῖκα
2876 2005 3146 2080 Σπούριος
3196 2005 3576 2080 Καρουίλλιος,
3625 2006 3745 2079 ἀνὴρ
3793 2006 3867 2059 οὒκ

2274 2091 2502 2168 ἀφανὴς,
2580 2091 3013 2167 ἀναγκαζόμενος
3083 2093 3185 2149 ὑπὸ
3241 2098 3347 2149 τῶν
3407 2099 3645 2169 τιμητῶν
3707 2096 3863 2169 ὀμόσαι

2269 2180 2467 2235 τέκνων
2532 2177 2687 2236 ἕνεκα
2749 2183 2959 2256 γυναικὶ
3032 2184 3107 2255 μὴ
3186 2191 3474 2239 συνοικεῖν·
3552 2185 3615 2253 ἦν
3667 2182 3709 2238 δ’
3752 2184 3863 2252 αὐτῴ

2270 2270 2456 2345 στείρα
2504 2271 2539 2339 ἡ
2594 2271 2751 2346 γυνὴ,
2807 2270 2865 2332 ὃς
2922 2270 3007 2325 ἐπὶ
3070 2276 3150 2344 τῷ
3193 2268 3332 2349 ἔργῳ
3390 2273 3583 2347 τούτῳ,
3636 2274 3786 2327 καίτοι
3812 2269 3864 2325 δι’

2271 2358 2505 2433 ἀνάγκην
2546 2358 2834 2433 γινομένῳ,
2899 2358 3226 2433 μισούμενος
3290 2361 3397 2416 ὑπὸ
3443 2366 3537 2416 τοῦ
3592 2359 3749 2433 δήμου
3775 2359 3861 2414 διε-

2267 2444 2500 2501 τὲλισεν.
2537 2448 2758 2505 Constat
2804 2465 2903 2521 per
2947 2466 3119 2506 annos
3160 2451 3264 2505 520
3294 2452 3514 2507 nultum
3541 2452 3773 2507 accidisse
3795 2450 3859 2504 di-

2269 2539 2528 2593 vortium.
2581 2538 2823 2609 Septima
2868 2540 3086 2594 demum
3129 2557 3299 2612 supra
3347 2544 3683 2597 centesimam
3718 2551 3762 2596 et
3785 2541 3856 2595 (rio

2268 2628 2529 2681 cesimam
2551 2627 2904 2699 olympidem.
2937 2630 3112 2684 Marco
3139 2633 3450 2702 Pomponio
3491 2639 3539 2686 et
3567 2630 3620 2685 Ο.
3665 2628 3858 2700 Papyrio

2268 2716 2604 2783 consulibus,
2657 2719 2881 2789 primus
2941 2717 3144 2774 dicitur
3208 2735 3442 2776 uxorem
3494 2719 3746 2775 dimisisse
3787 2715 3856 2785 Sp.

2270 2803 2560 2873 Carvilius,
2621 2807 2709 2861 vir
2764 2822 2874 2863 non
2930 2808 3208 2878 obscurus,
3265 2814 3485 2865 coactus
3527 2826 3560 2864 a
3598 2807 3857 2864 censoribus

2258 2895 2461 2966 jurare
2491 2895 2788 2951 liberorum
2834 2912 3004 2952 causa
3050 2913 3109 2953 se
3155 2899 3451 2971 coniugem
3502 2914 3605 2954 non
3647 2899 3853 2958 retinere,

2268 2984 2366 3055 qui
2412 2984 2480 3038 ob
2529 2983 2626 3039 hoc
2672 2987 2903 3055 factum,
2953 2988 3209 3057 quamvis
3238 2990 3557 3044 necessitate
3582 2984 3852 3056 compulsi”,

2268 3073 2328 3126 in
2356 3076 2673 3143 perpetuum
2702 3089 2898 3129 exosus
2925 3076 3034 3144 fuit
3060 3075 3260 3146 populo
3292 3074 3546 3146 (Dionys.
3594 3073 3854 3134 Halicarm,

2269 3160 2369 3217 lib.
2406 3178 2445 3216 ιι
2477 3164 2750 3233 Antiquit.
2785 3165 2932 3221 Rom.
2968 3180 3097 3236 pag.
3133 3165 3247 3236 96).

2343 3277 2533 3333 Latini
2600 3294 2733 3333 vero
2802 3278 3118 3349 scriptores
3185 3278 3453 3335 Valerius
3520 3278 3766 3333 Maximus
3816 3274 3856 3325 et

2270 3369 2335 3423 A.
2383 3367 2604 3423 Gellius
2653 3368 2856 3424 eadem
2890 3368 3098 3424 litteris
3131 3370 3558 3425 mandaverunt
3585 3365 3717 3437 (Val.
3746 3364 3853 3419 Max.

2272 3456 2373 3511 lib.
2408 3474 2469 3523 Il,
2504 3473 2633 3529 cap.
2667 3458 2718 3524 1,
2749 3458 2776 3525 §
2808 3457 2881 3528 4),
2933 3456 3045 3513 nisi
3096 3458 3250 3529 quod
3306 3458 3547 3523 Gellius,
3594 3456 3745 3511 citato
3782 3466 3856 3505 eu-

2273 3548 2427 3600 ctore
2476 3545 2671 3601 Servio
2720 3544 2995 3617 Sulpicio,
3048 3549 3249 3601 narrat
3296 3546 3355 3601 id
3408 3546 3701 3618 contigisse
3744 3552 3856 3593 anno

2272 3633 2442 3689 Urbis
2474 3634 2720 3701 conditae
2747 3635 2875 3705 523,
2910 3635 2983 3690 M.
3016 3634 3215 3690 Attilio
3248 3639 3306 3689 et
3340 3639 3405 3690 P.
3438 3632 3652 3689 Valerio
3695 3642 3854 3686 consu-

2270 3720 2427 3777 libus
2459 3722 2546 3793 (A.
2581 3721 2727 3777 Gell.
2760 3722 2862 3777 lib.
2897 3739 2953 3777 ιν
2983 3724 3133 3778 Noct.
3164 3725 3327 3778 Attio.
3364 3740 3491 3795 cap.
3523 3723 3575 3790 3,
3606 3736 3717 3792 pag.
3743 3714 3853 3780 278)-

2272 3811 2381 3866 Sed
2414 3810 2494 3865 ibi
2527 3815 2681 3866 certe
2712 3815 2812 3866 aut
2843 3816 3045 3882 postea
3076 3812 3279 3866 subest
3297 3809 3677 3884 aliquisillius
3692 3816 3852 3861 memo-

2271 3900 2367 3954 rias
2398 3899 2485 3955 vel
2533 3900 2757 3955 librarii
2808 3916 2987 3956 error.
3047 3900 3193 3955 Nam
3244 3899 3361 3956 alio
3411 3901 3468 3955 in
3516 3899 3652 3954 libro
3694 3891 3845 3950 scribit

2271 3988 2415 4043 illud
2448 3992 2643 4044 aetum
2677 4004 2829 4043 anno
2861 3989 2931 4043 ab
2972 3987 3123 4044 Urbe
3171 3988 3412 4043 condita
3460 3981 3845 4060 quingentisimo

2270 4077 2727 4148 undevicesimo,
2761 4093 2877 4148 quo
2909 4076 3006 4131 alii
3039 4076 3282 4147 proinde
3322 4076 3590 4133 consules
3628 4087 3737 4129 esse
3772 4068 3845 4121 do-

2267 4166 2503 4232 bebant,
2537 4165 2695 4238 iique
2729 4165 2975 4221 forsitan
3001 4165 3098 4237 qui
3129 4182 3163 4220 a
3208 4165 3487 4238 Dionysio
3551 4161 3849 4219 Halicarnas-
3978 4178 3979 4223 ι

2265 4271 2362 4310 see
2397 4258 2677 4309 notantur
2701 4254 2891 4325 (Idem.
2925 4253 3027 4308 lib.
3061 4270 3200 4321 xvu,
3233 4270 3364 4327 cap.
3396 4256 3486 4322 21,
3518 4268 3639 4325 pag.
3672 4245 3812 4314 1008).
3974 4240 3977 4327 ‘l

2337 4361 2415 4415 Ab
2450 4361 2540 4416 his
2570 4360 2767 4432 itaque
2798 4364 2917 4416 tam
2950 4360 3133 4432 inquis
3177 4364 3234 4416 et
3283 4360 3542 4417 moribus
3577 4362 3629 4415 et
3674 4351 3849 4426 legibus

2267 4448 2435 4519 plane
2465 4449 2815 4521 penitusque
2847 4448 3211 4505 desciverant
3238 4449 3481 4517 ethnici,
3514 4447 3706 4519 quibus
3729 4454 3849 4510 repu-

2265 4537 2442 4605 dium,
2494 4537 2575 4592 ait
2627 4536 3051 4604 Tertullianus,
3106 4561 3127 4587 ι
3177 4538 3305 4608 jam
3356 4544 3412 4593 et
3458 4545 3643 4593 volum
3683 4534 3772 4596 est,
3806 4530 3847 4577 et

2264 4627 2430 4697 quasi
2466 4627 2690 4681 fructus
2726 4625 3086 4681 matrimonii
3119 4646 3144 4677 ι
3182 4625 3448 4694 (Tertull.
3484 4624 3649 4690 ibid)
3695 4618 3845 4685 Neque

2265 4714 2583 4786 suspiceris
2614 4712 2873 4786 aliquam
2906 4714 3000 4769 hic
3030 4714 3272 4769 subesse
3304 4714 3463 4769 illius
3509 4702 3843 4782 ampliﬁcatio-
3960 4724 3963 4786 )

2266 4807 2782 4876 nem.Suspectum
2814 4803 2972 4859 enim
3005 4820 3119 4858 non
3152 4802 3397 4857 habebis
3430 4791 3840 4891 Senecam,cujl19

2265 4892 2386 4948 haec
2416 4892 2487 4947 de
2517 4890 2760 4963 repudio
2792 4889 3043 4963 legimus
3096 4891 3271 4946 verba
3323 4910 3336 4948 :
3390 4914 3418 4942 ‹‹
3469 4884 3718 4959 Nunquid
3751 4882 3837 4950 iam

2265 4980 2386 5036 ulla
2415 4979 2655 5051 repudio
2686 4980 3324 5052 erubescit,postquam
3356 4979 3605 5035 illustres
3632 4969 3836 5047 quaedam

2265 5086 2330 5125 ao
2382 5068 2607 5125 nobiles
2662 5069 2914 5138 feminae,
2968 5086 3085 5125 non
3138 5068 3447 5125 consulum
3492 5078 3726 5129 numero,
3764 5052 3833 5110 sed

2265 5158 2609 5214 maritorum
2659 5174 2901 5231 suorum
2957 5175 3135 5214 annos
3186 5160 3536 5230 computant,
3582 5157 3633 5209 et
3675 5146 3833 5231 exeunt

2265 5246 2623 5302 matrimonii
2655 5228 2855 5314 causa,
2906 5248 3138 5303 nubunt
3183 5228 3429 5319 repudii.
3483 5241 3685 5300 Tandiu
3727 5228 3829 5319 illud

2262 5423 2390 5479 sine
2421 5382 2683 5481 divortiol
2701 5428 2829 5481 acta
2858 5430 2997 5480 sunt
3021 5382 3613 5496 (videlicetapiiblicis
3640 5406 3823 5513 notariis
3936 5382 3943 5513 Η

2262 5510 2598 5584 descripta),
2652 5514 2806 5586 quod
2866 5530 3017 5586 saepe
3069 5514 3399 5580 audiebant,
3448 5511 3615 5566 facere
3658 5500 3819 5586 didice-

2263 5604 2403 5658 runt
2433 5582 2717 5673 »γεδηοᾷ
2754 5602 2855 5661 lib.
2890 5582 3048 5661 uide
3077 5605 3267 5676 Bene/2
3300 5618 3423 5673 cap.
3469 5600 3546 5663 i6,
3586 5609 3694 5668 pag.
3735 5582 3815 5652 53).
