4118 6182
324 339 480 404 1097

1230 345 1302 403 D.
1352 346 1446 404 LE
1491 346 1813 406 NOURRY
1859 342 2503 405 OBSERVATIONES
2550 348 2807 407 NOV/E-

3569 341 3728 405 1098

318 476 442 531 Huc
475 490 710 546 quoque
743 476 1323 543 accedatJuvenalis,
1361 478 1457 547 qui
1515 477 1635 532 haec
1696 480 1961 549 frequen-
1991 479 2043 543 Α
2075 492 2185 547 que
2214 477 2370 532 enim
2420 479 2865 549 impiissimum,
2890 479 3008 535 imo
3055 478 3721 535 contumeliosissimum

318 566 555 622 tissima
584 582 832 621 uxorum
864 566 1111 621 divortia
1141 566 1233 621 his
1277 568 1543 622 versibus
1595 568 1916 621 insectatur
1948 586 1961 634 ;

441 673 673 735 Imperat
693 687 818 736 ergo
854 673 1096 737 viro,sed
1126 686 1249 737 mox
1279 673 1393 722 haec
1426 687 1589 735 regna
1622 674 1897 737 relinquit.

444 735 818 798 Permutatque
849 735 1057 795 domos,
1086 740 1138 784 et
1166 736 1413 785 ﬂammea
1446 738 1671 786 conterit
1703 752 1713 796 ;
1745 735 1869 786 inde

442 798 692 861 Advolat,
722 803 774 847 et
803 799 964 858 spreti
993 798 1187 860 repetit
1217 798 1435 860 vestigia
1465 798 1601 847 lecti.

441 860 856 922 Ornataspaulo
885 865 1007 910 ante
1034 863 1171 909 fores
1200 862 1699 923 pendentialinquit

438 924 564 973 Vela
593 925 802 984 domus,
833 931 888 972 et
914 924 1088 972 adhuc
1120 923 1311 971 virides
1341 924 1394 971 in
1426 924 1606 971 limine
1639 937 1833 973 ramos.

444 986 528 1035 Sic
549 990 741 1036 crescit
769 1000 1050 1044 numerus,
1083 986 1157 1034 sic
1186 987 1321 1035 ﬁunt
1350 990 1470 1035 octo
1502 987 1693 1035 mariti.

445 1049 691 1113 Quinque
724 1064 817 1112 per
848 1053 1154 1107 autumnos,
1206 1049 1378 1109 titulo,
1411 1063 1499 1097 res
1522 1050 1684 1112 digna
1716 1048 1962 1112 sepulcri.

997 1122 1262 1183 (Juvenal.
1296 1122 1452 1171 Satir.
1482 1126 1528 1179 6,
1560 1137 1611 1170 v.
1644 1124 1774 1184 223.)

388 1231 568 1287 Audis
591 1230 732 1286 sane
761 1246 937 1301 quam
960 1230 1265 1301 perspicue
1288 1229 1702 1285 dixerit'unam
1728 1246 1962 1285 uxorem

320 1322 475 1375 intra
530 1320 786 1391 quinque
816 1324 1153 1385 autumnos,
1185 1318 1245 1372 id
1291 1322 1379 1373 est
1438 1319 1700 1390 quinque
1758 1336 1963 1388 annos,

320 1408 595 1464 habuisse
633 1408 837 1463 I003
871 1414 997 1462 octo
1030 1406 1293 1463 maritos.
1332 1408 1773 1474 Martialis,vero
1803 1408 1966 1464 Tele-

320 1498 511 1553 sinam
536 1498 853 1568 quamdam
888 1497 1098 1552 acriter
1128 1496 1388 1567 corripit,
1440 1514 1566 1567 qure
1597 1498 1749 1552 intra
1779 1516 1962 1555 unum

320 1604 581 1643 mensem
616 1586 807 1642 decies
834 1590 1037 1641 contra
1068 1585 1227 1656 leges
1259 1586 1408 1641 latas
1445 1586 1691 1658 impune
1750 1605 1963 1660 nupse-

314 1682 409 1733 rat
442 1694 453 1732 :

443 1765 587 1816 Julia
616 1764 698 1813 lex
722 1764 933 1827 populis
954 1778 1029 1827 rex
1061 1777 1185 1827 quo,
1219 1765 1484 1822 Faustine,
1516 1769 1703 1815 renata
1732 1772 1831 1825 est,

505 1830 677 1891 Atque
705 1826 905 1877 intrare
936 1826 1125 1876 domus
1149 1828 1301 1891 jussa
1331 1829 1589 1891 pudicitia
1616 1832 1712 1886 est,

444 1891 547 1940 Aut
576 1890 769 1950 minus,
790 1894 884 1953 aut
912 1895 1050 1939 certe
1072 1903 1178 1939 non
1213 1890 1345 1953 plus
1360 1892 1623 1940 tricesima
1654 1892 1744 1940 lux
1774 1894 1870 1952 est,

505 1955 567 2002 Et
588 1953 743 2002 nubit
771 1952 979 2001 decimo
1001 1953 1109 2014 jam
1140 1952 1385 2002 Telesina
1415 1955 1546 2003 viro.

445 2017 570 2074 Quae
606 2016 761 2065 nubit
785 2016 956 2079 toties,
994 2030 1104 2064 non
1126 2017 1295 2079 nubit,
1331 2016 1571 2065 adultera
1600 2018 1716 2079 lege
1744 2020 1840 2077 est,

508 2078 758 2129 Oll'endor
790 2078 999 2127 mmcha
1030 2078 1347 2140 simpliciore
1382 2079 1560 2127 minus

950 2150 1220 2211 (Martial.,
1256 2150 1341 2198 lib.
1380 2163 1451 2209 vi,
1489 2151 1801 2214 epigramm.
1833 2151 1901 2212 7.)

391 2259 606 2313 Verum
641 2257 782 2312 adeo
840 2256 1074 2312 effrenis
1106 2262 1230 2311 erat
1263 2256 1382 2312 haec
1416 2256 1637 2313 nefaria
1695 2257 1962 2329 repudio-

323 2365 452 2403 rum
485 2346 747 2411 licentia,
783 2349 845 2400 ut
874 2346 970 2400 vix
1022 2363 1281 2417 unquam
1317 2347 1453 2403 ullis
1515 2348 1960 2419 imperatorum,

320 2453 572 2508 quarum
628 2435 824 2506 plures
880 2434 1072 2490 adhuc
1120 2441 1367 2506 exstant,
1428 2437 1655 2509 legibus
1685 2435 1963 2491 refrenari

323 2526 592 2598 potuerit.
630 2524 776 2590 Quid
820 2540 964 2593 vero,
1000 2525 1155 2597 quod
1192 2542 1303 2581 non
1357 2526 1549 2581 solum
1612 2530 1694 2581 tot
1728 2531 1963 2597 tamque

321 2613 630 2687 prmclaras
660 2613 839 2685 leges,
873 2630 987 2684 quo
1022 2614 1276 2669 diximus
1295 2615 1488 2682 modo,
1522 2614 1960 2683 conculcabant,

320 2706 422 2761 sed
455 2705 709 2761 debitam
741 2720 974 2774 quoque
1008 2704 1330 2774 majoribus
1353 2704 1962 2767 venerationem.Qua-

320 2800 560 2866 propter
616 2793 747 2848 illos
779 2792 873 2847 his
899 2792 1295 2849 Tertullianus
1342 2794 1532 2849 verbis
1590 2793 1959 2866 alloquendo,

318 2884 403 2939 sic
436 2887 618 2953 urget:
680 2906 707 2933 ‹‹
741 2882 982 2949 Habitu,
1014 2882 1070 2937 id
1112 2886 1200 2937 est
1230 2884 1465 2953 vestitu,
1496 2884 1677 2953 victu,
1738 2882 1962 2937 instru-

319 2978 440 3037 ctu,
466 2988 665 3041 censu,
699 2971 827 3042 ipso
860 2968 1112 3041 denique
1144 2987 1414 3025 sermone
1471 2971 1702 3043 proavis
1754 2986 1965 3025 renun-

317 3062 483 3116 tiatis
542 3082 570 3109 »
629 3058 891 3129 (Tertull.
952 3059 1249 3129 Apologel.,
1309 3076 1433 3130 cap.
1491 3062 1545 3130 6,
1607 3079 1662 3133 ρ.
1692 3060 1838 3129 305).
1894 3059 1964 3113 Et

318 3166 528 3205 rursus
559 3149 671 3204 alio
719 3149 779 3202 in
839 3147 1034 3203 libro:
1094 3172 1121 3198 «
1179 3148 1371 3218 Plane,
1425 3148 1635 3220 inquit,
1697 3149 1963 3216 subiacet

2073 567 2402 621 admissum
2438 573 2545 633 est,
2608 570 2664 623 in
2715 569 2953 624 arbitrio
3007 574 3064 623 et
3123 568 3367 624 libinine
3420 569 3721 625 sententia:

2073 653 2342 709 humana:
2374 655 2564 711 locare
2588 658 2866 713 honorem
2921 657 3270 724 divinitatis,
3307 662 3370 711 ut
3419 658 3564 713 deus
3603 674 3718 713 non

2074 744 2169 809 sit,
2204 744 2315 799 nisi
2339 745 2430 800 cui
2478 746 2809 818 permiserit
2866 753 3104 802 senatus
3162 768 3189 796 »
3222 746 3488 818 (Tertull.
3535 746 3636 801 lib.
3700 764 3719 801 ι

2071 833 2150 887 ad
2174 834 2477 901 Nation.,c.
2512 836 2595 901 10,
2638 852 2689 904 p.
2720 836 2865 899 573(.
2891 836 2998 890 Sed
3034 835 3154 890 haec
3200 834 3296 889 ille
3352 834 3586 888 brevius
3657 835 3716 889 in

2070 922 2418 991 Apologetico
2447 941 2554 978 suo
2615 940 2627 978 ε
2666 946 2693 973 ‹‹
2752 924 2951 992 Vetus,
2992 923 3091 988 ait,
3135 927 3259 979 erat
3289 924 3610 992 decretum,
3644 940 3716 979 ne

2073 1010 2174 1081 qui
2205 1012 2350 1065 deus
2407 1013 2477 1066 ab
2573 1012 2923 1083 imperatore
2994 1018 3453 1078 consecraretur,
3513 1012 3625 1067 nisi
3684 1029 3718 1067 a

2074 1104 2279 1154 senatu
2303 1101 2596 1170 probatus.
2652 1102 2767 1156 Scit
2830 1103 2901 1156 Μ.
2926 1101 3191 1156 ZEmilius
3223 1102 3293 1155 de
3323 1101 3430 1156 deo
3480 1117 3585 1156 suo
3617 1100 3715 1155 A1-

2075 1188 2283 1245 burno.
2319 1190 2476 1244 Facit
2515 1190 2625 1245 hoc
2674 1190 2745 1244 ad
2779 1206 3017 1245 causam
3068 1196 3349 1259 nostram,
3384 1208 3499 1261 quo
3558 1192 3713 1262 apud

2072 1295 2174 1333 vos
2206 1280 2276 1333 de
2298 1279 2555 1334 humano
2588 1278 2875 1333 arbitratu
2905 1277 3184 1333 divinitas
3219 1279 3569 1349 pensitatur.
3594 1279 3719 1335 Nisi

2075 1367 2299 1423 homini
2339 1368 2482 1424 deus
2511 1367 2813 1438 placuerit,
2846 1368 2991 1422 deus
3015 1384 3127 1423 non
3155 1368 3303 1433 erit;
3366 1368 3541 1423 homo
3592 1369 3717 1438 jam

2075 1457 2180 1511 deo
2204 1457 2489 1528 propitius
2520 1473 2648 1512 esse
2679 1456 2914 1511 debebit
2945 1479 2972 1505 »
2998 1457 3206 1527 (Idem,
3254 1456 3528 1526 Apologet.
3592 1473 3719 1527 cap.

2072 1546 2128 1611 5,
2162 1562 2293 1616 pag.
2350 1546 2494 1618 290).
2554 1547 2618 1601 In
2676 1546 3032 1617 quibusdam
3092 1560 3223 1600 vero
3288 1544 3722 1616 antiquioribus

2074 1634 2430 1690 editionibus
2458 1652 2559 1706 pro
2589 1636 2681 1691 his
2711 1636 2924 1703 verbis,
2950 1636 3060 1690 Scit
3093 1638 3171 1690 Μ.
3214 1635 3501 1702 /Emclim,
3548 1634 3719 1691 habe-

2074 1729 2191 1794 tur,
2224 1729 2282 1778 ut
2315 1724 2521 1780 Marcus
2552 1727 2812 1781 zEmilius
2841 1744 2861 1787 ;
2912 1730 3086 1796 atque
3142 1725 3350 1779 I004
3381 1724 3461 1778 ita
3508 1723 3721 1796 legisse

1995 1851 2042 1914 Β
2077 1814 2306 1868 videtur
2333 1813 2639 1883 Eusebius,
2673 1815 2773 1885 qui
2803 1814 2924 1869 haec
2954 1813 3208 1868 auctoris
3236 1813 3421 1885 nostri
3452 1814 3629 1868 verba
3658 1813 3719 1868 in

2071 1907 2326 1958 Graecam
2360 1903 2621 1975 linguam
2654 1904 2738 1959 sic
2771 1920 3048 1958 conversa
3076 1902 3308 1958 exhibet
3340 1921 3352 1957 :
3380 1900 3617 1957 Παλαιὸν
3652 1901 3717 1969 ἦν

2076 1987 2249 2065 δόγμα
2284 2035 2297 2061 ,
2349 1989 2554 2063 μηδένα
2624 1992 2738 2045 Θεὸν
2820 1991 2921 2045 ὑπὸ
2985 1990 3249 2064 βασιλέως
3319 1992 3717 2065 καθιεροῦσθαι,

2073 2080 2197 2154 πρὶν
2269 2081 2370 2134 ὑπὸ
2442 2086 2537 2135 τοῦ
2608 2080 2918 2155 συγκλήτου
2992 2080 3433 2152 δοκιμασθῆναι·
3498 2078 3719 2155 Μάρκος

2075 2168 2338 2240 Αἰμίλιος
2387 2169 2559 2231 οὕτως
2608 2171 2731 2244 περί
2772 2191 2917 2231 τινος
2959 2168 3194 2224 εἰδώλου
3240 2169 3536 2239 πεποίηκεν
3589 2167 3717 2224 ’Λλ-

2075 2253 2307 2331 ϐούρνου
2359 2263 2588 2330 (Euseb.
2652 2261 2750 2322 lib.
2826 2278 2867 2314 ll
2927 2262 3133 2315 Eccles.
3206 2261 3412 2315 Ηίδιον.
3493 2276 3621 2331 cap.
3664 2260 3721 2323 2,

2073 2366 2205 2419 pag.
2243 2349 2353 2416 41).
2396 2350 2607 2405 Verum
2666 2350 2975 2420 utriusque
3020 2348 3289 2403 lectionis
3334 2348 3490 2403 idem
3549 2347 3721 2419 plane

2073 2442 2159 2493 est
2192 2454 2421 2493 sensus.
2472 2439 2861 2503 Quamobrem
2913 2438 3032 2492 haec
3090 2437 3346 2509 primum
3378 2435 3723 2508 explicanda

2073 2534 2234 2597 sunt,
2264 2544 2330 2582 ac
2361 2527 2567 2582 dcinde
2624 2527 3079 2582 examinandum
3138 2543 3255 2597 quo
3321 2525 3722 2582 Tertullianus

2074 2618 2246 2673 modo
2266 2616 2401 2671 inde
2426 2624 2623 2671 contra
2662 2616 2927 2671 ethnicos
2957 2617 3237 2688 disputet.

2144 2706 2401 2760 Dubium
2432 2704 2725 2760 enimvero
2756 2722 2885 2761 esse
2918 2709 3109 2776 potest
3138 2706 3433 2777 quodnam
3465 2704 3543 2760 sit
3572 2704 3718 2760 illud

2073 2796 2143 2849 de
2173 2796 2278 2849 deo
2300 2794 2694 2850 consecrando
2722 2794 3232 2850 edictum.Scimus
3253 2794 3489 2865 quidem
3532 2810 3715 2849 unum

2074 2883 2404 2939 aCiceronc
2465 2883 2619 2939 hisce
2679 2883 2870 2938 verbis
2920 2883 3172 2939 describi
3228 2899 3241 2938 :
3304 2907 3330 2932 ‹‹
3393 2882 3717 2954 Separatim

2073 2989 2241 3028 nemo
2273 2972 2539 3028 habessit
2570 2974 2729 3040 deos,
2752 2990 2893 3028 neve
2923 2990 3123 3044 novos,
3157 2974 3259 3028 sed
3318 2989 3388 3028 ne
3439 2972 3717 3043 advenas,

2073 3061 2184 3117 nisi
2218 3061 2447 3134 publice
2505 3061 2782 3130 adscitos,
2816 3062 3086 3134 privatim
3136 3060 3372 3117 colunto
3433 3083 3462 3109 »
3512 3060 3716 3132 (Cicer.

2070 3150 2172 3205 lib.
2206 3168 2247 3204 11
2279 3152 2350 3205 de
2382 3151 2544 3221 legib.
2580 3168 2635 3222 p.
2667 3151 2793 3221 334,
2828 3150 2929 3205 lin.
2964 3151 3074 3222 37).
3096 3149 3263 3205 Aliud
3298 3154 3494 3204 tamen
3528 3149 3720 3204 decre-

318 3243 543 3310 quanta
592 3255 626 3292 a
682 3236 1005 3308 majoribus
1066 3239 1453 3309 mutaveritis,
1514 3238 1695 3308 cultu,
1729 3237 1956 3305 habitu,
1991 3221 2033 3288 Ο
2074 3244 2198 3294 tum
2231 3221 2650 3295 aTertulliano
2701 3240 2997 3311 designari
3026 3221 3295 3306 videtur;
3357 3242 3558 3309 utpote
3619 3237 3719 3310 qui

320 3327 883 3400 apparatu,ipsoquc
915 3326 1124 3393 victu,»
1159 3327 1312 3381 sicut
1340 3345 1407 3382 ex
1429 3328 1555 3395 jam
1589 3328 1759 3382 dictis
1782 3330 1957 3398 patet,

322 3419 549 3488 Adjecit
576 3424 770 3473 autem
805 3418 1029 3488 ipsoque
1059 3433 1326 3473 sermone.
1377 3418 1494 3474 Cur
1524 3434 1657 3489 ergo
1694 3432 1962 3473 sermone

313 3508 492 3563 etiam
527 3526 591 3564 ac
620 3506 898 3578 loquendi
958 3508 1131 3561 modo
1172 3506 1200 3560 ?
1231 3531 1258 3557 ‹‹
1310 3508 1457 3573 Quia
1486 3506 1821 3579 pristinum,
1874 3507 1960 3561 in-

315 3597 468 3669 quit,
503 3602 565 3652 ut
596 3597 900 3652 rancidum
934 3596 1206 3668 relegatis
1241 3618 1268 3645 »
1301 3597 1509 3667 (Idem,
1568 3595 1672 3652 lib.
1712 3615 1728 3651 1
1760 3597 1829 3650 ad
1859 3597 1961 3652 Na-

312 3688 451 3741 tion.
486 3704 611 3757 cap.
648 3688 734 3755 18,
768 3702 897 3757 pag.
930 3686 1079 3755 572),
1113 3685 1170 3739 id
1204 3690 1597 3755 est,tanquam
1634 3686 1961 3753 insuavem,

312 3776 594 3847 putidum
627 3779 683 3830 et
718 3774 869 3829 male
909 3772 1163 3829 olentem
1197 3774 1464 3844 rejicitis.

906 3906 1113 3945 ARTICU
1123 3907 1189 3946 [ου
1198 3906 1226 3943 S
1264 3906 1318 3943 νι
1329 3906 1365 3942 Ι.

315 3991 695 4046 Examinatur
721 3988 991 4060 quodnam
1004 3991 1074 4043 sit
1104 3992 1250 4044 vetus
1270 3988 1553 4043 decretum
1585 3988 1648 4043 de
1675 3991 1829 4043 novis
1857 3991 1964 4046 diis

391 4065 512 4116 sine
541 4061 1015 4116 senatusconsulto
1034 4076 1144 4115 non
1174 4060 1602 4123 introducendis,
1647 4065 1701 4115 et
1766 4062 1965 4117 Metelli

392 4138 578 4188 votum
633 4132 699 4187 de
746 4138 948 4202 templo
1009 4135 1067 4185 in
1117 4132 1351 4187 Alburni
1398 4132 1488 4186 dei
1536 4132 1792 4187 honorem
1837 4150 1963 4188 con-

390 4204 678 4271 struendo,
710 4204 849 4274 quod
905 4204 1132 4257 irritum
1185 4206 1392 4273 factum
1422 4208 1501 4258 est
1532 4221 1549 4263 ;
1584 4220 1647 4257 ac
1703 4206 1965 4274 quomodo

390 4278 668 4331 decretum
698 4275 843 4329 illud
876 4276 1142 4329 violatum
1173 4277 1245 4329 sit
1274 4278 1339 4329 ah
1369 4276 1624 4339 ethnicis,
1682 4279 1779 4346 qui
1811 4278 1964 4331 Libe-

394 4365 519 4402 rum
550 4351 784 4415 patrem,
848 4346 1171 4418 Serapidem
1200 4353 1251 4401 et
1284 4349 1678 4417 Harpocratem
1707 4364 1830 4402 eum
1869 4366 1967 4403 suo

395 4419 786 4492 Cynocephalo,
819 4419 1292 4475 senatusconsulto
1324 4423 1573 4490 rejectos,
1607 4420 1965 4490 impudentis-

394 4493 532 4546 sime
555 4493 935 4546 restituerunt.

394 4606 672 4662 Ethnicos
689 4606 1093 4662 vehementius
1115 4606 1306 4661 adhuc
1319 4605 1635 4661 Tertullian
1648 4624 1715 4663 us
1740 4608 1969 4679 premit,
2003 4594 2048 4659 D

316 4696 611 4767 planeque
642 4694 936 4767 opprimit.
961 4695 1053 4748 Evi
1071 4696 1274 4750 denter
1304 4695 1459 4750 enim
1495 4698 1754 4753 ostendit
1784 4698 1856 4753 ab
1888 4698 1973 4754 eis

314 4803 439 4840 non
472 4784 667 4840 solum
727 4784 1049 4840 sanctiores
1097 4785 1168 4838 de
1200 4786 1375 4840 rebus
1407 4784 1709 4853 humanis,
1741 4789 1842 4842 sed
1902 4788 1972 4843 de

314 4873 541 4929 divinis
564 4874 735 4928 etiam
772 4872 985 4927 ritibus
1008 4872 1165 4944 leges
1198 4878 1425 4943 spretae
1459 4878 1515 4928 et
1540 4876 1969 4945 pessumdatus.

310 4965 393 5017 At
423 4962 615 5028 illum,
643 4961 692 5016 si
726 4961 932 5033 placet,
966 4960 1026 5015 in
1057 4977 1162 5016 suo
1188 4963 1261 5016 ad
1290 4964 1545 5018 Nationes
1593 4962 1740 5017 libro
1800 4981 1971 5035 argu-

317 5055 686 5106 mentantem
737 5050 1072 5104 audiamus.
1133 5073 1153 5098 a
1186 5051 1410 5106 Atenim
1470 5051 1574 5120 illi,
1608 5052 1820 5123 inquit,
1880 5070 1972 5108 sa-

317 5139 684 5213 pientissimi
717 5156 782 5194 ac
817 5138 1260 5210 prudentissimi
1294 5141 1565 5211 majores,
1598 5158 1847 5211 quorum
1882 5142 1975 5197 in-

315 5229 550 5285 stitutis
581 5228 917 5283 renuntiare
943 5244 1059 5282 non
1094 5228 1301 5295 nostis,
1336 5229 1586 5284 maxime
1635 5231 1694 5284 in
1730 5248 1977 5302 persona

318 5320 569 5373 deorum
600 5321 952 5386 vestrorum,
1013 5314 1125 5386 ipsi
1187 5333 1420 5388 quoque
1453 5319 1617 5389 impii
1648 5320 1973 5391 deprehen-

322 5408 569 5461 duntur.
605 5406 874 5476 Mentior,
933 5405 982 5460 si
1038 5422 1341 5476 nunquam
1393 5414 1743 5465 censuerant
1772 5427 1843 5465 ne
1875 5412 1974 5482 qui

324 5496 653 5566 imperator
684 5495 907 5555 fanum.
969 5495 1124 5564 quod
1181 5495 1238 5548 in
1273 5495 1467 5565 praalio
1500 5498 1770 5564 vovisset,
1814 5502 1975 5571 prius

320 5584 677 5653 dedicasset,
746 5599 923 5654 quam
975 5588 1215 5639 senatus
1248 5585 1571 5654 probasset,
1616 5592 1680 5642 ut
1733 5588 1976 5659 contigit

323 5673 408 5729 M.
442 5670 672 5730 IEmilio
733 5670 936 5740 Probo,
989 5669 1089 5742 qui
1120 5676 1356 5727 vovarat
1400 5671 1660 5730 Alburno
1688 5677 1815 5733 deo.
1851 5676 1975 5735 Uti-

654 5800 920 5861 ΡΑτιιοι..
966 5797 1015 5860 Ι.

2073 3329 2445 3399 imperatoris
2477 3329 2677 3385 fecerit
2706 3330 3086 3384 mentionem.
3114 3329 3376 3384 Laudata
3425 3327 3719 3384 enimvero

2073 3436 2107 3474 a
2133 3417 2402 3473 Cicerone
2429 3418 2521 3474 lex
2550 3418 2831 3474 Romanis
2861 3418 3316 3490 imperatoribus
3348 3416 3519 3488 longe
3548 3420 3719 3471 vetu-

2073 3508 2217 3563 stior
2239 3512 2345 3562 est.
2383 3508 2526 3574 Quid
2559 3524 2718 3579 ergo,
2752 3508 2797 3563 si
2823 3509 3091 3563 dicamus
3122 3507 3194 3562 ab
3225 3511 3477 3562 Auctore
3516 3510 3716 3562 nostro

2072 3597 2444 3668 imperatoris
2478 3598 2710 3652 nomine
2732 3596 3010 3669 appellari
3037 3597 3372 3669 praefectum
3404 3594 3715 3665 exercitus,

2074 3692 2173 3741 aut
2203 3686 2506 3741 consulem
2538 3685 2697 3740 illius
2731 3686 2938 3739 ducem
2970 3686 2997 3738 ‘I
3031 3684 3297 3739 Emilius
3328 3688 3521 3738 autem
3581 3688 3717 3739 Pro-

2074 3775 2182 3829 bus
2212 3775 2460 3845 hujusce
2493 3774 2636 3844 legis
2668 3775 2932 3845 ignarus,
2965 3777 3067 3827 aut
3098 3774 3167 3828 de
3212 3772 3312 3828 illa
3359 3772 3417 3827 in
3470 3771 3711 3843 ancipiti

2074 3864 2255 3935 praelii
2306 3865 2540 3917 fortuna
2598 3863 2745 3917 nihil
2786 3864 3073 3935 cogitans,
3119 3862 3279 3918 vovit
3326 3863 3447 3916 fore
3504 3866 3587 3928 ut,
3663 3861 3714 3917 si

2074 3952 2271 4007 hostes
2287 3953 2767 4016 vinceret,fanum
2793 3953 3159 4006 consecraret
3182 3950 3309 4019 deo,
3342 3950 3433 4003 cui
3464 3950 3723 4004 Alburno

2075 4056 2285 4096 nomen
2319 4045 2461 4095 erat.
2526 4040 2644 4093 Sua
2691 4045 2882 4094 autem
2919 4038 3278 4111 experientia
3310 4039 3546 4109 agnovit
3577 4036 3720 4092 illud

2076 4128 2252 4184 nimis
2284 4145 2537 4199 princeps
2568 4127 2694 4182 sine
2726 4127 3239 4183 senatusconsulto
3283 4126 3463 4181 fuisse
3502 4130 3722 4181 votum.

2076 4216 2381 4272 Prohibuit
2411 4216 2562 4272 enim
2582 4221 2824 4271 senatus
2851 4216 2960 4271 hoc
2993 4217 3191 4271 fanum
3210 4215 3726 4286 sedilicari,quem-

2076 4306 2393 4361 admodum
2427 4305 3048 4377 posteaimpedivit,ne
3080 4304 3371 4369 Christus,
3406 4308 3472 4357 ut
3511 4304 3722 4358 ibidem

2077 4398 2157 4450 ait
2185 4395 2601 4460 Tertullianus,
2636 4395 2780 4449 deus
2812 4394 3249 4449 renuntiaretur
3282 4409 3293 4447 :
3356 4392 3590 4447 tametsi
3623 4392 3724 4447 'l‘i-

2077 4484 2275 4539 borius
2306 4484 2362 4538 id
2395 4485 2769 4539 vehementer
2787 4482 3124 4553 optavisset.

2150 4574 2292 4639 Quis
2322 4590 2455 4629 vero
2487 4573 2564 4627 sit
2593 4572 2691 4627 ille
2720 4572 2893 4625 lgdeus
2940 4570 3260 4635 Alburnus,
3316 4570 3478 4626 dictu
3528 4570 3731 4642 procul

2083 4663 2261 4719 dubio
2293 4680 2405 4717 non
2457 4662 2655 4717 minus
2703 4659 2957 4715 difﬁcile.
3020 4661 3169 4715 Rara
3225 4660 3518 4731 siquidem
3581 4659 3734 4730 apud

2081 4758 2302 4807 veteres
2346 4751 2563 4805 mentio
2615 4749 2775 4803 illius
2808 4750 3079 4805 occurrit.
3140 4754 3219 4803 Ex
3268 4749 3507 4817 Virgilio
3532 4752 3728 4803 tamen

2083 4840 2368 4896 discimus
2408 4840 2465 4893 in
2506 4839 2762 4893 Lucania
2786 4839 2938 4909 apud
2972 4838 3237 4893 Silariam
3301 4838 3545 4893 ﬂuvium
3603 4854 3733 4894 esse

2085 4933 2364 4995 montem,
2416 4928 2514 4997 qui
2568 4927 2638 4981 ab
2700 4926 2800 4980 illo
2864 4926 3160 4981 Alburnus
3199 4927 3292 4981 his
3321 4926 3588 4983 versibus
3634 4943 3735 4982 v0-

2085 5023 2252 5073 catur
2283 5035 2300 5071 :

2177 5162 2265 5209 Est
2294 5161 2448 5209 lucus
2476 5159 2629 5208 Silari
2653 5160 2792 5208 circa
2822 5159 3136 5223 ilicibusque
3168 5161 3427 5209 virentem

2188 5223 2458 5272 Plurimus
2488 5222 2789 5270 Alburnum
2821 5222 3071 5283 volitans,
3111 5223 3193 5271 cui
3226 5238 3417 5271 nomen
3453 5222 3597 5271 Asilo

2179 5287 2475 5335 Romanum
2507 5290 2604 5345 est,
2636 5284 2871 5334 OEstron
2901 5286 3041 5334 Graii
3076 5290 3279 5335 vertere
3310 5292 3581 5336 vocantes.

2433 5364 2636 5428 (Virgil.
2668 5364 2760 5413 lib.
2796 5377 2847 5412 ιιι
2880 5365 3120 5427 Georg.v,
3154 5369 3173 5414 1
3212 5369 3268 5415 46
3299 5370 3353 5414 et
3381 5367 3554 5429 seqq.)

2085 5504 2159 5555 At
2187 5500 2237 5555 is
2270 5515 2440 5555 mons
2471 5516 2574 5570 pro
2607 5498 2912 5571 gentilium
2947 5515 3108 5555 more
3140 5503 3517 5555 consecratus
3548 5499 3738 5551 fuerat

2085 5588 2259 5644 alicui
2290 5589 2417 5654 deo,
2450 5588 2543 5644 cui
2571 5589 2818 5644 Alburni
2850 5605 3059 5643 nomen
3108 5588 3475 5659 impositum,
3509 5590 3565 5641 et
3623 5585 3743 5641 Me-

2083 5677 2259 5735 tellus
2281 5680 2484 5735 fanum
2508 5693 2710 5737 vovere
2727 5677 2938 5750 potuit.
2969 5678 3168 5749 Neque
3198 5676 3451 5747 mireris,
3496 5676 3545 5731 si
3587 5688 3751 5730 nunc

3347 5804 3424 5866 35
