4118 6182
458 315 614 377 1099

974 312 1500 375 TERTULLIANI
1550 315 1869 377 OPEHUM
1919 318 2112 376 PAltS
2161 317 2206 375 l.
2242 351 2314 360 —-
2357 314 2629 378 SERIES
2675 314 2721 387 Ι,
2770 312 3324 377 APOLOGETICA.

3673 318 3803 377 1100

454 449 599 504 deus
629 447 725 503 ille
745 446 819 501 sit
851 446 1225 517 incognitus;
1258 447 1483 518 topicus
1519 449 1735 520 quippe
1768 450 1911 503 deus
1954 453 2098 504 erat.
2133 454 2185 519 Α
2219 449 2458 504 modum
2482 447 2880 505 Tertullianus
2920 466 2983 504 se
3009 453 3214 520 postea
3259 447 3442 504 fusius
3487 449 3809 505 demonstra-

451 543 527 593 At
556 537 615 592 hi
647 536 749 606 dii,
784 540 846 591 ut
878 536 1151 591 observat
1205 538 1465 605 Servius,
1512 555 1627 593 non
1661 539 1995 594 transibant
2038 541 2109 595 ad

452 626 598 682 alias
630 625 918 697 regiones,
952 642 1017 681 ac
1049 626 1291 696 proinde
1324 627 1417 681 vix
1446 626 1600 693 aliis,
1634 646 1813 699 quam
1848 628 2109 685 locorum

452 714 660 771 incolis
692 713 813 769 noti
845 720 1016 769 eraaat
1046 718 1222 785 (Serv.
1258 715 1315 769 in
1348 714 1448 771 lib.
1482 734 1560 771 vu
1592 718 1833 789 (Eueni).

529 824 650 879 Duo
680 826 879 878 autem
919 828 1272 894 argumenta
1327 829 1529 879 contra
1575 825 1839 880 ethnicos
1880 825 2107 880 Tertul-

454 914 652 969 lianus
677 913 813 969 inde
841 914 1011 968 eruit.
1047 913 1240 969 Primo
1287 916 1444 969 enim
1491 916 1625 970 inde
1673 916 2110 971 evidentissima

459 1003 758 1061 concludit
785 1004 924 1059 deos
953 1004 1259 1075 gentilium
1290 1005 1474 1060 factos
1513 1022 1641 1060 esse
1668 1022 1769 1075 pro
1804 1006 2108 1060 hominum

460 1092 758 1150 voluntate
779 1097 837 1147 et
867 1092 1174 1157 arbitratu,
1207 1098 1380 1163 atque
1413 1094 1625 1148 idcirco
1662 1094 1889 1148 nullum
1938 1111 2110 1165 posse

460 1181 770 1253 gentilium
801 1198 932 1237 esse
966 1182 1162 1248 deum,
1196 1182 1309 1235 nisi
1337 1182 1562 1237 homini
1597 1182 1897 1254 placuerit.
1934 1183 2109 1254 Atqui

460 1288 697 1329 summa
726 1272 1000 1343 impietas
1032 1276 1122 1326 est
1155 1271 1256 1325 ulli
1276 1288 1376 1343 pro
1400 1272 1709 1327 hominum
1734 1273 1975 1328 arbitrio
2007 1273 2107 1326 tri-

461 1364 635 1419 buere
664 1363 1051 1418 divinitatem.
1089 1363 1270 1417 Verus
1302 1363 1597 1431 siquidem
1636 1365 1784 1417 Deus
1816 1382 1848 1417 a
1879 1380 1941 1417 se
1981 1363 2109 1434 ipso

460 1459 516 1509 et
543 1452 917 1523 omnipotens
948 1457 1054 1517 est,
1089 1456 1262 1522 atque
1311 1450 1440 1506 ideo
1475 1451 1617 1506 nulli
1648 1452 1972 1522 subjectus,
2007 1452 2105 1506 sed

456 1540 542 1595 illi
575 1540 842 1611 subjecta
875 1544 1013 1594 sunt
1035 1538 1487 1595 omnia.Ethnici
1521 1557 1656 1611 ergo
1690 1539 1849 1594 nulla
1871 1557 2110 1609 prorsus

458 1629 603 1701 lege,
631 1628 744 1684 nisi
804 1628 1200 1699 iniquissima,
1271 1629 1582 1684 decernere
1648 1634 1984 1700 potuerunt,
2047 1634 2111 1683 ut

457 1717 795 1789 Christiani,
830 1718 1043 1789 rejecto
1075 1718 1192 1773 veri
1237 1718 1332 1773 Dei
1367 1717 1554 1784 cultu,
1598 1719 1781 1773 factos
1814 1719 1886 1773 ab
1918 1718 2107 1773 homi-

458 1809 635 1865 nibus
658 1808 815 1883 deos.
855 1808 1187 1875 adorarent,
1233 1824 1403 1863 secus
1428 1824 1560 1863 vero
1594 1807 1678 1862 illi
1710 1808 1886 1863 etiam
1938 1808 2107 1863 inau-
2137 1832 2184 1897 Β

461 1897 566 1954 diti
598 1897 1089 1952 interﬁcerentur.
1128 1898 1400 1952 Secundo
1434 1897 1571 1952 inde
1601 1896 1827 1969 colligit
1873 1896 2109 1952 Tertul-

463 1986 659 2041 lianus
680 1990 847 2041 vetus
876 1985 1020 2039 illud
1073 1986 1144 2040 de
1184 1985 1346 2040 novis
1380 1986 1494 2040 diis
1526 2002 1641 2040 non
1670 1984 2112 2041 introdueendis

464 2075 763 2129 decretum
814 2074 884 2128 ab
942 2073 1216 2144 ipsismet
1267 2073 1591 2145 gentilibus
1655 2074 1959 2140 violatum,
2011 2074 2112 2145 qui

464 2162 671 2218 1005
706 2162 829 2235 pari
861 2161 1095 2217 licentia
1126 2163 1264 2217 deos
1296 2162 1435 2217 olim
1488 2163 1671 2218 factos
1704 2164 2110 2234 repudiarunt,

468 2269 533 2309 ac
553 2252 887 2324 repudiatos
918 2252 1473 2306 restituerunt.Nam
1504 2276 1521 2301 ιι
1564 2254 1833 2308 Liberum
1861 2259 2109 2324 patrem,

466 2341 655 2397 utille
711 2341 812 2409 ait,
872 2357 1007 2397 cum
1064 2340 1357 2412 mysteriis
1413 2341 1538 2396 suis
1570 2342 1840 2397 consules
1872 2347 2113 2396 senatus

464 2431 811 2487 auctoritate
868 2448 981 2485 non
1041 2432 1215 2485 modo
1247 2430 1419 2499 Urbe,
1455 2432 1563 2485 sed
1624 2431 1896 2486 universa
1951 2430 2118 2484 Italia

463 2521 919 2576 eliminaverunt
952 2541 979 2567 »
1042 2519 1309 2589 (Tertull.
1374 2521 1644 2589 Apotoget.
1705 2537 1754 2574 c.
1788 2522 1841 2586 6,
1878 2538 1932 2590 p.
1966 2520 2112 2585 304).

469 2609 602 2673 Qua:
637 2608 874 2679 quidem
909 2607 1007 2662 ille
1038 2607 1149 2662 alio
1181 2607 1239 2660 in
1270 2606 1417 2662 libro
1477 2607 1685 2663 iisdem
1717 2624 1863 2679 pene
1922 2607 2115 2663 verbis

462 2696 673 2768 repetit
702 2694 828 2767 (lib.
862 2713 877 2750 ι
916 2695 986 2750 ad
1018 2696 1238 2751 Nation.
1285 2712 1412 2766 cap.
1447 2697 1532 2765 10,
1565 2714 1694 2767 pag.
1728 2696 1875 2766 573).
1910 2697 2117 2750 Totam

469 2794 665 2843 autem
718 2785 868 2841 hanc
922 2786 1227 2841 historiam
1271 2792 1541 2841 accurate
1573 2792 1771 2841 narrat
1803 2786 2015 2852 Livius,
2051 2802 2117 2840 ac

467 2877 722 2949 quando,
755 2892 872 2946 qua
902 2876 1228 2945 occasione,
1255 2881 1310 2929 et
1341 2876 1633 2947 quomodo
1686 2893 1717 2930 a
1780 2874 2119 2930 Posthumio

470 2963 706 3021 consule
740 2965 991 3019 nefanda
1021 2964 1434 3035 horrendaque
1466 2966 1735 3029 crimina,
1768 2981 1893 3034 qua:
1928 2964 1985 3019 in
2028 2962 2121 3017 bis

474 3054 851 3111 exsecrandis
883 3054 1065 3110 sacris
1109 3060 1277 3109 noctu
1313 3056 1818 3126 perpetrabantur,
1850 3054 1971 3108 sint
2028 3070 2118 3107 re-

474 3150 829 3217 tecta,atque
859 3162 987 3200 eam
1020 3145 1091 3199 ob
1115 3161 1353 3199 causam
1386 3144 1897 3199 senatusconsulto
1932 3144 2120 3198 Roma:

477 3239 717 3305 totaque
748 3234 807 3289 in
838 3233 1008 3289 Italia
1033 3233 1268 3304 penitus
1309 3234 1587 3304 abrogata
1620 3234 1969 3302 sublataque
2003 3234 2120 3286 fue-

477 3324 595 3378 rint
625 3323 768 3394 (Liv.
828 3322 930 3377 lib.
992 3325 1243 3389 xxxix,§
1299 3324 1353 3387 9,
1388 3339 1573 3392 usque
1631 3324 1700 3376 ad
1762 3323 1867 3391 10).
1901 3324 2117 3384 Quam-

474 3413 675 3468 obrem
707 3416 857 3467 recte
912 3412 1277 3482 Augustinus
1330 3429 1342 3466 :
1412 3434 1439 3459 ‹‹
1478 3413 1603 3465 llaec
1635 3415 1856 3481 postea,
1904 3409 2115 3480 inquit,

473 3500 903 3572 displicuerunt
935 3500 1164 3555 senatui
1200 3500 1437 3565 saniori,
1472 3505 1528 3553 et
1556 3518 1622 3554 ca
1646 3501 1827 3569 jussit
1859 3499 2115 3553 auferri»

468 3592 741 3659 (August.
774 3588 875 3642 lib.
909 3606 961 3643 γι
994 3588 1057 3643 de
1089 3589 1245 3643 Civil.
1274 3606 1398 3658 cap.
1432 3592 1486 3653 ‘J,
1520 3605 1651 3660 pag.
1688 3590 1830 3657 156).

536 3694 747 3749 Contra
800 3709 979 3748 vero:
1016 3694 1436 3763 «Serapidem,
1491 3694 1571 3748 ait
1634 3694 1824 3748 adhuc
1900 3699 2117 3751 Auctor

471 3787 693 3850 noster,
716 3789 773 3837 ct
800 3781 1037 3849 Isidem,
1070 3788 1125 3837 et
1156 3786 1594 3853 Harpocratem,
1633 3800 1766 3837 cum
1800 3800 1906 3839 suo
1929 3784 2112 3857 Cyno-

464 3870 729 3942 cephalo,
763 3871 1045 3942 Capitolio
1077 3872 1422 3942 prohibitos,
1458 3872 1512 3925 id
1547 3878 1655 3938 est,
1680 3873 1843 3926 curia
1871 3874 2110 3927 deorum

467 3960 830 4032 pulsos,Piso
860 3965 917 4015 et
945 3960 1228 4015 Gabinius
1259 3960 1548 4026 consules,
1586 3978 1698 4016 non
1734 3962 1931 4031 utique
1954 3962 2110 4016 Chri-

466 4050 665 4119 stiani,
715 4050 928 4105 eversis
984 4050 1163 4105 etiam
1225 4050 1340 4104 aris
1366 4066 1585 4117 eorum,
1671 4051 2107 4117 abdicaverunt,

466 4140 729 4210 turpium
760 4144 817 4194 et
847 4139 1167 4194 otiosarum
1220 4140 1708 4210 superstitionum
1767 4140 1905 4193 vitia
1948 4140 2108 4194 cohi-

464 4228 668 4284 bentes
705 4227 1021 4296 «(TertulL
1083 4228 1382 4298 Apologet.,
1435 4245 1481 4281 c.
1517 4229 1571 4293 6,
1630 4245 1760 4299 pag.
1807 4229 1950 4297 305).
1999 4230 2108 4284 Sed

465 4316 585 4373 haec
609 4315 781 4388 paulo
812 4316 909 4371 ille
965 4318 1205 4371 uberius
1237 4317 1294 4369 in
1336 4316 1448 4369 alio
1493 4316 1661 4382 libro,
1700 4318 1781 4370 uti
1814 4323 1869 4369 et
1902 4323 2107 4372 testem

463 4405 784 4462 Varronem
813 4405 971 4461 hunc
1003 4405 1060 4458 in
1116 4405 1355 4458 modum
1424 4405 1622 4458 citavit
1656 4422 1667 4459 :
1706 4426 1730 4455 (ι
1768 4405 2108 4475 Serapidem

465 4500 522 4549 et
550 4495 764 4549 Isidem
795 4499 853 4549 et
904 4497 1279 4565 Arpocratem
1330 4500 1385 4547 et
1418 4493 1729 4559 llanubim,
1783 4494 2109 4563 prohibitos

2219 541 2415 593 turum
2444 538 2768 610 pollicetur.
2799 538 2914 593 Nos
2946 554 3079 593 vero
3118 538 3189 592 de
3227 536 3456 593 illorum
3509 554 3536 592 c
3560 554 3647 593 um
3674 554 3811 594 ever~

2220 626 2384 681 sione
2433 632 2557 681 tum
2617 626 2990 683 renovatione
3065 627 3334 697 quaedam
3393 626 3451 680 in
3506 631 3686 682 nostra
3758 628 3817 681 de

2218 698 2445 769 Minutii
2495 715 2730 771 Octavio
2792 716 3206 771 dissertatione
3254 715 3643 770 adnotavimus
3696 716 3817 784 (Dis-

2217 811 2410 859 sertat.
2444 807 2503 859 in
2538 807 2737 862 Minui.
2803 806 2985 861 Octav.
3048 821 3175 876 cap.
3220 806 3310 872 22,
3347 809 3453 859 art.
3489 804 3562 875 1),
3590 808 3641 858 et
3690 803 3819 858 infra

2219 892 2410 948 adhuc
2440 893 2904 949 observabimus.

2291 982 2521 1036 Ethnici
2552 983 2752 1054 igitur,
2777 981 2879 1053 qui
2909 982 3048 1037 deos
3097 998 3235 1037 suos
3286 980 3365 1036 ita
3422 979 3820 1052 repudiaverant

2220 1075 2276 1125 et
2299 1071 2699 1136 restituerant,
2734 1071 2820 1125 fas
2844 1086 3146 1141 nunquam
3179 1069 3290 1124 fuit
3318 1068 3680 1133 Christianos,
3732 1083 3820 1123 nec

2221 1162 2473 1231 auditos,
2514 1178 2619 1216 nec
2663 1162 2934 1217 defensos
2992 1161 3120 1216 ideo
3154 1161 3630 1229 condemnareet
3671 1158 3820 1213 inter-

2219 1254 2409 1322 ﬁcere,
2471 1251 2610 1323 quia
2664 1268 2865 1307 verum
2921 1251 3105 1306 Deum
3156 1265 3471 1321 veramque
3524 1248 3821 1319 religionem

2220 1359 2391 1397 suam
2422 1357 2633 1412 negare
2665 1346 2721 1396 et
2752 1341 3021 1395 abdicare
3058 1340 3355 1395 nolebant.
3384 1338 3490 1392 Sed
3550 1336 3603 1391 id
3660 1336 3822 1392 adhuc

2220 1432 2599 1486 conﬁrmatur
2628 1447 2697 1485 ex
2719 1429 2811 1494 iis,
2847 1446 2973 1500 qua:
2998 1428 3310 1485 retulimus
3342 1428 3400 1482 in
3445 1425 3555 1481 alia
3583 1426 3823 1481 disserta-

2220 1520 2375 1575 tione
2406 1520 2659 1591 (Dz'ssert.
2696 1522 2756 1575 in
2801 1518 3001 1574 Arnob.
3034 1536 3101 1574 ca
3133 1536 3191 1591 p.
3250 1519 3305 1588 5,
3352 1520 3459 1572 art.
3494 1516 3517 1569 1
3549 1519 3603 1570 et
3647 1515 3824 1585 seqq),

2222 1609 2321 1664 ubi
2354 1609 2736 1681 patefecimus
2769 1613 2991 1679 quanta
3022 1607 3109 1663 illi
3143 1608 3390 1663 audacia
3440 1620 3643 1671 mores,
3695 1602 3826 1675 leges

2219 1698 2565 1754 etinstituta
2596 1699 2771 1753 etiam
2806 1698 3125 1755 sacratiora
3184 1692 3656 1767 contempserint,
3696 1692 3823 1747 labe-

2220 1788 2492 1844 t'actarint
2522 1793 2578 1844 et
2610 1787 3040 1859 abrogaverint.

2833 1931 3071 1987 CAPUT
3112 1931 3244 1986 XIX.

2222 2031 2293 2087 De
2322 2030 2533 2101 legibus
2554 2032 2610 2084 in
2652 2030 2996 2101 Christianos
3056 2027 3223 2101 datis,
3260 2035 3310 2082 et
3358 2028 3735 2095 imperatorum
3780 2025 3823 2076 in

2738 2117 2825 2156 eos
2861 2100 2984 2155 odio
3020 2100 3099 2155 vel
3127 2103 3341 2170 favore.

2756 2233 2959 2273 ARTICU
2971 2233 3076 2272 LUS
3116 2231 3258 2271 PRIM
3268 2232 3358 2271 US.

2226 2316 2496 2385 Quomodo
2528 2314 2902 2371 Tertullianus
2933 2316 3177 2370 ostendat
3207 2316 3422 2384 primas
3457 2315 3514 2369 in
3537 2310 3826 2367 Christianos

2296 2390 2437 2457 leges
2470 2389 2610 2441 latas
2668 2404 2785 2442 esse
2832 2388 3097 2441 aNerone
3124 2387 3469 2454 nequissimo
3526 2386 3825 2457 imperatore,

2295 2454 2365 2514 ao
2390 2460 2592 2514 1006
2628 2459 2871 2514 deindea
2906 2458 3236 2523 Domitiano,
3284 2458 3618 2513 Neroniana:
3666 2454 3824 2508 (mle-

2298 2534 2467 2586 litatis
2494 2534 2749 2602 portione
2773 2548 2793 2591 ;
2823 2532 2920 2601 qui
2974 2534 3158 2585 tamen
3187 2545 3273 2584 eos
3320 2530 3577 2596 restituit,
3607 2542 3722 2598 quos
3762 2540 3825 2577 re-

2298 2606 2590 2673 legaverat.

2297 2718 2448 2773 Satis
2471 2718 2702 2773 abunde
2746 2716 3148 2772 Tertullianus
3207 2714 3628 2771 demonstravit
3681 2728 3823 2784 quam

2228 2808 2483 2863 absurde
2510 2806 2728 2862 ethnici
2760 2807 2830 2860 ad
2865 2806 3156 2861 vexandos
3214 2811 3269 2861 et
3322 2805 3661 2861 occidendos
3698 2800 3826 2856 Chri-

2230 2897 2453 2953 stianos
2484 2896 2610 2951 suis
2638 2913 2699 2950 se
2720 2895 2948 2965 legibus
2998 2894 3285 2966 obstringi
3333 2897 3720 2958 causarentur,
3747 2888 3826 2960 qui

2232 2987 2518 3055 majorum
2552 3000 2797 3039 suorum
2826 2983 3120 3052 instituta,
3174 3000 3369 3039 mores
3418 3000 3484 3038 ac
3533 2982 3678 3052 leges
3720 2995 3827 3033 san-

2231 3077 2439 3131 ctiores
2488 3075 2753 3145 impune,
2784 3079 2882 3128 aut
2921 3072 3237 3141 violabant,
3270 3078 3378 3127 aut
3438 3068 3829 3143 adspernaban-

2234 3171 2349 3220 tur.
2386 3165 2729 3220 Laudabant
2761 3163 2916 3217 enim
2948 3169 3187 3231 veteres,
3221 3164 3322 3217 sed
3362 3178 3495 3217 nove
3547 3162 3609 3215 de
3653 3159 3729 3213 die
3766 3156 3830 3207 vi-

2234 3254 2462 3322 vebant,
2493 3252 2573 3307 ait
2602 3255 2817 3306 Auctor
2846 3256 3064 3317 noster,
3115 3256 3289 3321 atque
3343 3249 3579 3306 exclusa
3624 3243 3831 3319 negotiis

2228 3349 2285 3398 et
2309 3342 2517 3397 olﬁciis
2550 3341 2916 3411 antiquitate,
2942 3342 3331 3395 venerandam
3369 3346 3597 3411 patrum
3628 3349 3828 3392 suorum

2228 3431 2638 3487 auctoritatem
2671 3430 3135 3502 pessumdabant
3166 3429 3542 3499 (Tertullian.
3595 3425 3827 3497 Apologct.

2227 3538 2353 3593 cap.
2385 3522 2439 3587 6,
2497 3536 2627 3591 pag.
2687 3519 2834 3589 305).
2888 3518 2997 3573 Sed
3057 3517 3177 3572 haec
3221 3517 3318 3572 ille
3343 3518 3542 3573 omnia
3570 3515 3672 3571 sibi
3715 3511 3829 3566 satis

2226 3614 2490 3681 essejnon
2524 3608 3093 3680 putavit,ipsumque
3107 3606 3650 3678 petitaccusationis
3669 3604 3827 3671 caput.

2225 3698 2597 3753 Manifestum
2624 3696 2823 3765 itaque
2856 3695 2992 3749 facit
3032 3695 3203 3748 datas
3226 3695 3285 3747 in
3319 3693 3677 3750 Christianos
3704 3688 3829 3757 leges

2225 3804 2352 3843 esse
2383 3785 2811 3857 iniquissimas,
2843 3792 2893 3839 et
2926 3788 3177 3839 statutas
3209 3801 3242 3838 a
3270 3783 3549 3855 pessimis
3578 3796 3641 3837 ac
3683 3776 3826 3834 scele-

2223 3876 2538 3931 ratissimis
2587 3873 2976 3947 principibus.
3035 3873 3234 3943 Neque
3302 3874 3506 3928 minus
3579 3870 3829 3926 evidenter

2222 3966 2586 4019 demonstrat
2618 3965 2798 4019 bonos
2831 3963 3076 4034 piosque
3108 3961 3410 4033 principes
3444 3960 3531 4017 vel
3562 3968 3824 4027 nunquam

2221 4054 2279 4108 in
2311 4055 2674 4110 Christianos
2706 4053 2983 4118 saeviisse,
3027 4061 3124 4107 aut
3156 4068 3470 4122 nunquam
3531 4044 3829 4122 praecepisse

2220 4144 2277 4197 in
2312 4160 2410 4198 eos
2461 4142 2671 4197 saeviri.
2732 4141 2894 4204 Quod
2954 4140 3190 4211 quidem
3236 4138 3340 4195 ille
3368 4143 3759 4211 imperatorum
3806 4144 3830 4181 a

2219 4232 2566 4288 Christiana:
2598 4228 2897 4302 religionis
2921 4228 3087 4284 initio
3114 4228 3185 4283 ad
3218 4245 3399 4284 suum
3432 4242 3616 4299 usque
3639 4229 3832 4291 tempus

2221 4322 2377 4377 brevi
2412 4320 2752 4375 inductione
2810 4318 3069 4374 ostendit
3111 4318 3320 4389 (Idem,
3385 4318 3493 4373 lib.
3542 4335 3559 4371 1
3612 4314 3683 4369 ad
3729 4311 3829 4365 lia!-

2219 4428 2346 4481 cap.
2384 4412 2470 4476 10,
2506 4426 2639 4481 pag.
2666 4410 2817 4478 572).

2290 4499 2394 4554 Ubi
2420 4500 2713 4554 enimvero
2763 4495 3163 4552 Christianum
3215 4510 3433 4552 nomen
3467 4496 3525 4550 in
3579 4488 3827 4547 mundum

464 4583 744 4654 Capitolio
774 4583 955 4639 Varro
988 4589 1431 4651 commemorat,
1467 4599 1788 4653 eorumque
1821 4590 2047 4639 statuas
2079 4600 2112 4637 a
2142 4575 2189 4639 Ι)
2223 4588 2543 4659 pervulgari
2576 4586 2751 4658 cmpit
2777 4585 3268 4658 (ldem,Apologet.
3303 4600 3436 4656 cap.
3468 4585 3523 4651 5,
3556 4596 3680 4653 pag.
3705 4573 3827 4640 290i:

462 4678 678 4728 senatu
710 4672 1011 4741 disjectas,
1050 4688 1159 4726 non
1188 4673 1300 4727 nisi
1335 4690 1436 4743 per
1463 4673 1575 4725 vim
1612 4671 1987 4742 popularium
2020 4689 2113 4728 re-

467 4764 724 4817 structas
759 4778 771 4828 ;
806 4761 907 4815 sed
930 4768 1129 4816 tamen
1161 4760 1445 4815 Gabinius
1478 4760 1681 4816 consul
1721 4761 1985 4815 kalendis
2016 4762 2111 4817 Ja-

468 4849 658 4904 nuarii
701 4865 831 4903 cum
878 4849 969 4903 vix
1000 4849 1222 4903 hostias
1268 4852 1541 4920 probaret
1571 4867 1683 4919 pra:
1742 4849 2112 4921 popularium

471 4944 654 5004 contu,
686 4940 825 5009 quia
857 4938 1002 4991 nihil
1027 4940 1097 4991 de
1126 4939 1400 5009 Serapide
1432 4946 1488 4993 et
1521 4938 1669 4992 Iside
1691 4938 2111 5008 constituisset,

469 5028 756 5100 potiorem
791 5028 993 5081 habuit
1023 5034 1263 5081 senatus
1295 5045 1632 5093 censuram,
1696 5046 1872 5097 quam
1937 5030 2114 5098 impe-

465 5122 592 5174 tum
619 5114 799 5187 vulgi,
834 5122 891 5170 et
947 5133 1076 5171 aras
1112 5116 1339 5170 institui
1374 5116 1675 5187 prohibuit
1709 5138 1736 5165 ››
1774 5117 1954 5185 Idem,
2008 5116 2109 5170 lib.

466 5222 483 5259 ι
518 5204 589 5261 ad
618 5206 764 5260 Ναί..
803 5223 931 5277 cap.
961 5207 1047 5275 10,
1076 5222 1206 5275 pag.
1256 5206 1403 5273 575).

539 5295 653 5350 Sed
716 5295 1151 5350 animadvertas
1197 5294 1370 5348 velim
1429 5311 1556 5363 quae
1617 5295 1789 5348 fuerit
1843 5296 2019 5349 etiam
2053 5296 2111 5350 in

461 5385 637 5440 rebus
698 5383 883 5439 sacris
931 5382 1327 5437 inconstantia
1355 5388 1409 5435 et
1443 5382 1745 5437 insulsitas
1778 5384 2111 5454 gentilium,

460 5491 560 5546 qui
594 5478 909 5545 postquam
944 5470 1288 5540 turpissima
1311 5486 1377 5524 ac
1401 5469 1571 5539 plane
1602 5471 1951 5527 detestanda
1996 5472 2113 5527 hmo

459 5562 753 5633 Serapidis
785 5558 1218 5632 mysteriajure
1248 5563 1368 5613 tam
1419 5559 1622 5613 merito
1706 5560 2111 5631 sustulissent,

464 5676 700 5721 summa
730 5664 927 5719 tamen
959 5656 1259 5732 impietate
1292 5656 1784 5729 instauravorunt,
1826 5661 2113 5732 quemad-

2220 4682 2346 4731 tum
2378 4676 2647 4731 Tiberius
2675 4675 3014 4745 imperator,
3050 4672 3134 4727 uti
3168 4671 3446 4744 superius
3504 4665 3828 4725 animadver-

2221 4767 2403 4820 timus
2463 4766 2647 4837 (supr.
2701 4782 2829 4835 cap.
2875 4765 2933 4829 8,
2972 4767 3082 4818 art.
3126 4763 3205 4833 4),
3238 4760 3424 4817 voluit
3475 4758 3747 4816 Christum
3782 4749 3829 4802 in

2222 4856 2463 4911 deorum
2498 4870 2810 4909 numerum
2843 4853 3077 4917 referre,
3123 4869 3188 4907 ac
3212 4851 3484 4922 quamvis
3540 4844 3830 4920 prohibitus

2222 4946 2300 5000 sit
2330 4963 2363 4999 a
2420 4950 2648 5011 senatu,
2678 4947 2737 4997 in
2796 4959 2905 4998 sua
2958 4947 3158 4997 tamen
3189 4939 3519 5011 permansit
3558 4927 3828 4993 sententia.

2220 5038 2468 5087 Tantum
2501 5034 2697 5104 itaque
2728 5033 2912 5095 abest,
2947 5037 3011 5085 ut
3042 5030 3300 5101 aliquam
3335 5026 3537 5083 tulerit
3556 5026 3612 5081 in
3665 5018 3827 5077 Chris-

2222 5124 2444 5178 stiauos
2477 5121 2684 5192 legem,
2743 5120 2885 5191 quin
2946 5118 3142 5191 potius
3173 5134 3376 5174 eorum
3428 5108 3826 5172 accusatoribus.

2224 5212 2414 5283 inquit
2442 5208 2862 5275 Tertullianus,
2882 5209 3217 5280 periculum,
3250 5224 3433 5279 prensa
3490 5201 3739 5259 videlicet
3783 5195 3827 5246 οι

2222 5298 2517 5371 supplicii,
2541 5297 2936 5353 comminatus
2963 5296 3138 5351 tuerit
3168 5294 3433 5367 (Tertull.
3466 5290 3645 5357 ibid).

2294 5368 2491 5459 Neque
2540 5387 2715 5442 etiam
2776 5390 2993 5440 Auctor
3049 5391 3249 5441 noster
3306 5397 3566 5454 unquam
3613 5368 3827 5433 credidit

2223 5458 2544 5549 quidquam
2578 5494 2609 5530 a
2642 5474 2905 5547 Caligula
2924 5482 2981 5531 et
3011 5474 3253 5531 Claudio
3298 5466 3729 5544 imperatoribus
3774 5458 3820 5511 in

2221 5568 2458 5623 eosdem
2513 5564 2874 5621 Christianos
2924 5564 3247 5621 decretum.
3306 5563 3373 5618 Et
3437 5558 3588 5617 enim
3633 5549 3820 5609 ibidem

2224 5656 2438 5731 adjecit
2469 5672 2482 5714 ;
2543 5678 2571 5708 «
2632 5652 2936 5713 Consulite
2974 5651 3424 5715 commentarios
3449 5653 3683 5717 vestros,
3718 5635 3819 5695 illic
