4118 6182
354 341 501 402 1101

1258 346 1332 404 D.
1378 346 1476 405 LE
1521 342 1848 407 NOURRY
1893 340 2541 402 OBSERVATIONES
2588 342 2846 401 NOV1E.

3570 338 3757 405 1102

346 473 648 546 reperietis
679 475 936 546 primum
968 476 1256 533 Neronem
1288 478 1347 532 in
1381 477 1531 533 hanc
1586 480 1830 541 sectam,
1862 490 1995 529 cum
2028 485 2079 548 Α
2182 477 2255 530 At
2287 475 2557 547 quamvis
2590 474 2809 530 ethnici
2840 474 3040 531 omnia
3083 476 3209 547 ejus
3240 479 3372 531 acta
3427 480 3483 531 et
3530 477 3764 535 decreta

346 565 600 621 maxime
652 570 846 621 Romae
892 566 1196 635 orientem,
1237 569 1562 625 Caesariano
1613 566 1807 640 gladio
1852 567 2001 620 fero-

346 654 495 710 cisse
526 676 555 704 »
598 654 963 725 (Tertullian.
1032 657 1143 712 loc.
1179 657 1324 728 cit.).
1359 658 1474 713 Nos
1527 673 1659 712 vero
1719 657 1872 710 infra
1901 672 2001 710 ex-

349 743 698 814 plicabimus
730 762 835 800 cur
862 746 1052 817 prima
1083 746 1551 803 Christianorum
1581 746 1906 819 persecutio
1929 745 2001 799 ab

346 833 456 888 hoc
485 834 839 905 imperatore
870 835 1160 891 concitata
1190 837 1422 892 dicatur
1452 838 1701 907 (Dissert.
1752 838 1811 889 in
1869 836 1997 888 Luc.

356 921 536 977 Caecil.
570 922 674 981 lib.
705 924 769 978 de
798 930 961 980 mort.
995 927 1231 995 Perseo,
1270 942 1396 997 cap.
1429 928 1483 993 6,
1518 930 1625 980 art.
1664 928 1734 992 1).
1782 925 2000 987 Quam-

353 1013 553 1068 obrem
611 1012 759 1068 illud
836 1018 1067 1069 tantum
1135 1015 1577 1070 observabimus
1646 1014 1999 1085 quibusdam

351 1098 543 1156 visum
573 1101 758 1158 fuisse
802 1102 895 1158 his
925 1103 1138 1170 verbis,
1187 1105 1609 1159 commentarios
1653 1108 1874 1170 vestros,
1928 1101 1998 1157 ab

352 1192 603 1246 Auctore
661 1196 864 1247 nostro
903 1193 1198 1264 designari
1244 1198 1345 1248 aut
1391 1192 1635 1248 Cornelii
1668 1191 1853 1247 Taciti
1882 1194 1999 1246 An-

351 1280 536 1346 nales,
566 1285 669 1335 aut
708 1281 901 1351 potius
931 1282 1287 1353 descriptam
1321 1300 1354 1338 a
1414 1281 1693 1338 Suetonio
1753 1281 1998 1338 Neronis

350 1369 548 1424 vitam.
593 1368 740 1424 Nam
788 1369 927 1425 alibi
975 1369 1073 1426 ille
1126 1370 1289 1442 dixit,
1340 1372 1488 1427 Vitas
1530 1375 1811 1428 Caesarum
1858 1371 2000 1439 legi-

348 1474 510 1521 mus;
541 1459 807 1514 orientem
828 1459 987 1529 ﬁdem
1004 1461 1222 1530 primus
1243 1462 1381 1516 Nero
1403 1462 1709 1517 cruentavit
1730 1460 1996 1530 (Tertull.

348 1549 411 1601 de
441 1548 629 1619 Scorp.
664 1566 791 1620 cap.
826 1549 937 1621 15).
978 1550 1093 1605 Nec
1127 1567 1367 1622 prorsus
1417 1550 1887 1623 quidemvinepta
1916 1549 1998 1604 vi-

351 1639 521 1693 detur
548 1638 669 1693 haec
700 1638 1059 1708 conjectura.
1094 1640 1203 1694 Sed
1234 1640 1372 1711 quid
1406 1637 1999 1712 impedit,quomiuus

354 1728 910 1783 commentariorum
934 1730 1168 1785 nomine
1190 1729 1383 1786 adhuc
1405 1730 2001 1799 denotaveritjarcana

2103 564 2239 634 jure
2289 564 2497 619 merito
2556 564 2924 633 resciderint,
2973 581 3122 621 caeco
3173 569 3369 621 tamen
3420 564 3657 623 illorum
3704 567 3765 622 in

2111 652 2473 708 Christianos
2505 654 2698 709 furore
2739 655 2957 709 factum
2990 659 3098 719 est,
3129 663 3211 725 ut,
3261 657 3436 711 erasis
3487 657 3764 727 omnibus,

2112 742 2306 797 solum
2337 742 2583 797 Neronis
2618 744 2675 797 in
2728 742 2858 798 illos
2910 744 3190 799 decretum
3227 748 3625 815 permanserit.
3658 747 3766 801 Sed

2109 831 2504 887 Tertullianus
2533 849 2733 887 eorum
2792 831 3086 888 insaniam
3132 832 3428 889 irridendo
3490 834 3759 891 addidit:

2101 922 2319 989 justam
2351 921 2610 991 quidem,
2646 929 2708 975 ut
2749 924 3017 977 dissimile
3059 924 3150 977 sui
3172 924 3436 989 auctoris,
3487 924 3595 979 hoc
3647 930 3757 992 est,

2108 1014 2229 1063 tam
2262 1009 2556 1080 iniquum,
2590 1027 2769 1081 quam
2802 1011 3041 1082 ipsimet
3072 1011 3253 1083 impio
3280 1011 3513 1081 Neroni,
3546 1017 3603 1067 et
3623 1012 3756 1069 aliis

2110 1098 2379 1153 nefandis
2411 1100 2537 1168 ejus
2570 1099 2740 1155 factis
2772 1116 2837 1155 ac
2864 1099 3057 1155 simile
3089 1100 3218 1154 fuit.

2181 1206 2555 1277 Prosequitur
2603 1205 3005 1262 Tertullianus
3046 1225 3059 1262 :
3093 1230 3121 1256 ‹‹
3146 1211 3495 1263 Tentaverat
3535 1211 3592 1263 et
3641 1210 3755 1265 Do-

2110 1295 2412 1365 mitianus,
2444 1295 2633 1367 portio
2664 1296 2907 1352 Neronis
2936 1297 3007 1351 de
3038 1297 3402 1365 crudelitate,
3435 1300 3536 1354 sed
3570 1316 3686 1370 qua
3701 1302 3758 1355 et

2108 1384 2283 1440 homo
2332 1384 2493 1441 facile
2544 1389 2800 1457 coeptum
2856 1386 3156 1457 repressit,
3204 1386 3492 1442 restitutis
3555 1387 3754 1458 etiam,

2109 1489 2257 1544 quos
2286 1473 2644 1546 relegaverat
2677 1497 2704 1524 ››
2737 1473 3005 1545 (Tertull.
3040 1475 3318 1546 Apotoget.
3351 1476 3755 1547 cap.5,p.293).

2109 1562 2333 1618 Cuncta
2378 1580 2510 1620 vero
2564 1564 2688 1619 haec
2736 1564 2910 1619 verba
2951 1567 3145 1619 Graece
3196 1565 3424 1619 reddita
3472 1565 3758 1620 Eusebius

2110 1650 2329 1721 retulit,
2363 1652 2665 1724 aliumque
2721 1657 2932 1708 testem
2990 1654 3132 1709 citat
3183 1653 3603 1725 Hegesippum,
3659 1654 3761 1725 qui

2109 1742 2402 1797 memoriae
2434 1741 2676 1796 tradidit
2705 1741 3128 1809 Domitianum,
3165 1747 3482 1813 postquam
3514 1742 3761 1797 nonnul-

354 1832 459 1871 seu
490 1821 617 1872 acta
665 1816 901 1888 publica
949 1818 1373 1888 Romanorum,
1424 1818 1484 1873 in
1534 1819 1774 1890 quibus,
1826 1815 1999 1872 sicuti

359 1922 527 1927 _-_..__
565 1905 892 1927 _-L--_!_-___
930 1907 1053 1927 I-____
1123 1925 1211 1927 --μ
1290 1908 1325 1927 n
1406 1914 1481 1927 ,,,1
1556 1908 1607 1927 ΠΧ
1687 1904 1965 1927 ,μιμ--..λέ

2115 1830 2197 1884 los
2243 1829 2457 1885 Christi
2499 1834 2780 1901 cognatos
2834 1831 2905 1886 de
2955 1848 3063 1887 sua
3094 1830 3318 1902 origine
3378 1836 3435 1886 et
3493 1832 3759 1902 ejusdem

356 1922 537 1978 supra
564 1905 894 1963 notavimus
928 1907 1083 1979 (sup.
1116 1925 1241 1980 cap.
1290 1908 1346 1977 9,
1399 1914 1506 1963 art.
1555 1908 1631 1980 3),
1678 1904 2000 1963 extraordi-

355 1995 522 2050 naria
552 1995 701 2051 facta
732 1996 943 2052 litteris
974 1997 1320 2069 consignata
1351 1996 1895 2066 conservabantuc?

427 2101 734 2173 Utcunque
764 2118 855 2158 res
878 2119 939 2159 se
971 2103 1201 2173 habeat,
1233 2110 1387 2161 certe
1433 2105 1636 2177 religio
1669 2104 2003 2160 Christiana

354 2190 466 2246 hoc
513 2190 758 2258 Nerone,
830 2195 1077 2262 tyranno
1127 2194 1390 2249 omnium
1450 2194 1838 2265 nequissimo,
1889 2192 1999 2263 vel,

355 2279 853 2350 quemadmodum
904 2280 1166 2351 loquitur
1226 2282 1623 2339 Tertullianus
1694 2283 1997 2354 (Apologct.

354 2384 479 2439 cap.
512 2368 567 2437 5,
600 2384 657 2439 p.
690 2366 839 2439 293),
874 2370 978 2424 toti
1015 2370 1335 2426 dedicatore
1380 2373 1750 2427 damnationis
1798 2379 2000 2426 nostra

353 2457 524 2511 etiam
551 2456 842 2525 gloriatur.
876 2458 961 2512 Ab
992 2456 1092 2514 illo
1124 2458 1417 2531 siquidem
1450 2463 1749 2527 damnata,
1782 2476 1848 2515 eo
1872 2460 1999 2531 ipso

355 2546 509 2601 bona
535 2561 663 2602 esse
694 2550 750 2601 et
773 2563 907 2601 vera
937 2547 1238 2618 probatur.
1261 2549 1406 2605 Nam
1439 2550 1614 2605 sicuti
1646 2548 1742 2604 ille
1769 2550 1993 2622 pergit:

357 2657 384 2685 ‹‹
419 2634 525 2700 Qui
556 2635 666 2689 scit
694 2633 881 2703 illum,
914 2635 1238 2709 intelligere
1270 2642 1461 2709 potest
1488 2656 1603 2694 non
1637 2638 1748 2694 nisi
1781 2638 2002 2711 grande

356 2721 592 2793 aliquod
613 2722 833 2779 bonum
852 2726 1052 2780 I007
1082 2725 1348 2782 aNerone
1369 2728 1713 2782 damnatum
1736 2750 1764 2776 »
1789 2727 1999 2799 (Ibid.).

354 2812 462 2867 Sed
495 2812 616 2867 haec
654 2812 829 2884 paulo
862 2814 1057 2870 fusius
1108 2816 1489 2888 prosequitur
1519 2815 1579 2870 in
1612 2833 1717 2871 suo
1765 2817 1844 2871 ad
1890 2817 2000 2871 Na-

354 2901 529 2955 tiones
560 2900 707 2957 libro
741 2918 755 2958 :
792 2924 820 2952 «
850 2903 968 2957 Sub
1001 2903 1249 2973 Nerone,
1310 2905 1525 2975 inquit,
1583 2904 1883 2961 damnatio
1914 2906 2003 2960 in-

355 2989 555 3058 valuit,
588 2991 798 3061 utjam
830 2990 967 3045 hinc
998 2991 1069 3046 de
1116 3008 1364 3063 persona
1414 2994 1806 3065 persecutoris
1856 3011 2004 3065 pon-

353 3078 588 3135 deretis.
623 3080 679 3135 Si
714 3080 849 3151 pius
880 3079 977 3135 ille
1008 3080 1303 3153 princeps,
1351 3082 1518 3154 impii
1573 3082 1924 3150 Christiani;
1956 3081 2005 3137 si

350 3167 567 3238 justus,
612 3167 659 3222 si
697 3174 919 3236 castus,
954 3169 1161 3240 iniusti
1214 3177 1273 3225 et
1304 3171 1511 3227 incesti
1559 3172 1876 3228 Christiani
1909 3197 1922 3237 ;
1955 3172 2005 3227 si

2113 1918 2331 1974 Christi
2386 1935 2565 1991 regno
2626 1919 3064 1991 interrogasset,
3122 1918 3270 1974 nihil
3327 1920 3608 1976 adversus
3652 1936 3751 1977 eos

2113 2008 2392 2063 statuisse
2423 2008 2709 2079 asperius,
2743 2008 2845 2063 sed
2876 2008 3175 2063 dimisisse
3204 2007 3446 2077 liberos,
3486 2026 3551 2064 ac
3574 2009 3756 2066 misso

2110 2096 2300 2151 edicto
2331 2096 2742 2168 conpescuisse
2792 2100 3140 2152 commotam
3186 2096 3245 2150 in
3293 2097 3634 2153 Christianas
3665 2115 3751 2154 re-

2110 2184 2344 2255 ligionis
2400 2190 2736 2253 sectatores,
2812 2185 3328 2256 persecutionem:
3412 2190 3748 2240 καταπαῦσαι

2111 2268 2199 2326 διὰ
2247 2274 2661 2347 προστάγματος
2721 2272 2811 2325 τὸν
2862 2271 2997 2326 κατὰ
3043 2279 3140 2341 τῆς
3195 2270 3527 2343 Ἐκκλησίας
3587 2273 3752 2349 διωγ-

2115 2358 2214 2432 μόν
2246 2361 2481 2433 (Euseb.
2514 2362 2616 2416 lib.
2663 2379 2725 2416 III
2776 2362 2977 2417 Eccles.
3024 2362 3221 2418 Hister.
3262 2379 3387 2433 cap.
3421 2364 3510 2433 20,
3545 2380 3602 2435 p.
3635 2366 3747 2431 90).

2110 2450 2369 2523 Denique
2397 2453 2467 2507 de
2496 2456 2743 2522 utroque
2778 2450 3106 2507 Domitiano
3137 2456 3195 2506 et
3224 2450 3451 2507 Nerone
3481 2452 3601 2508 hare
3631 2458 3752 2507 Au-

2110 2544 2235 2596 ctor
2281 2545 2481 2597 noster
2523 2541 2781 2611 adjecit:
2816 2562 2845 2590 «
2891 2540 3061 2597 Tales
3106 2556 3339 2612 semper
3384 2541 3553 2597 nobis
3600 2542 3755 2597 inse-

2110 2635 2342 2685 cutores
2388 2629 2620 2700 injusti,
2666 2629 2854 2701 impii,
2906 2634 3129 2702 turpes,
3179 2646 3328 2701 quos
3371 2634 3427 2685 et
3475 2630 3588 2701 ipsi
3638 2632 3760 2702 (vos

2111 2718 2383 2791 gentiles)
2414 2720 2695 2774 damnare
2736 2719 3089 2784 consuestis,
3121 2736 3155 2774 a
3184 2720 3402 2791 quibus
3451 2720 3762 2777 damnatos

2112 2807 2421 2863 restituere
2452 2807 2610 2864 soliti
2637 2807 2778 2863 estis
2809 2830 2837 2859 ››
2870 2808 3137 2881 (Tertull.
3172 2808 3357 2880 ibid.).

2182 2924 2420 2979 Frustra
2450 2940 2583 2993 ergo
2628 2941 2693 2979 ac
2746 2941 2987 2997 prorsus
3043 2924 3237 2995 inepte
3286 2924 3463 2980 iidem
3512 2924 3759 2996 gentiles

2114 3013 2479 3068 conabantur
2512 3014 2716 3068 I008
2747 3029 2895 3068 vano
2927 3012 3275 3081 edictorum,
3308 3014 3379 3069 ab
3428 3013 3522 3068 his
3565 3012 3757 3084 impe-

2115 3101 2411 3157 ratoribus
2440 3102 2732 3171 datorum,
2769 3106 3050 3172 praetextu
3089 3118 3260 3157 suam
3292 3101 3352 3156 in
3403 3100 3764 3157 Christianos

2120 3206 2396 3245 excusare
2439 3189 2865 3247 crudelitatem.
2922 3192 2989 3245 At
3038 3192 3109 3246 de
3153 3196 3401 3262 utroque
3449 3190 3547 3247 illo
3578 3191 3765 3263 impe-

364 3272 477 3309 non
510 3235 700 3311 hostis
757 3235 1054 3328 publicus,
1091 3276 1198 3314 nos
1257 3259 1478 3331 publici
1535 3261 1772 3329 hostes;
1805 3235 2009 3332 quales

2123 3235 2396 3245 -..ν--..η
2441 3235 2865 3247 -.-πη-...μω
3039 3235 3109 3246 ..ν
3157 3235 3401 3262 .....,.,....
3450 3235 3546 3247 ...ν
3579 3235 3737 3263 ..κεν

2121 3283 2311 3334 ratore
2342 3278 2673 3334 Domitiano
2699 3284 2756 3334 et
2786 3280 3033 3350 Nerone,
3064 3284 3120 3335 et
3145 3284 3438 3335 commota
3483 3280 3766 3336 adversus

350 3343 539 3399 simus
581 3345 889 3401 damnator
921 3346 1018 3402 ille
1068 3348 1517 3418 demonstravit,
1553 3350 1757 3420 utique
1797 3349 2009 3405 aemula

351 3432 428 3503 (id
464 3438 575 3503 est,
616 3436 942 3491 contrarias
976 3438 1256 3507 pessimis
1288 3439 1414 3495 suis
1449 3440 1712 3495 moribus
1742 3440 2009 3511 virtutes)

352 3521 631 3592 puniens.
662 3528 727 3578 Et
753 3528 949 3581 tamen
984 3528 1330 3597 permansit,
1366 3528 1549 3584 erasis
1580 3529 1878 3596 omnibus,
1900 3529 2008 3584 hoc

356 3609 551 3666 solum
582 3611 922 3670 institutum
954 3614 1375 3687 Neronianum,
1402 3618 1631 3686 justum
1667 3618 2009 3687 denique,ut

355 3699 649 3756 dissimile
700 3702 789 3757 sui
843 3704 1099 3759 auctoris
1152 3727 1180 3753 ››
1234 3706 1434 3775 (Idem,
1487 3706 1589 3761 lib.
1626 3723 1641 3759 ι
1674 3707 1743 3761 ad
1786 3708 2002 3762 Nation.

356 3803 485 3860 cap.
516 3791 570 3843 7.
605 3808 660 3861 p.
687 3791 831 3860 567).

425 3895 552 3951 Non
584 3902 852 3968 poterant
882 3898 1063 3970 igitur
1093 3900 1342 3971 gentiles
1374 3902 1722 3958 Christianis
1756 3903 2006 3972 objicere

352 4000 415 4038 se
455 3983 685 4053 legibus
745 3986 819 4041 ab
867 3987 1222 4059 impiissimo
1267 3988 1368 4045 illo
1414 3995 1660 4061 tyranno
1705 3991 1857 4046 datis
1904 3992 2005 4046 ob-

348 4073 581 4145 stringi.
617 4074 814 4131 Prima
864 4076 1077 4148 quippe
1126 4076 1220 4133 lex
1263 4078 1322 4133 in
1373 4096 1472 4134 eos
1520 4078 1746 4134 sancite
1778 4082 1847 4135 ab
1880 4080 2001 4151 illo,

351 4161 456 4227 qui
487 4163 670 4219 tantis
720 4168 961 4236 tamque
1006 4165 1318 4223 horrendis
1359 4167 1678 4224 sceleribus
1725 4169 2003 4224 infamem

342 4251 523 4307 vitam
554 4253 1141 4321 duxit,manifestum
1178 4262 1332 4313 certe
1357 4257 1632 4314 omnibus
1664 4258 1799 4314 fecit
1823 4276 2001 4330 quam

347 4345 581 4396 castum
631 4347 689 4397 et
737 4343 1019 4399 innocens
1074 4350 1197 4401 erat
1258 4346 1731 4402 Christianorum
1773 4348 2001 4404 vivendi

354 4446 562 4500 genus.
599 4431 813 4487 Deinde
844 4449 976 4488 vero
1028 4432 1122 4489 ille
1161 4435 1451 4491 bonorum
1504 4436 1766 4492 omnium
1814 4438 2002 4493 hostis

350 4519 817 4588 infensissimus,
852 4521 997 4576 nihil
1030 4522 1142 4578 nisi
1192 4524 1408 4580 bonum
1443 4530 1501 4580 et
1552 4543 1785 4594 aequum
1834 4527 1999 4581 dam-

347 4607 546 4662 nabat.
582 4608 812 4664 Ethnici
839 4626 974 4681 ergo
1007 4611 1399 4681 iniquissimis
1430 4615 1558 4683 ejus
1588 4614 1814 4686 legibus
1849 4633 1998 4671 nun-
2029 4603 2076 4668 D

346 4713 526 4767 quam
578 4699 761 4754 teneri
811 4704 1125 4769 poterant;
1161 4718 1226 4756 ac
1268 4701 1578 4757 Christiani
1625 4704 1754 4772 jure
1794 4705 1999 4761 merito

343 4801 409 4839 se
440 4784 514 4839 ab
548 4785 784 4842 homine
813 4792 933 4843 tam
965 4788 1145 4860 impio
1177 4790 1486 4845 damnatos
1517 4808 1644 4845 esse
1673 4791 1999 4863 gloriaban-

341 4878 463 4926 tur.
499 4874 761 4946 Denique
796 4894 902 4932 sua
932 4877 1277 4933 crudelitate
1306 4884 1364 4933 et
1399 4879 1681 4936 inauditis
1710 4880 1999 4937 hactenus

344 4959 586 5030 ﬂagitiis
619 4963 845 5017 horrori
870 4964 1147 5020 omnibus
1177 4967 1323 5021 adeo
1355 4967 1487 5035 fuit,
1539 4972 1602 5022 ut
1632 4974 1840 5023 cuncta
1871 4970 1998 5040 ejus

338 5056 721 5106 monumenta
751 5053 962 5108 abrasa
987 5053 1326 5127 abolitaque
1382 5057 1621 5112 fuerint.
1672 5058 1815 5114 Nam
1847 5076 1878 5114 a
1906 5076 1995 5115 se-

341 5144 509 5193 natu.
545 5146 609 5194 ut
636 5140 717 5194 ait
765 5142 1102 5213 Suetonius,
1137 5145 1324 5200 hostis
1379 5145 1649 5216 publicus
1690 5148 1995 5217 judicatus

340 5235 453 5294 est;
488 5245 766 5299 moreque
799 5232 1089 5301 majorum
1122 5234 1458 5305 puniendus
1490 5235 1754 5304 (Sueton.
1780 5236 1881 5292 lib.
1913 5255 1991 5309 VI,

338 5315 404 5369 in
440 5316 542 5372 Vit.
574 5319 831 5386 Neronis,
865 5322 892 5387 §
921 5319 1034 5388 49).
1080 5322 1142 5377 In
1189 5322 1386 5379 Dionis
1434 5324 1694 5393 Epitome
1741 5326 1993 5398 legimus

336 5421 374 5460 a
426 5405 716 5463 militibus
766 5409 1162 5466 comminutas
1206 5417 1261 5467 et
1310 5413 1537 5469 dirutas
1585 5416 1714 5485 ejus
1766 5420 1992 5472 statuas

336 5493 557 5567 (Dion.,
590 5497 738 5567 Epit.
796 5514 857 5567 p.
902 5498 1047 5569 196),
1097 5516 1164 5555 ac
1196 5500 1246 5555 si
1293 5500 1608 5559 Plutarcho
1658 5504 1827 5577 ﬁdes,
1867 5506 1991 5578 Spi-

333 5583 511 5639 cillus
540 5583 942 5655 gladiator,iis
974 5604 1077 5659 per
1107 5590 1311 5647 urbem
1335 5591 1572 5663 raptim,
1592 5592 1651 5649 in
1682 5594 1807 5650 foro
1824 5596 1993 5651 obru-

330 5678 433 5731 tus
455 5678 817 5748 necatusque
838 5676 951 5733 fuit
968 5678 1358 5751 (Plutarch.in
1379 5682 1499 5739 Vita
1518 5682 1990 5758 Galbae,p.1056),

2116 3365 2480 3423 Christianos
2514 3369 2938 3440 persecutione,
2965 3369 3023 3424 in
3055 3368 3170 3424 alia
3201 3369 3613 3425 dissertatione
3643 3369 3759 3425 dis-

2118 3456 2459 3526 putabimus
2490 3459 2655 3527 (in/r.
2699 3474 2828 3530 cap.
2868 3459 2950 3526 16,
2984 3463 3094 3514 art.
3126 3460 3182 3524 3,
3238 3459 3460 3514 Dissert.
3520 3460 3580 3513 in
3633 3460 3764 3513 Luc.

2121 3545 2300 3611 Caecil,
2332 3563 2459 3618 cap.
2490 3549 2548 3613 6,
2581 3551 2690 3603 art.
2726 3548 2751 3601 1
2789 3553 2845 3604 et
2882 3551 2958 3619 2).

2188 3662 2502 3729 Caeterum,
2563 3662 2613 3717 si
2666 3662 2723 3717 hi
2785 3666 2899 3719 duo
2948 3664 3331 3735 nequisssimi
3384 3664 3768 3735 imperatores

2118 3752 2406 3822 quaedam
2433 3752 2716 3807 adversus
2735 3752 3095 3809 Christianos
3117 3752 3492 3809 sanciverunt
3519 3753 3769 3825 iniquis-

2117 3840 2299 3895 simas
2336 3839 2517 3911 teges,
2553 3846 2780 3897 constat
2816 3858 2956 3897 sane
2987 3841 3152 3908 alios,
3213 3844 3311 3913 qui
3373 3844 3563 3898 medio
3620 3843 3772 3899 inter

2114 3934 2433 4000 utrumque
2456 3935 2739 4001 tempore,
2762 3931 2849 3985 vel
2880 3936 3014 4002 post
3066 3931 3461 3986 Domitianum
3512 3934 3583 3987 ad
3636 3933 3769 3988 Ter-

2114 4016 2346 4072 tulliani
2400 4023 2629 4073 aetatem
2679 4035 3013 4090 regnavere,
3056 4024 3158 4074 aut
3222 4019 3589 4074 Christianos
3649 4037 3765 4076 non

2113 4106 2430 4177 vexavisse,
2464 4111 2566 4163 aut
2597 4107 2740 4179 ipsis
2774 4108 3109 4175 favisse,aut
3141 4106 3304 4162 nulla
3328 4108 3533 4163 tulisse
3563 4113 3767 4163 contra

2113 4193 2244 4249 illos
2273 4195 2483 4261 edicta,
2519 4196 2620 4250 sed
2654 4194 2850 4266 potius
2884 4195 3082 4267 priora
3121 4194 3543 4250 emendavisse.
3580 4196 3763 4259 Quam

2112 4288 2309 4338 autem
2345 4283 2400 4337 id
2435 4288 2662 4339 certum
2709 4284 2805 4354 sit,
2840 4300 3124 4357 agnosces
3176 4284 3431 4355 profecto
3484 4283 3575 4338 his
3628 4284 3765 4339 Ter-

2110 4372 2341 4426 tulliani
2372 4372 2585 4440 verbis,
2623 4373 2839 4445 quibus
2870 4373 3134 4428 ethnicos
3164 4373 3249 4428 sic
3282 4376 3553 4444 provocat
3585 4388 3597 4426 :
3636 4395 3662 4422 «
3686 4372 3767 4427 De

2110 4466 2193 4516 tot
2221 4462 2431 4517 exinde
2462 4462 2825 4533 principibus
2857 4463 2929 4518 ad
2964 4462 3337 4528 hodiernum,
3370 4461 3630 4517 divinum
3655 4462 3763 4517 hu-

2109 4566 2467 4622 manumque
2500 4551 2888 4622 sapientibus,
2938 4552 3091 4607 edite
3138 4551 3397 4623 aliquem
3452 4550 3769 4607 debellato-

2108 4656 2229 4694 rem
2288 4640 2758 4697 Christianorum
2795 4666 2815 4690 ι
2854 4640 3115 4713 (Tertull.
3175 4642 3450 4712 Apotoget.
3512 4657 3640 4712 cap.
3699 4642 3753 4710 5,

2107 4744 2164 4799 p.
2188 4729 2336 4798 294).
2371 4732 2496 4792 Qua
2525 4739 2740 4797 autem,
2776 4731 3040 4801 obsecro,
3073 4731 3261 4785 fronte
3290 4729 3558 4785 ethnicos
3601 4733 3762 4784 tanta

2108 4818 2421 4873 securitate
2451 4818 2803 4890 compellare
2835 4820 3109 4890 audebat,
3143 4819 3255 4874 nisi
3292 4818 3401 4874 hoc
3437 4818 3644 4874 fuisset
3671 4834 3764 4873 ve-

2107 4905 2455 4962 rissimum?
2483 4912 2550 4963 Et
2580 4913 2734 4963 certe
2768 4908 3205 4974 Melitenem,ab
3237 4907 3487 4962 Eusebio
3518 4908 3759 4962 citatum

2109 4996 2335 5065 (Euseb.
2373 4996 2472 5051 lib.
2524 5014 2584 5051 1v
2615 4998 2812 5053 Eccles.
2867 5000 3001 5053 Hist.
3051 5015 3178 5069 cap.
3229 4998 3319 5064 26,
3372 5015 3429 5068 p.
3490 4998 3631 5066 148),
3694 5013 3760 5052 ac

2106 5083 2305 5155 plures
2358 5085 2523 5154 alios,
2575 5087 2728 5142 sicut
2788 5088 2927 5142 alibi
2976 5087 3348 5143 ostendimus
3398 5087 3639 5154 (Dissert.
3696 5087 3755 5140 in

2107 5174 2230 5227 Luc.
2266 5175 2476 5241 σωθῶ,
2509 5191 2635 5245 cap.
2686 5176 2741 5241 6,
2796 5180 2904 5230 art.
2936 5176 3012 5247 3),
3055 5175 3264 5231 habuit
3312 5192 3430 5229 sua:
3470 5174 3755 5246 suifraga-

2102 5265 2258 5317 tores
2288 5266 2345 5317 et
2370 5268 2650 5333 patronos
2681 5264 3005 5332 sententiae,
3038 5282 3214 5336 quam
3247 5264 3371 5335 ipse
3404 5265 3593 5319 adhuc
3625 5279 3755 5319 con-

2102 5350 2315 5416 firmat,
2350 5351 2434 5406 uti
2465 5368 2534 5407 ex
2559 5352 2943 5424 sequentibus
2964 5354 3228 5410 articulis
3261 5353 3503 5424 patebit.

2723 5532 3042 5572 ARTICULUS
3066 5532 3128 5571 II.

2098 5618 2441 5689 Expenditur
2468 5630 2657 5677 utrum
2686 5627 2911 5680 Marcus
2938 5622 3194 5678 Aurelius
3230 5618 3565 5676 Christiana
3603 5618 3707 5674 reti
3718 5650 3744 5660 -

2169 5693 2324 5760 gioni
2346 5698 2644 5765 propterea
2694 5695 2921 5767 laverit,
2977 5694 3118 5768 quod
3167 5692 3471 5751 Christiani
3524 5692 3739 5748 milites
