4118 6182
395 353 554 418 1103

919 351 1447 416 TElt'I‘ULLIANI
1495 351 1809 412 OPERUM
1861 349 2058 411 PARS
2108 351 2259 410 1.-
2294 345 2564 410 SEillES
2612 348 2656 422 l,
2704 347 3268 411 APOLOGETICA.

3617 352 3746 413 1101

468 490 739 545 exercitui
767 490 900 560 ejus,
931 489 1032 542 siti
1059 496 1302 551 enecato,
1335 485 1566 540 imbrem
1595 502 1704 539 non
1754 487 1874 538 sine
1920 501 2038 560 ma-
2072 485 2126 547 Α
2155 484 2325 538 torsit
2355 483 2608 554 pluviam
2641 483 2832 552 (Dion.
2866 484 3005 553 Epit.
3058 499 3115 553 p.
3164 483 3310 547 274).
3362 484 3618 546 Quamvis
3662 502 3748 539 au-

467 577 572 633 gno
618 557 890 633 miraculo
939 576 972 613 a
1021 560 1123 613 Deo
1171 560 1612 633 impetraverint,
1659 557 2041 633 achquomorio

467 628 665 688 iisdem
697 632 1030 686 Christianis
1057 647 1239 701 pzenas
1271 632 1550 700 impositas
1584 646 1692 683 non
1723 628 2037 694 dimoverit,

467 706 558 760 sed
585 705 777 777 palam
805 704 1141 774 disperserit.

466 847 695 904 Ethnici
730 845 1140 917 injustissimis
1172 844 1560 915 pessimorum
1614 843 2038 914 imperatorum

396 938 628 1010 legibus
666 937 736 992 ad
769 936 1131 993 Christianos
1163 934 1662 990 excarnificandos
1705 949 1770 987 eo
1822 933 2043 1001 majore

399 1029 776 1101 perversitate
835 1025 1245 1092 abutebantur,
1296 1039 1410 1094 quo
1477 1022 1695 1077 certius
1765 1025 2043 1076 noverant

398 1117 570 1189 longe
601 1116 870 1172 meliores
912 1115 1093 1169 fuisse
1124 1129 1261 1170 suos
1292 1113 1696 1183 imperatores,
1731 1110 1826 1180 qui
1860 1116 1960 1164 aut
1984 1111 2039 1164 in

401 1207 638 1262 illorum
670 1206 917 1278 gratiam
954 1206 1214 1258 fecerunt
1245 1203 1497 1268 decreta,
1532 1204 1633 1255 aut
1662 1217 1861 1254 eorum
1919 1201 2042 1254 fau-

399 1301 554 1352 tores
585 1297 820 1351 fuerunt
842 1298 898 1348 et
926 1292 1275 1348 defensores.
1315 1289 1659 1346 Nominibus
1689 1294 1885 1343 autem
1919 1289 2043 1343 suis

398 1385 795 1441 Tertullianus
820 1383 952 1437 illos
983 1379 1258 1453 appellat,
1293 1380 1391 1434 sed
1425 1396 1537 1434 non
1578 1383 1804 1434 servato
1837 1378 2042 1432 unius-

401 1475 684 1544 cujusque
713 1471 901 1527 setatis
927 1469 1145 1524 ordine.
1182 1469 1421 1523 Orditur
1450 1468 1606 1522 enim
1650 1485 1682 1522 a
1714 1468 1904 1522 Marco
1925 1469 2042 1521 Au-

396 1562 562 1628 relio,
596 1577 770 1633 quem
819 1559 1279 1613 Christianorum
1325 1562 1681 1626 protectore-171
1738 1558 1917 1611 fuisse
1950 1573 2041 1610 as-

401 1654 645 1708 severat.
683 1649 797 1705 Nec
827 1647 1006 1709 ullus,
1052 1647 1265 1718 inquit,
1318 1662 1580 1716 unquam
1642 1646 1990 1700 difﬁtebitur
2026 1663 2038 1700 :

402 1763 430 1790 ‹‹
453 1739 512 1794 Si
543 1739 747 1794 litterae
787 1737 946 1792 illius
977 1735 1307 1807 gravissimi
1339 1734 1712 1805 imperatoris
1745 1735 2041 1806 requiran-

399 1828 739 1900 tur,quibus
766 1826 924 1881 illam
957 1826 1364 1880 Germanicam
1383 1824 2038 1890 sitim,(‘hristianorum

404 1919 548 1972 forte
579 1914 830 1970 militum
863 1913 1298 1987 precationibus
1330 1913 1639 1983 impetrato
1698 1913 1894 1976 imbri,
1928 1913 2043 1967 dis—

403 2022 638 2061 cussam
689 2008 1052 2059 contestatur
1096 2024 1122 2050 »
1175 2002 1438 2072 (Tertull.
1492 2003 1763 2072 Apotoget.
1824 2019 1952 2073 cap.
1985 2003 2038 2067 5,

401 2113 460 2167 p.
492 2094 638 2164 295).
671 2097 904 2148 Certum
937 2092 1196 2162 quidem,
1224 2107 1289 2144 ac
1321 2091 1584 2144 unanimi
1613 2091 1896 2152 omnium,
1922 2091 2043 2145 sive

401 2182 732 2256 gentilium,
757 2181 875 2236 sive
905 2179 1366 2234 Christianorum
1409 2196 1696 2234 consensu
1733 2180 2041 2250 probatum

401 2277 490 2328 est
520 2272 640 2326 hinc
670 2269 1001 2339 contigisse,
1035 2285 1167 2323 cum
1205 2269 1432 2324 Marcus
1461 2269 1730 2323 Aurelius
1763 2270 2042 2323 adversus

397 2366 716 2415 Germanos
771 2375 836 2414 ac
879 2360 1177 2413 Sarmatas
1245 2363 1634 2428 pugnaturus,
1712 2359 1893 2412 aciem
1961 2357 2044 2411 in-

398 2453 670 2506 strueret.
701 2452 844 2502 Tum
902 2447 1117 2517 quippe
1147 2447 1275 2516 ejus
1327 2446 1564 2511 milites,
1613 2448 1711 2517 qui
1763 2447 1856 2500 siti
1908 2463 2040 2501 ene-

398 2539 703 2604 cabantur,
735 2537 1026 2606 inpetrato
1069 2534 1296 2589 caelitus
1328 2535 1531 2603 imbre,
1586 2535 1826 2590 recreati
1880 2539 2037 2589 sunt.

398 2629 507 2683 Sed
543 2627 601 2680 in
635 2625 878 2680 dubium
923 2624 1135 2694 aliquis
1171 2625 1395 2678 vocabit
1428 2630 1623 2678 utrum
1671 2625 2038 2680 ethnicorum

400 2715 487 2771 vel
518 2712 984 2771 Christianorum
1017 2713 1286 2783 precibus
1319 2712 1594 2767 obtentus
1627 2713 1823 2768 fuerit.

470 2821 674 2876 Plures
706 2835 952 2890 namque
983 2818 1298 2890 scriptores
1328 2818 1545 2872 ethnici
1590 2819 1743 2873 hunc
1794 2819 2038 2875 imbrem

401 2909 719 2982 precationi
742 2908 1057 2980 pietatique
1075 2909 1336 2977 ejusdem
1357 2906 1724 2978 imperatoris
1738 2914 2039 2979 acceptum

400 3001 680 3056 referunt.
737 2997 970 3052 Primus
1021 3001 1215 3051 autem
1276 2996 1504 3051 existis
1557 2998 1809 3051 occurrit
1874 2999 2041 3053 nobis

397 3087 780 3162 Capitolinus,
814 3089 984 3156 cujus
1015 3085 1134 3140 haec
1173 3090 1312 3140 sunt
1342 3087 1412 3139 de
1462 3084 1561 3140 illo
1592 3087 1765 3141 verba
1795 3104 1806 3140 :
1845 3109 1870 3136 ‹‹
1909 3087 2038 3142 Ful-

399 3194 531 3233 men
563 3179 634 3232 de
661 3176 864 3231 I009
897 3173 1037 3228 coelo
1070 3175 1339 3244 precibus
1371 3173 1495 3227 suis
1528 3179 1730 3228 contra
1781 3175 2035 3229 hostium

397 3265 934 3322 machinamentum
967 3262 1228 3328 extorsit,
1281 3263 1405 3317 suis
1461 3262 1655 3333 pluvia
1705 3263 2034 3335 impetrata,
2070 3233 2112 3298 Ο

398 3371 528 3411 cum
562 3354 658 3410 siti
692 3353 1023 3423 laborarent
1057 3375 1084 3400 »
1117 3351 1381 3422 (Capitol.
1419 3352 1475 3404 in
1518 3353 1628 3406 Vita
1662 3355 1740 3406 Μ.
1774 3354 2035 3408 Antonin.

397 3459 454 3515 p.
487 3443 634 3512 305).
675 3441 882 3497 Fusius
915 3457 1044 3496 vero
1075 3438 1437 3494 Themistius
1487 3439 1717 3510 publica
1749 3441 1818 3494 ad
1853 3442 2037 3496 Theo-

397 3532 627 3588 dosium
670 3530 930 3587 oratione
965 3546 976 3583 :
1009 3526 1317 3598 Ἀντωνίνῳ
1339 3531 1417 3597 τῷ
1450 3528 1734 3598 Ῥωμαίων
1777 3529 2038 3603 αὑτοκρά·

395 3638 513 3691 τορι
545 3622 640 3672 τοῦ
671 3616 1068 3690 στράτεύματος
1121 3616 1223 3668 ὑπὸ
1276 3613 1464 3688 δίψους
1515 3615 1660 3688 αὐτῷ
1690 3618 2036 3690 πιεζομένου,

397 3706 644 3781 ανασχὼν
701 3705 778 3758 τὼ
835 3709 988 3778 χεῖρε
1045 3705 1072 3757 ὁ
1140 3703 1393 3777 βασιλεὺς
1450 3705 1585 3778 πρὸς
1639 3706 1731 3759 τὸν
1784 3707 2034 3782 οὐρανὸν,

397 3794 598 3869 Ταύτῃ,
658 3789 782 3872 ἔφη,
842 3797 910 3866 τῇ
970 3794 1114 3868 χειρί
1175 3792 1599 3868 προύτρεψάμην
1657 3815 1733 3862 σε,
1793 3795 1880 3848 καὶ
1930 3796 2038 3848 ἱκέ-

395 3904 557 3939 τευσα
583 3884 673 3938 τὸν
729 3888 874 3952 ζωῆς
922 3879 1147 3957 δοτῆρα,
1279 3885 1419 3950 ζωὴν
1454 3882 1548 3936 οὐκ
1598 3881 1907 3959 ἀφελόμην,
1951 3884 2039 3938 καὶ

398 3972 541 4028 οὕτω
571 3970 834 4048 κατῄδεσε
881 3974 972 4027 τὸν
1023 3974 1150 4028 Θεὸν
1206 3978 1274 4046 τῇ
1333 3974 1496 4048 εὐχῇ,
1551 3975 1686 4028 ὥστε
1730 3975 1778 4045 ἐξ
1833 3975 2042 4048 αἶϐρίας

394 4063 566 4133 ἦλθον
622 4061 839 4142 νεφέλαι
895 4061 1290 4141 ὑδροφοροῦσαι
1337 4070 1455 4123 τοῖς
1497 4065 1873 4134 στρατιώταις.
1907 4068 2037 4121 Cum

392 4156 660 4210 Antonini
690 4156 1060 4210 Romanorum
1086 4156 1434 4225 imperatoris
1461 4157 1730 4210 exercitus
1759 4157 1854 4210 siti
1901 4157 2042 4212 tabo-

389 4254 560 4311 raret,
590 4261 789 4301 manus
821 4245 916 4300 ille
946 4245 1016 4298 ad
1045 4243 1240 4298 eretum
1285 4245 1461 4298 erexit
1494 4260 1506 4299 :
1540 4245 1649 4298 Hae
1693 4261 1790 4313 ego
1845 4263 2036 4314 manu,

388 4336 663 4404 inquiens,
695 4335 928 4406 supplex
969 4338 1019 4388 te
1042 4334 1273 4404 placare
1305 4333 1474 4404 nolui,
1509 4338 1560 4387 et
1591 4337 1746 4388 oravi
1772 4338 1903 4390 vitm
1934 4337 2040 4388 lar-

386 4423 639 4494 gitorem,
689 4440 798 4494 qua
845 4423 994 4477 nulli
1048 4438 1170 4476 eam
1228 4424 1458 4492 eripui:
1490 4438 1661 4493 eaque
1717 4439 1872 4492 prece
1931 4425 2036 4478 sibi

384 4513 630 4583 placasse
675 4527 901 4580 numen,
942 4527 1008 4566 ae
1035 4513 1222 4566 statim
1266 4513 1566 4564 serenitate
1613 4514 1786 4581 farta,
1839 4528 2037 4581 magna

2151 575 2265 626 tem
2302 571 2632 643 Xiphilinus
2667 571 2905 625 Dionem
2937 569 3018 624 ibi
3054 569 3337 624 mendacii
3382 585 3606 642 arguere
3632 572 3752 627 totis

2149 660 2330 715 animi
2364 661 2586 715 viribus
2616 660 2876 715 enitatur
2904 658 3145 730 (Xiphil.
3170 658 3303 714 ibid.
3339 676 3393 730 p.
3435 659 3577 729 275),
3604 659 3753 716 Clau-

2150 749 2359 804 dianus
2389 745 2876 816 tamen;incertus
2909 747 3210 820 animique
3241 748 3756 822 dubius,utramque

2151 837 2480 909 Opinionem
2517 837 2609 894 his
2641 837 2910 909 exposuit
2940 837 3207 892 versibus
3241 855 3253 892 :

2311 1009 2322 1022 .
2395 1012 2404 1020 .
2474 1009 2486 1022 .
2555 973 2802 1024 Chaldma
2836 987 2990 1037 mago
3020 987 3112 1022 seu
3143 973 3378 1022 carmina
3407 975 3508 1022 ritu

2313 1039 2596 1086 Armavere
2628 1037 2774 1098 deos,
2807 1051 2898 1085 seu
2934 1037 3076 1099 quod
3108 1050 3244 1097 reor,
3277 1049 3433 1085 omne
3460 1037 3690 1085 Tonantis

2308 1101 2630 1162 Obsequium
2659 1099 2822 1149 Marci
2853 1113 3029 1149 mores
3059 1103 3280 1162 potuere
3311 1099 3494 1149 mereri

2246 1180 2554 1240 (Claudian.
2585 1179 2649 1228 de
2677 1182 2809 1228 sext.
2839 1179 3056 1228 Honorii
3086 1177 3282 1228 consul.
3317 1193 3368 1228 γ.
3401 1181 3486 1228 357
3519 1182 3569 1228 et
3596 1181 3759 1242 seqq.)

2225 1324 2334 1379 Sed
2368 1325 2476 1380 hoc
2526 1324 2896 1380 ethnicorum
2947 1331 3005 1379 et
3061 1328 3327 1379 notatum
3379 1341 3411 1378 a
3458 1323 3761 1396 Lampridio

2154 1413 2426 1483 dubium,
2459 1430 2576 1469 non
2609 1413 2868 1480 aliunde,
2900 1429 3078 1484 quam
3110 1430 3177 1468 ex
3206 1411 3400 1467 innato
3430 1411 3486 1466 in
3516 1412 3763 1467 Christia-

2153 1518 2260 1557 nos
2309 1503 2441 1557 odio
2491 1520 2557 1558 ac
2596 1501 2770 1558 solita
2817 1501 2876 1556 in
2932 1502 3228 1573 principes
3277 1519 3414 1557 suos
3463 1501 3764 1556 adulatione

2153 1589 2412 1644 manavit
2440 1590 2764 1662 (Lamprid.
2799 1590 2857 1644 in
2897 1591 3012 1645 Vita
3037 1590 3312 1660 lletiogab.
3347 1607 3401 1661 p.
3436 1589 3577 1660 141).

2225 1679 2510 1734 Eusebius
2541 1678 2834 1750 siquidem
2861 1679 2994 1749 jure
3038 1695 3281 1750 prorsus
3340 1679 3542 1733 merito
3584 1678 3766 1733 asserit

2152 1769 2431 1836 majorem
2465 1768 2794 1822 habendam
2828 1767 3004 1844 ﬁdem
3028 1767 3417 1839 scriptoribus
3450 1765 3763 1837 nostris,qui

2074 1873 2119 1936 B
2152 1858 2412 1912 veritatis
2444 1856 3074 1928 cultores,simpliciter
3102 1857 3430 1928 etingenue
3452 1871 3568 1912 rem
3599 1856 3762 1927 ipsam

2156 1945 2368 2001 litteris
2419 1947 2764 2001 mandavere
2821 1946 3057 2016 (Euseb.
3121 1945 3225 2001 lib.
3285 1963 3342 2014 v,
3391 1946 3582 2002 Eccles.
3645 1947 3764 2000 Hist.

2154 2051 2276 2104 cap.
2305 2035 2362 2099 5,
2393 2051 2522 2106 pag.
2560 2034 2702 2104 169).
2741 2039 2818 2089 Ne
2849 2034 2981 2106 quis
3011 2049 3144 2089 vero
3178 2035 3352 2089 ﬁdem
3387 2033 3499 2106 ipsi
3543 2035 3763 2105 denega-

2154 2130 2260 2188 ret,
2294 2125 2440 2178 duos
2470 2126 2609 2178 citat
2652 2130 2852 2191 testes,
2897 2140 3146 2194 quorum
3181 2125 3410 2194 primus
3442 2127 3528 2178 est
3571 2121 3764 2194 Apolli-

2153 2213 2332 2278 naris,
2389 2211 2488 2283 qui
2539 2212 2771 2283 scriptis
2822 2211 3141 2266 tradiderat
3200 2211 3282 2266 illi
3333 2211 3764 2267 Christianorum

2154 2301 2407 2356 militum
2441 2301 2654 2372 legioni
2688 2316 2900 2355 nomen
2957 2299 3266 2355 Fulminea:
3315 2301 3528 2356 idcirco
3575 2301 3640 2355 ab
3669 2304 3764 2354 Au-

2153 2389 2292 2444 relio
2334 2390 2686 2460 imperatore
2750 2389 3029 2452 inditum,
3101 2389 3235 2460 quia
3301 2389 3546 2444 imbrem
3622 2390 3762 2443 illum
3863 2399 3873 2412 ’

2153 2477 2433 2533 divinitus
2465 2477 2895 2549 impetraverat.
2931 2480 3002 2531 At
3046 2477 3316 2548 gentiles,
3370 2482 3588 2548 captata
3635 2477 3761 2532 haud

2152 2568 2328 2621 dubie
2357 2567 2533 2637 huius
2563 2566 2932 2638 cognominis
2963 2566 3289 2633 occasione,
3322 2567 3386 2621 id
3421 2585 3453 2621 a
3500 2567 3630 2622 Jove
3678 2566 3765 2620 ful-

2155 2655 2414 2710 minante
2465 2659 2682 2710 factum
2736 2656 3054 2710 tinxerant.
3125 2656 3436 2711 Secundus
3483 2657 3659 2719 testis,
3705 2656 3763 2709 ab

2152 2745 2401 2800 Eusebio
2432 2745 2730 2811 laudatus,
2784 2749 2981 2798 noster
3027 2748 3116 2798 est
3160 2743 3572 2811 Tertullianus,
3621 2746 3763 2814 cujus

2152 2833 2507 2902 transcripta
2531 2851 2560 2888 a
2592 2833 2762 2888 nobis
2785 2831 3127 2904 Apologetici
3154 2834 3330 2889 verba
3361 2837 3548 2888 Graece
3570 2833 3764 2888 reddita

2153 2923 2366 2978 citavit.
2420 2925 2484 2976 At
2532 2926 2756 2993 poterat
2802 2921 3045 2993 insuper
3090 2920 3273 2976 alium
3326 2921 3506 2977 citare
3546 2923 3662 2992 ejus
3706 2920 3762 2974 li-

2153 3012 2450 3077 brum,ubi
2485 3028 2597 3066 non
2632 3010 2828 3065 minus
2862 3010 3014 3066 clare
3045 3015 3102 3065 et
3123 3017 3526 3068 asseveranter
3543 3012 3764 3066 afﬁrmat

2151 3102 2307 3156 hunc
2341 3100 2676 3155 mirandum
2705 3100 2948 3155 imbrem
2983 3117 3016 3155 a
3045 3099 3159 3156 Deo
3190 3099 3485 3156 indultum
3518 3099 3763 3156 Christia-

2155 3207 2362 3245 norum
2396 3188 2649 3244 militum
2677 3187 3053 3260 precibus.Ad
3079 3188 3394 3260 Scapulam
3424 3190 3572 3245 enim
3603 3187 3762 3244 ethni-

2153 3297 2284 3334 cum
2318 3278 2622 3350 prmsidem
2658 3285 2776 3332 haec
2808 3278 3046 3349 scripsit
3078 3295 3091 3334 :
3122 3301 3147 3328 ‹‹
3182 3282 3414 3333 Marcus
3443 3276 3760 3334 Aureliusiu

2152 3367 2497 3423 Germanica
2518 3366 3380 3438 expeditione,Christianorum
3402 3367 3640 3422 militum
3663 3381 3764 3420 cra-

2149 3457 2408 3512 tionibus
2441 3457 2509 3511 ad
2536 3456 2719 3510 Deum
2755 3455 2939 3525 factis,
2975 3455 3193 3510 imbres
3226 3455 3285 3510 in
3318 3456 3418 3511 siti
3469 3455 3566 3510 illa
3609 3453 3762 3526 impe-

2149 3546 2344 3601 travit.
2390 3545 2630 3610 Quando
2710 3561 2823 3597 non
2879 3541 3420 3613 geniculationibus
3487 3545 3677 3600 1010
3717 3546 3762 3596 et

2143 3635 2612 3706 jejunationibus
2662 3632 2875 3687 nostris
2924 3631 3098 3686 etiam
3169 3632 3469 3690 siccitates
3509 3639 3641 3689 sunt
3681 3631 3759 3686 de-

2151 3724 2331 3795 pulsa:
2351 3725 2378 3778 ?
2406 3728 2566 3777 Tunc
2596 3727 2651 3777 et
2681 3720 2934 3792 populus
2983 3721 3317 3776 acclamans
3366 3725 3475 3779 Deo
3524 3723 3758 3780 deorum.

2150 3815 2248 3885 qui
2284 3813 2446 3868 solus
2478 3816 2681 3884 potens
2712 3816 2820 3879 est,
2851 3809 2908 3864 in
2953 3810 3112 3865 Jovis
3143 3812 3382 3867 nomine
3432 3813 3543 3868 Deo
3591 3813 3761 3865 nostro

2149 3901 2555 3957 testimonium
2589 3899 2841 3955 reddidit
2874 3921 2900 3946 »
2942 3898 3206 3970 (Tertull.
3240 3899 3310 3954 ad
3343 3901 3507 3972 Scep.
3556 3917 3668 3970 cap.
3701 3897 3763 3964 4).

2151 3992 2230 4045 Ex
2261 3991 2354 4045 his
2385 4006 2554 4060 porro
2585 3987 2778 4043 verbis
2828 3986 2997 4042 facile
3029 3986 3464 4044 animadvertes
3499 3987 3634 4043 nihil
3662 3986 3760 4058 pla-

2152 4097 2222 4134 ne
2253 4080 2470 4134 mirum
2494 4094 2639 4144 esse,
2675 4076 2722 4131 si
2756 4076 3070 4147 scriptores
3101 4076 3318 4131 ethnici
3358 4077 3518 4133 illam
3553 4074 3761 4132 mirabi-

2152 4170 2262 4224 lem
2299 4169 2553 4240 pluviam
2587 4183 2618 4220 a
2645 4165 2785 4220 Jove
2815 4182 2921 4221 suo
2954 4181 3291 4220 concessam
3347 4163 3759 4226 venditaverint,

2151 4259 2249 4332 qui
2282 4257 2548 4313 solebant
2578 4255 2713 4310 huic
2743 4253 2958 4310 similia
2989 4254 3292 4322 miracula,
3324 4255 3757 4310 Christianorum

2151 4347 2422 4419 precibus
2456 4347 2624 4410 facta,
2659 4345 2846 4398 eidem
2877 4342 3005 4397 Jovi
3035 4343 3311 4398 tribuere.
3341 4344 3454 4398 Sed
3487 4348 3550 4398 ut
3577 4340 3762 4411 Optime

2150 4435 2546 4491 Tertullianus
2597 4431 2863 4501 advertit,
2928 4447 3063 4486 vero
3114 4436 3172 4487 et
3235 4431 3619 4506 omnipotenti
3664 4434 3756 4483 Deo

2149 4532 2368 4591 nostro,
2400 4525 2560 4580 Jovis
2590 4521 2849 4588 nomine,
2882 4521 3284 4592 imprudentes
3317 4527 3376 4578 et
3400 4522 3559 4578 inviti
3597 4517 3755 4575 accla-

387 4599 652 4654 imbrium
680 4601 836 4671 capia
866 4601 940 4654 ad
968 4601 1272 4654 militarem
1321 4599 1622 4653 sedandam
1668 4601 1818 4654 sitim
1851 4603 2036 4672 erupit
2066 4606 2110 4670 D
2147 4617 2407 4671 (nabant,

387 4686 697 4757 (Themist.
731 4691 878 4742 orat.
916 4688 1000 4753 15,
1032 4688 1112 4742 ad
1143 4687 1391 4743 Theodos.
1427 4705 1480 4758 p.
1518 4688 1662 4757 191).
1712 4689 1858 4743 Tum
1895 4706 2030 4744 con-

385 4775 552 4829 tinuo
583 4775 811 4829 addidit
851 4793 911 4830 se
954 4776 1292 4830 meminisse
1325 4777 1507 4830 visam
1558 4795 1592 4830 a
1625 4794 1686 4832 se
1720 4778 2028 4848 picturam,

383 4863 442 4917 in
475 4863 733 4933 imagine
763 4864 1140 4936 descriptam,
1175 4864 1234 4919 in
1268 4883 1381 4936 qua
1415 4866 1727 4937 imperator
1761 4867 2028 4922 mediain

382 4951 674 5024 phalange
728 4954 919 5024 pictus
967 4972 1032 5008 ac
1081 4954 1296 5009 milites
1347 4957 1528 5025 galeis
1582 4956 1824 5010 imbrem
1877 4957 2029 5010 exci-

380 5039 611 5112 pientes
642 5045 1532 5114 repraasentabantur.l3urouius
1568 5063 1698 5101 vero
1733 5047 2027 5116 specimen

381 5129 647 5186 exhibuit
692 5132 997 5189 columnae.
1049 5133 1101 5186 in
1138 5150 1253 5203 qua
1310 5133 1593 5188 miriﬁcus
1635 5134 1730 5189 ille
1778 5136 1966 5189 imber
1995 5152 2028 5189 a

378 5218 518 5274 Jove
565 5218 759 5291 pluvio
807 5228 863 5276 et
912 5222 1260 5276 l'ulminantc
1311 5240 1625 5279 concessus
1671 5225 2030 5296 conspicitur

381 5309 611 5380 (Baron.
644 5311 714 5364 ad
736 5329 828 5367 an.
863 5313 1071 5369 Christi
1104 5313 1225 5377 170,
1258 5315 1285 5379 ξ
1312 5312 1420 5380 2-1).

454 5417 512 5470 In
545 5415 746 5474 Dionis
779 5423 975 5473 tamen
1008 5416 1270 5486 Epitome
1314 5415 1566 5486 legimus
1614 5419 1766 5474 fama
1799 5418 2024 5491 pervul-

371 5511 575 5577 gatum
607 5509 965 5579 quibusdam
998 5505 1241 5576 magicis
1293 5507 1518 5561 artibus
1569 5507 1900 5564 invocatum
1950 5509 2024 5564 ab

370 5595 636 5666 Arnuphi
674 5613 843 5668 mago
874 5595 1132 5666 Egyptio
1177 5594 1550 5664 Mercurium,
1605 5597 1888 5669 aliosque,
1921 5599 2020 5670 qui

371 5682 432 5739 in
464 5699 594 5740 aere
625 5685 869 5759 degunt,
901 5685 1196 5740 daemones
1236 5699 1488 5754 quorum
1519 5701 1693 5758 opera
1723 5687 1872 5743 hanc
1921 5704 2021 5742 ex-

2215 4708 2284 4759 At
2317 4707 2534 4774 quaeret
2568 4701 2807 4755 forsitan
2836 4697 3052 4770 aliquis
3075 4715 3180 4754 cur
3205 4698 3300 4754 ille
3332 4701 3441 4756 hoc
3472 4697 3757 4772 posteriore

2145 4794 2200 4846 in
2249 4795 2370 4848 loco
2416 4798 2533 4846 tam
2609 4791 2898 4844 afﬁrmate
2947 4787 3412 4859 pronuntiaverit
3458 4789 3606 4842 hunc
3653 4784 3752 4838 im-

2142 4884 2300 4938 brem
2335 4881 2680 4936 Christianis
2714 4877 3146 4950 precationibus
3177 4893 3540 4940 concessum,
3567 4874 3679 4946 qui,
3706 4871 3752 4924 in

2141 4973 2502 5044 Apologetieo,
2559 4968 2901 5024 adverbium
2962 4966 3108 5040 forte
3169 4965 3414 5021 addidit.
3486 4958 3750 5033 Numquid

2141 5061 2457 5132 aliquando
2487 5059 2596 5114 hac
2627 5059 2697 5112 de
2732 5074 2788 5111 re
2816 5055 2984 5110 haesit
3013 5054 3253 5123 dubius,
3285 5059 3382 5110 aut
3419 5053 3560 5108 illud
3585 5051 3755 5105 adver-

2141 5150 2299 5204 bium
2353 5148 2531 5203 textui
2578 5147 2706 5217 ejus
2757 5147 3104 5216 praepostere
3154 5142 3438 5198 insertum
3480 5139 3750 5197 estiNon

2139 5238 2293 5294 enim
2328 5243 2511 5292 exstat
2544 5236 2599 5289 in
2635 5236 2829 5289 Graeco
2859 5231 3094 5287 Eusebii
3130 5235 3312 5287 textu.
3346 5231 3454 5287 Sed
3490 5230 3539 5284 id
3572 5230 3752 5283 contra

2138 5328 2404 5384 codicum
2443 5325 2977 5394 manuscriptorum
3015 5320 3191 5375 ﬁdem
3227 5335 3482 5376 asserere
3514 5334 3619 5372 non
3660 5329 3747 5368 au-

2137 5419 2575 5473 demusNonne
2602 5429 2737 5485 ergo
2757 5407 3140 5466 verisimilius
3165 5413 3255 5464 est
3276 5408 3414 5464 illud
3438 5402 3742 5463 adverbium

2137 5525 2250 5564 non
2285 5503 2612 5561 dubitantis
2652 5518 2801 5570 esse,
2851 5499 2950 5555 sed
3002 5497 3302 5553 irridentis
3345 5495 3614 5554 ethnicos,
3658 5486 3742 5558 qui

2135 5599 2291 5653 hunc
2323 5596 2564 5650 imbrem
2599 5610 2632 5649 a
2664 5591 2867 5647 ﬁctitio
2899 5605 3005 5644 suo
3037 5586 3174 5643 Jove
3218 5588 3417 5645 datum
3447 5584 3612 5642 stulto
3637 5575 3744 5649 opi-

2134 5705 2172 5745 n
