4118 6182
401 331 555 392 1105

1316 334 1386 392 D.
1435 334 1529 394 LE
1574 334 1896 396 NOURRY
1944 335 2593 396 OBSERVATIONES
2640 335 2896 396 NOVzE.

3651 333 3805 394 1106

472 463 649 536 Magis
681 466 877 520 autem
909 465 1222 522 omnibuas
1251 465 1310 522 id
1346 466 1720 522 manifestum
1751 466 1934 532 ﬁeret,
1997 466 2044 521 si
2076 469 2129 534 Α
2160 467 2333 524 etiam
2349 469 2621 523 eumdem
2655 469 3008 523 Antoninum
3037 467 3206 522 Pium
3237 466 3294 521 in
3324 466 3610 522 honorum
3643 466 3802 536 prin-

396 552 620 609 Aurelii
669 553 1060 625 ,imperatoris
1112 555 1316 610 litterae
1375 573 1522 627 quas
1579 560 1798 612 Auctor
1855 561 2052 611 noster

397 643 540 699 citat
561 643 632 697 ad
667 659 772 697 nos
805 643 1228 714 pervenissent.
1271 644 1549 700 Nonnulli
1599 651 1794 701 tamen
1855 644 2049 715 suspi-

401 739 614 788 cantur
641 731 774 787 illas
806 747 957 798 esse,
993 749 1242 803 quarum
1275 735 1576 806 exemplar
1606 741 1740 806 post
1797 735 2046 806 primam

394 821 617 877 Justini
651 821 915 893 Martyris
946 822 1289 893 Apologiam
1315 824 1535 878 editum
1569 824 1896 879 exhibetur.
1946 823 2046 879 Ve-

399 925 529 964 rum
557 912 680 980 jam
715 911 1126 965 annotavimus
1158 911 1424 982 spurium
1456 911 1600 967 illud
1633 929 1761 968 esse
1792 919 1850 968 et
1878 911 2044 967 adul-

399 999 652 1054 terinum
677 1003 859 1066 (Tom.
895 1004 912 1053 1
943 1001 1209 1070 Apparet.
1245 1019 1297 1072 p.
1333 1002 1481 1070 369).

467 1105 727 1176 Scaliger
754 1123 889 1161 vero
921 1124 990 1161 ex
1019 1107 1112 1162 his
1145 1106 1495 1162 Tertulliani
1531 1109 1741 1172 verbis,
1775 1111 1826 1163 si
1854 1109 2044 1178 requi-

400 1196 629 1262 rantur,
689 1195 881 1267 colligi
916 1212 1086 1268 posse
1117 1201 1283 1266 putat
1313 1213 1410 1251 eas
1459 1197 1529 1251 ab
1586 1197 1684 1252 illo
1742 1213 2042 1267 nunquam

393 1285 579 1339 lectas
614 1283 846 1355 (Scalig.
878 1284 1168 1340 Animadv.
1205 1288 1266 1340 in
1317 1286 1516 1341 Chron.
1577 1287 1766 1341 Euseb.
1829 1287 1896 1341 ad
1945 1303 2040 1341 an.

391 1374 576 1444 2189).
609 1374 770 1437 Quod
796 1374 982 1428 Orosii
1016 1373 1191 1429 etiam
1239 1376 1577 1430 testimonio
1628 1375 1890 1430 stabilire
1947 1391 2040 1428 co-

393 1467 589 1517 natur.
616 1467 680 1516 At
705 1463 997 1533 quomodo
1030 1463 1432 1518 Tertullianus
1467 1468 1630 1519 tanta
1688 1464 2041 1519 conﬁdentia

393 1551 658 1607 ethnicos
691 1552 762 1606 ad
798 1551 929 1606 illas
958 1551 1234 1621 legendas
1264 1553 1554 1620 excitavit,
1589 1554 1700 1609 nisi
1737 1554 1860 1625 ipse
1918 1570 2038 1619 eas,

394 1648 496 1696 aut
527 1641 677 1712 quod
711 1641 770 1696 in
802 1641 887 1695 eis
919 1642 1206 1711 scriptum
1231 1649 1318 1696 est
1350 1641 1588 1713 legisset
1607 1642 1718 1696 ?Ad
1743 1643 1862 1696 haec
1883 1659 2037 1708 vero,

396 1730 680 1785 Eusebius
714 1747 783 1786 ex
830 1729 1040 1785 iisdem
1097 1731 1440 1786 Tertulliani
1490 1732 1682 1787 verbis
1739 1731 2040 1786 concludit

395 1818 575 1907 hasce
599 1819 820 1876 litteras
851 1819 1195 1874 Tertulliani
1231 1823 1492 1890 tempore
1527 1821 1843 1886 exstitisse,
1875 1817 2034 1872 εἶ’σετι
2071 1844 2113 1907 Β

395 1911 485 1960 νῦν
520 1906 768 1982 φέρεσθαι
811 1909 1049 1975 (Euseb.
1108 1908 1208 1964 lib.
1265 1927 1301 1965 v
1355 1911 1551 1964 Eccles.
1613 1912 1745 1964 Hist.
1799 1927 1922 1980 cap.
1978 1911 2032 1975 5,

393 2015 446 2068 p.
487 1998 630 2066 169).
665 1997 782 2052 Cur
810 2015 968 2069 ergo,
1000 1999 1194 2069 arguit
1237 1999 1513 2070 Scaliger,
1570 1999 1704 2053 illas
1750 2000 2036 2054 Eusebius

393 2086 567 2142 solita
597 2087 1181 2158 diligentiaintegras
1232 2103 1348 2142 non
1406 2088 1735 2160 descripsit,
1797 2090 1842 2143 si
1898 2095 2038 2142 tunc

392 2192 591 2230 revera
621 2175 1051 2230 existitissent?
1083 2176 1192 2230 Sed
1225 2175 1519 2230 imbecilla
1546 2193 1786 2246 prorsus
1817 2183 1906 2231 est
1939 2176 2040 2231 illa

394 2264 748 2331 reclamatio,
783 2264 895 2318 nisi
925 2263 1224 2319 evidenter
1249 2265 1532 2334 probetur
1549 2264 1778 2319 nullum
1801 2265 2039 2320 omnino

395 2370 523 2408 esse
554 2354 733 2423 hujus
765 2352 992 2424 generis
1025 2353 1473 2420 monimentum,
1503 2353 1657 2424 quob
1689 2353 1760 2406 ab
1792 2353 2040 2409 Eusebio

395 2441 813 2513 transcriptum
842 2458 956 2496 non
991 2441 1184 2496 fuerit.
1220 2441 1532 2510 Nunquam
1569 2445 1760 2496 autem
1791 2441 1846 2496 id
1883 2449 2040 2513 pote-

397 2531 473 2584 rit
502 2547 534 2585 a
563 2530 857 2601 Scaligero
889 2538 990 2585 aut
1023 2529 1139 2584 ullo
1173 2530 1286 2585 alio
1321 2531 1580 2600 probari.

475 2638 757 2692 Caeterum
792 2639 1023 2693 Marcus
1061 2637 1357 2704 Aurelius,
1381 2638 1527 2692 tanti
1560 2638 1824 2692 beneficii
1861 2639 2044 2710 preci-

399 2729 506 2782 bus
535 2727 1000 2784 Christianorum
1036 2727 1264 2783 coalitus
1316 2726 1533 2798 accepti
1585 2744 1833 2795 memor,
1876 2728 2042 2797 ipsis,

399 2823 571 2889 prout
602 2818 814 2888 potuit,
839 2817 1204 2888 gratiﬁcatus
1227 2825 1332 2871 est.
1359 2816 1497 2870 Cum
1530 2817 1683 2871 enim
1718 2817 2041 2871 maximum

399 2906 703 2978 gentilium
737 2905 795 2960 in
830 2906 1192 2961 Christianos
1224 2906 1478 2960 furorem
1514 2906 1748 2976 penitus
1800 2906 2046 2976 compri-

404 3011 561 3050 mere
592 2995 864 3065 nequiret
897 3011 909 3047 :
945 3016 974 3042 «
1007 2993 1170 3049 Sicut
1202 3011 1314 3049 non
1361 2993 1576 3064 palam,
1610 2993 2045 3065 inquitTertul-

402 3085 616 3152 lianus,
651 3084 724 3138 ab
755 3083 1099 3154 hujusmodi
1128 3083 1469 3138 hominibus
1504 3100 1731 3153 pcenam
1781 3084 2043 3150 dimovit,

402 3174 480 3228 ita
512 3173 624 3228 alio
657 3173 827 3228 modo
858 3172 1048 3244 palam
1083 3171 1382 3241 dispersit,
1409 3172 1636 3242 adjecta
1666 3173 1838 3226 etiam
1872 3189 2042 3227 accu-

400 3263 694 3318 satoribus
721 3261 1118 3326 damnatione,
1151 3265 1206 3316 et
1245 3261 1480 3331 quidem
1532 3261 1766 3316 tetriore
1798 3283 1824 3308 ››
1886 3263 2044 3330 (Ter-

398 3353 526 3408 tull.
558 3353 830 3423 Apologet.
863 3368 990 3423 cap.
1023 3353 1078 3417 5,
1111 3368 1171 3422 p.
1231 3351 1378 3421 296).
1426 3351 1548 3405 Non
1600 3350 1752 3405 enim
1795 3351 2047 3404 audebat

401 3459 605 3515 poenas
654 3441 888 3513 penitus
938 3440 1252 3504 dimovere,
1315 3439 1573 3494 relaxare
1633 3444 1687 3493 et
1728 3439 2043 3509 remittere,

403 3548 531 3602 quae
561 3531 724 3602 prius
753 3528 999 3584 aliorum
1034 3528 1453 3600 imperatorum
1494 3527 1723 3599 legibus
1767 3529 1826 3583 in
1881 3527 2041 3582 Chri-

400 3619 624 3674 stianos
674 3617 1008 3673 constitutae
1067 3618 1341 3686 fuerant;
1399 3615 1778 3688 petulantiam
1844 3621 2042 3672 tamen

396 3707 789 3772 ethnicorum,
821 3706 952 3762 illos
977 3723 1277 3777 nunquam
1320 3722 1434 3760 non
1495 3705 1922 3774 accusantium,
1982 3719 2046 3760 ut

397 3797 718 3867 cohiberet,
752 3795 897 3852 alias
929 3795 1225 3868 graviores
1265 3811 1440 3865 quam
1474 3796 1782 3860 Trajanus,
1817 3795 1888 3848 ab
1923 3801 2042 3848 Au-

387 3892 548 3942 ctore
580 3891 780 3942 nostro
814 3885 1055 3954 ibidem,
1088 3890 1153 3939 ut
1199 3900 1332 3938 mox
1390 3883 1743 3946 videbimus,
1802 3883 2039 3951 citatus,

391 3992 597 4047 pmnas
626 3977 826 4030 1011
867 3974 1029 4028 hisce
1050 3972 1492 4027 accusatoribus
1523 3971 1834 4042 imposuit;
1868 3976 2042 4042 atque

394 4065 506 4120 hoc
540 4063 811 4136 prudenti
857 4065 1316 4134 temperamento
1365 4060 1726 4116 Christianos
1774 4076 1878 4131 pro
1935 4078 2044 4116 sua

392 4159 558 4225 parte
586 4157 814 4208 tutatus
845 4157 955 4207 est.

469 4243 649 4298 Nobis
680 4258 850 4314 porro
882 4240 1167 4295 Eusebius
1211 4239 1502 4310 integrum
1563 4239 1705 4304 legis
1762 4241 1832 4294 ad
1891 4256 2043 4294 com-

397 4348 575 4387 mune
601 4330 748 4387 Asiae
780 4329 1016 4386 nomine
1038 4328 1216 4384 Marci
1246 4327 1463 4382 Aurelii
1505 4329 1780 4383 Antonini
1828 4329 2040 4383 inscri-

395 4425 526 4492 ptae,
560 4421 694 4475 etin
727 4418 1192 4474 Christianorum
1246 4416 1493 4490 gratiam
1553 4419 1719 4484 data},
1755 4419 2040 4472 transcri-

395 4510 515 4581 peit
540 4509 850 4580 exemplar,
885 4509 1056 4579 cujus
1099 4509 1216 4562 hazc
1257 4512 1396 4562 sunt
1446 4507 1768 4577 posteriora
1824 4509 2037 4562 verba:

2159 557 2354 626 cipum
2381 573 2623 612 numero
2654 557 2917 626 collocat,
2952 557 3052 627 qui
3107 556 3267 610 nulla
3325 557 3603 610 adversus
3644 554 3804 608 Chri-

2160 645 2382 701 stianos
2411 646 2598 700 edicta
2633 646 3003 700 sanciverunt
3036 643 3300 716 (Tertull.
3323 644 3597 714 Apotoget.
3641 659 3688 698 c.
3746 644 3800 698 5.

2159 751 2214 805 p.
2239 735 2387 799 297).

2227 824 2351 879 Non
2383 825 2564 880 deerit
2595 825 2840 880 fortasse
2865 824 3102 896 aliquis,
3136 823 3293 895 quia
3322 822 3491 878 nobis
3541 821 3803 894 requirat

2157 929 2269 982 quo
2331 919 2497 983 pacto
2557 913 2956 968 Tertullianus
2993 913 3172 968 tantis
3225 912 3501 967 laudibus
3562 910 3801 967 extollat

2153 1001 2325 1054 Marci
2360 1003 2572 1055 Aurelii
2607 1003 2665 1055 in
2700 1001 3060 1056 Christianos
3083 1002 3346 1057 studium
3391 1018 3459 1056 ac
3519 1002 3798 1067 favorem,

2156 1106 2271 1159 quo
2303 1089 2625 1159 imperante
2657 1096 2838 1144 ortam
2875 1095 3106 1161 putant,
3161 1096 3225 1144 ut
3282 1095 3485 1161 postea
3529 1089 3799 1144 animad-

2152 1185 2444 1235 vertemus
2474 1182 2724 1248 (Dissert.
2755 1183 2811 1234 in
2841 1182 2970 1235 Luc.
3006 1181 3186 1236 Cacil.
3215 1197 3340 1252 cap.
3375 1181 3426 1249 1,
3471 1183 3577 1235 art.
3630 1181 3683 1245 3,
3744 1185 3801 1235 et

2151 1286 2279 1341 cap.
2311 1272 2364 1339 6,
2401 1273 2508 1324 art.
2543 1271 2617 1339 3),
2655 1274 2922 1339 quartam
2958 1269 3222 1324 Ecclesia:
3269 1269 3610 1325 Christianae
3671 1285 3799 1341 per-

2152 1357 2532 1413 secutionem.
2568 1359 2677 1412 Sed
2712 1375 2777 1412 ea
2807 1357 2933 1428 ipsa
2960 1357 3050 1414 lex
3085 1357 3343 1429 proxime
3393 1376 3426 1413 a
3483 1359 3654 1413 nobis
3721 1360 3800 1412 ci-

2149 1451 2270 1501 tata
2305 1464 2648 1518 responsum
2679 1447 2845 1501 nobis
2872 1447 3229 1519 suppeditat.
3254 1447 3356 1500 llla
3375 1447 3529 1502 enim
3559 1447 3796 1500 tametsi

2151 1553 2332 1605 pcenae
2356 1537 2410 1589 in
2439 1537 2904 1591 Christianorum
2933 1540 3298 1590 accusatores
3322 1537 3796 1601 decernerentur,

2148 1625 2311 1694 prius
2344 1631 2535 1679 tamen
2571 1625 2892 1679 laudantur
2920 1625 2997 1679 dii
3031 1625 3358 1696 gentilium.
3392 1627 3461 1678 At
3492 1625 3612 1678 haec
3631 1640 3794 1678 com-

2150 1714 2444 1768 mendatio
2477 1714 2885 1768 bacchantium
2949 1715 3004 1768 in
3057 1714 3188 1769 illos
3220 1715 3587 1768 ethnicorum
3617 1717 3793 1769 aestus

2148 1805 2310 1857 auxit
2361 1804 2575 1872 potius,
2636 1821 2812 1873 quam
2866 1803 3153 1858 restinxit.
3215 1803 3361 1868 Quid
3419 1819 3571 1870 vero,
3633 1803 3786 1871 quod

2145 1891 2320 1946 iidem
2355 1893 2600 1961 gentiles
2632 1909 2974 1961 persuasum
3014 1892 3309 1946 habebant
3363 1891 3789 1946 recentioribus

2144 1980 2305 2035 hisce
2337 1981 2562 2052 legibus
2593 1981 2740 2036 alias
2772 1983 3050 2036 adversus
3072 1979 3436 2035 Christianos
3457 1981 3642 2034 editas
3675 1997 3787 2034 non

2147 2069 2472 2137 abrogari?
2549 2074 2826 2125 Praeterea
2877 2071 3016 2141 quid
3072 2069 3230 2140 leges
3275 2069 3462 2123 facere
3522 2073 3792 2138 poterant

2147 2163 2350 2212 contra
2405 2159 2752 2213 eﬂrenatum
2810 2159 2965 2229 vulgi
3030 2159 3205 2213 variis
3269 2157 3791 2229 superstitionibus

2149 2247 2420 2302 obcaecati
2453 2248 2728 2310 furorem,
2755 2252 2810 2300 et
2842 2247 3209 2319 popularium
3236 2247 3474 2301 insanas
3505 2247 3788 2301 incursio-

2151 2351 2253 2389 nes
2283 2336 2310 2388 ?
2339 2339 2562 2397 Nonne,
2600 2337 2688 2390 his
2723 2335 2951 2406 legibus
2982 2335 3218 2406 spretis,
3267 2335 3558 2389 innumeri
3615 2350 3794 2404 prope

2153 2428 2458 2495 martyres,
2514 2429 2578 2478 nt
2635 2429 2835 2478 narrat
2891 2424 3198 2488 Eusebius,
3257 2423 3348 2476 his
3429 2423 3795 2493 temporibus

2152 2512 2560 2566 crudelissime
2595 2512 2927 2582 interempti
2961 2517 3102 2566 sunt
3140 2513 3372 2577 (Euseb.
3435 2511 3534 2565 lib.
3593 2527 3629 2563 v
3689 2513 3796 2564 Ec-

2150 2602 2278 2656 cles.
2309 2603 2450 2656 Hist.
2488 2618 2615 2672 cap.
2647 2603 2700 2665 5,
2737 2619 2791 2672 p.
2836 2601 2962 2672 453)
2992 2600 3019 2654 ‘I
3072 2600 3226 2654 Nihil
3275 2617 3409 2671 ergo
3468 2599 3602 2654 inde
3659 2615 3796 2653 con-

2153 2690 2504 2744 cludendum
2540 2696 2738 2743 contra
2771 2707 3124 2761 propensum
3151 2690 3206 2744 in
3241 2682 3600 2746 Christianos
3621 2687 3795 2742 Marci

2153 2779 2369 2832 Aurelii
2401 2780 2684 2844 animum,
2721 2779 2818 2850 qui
2851 2796 2918 2834 ea
2951 2796 3161 2850 passus
3192 2784 3298 2843 est,
3339 2795 3464 2849 quae
3512 2777 3795 2848 impedire

2153 2884 2267 2921 non
2295 2873 2537 2937 poterat.

2759 3081 3066 3119 ARTICULUS
3106 3081 3188 3118 Ill.

2159 3184 2530 3236 Examinatur
2560 3198 2660 3250 quo
2692 3183 2811 3249 iure
2842 3181 3209 3236 'l'ertulliauus
3251 3185 3461 3236 asserat
3517 3182 3798 3249 mitigatos

2229 3255 2296 3308 ab
2357 3255 2683 3324 imperatore
2731 3256 2970 3324 Trojano
3007 3255 3237 3322 scriptas
3318 3254 3376 3307 in
3459 3251 3799 3308 Christianos

2228 3327 2590 3390 legesmullas
2624 3341 2744 3378 vero
2777 3327 2836 3378 in
2866 3326 2986 3380 illos
3022 3327 3162 3379 tatas
3195 3327 3260 3377 ab
3321 3324 3562 3379 Adriano
3614 3325 3796 3378 curio-

2225 3400 2452 3450 sitatum
2483 3399 2731 3450 omnium
2762 3399 3125 3466 exploratore,
3148 3411 3323 3464 neque
3370 3413 3404 3450 a
3464 3396 3799 3465 Vespasiano

2225 3469 2552 3522 debellator-0
2581 3470 2924 3531 Judzeorum,
2958 3485 3132 3539 neque
3163 3485 3196 3522 a
3225 3469 3349 3535 Pio,
3385 3483 3554 3537 neque
3578 3484 3611 3520 a
3649 3468 3795 3521 Vero.

2224 3558 2321 3594 seu
2341 3544 2538 3595 Severo
2571 3541 3012 3609 imperatoribus.

2224 3711 2479 3766 Gradum
2524 3709 2920 3765 Tt-rtullianus
2979 3713 3228 3778 revocat,
3289 3713 3462 3779 atque
3520 3725 3552 3763 a
3602 3708 3793 3764 Marco

2153 3799 2381 3855 Aurelio
2413 3800 2562 3854 venit
2593 3800 2660 3852 ad
2694 3799 3033 3870 Trajanum,
3067 3797 3164 3852 illo
3214 3799 3626 3868 antiquiorem.
3689 3798 3791 3853 Le-

2152 3906 2254 3960 ges
2295 3895 2484 3944 autem
2521 3889 2577 3941 in
2611 3889 2971 3944 Christianos
3005 3889 3170 3943 datas
3197 3904 3270 3941 ea:
3297 3892 3472 3957 parte,
3519 3887 3602 3941 uti
3669 3887 3793 3958 ipse

2150 3978 2547 4033 Tertullianus
2581 3979 2857 4050 loquitur,
2908 3983 3211 4049 frustratus
3260 3984 3361 4048 est,
3418 3978 3647 4033 vetando
3703 3979 3790 4031 in—

2151 4068 2304 4139 quiri
2338 4067 2673 4122 Christianos
2709 4066 2975 4140 (Tertull.
3009 4067 3287 4136 .lpologet.
3321 4082 3370 4119 c.
3419 4067 3473 4119 5.
3532 4082 3588 4136 p.
3646 4066 3792 4136 296).

2152 4155 2563 4226 Superioribus
2595 4156 2806 4210 ctenim
2839 4155 3256 4223 imperatorum
3289 4154 3535 4210 decretis
3558 4154 3795 4224 jussum

2152 4251 2272 4299 erat
2303 4261 2401 4299 eos
2436 4244 2652 4316 inquiri
2679 4262 2743 4298 ac
2772 4243 2962 4314 puniri
2990 4260 3002 4297 :
3035 4242 3134 4298 sed
3168 4243 3481 4312 Trajanus,
3506 4242 3589 4296 uti
3621 4259 3798 4315 supra

2151 4334 2518 4389 ostendimus
2554 4343 2703 4404 (sup.
2749 4349 2875 4402 cap.
2915 4333 2970 4399 7,
3032 4335 3138 4385 art.
3193 4334 3268 4400 2),
3319 4330 3620 4402 prohibuit
3665 4333 3797 4403 qui-

2151 4423 2280 4478 dem
2309 4423 2544 4494 inquiri,
2579 4423 2677 4476 sed
2714 4421 2939 4475 oblatos
2973 4419 3166 4492 puniri
3203 4421 3493 4491 praeepit.

2223 4513 2428 4567 10l2
2451 4515 2522 4566 At
2553 4527 2856 4566 successor
2877 4510 3004 4579 ejus
3021 4508 3320 4564 Adrianus
3347 4507 3571 4564 nullam
3627 4509 3796 4580 plane

397 4597 464 4655 Ei
517 4595 574 4651 δέ
615 4618 697 4659 τις
748 4598 996 4670 ἑπιμένοι
1050 4597 1171 4651 τινὰ
1216 4595 1618 4650 τῶντοιούτων
1652 4598 1727 4658 εἷς
1752 4597 2042 4669 πράγματα

2162 4618 2332 4670 .egcm
2366 4601 2422 4654 in
2455 4617 2553 4654 eos
2577 4598 3130 4668 constituit,quibus
3161 4601 3356 4652 tamen
3382 4597 3567 4667 magis
3615 4615 3788 4669 quam

401 4688 579 4765 φέρων
638 4688 712 4748 ὡς
774 4684 840 4755 δὴ
925 4691 1192 4754 τοιοῦτον,
1255 4686 1461 4746 ὲκεῖνος
1521 4686 1548 4739 ὁ
1605 4687 2038 4762 καταφερόμενος

398 4775 766 4839 ἀπολελύσθω
809 4781 906 4831 τοῦ
955 4775 1323 4850 ἐγκλήματος,
1355 4775 1444 4830 καὶ
1501 4775 1588 4828 δᾶν
1634 4773 1873 4850 φαίνεται
1925 4795 2040 4827 τοι-

395 4872 557 4930 οῦτος
612 4863 686 4920 ὧν
722 4885 734 4898 ·
799 4867 825 4921 ὁ
876 4863 932 4920 δὲ
1006 4866 1343 4944 καταφέρων,
1405 4862 1596 4938 ἔνοχος
1661 4861 1805 4917 ἔσται
1865 4861 2037 4933 δίκης.

392 4958 554 5026 Quod
583 4959 633 5012 si
660 4960 782 5029 quis
812 4959 992 5014 adhuc
1021 4959 1199 5028 pergit
1219 4958 1477 5027 cuiquam
1511 4956 1734 5009 illorum
1765 4957 2041 5021 negotium

389 5048 676 5116 facessere,
711 5064 779 5101 ex
809 5063 872 5102 eo
921 5047 1068 5116 quod
1126 5045 1474 5098 Christianus
1519 5045 1616 5107 sit,
1661 5043 1875 5097 delatus
1912 5054 2042 5113 qui-

391 5136 515 5192 dem
545 5137 779 5190 crimine
809 5136 1143 5202 absolvatur,
1178 5135 1401 5187 tametsi
1429 5137 1631 5188 constet
1686 5149 1814 5186 eum
1858 5135 2045 5197 reipsa

397 5225 781 5280 Christianum
827 5240 956 5279 esse.
1017 5224 1240 5277 Delator
1293 5226 1477 5278 autem
1530 5224 1648 5292 ipse
1686 5239 1877 5292 poenas
1929 5222 2048 5276 luat

395 5315 632 5384 (Euseb.
666 5313 768 5368 lib.
795 5329 850 5367 1v
881 5313 1080 5368 Eccles.
1115 5314 1253 5366 Hist.
1290 5328 1416 5381 cap.
1470 5312 1551 5373 14,
1591 5329 1647 5383 p.
1713 5312 1855 5382 127).
1917 5312 2042 5368 Sci-

397 5419 530 5458 mus
561 5403 800 5474 quidem
833 5399 1148 5456 nonnullos
1179 5399 1606 5455 existimavisse
1649 5400 1800 5454 hanc
1855 5401 2041 5472 legem

397 5509 514 5548 non
549 5509 582 5546 a
610 5493 803 5548 Marco
833 5490 1090 5558 Aurelio,
1126 5489 1226 5546 sed
1281 5490 1352 5544 ab
1408 5488 1711 5544 Antonino
1765 5489 1862 5543 Pio
1911 5505 2040 5560 pro.

397 5583 630 5640 fectam.
663 5583 879 5640 Verum
911 5583 960 5638 si
1021 5597 1153 5636 vera
1185 5579 1262 5637 sit
1291 5579 1409 5635 hac
1442 5579 1658 5650 opinio,
1711 5579 1783 5633 ad
1816 5579 2042 5634 Tertul-

395 5669 540 5728 liani
599 5672 814 5744 pariter
873 5670 1043 5728 faciet
1099 5669 1485 5742 propositum.
1549 5671 1693 5726 Nam
1752 5667 1852 5724 ille
1891 5668 2044 5725 hunc

2150 4689 2248 4742 alii
2283 4689 2547 4743 infensus
2597 4706 2724 4742 esse
2773 4687 2980 4741 debere
3037 4685 3386 4740 videbatur:
3437 4687 3570 4742 Erat
3621 4690 3790 4755 enim,

2152 4778 2342 4848 inquit
2374 4779 2586 4831 Auctor
2617 4781 2832 4844 noster,
2881 4775 3261 4828 curiositatum
3299 4776 3546 4830 omnium
3603 4777 3792 4848 explo-

2153 4873 2312 4922 rator
2349 4867 2558 4935 (Idem,
2594 4867 2726 4920 ibid.
2766 4885 2816 4934 p.
2850 4865 2998 4934 297),
3027 4862 3078 4917 id
3115 4868 3224 4931 est,
3260 4864 3622 4934 quibuslibet
3671 4884 3794 4922 ma-

2153 4957 2298 5028 gicis
2332 4956 2557 5012 artibus
2588 4955 2825 5010 omnino
2873 4953 3127 5008 deditus.
3160 4953 3230 5007 Et
3291 4958 3443 5009 certe
3494 4954 3630 5011 vitio
3688 4956 3793 5024 illi,

2155 5050 2298 5101 teste
2327 5044 2641 5115 Xiphilino,
2676 5046 2876 5099 datum
2909 5048 3017 5111 est,
3053 5042 3206 5114 quod
3257 5047 3411 5099 esset
3447 5043 3798 5118 περιεργότα-

2151 5154 2242 5192 τος
2326 5132 2413 5185 καὶ
2505 5131 2781 5202 μαντείαις
2865 5129 3223 5204 μαγγανείαις
3294 5150 3352 5184 τε
3431 5130 3798 5194 παντοδαπαῖς

2155 5222 2379 5295 ἐχρῆτο.
2443 5221 2874 5287 (.‘uriosissimus,
2900 5237 2964 5274 ac
2981 5207 3416 5277 divinatiombus
3447 5231 3499 5278 et
3553 5225 3802 5279 omnibus

2153 5313 2383 5380 magicis
2406 5311 2617 5365 artibus
2635 5318 2877 5365 uteretur
2907 5309 3151 5380 (Xiphil.
3187 5311 3330 5381 Epit.
3365 5313 3527 5368 Dion.
3562 5330 3620 5382 p.
3651 5314 3796 5376 262).

2153 5399 2502 5455 Ammianus
2553 5416 2682 5454 vero
2715 5396 3115 5464 Marcellinus,
3150 5399 3247 5453 ubi
3278 5399 3348 5454 de
3377 5399 3613 5454 Juliano
3662 5417 3798 5470 apo-

2153 5495 2306 5546 stata
2338 5507 2351 5545 :
2393 5515 2409 5538 -
2448 5489 2895 5560 Praesagiorum,
2930 5487 3137 5557 inquit,
3171 5487 3551 5543 sciscitationi
3600 5488 3793 5545 nimiae

2152 5581 2408 5647 deditus,
2452 5588 2516 5636 ut
2571 5580 2929 5652 aequiparare
2986 5575 3282 5632 videretur
3338 5578 3396 5631 in
3453 5579 3571 5632 haec
3630 5585 3791 5649 parte

2152 5671 2473 5743 principem
2503 5671 2848 5739 Adrianum,
2880 5667 3326 5740 superstitiosus
3373 5669 3581 5740 magis,
3613 5687 3792 5741 quam
