4118 6182
452 312 603 370 1107
967 310 1497 373 TEBTULLIANI
1543 310 1868 373 OPERUM
1912 311 2078 371 PAR!

2155 313 2203 372 Ι.
2238 344 2317 356 -
2348 312 2623 373 SERIES
2668 314 2716 384 l,
2761 313 3320 374 APOLOGETICA.
3657 319 3781 380 “08

448 454 747 494 sacrorum
796 438 1097 511 legitimus
1154 439 1487 495 observator
1520 460 1543 493 α
1602 440 1817 511 (Amm.
1856 440 2089 497 Marcet.
2124 443 2177 508 Α
2211 440 2342 496 aliis
2374 444 2568 495 tamen
2601 442 2793 496 Marco
2844 439 3083 496 Aurelio
3142 441 3453 512 ascriptum
3504 442 3658 513 paulo
3681 451 3792 501 ante

449 527 551 582 lib.
582 544 711 597 xxv,
745 544 871 599 cap.
906 529 959 595 4,
994 546 1051 601 p.
1102 530 1249 600 427).
1304 529 1719 585 Verumtamen
1771 529 1954 601 nulla,
2009 531 2089 585 ait
2200 527 2536 584 notavimus
2567 530 2706 600 (Art.
2730 530 2959 601 super.)

448 616 865 684 Tertullianus,
898 619 1185 676 adversus
1218 618 1582 675 Christianos
1636 619 1727 675 lex
1784 621 1854 675 ab
1911 621 2090 675 hocce
2269 617 2481 673 Sextus
2505 619 2765 685 tandem,
2804 622 2862 673 et
2883 618 3164 675 horumce
3196 618 3793 692 aaquiorumimperato-

448 706 701 761 Adriano
732 707 958 762 sancite
989 708 1118 763 fuit.
1162 710 1525 780 Quapropter
1554 710 1749 765 Melito
1779 710 1839 764 in
1871 726 1979 764 sua
2019 709 2091 764 ad
2200 723 2329 762 rum
2365 706 2635 777 ultimus,
2668 725 2702 763 a
2723 706 3081 763 Tertulliano
3109 707 3191 763 eis
3220 709 3407 764 verbis
3438 709 3797 781 appellantur:

449 799 704 850 Marcum
764 796 1067 852 Aurelium
1099 798 1461 853 Antoninum
1506 798 1787 870 Apologia
1859 798 2096 867 scripsit
2202 797 2399 852 Nullus
2433 799 2595 853 Verus
2636 796 2793 869 leges
2851 797 3196 853 Christianis
3256 798 3515 854 adversas
3566 801 3803 870 impressit

451 884 697 940 Neronis
726 890 783 941 et
812 887 1127 942 Domitiani
1161 887 1513 960 imperitiam
1549 888 1849 959 rescriptis
1889 887 2094 943 subse-
2204 885 2575 956 (Tertullian.
2612 886 2722 941 loc.
2757 886 2876 958 cit),
2938 886 3411 942 subaudiendum
3458 888 3603 943 haud
3656 891 3803 945 dubie

455 974 765 1045 quentium
790 976 1211 1047 imperatorum
1271 974 1452 1031 fuisse
1512 982 1816 1031 correcta:
1880 976 1963 1028 ’Ev
2016 974 2096 1035 οἷς
2206 975 2424 1030 tabulis
2456 974 2732 1047 publicis,
2758 980 2821 1029 ut
2851 992 2927 1030 eae
2960 975 3491 1049 promulgarentur.
3532 979 3595 1031 At
3637 979 3804 1034 obser-

457 1061 485 1114 ὁ
521 1061 614 1134 μὲν
660 1061 879 1123 πάππος
914 1084 1007 1118 σου
1041 1061 1317 1137 Ἀδριανὸς
1351 1062 1585 1125 πολλοῖς
1622 1065 1715 1136 μὲν
1759 1063 1952 1125 ἄλλοις
2010 1064 2083 1117 κα

2207 1081 2342 1120 vare
2373 1064 2654 1133 hicjuvat
2686 1065 2742 1118 in
2776 1068 2929 1119 textn
2956 1064 3319 1135 Eusebii,qui
3341 1065 3492 1120 hunc
3510 1066 3807 1122 Tertulliani

459 1148 753 1223 Φουνδάνῳ
786 1148 843 1206 δὲ
872 1157 948 1224 τῷ
987 1152 1275 1226 ἀνθυπάτῳ
1332 1155 1430 1221 τῆς
1476 1152 1656 1213 Ἀσίας
1706 1153 1926 1230 γράφων
1980 1152 2085 1228 φαί-

2210 1154 2403 1209 locum
2442 1157 2634 1207 Graece
2690 1153 2966 1222 reddidit,
3023 1155 3385 1225 praetermitti
3442 1155 3556 1210 haec
3615 1157 3805 1211 verba:

455 1260 622 1297 νεται.
682 1245 833 1299 Inter
890 1261 1022 1314 quos
1077 1261 1210 1300 avus
1274 1250 1397 1299 tuus
1453 1244 1728 1300 Adrianus
1784 1262 1908 1298 cum
1975 1246 2103 1299 aliis
2210 1243 2413 1297 Nullus
2450 1244 2611 1297 Verus
2641 1242 2876 1312 (Euseb.
2913 1242 3014 1297 lib.
3070 1260 3107 1296 v
3154 1242 3377 1298 Eccles.‘
3410 1246 3547 1299 Hist.
3603 1261 3715 1316 cap.
3764 1248 3808 1311 5,

452 1333 730 1404 pluribus,
760 1335 877 1387 tum
916 1334 1177 1389 Fundano
1207 1335 1355 1391 Asiae
1381 1336 1695 1405 proconsuli
1726 1335 1934 1389 litteras
1961 1333 2107 1389 dedit
2214 1348 2345 1403 pag.
2390 1331 2529 1401 170).
2562 1333 2631 1386 Et
2662 1336 2815 1385 certe
2843 1331 2936 1385 hic
2970 1333 3094 1402 ipse
3138 1336 3344 1401 Verus,
3384 1349 3611 1389 consors
3654 1334 3810 1406 impe—

456 1421 691 1493 (Euseb.
752 1422 853 1478 lib.
912 1440 968 1477 ιν
1025 1424 1219 1479 Eccles.
1278 1426 1501 1491 Histor.,
1560 1440 1688 1495 cap.
1747 1426 1836 1489 26,
1870 1441 1925 1495 p.
1960 1424 2102 1493 11:8).
2215 1420 2572 1475 riiaMarco
2603 1420 2836 1477 Aurelio
2895 1422 3106 1487 factus,
3167 1437 3370 1477 novem
3424 1424 3491 1477 ad
3551 1440 3809 1478 summum

458 1510 758 1567 Testatum
793 1516 1071 1583 praeterea
1101 1513 1491 1584 Hieronymus
1526 1513 1664 1567 facit
1700 1512 1955 1567 Adriano
2011 1512 2099 1565 in-
2216 1507 2386 1563 annis
2417 1525 2547 1563 cum
2580 1508 2682 1563 illo
2714 1510 3064 1581 regnavit,et
3093 1514 3227 1566 ante
3257 1509 3421 1566 illum
3447 1517 3694 1568 mortuus
3719 1518 3809 1567 est.

460 1600 672 1655 visenti
701 1599 1057 1669 Eleusinem,
1095 1608 1151 1657 et
1180 1603 1456 1658 omnibus
1488 1619 1635 1673 pene
1668 1603 1892 1657 Gracia:
1924 1601 2108 1657 sacris
2217 1597 2609 1662 Quamobrem
2642 1598 2887 1669 quidam
2921 1599 3298 1671 suspicantur
3328 1600 3437 1656 hoc
3468 1618 3667 1657 nomen
3717 1619 3813 1656 cor-

462 1687 711 1758 initiato,
745 1690 1002 1745 oblatum
1037 1707 1139 1761 pro
1179 1690 1511 1746 Christiano.
1572 1695 1770 1745 nostro
1830 1689 2109 1762 religione
2218 1690 2457 1757 ruptum
2511 1687 2691 1742 fuisse
2722 1687 2781 1742 in
2840 1687 3186 1743 Tertulliani
3239 1693 3422 1757 textu,
3455 1707 3518 1745 ac
3547 1689 3814 1762 legendum

465 1776 706 1847 librum,
743 1800 771 1828 ‹‹
802 1780 899 1851 qui
932 1784 1105 1835 tantae
1136 1780 1505 1835 admirationi
1542 1779 1821 1835 omnibus
1853 1779 1981 1847 iuit,
2044 1782 2110 1833 ut
2141 1818 2188 1881 Β
2220 1776 2471 1831 Severus.
2506 1775 2794 1831 Pamelius
2819 1776 2973 1831 enim
3002 1793 3106 1833 nos
3128 1778 3404 1834 admonet
3434 1778 3573 1834 illud
3628 1780 3682 1833 in
3729 1779 3818 1833 Va-

465 1867 925 1937 presecutionem
951 1868 1360 1941 gravissimam
1383 1868 1543 1923 illius
1570 1868 1860 1924 excellens
1881 1869 2111 1924 sedaret
2141 1865 2188 1881 ⁸¹
2217 1865 2411 1919 ticano
2444 1881 2558 1919 uno
2591 1870 2648 1919 et
2679 1865 2857 1920 altero
2894 1866 3192 1921 Leodiensi
3224 1883 3424 1922 revera
3450 1867 3698 1922 inveniri.
3730 1868 3817 1922 Sed

464 1955 766 2027 ingenium
799 1978 827 2006 »
858 1957 1214 2029 (Hieronym.
1250 1958 1423 2012 Catal.
1464 1959 1651 2028 script.
1713 1958 1898 2013 eccles.
1932 1960 1959 2025 §
2019 1957 2106 2022 19,
2217 1952 2356 2023 quia
2386 1952 2444 2007 in
2468 1952 2693 2008 caeteris
2714 1953 2991 2009 omnibus
3012 1970 3077 2008 ac
3100 1953 3365 2009 melioris
3388 1958 3531 2009 notae
3560 1954 3818 2010 codicibus

459 2049 517 2100 et
541 2044 711 2115 Epist.
744 2046 834 2111 83,
863 2046 931 2100 ad
961 2046 1163 2116 Magn.)
1197 2047 1405 2102 Verum
1428 2046 1673 2117 gentiles
1704 2048 1884 2103 tantis
1939 2046 2107 2118 impii
2216 2057 2332 2096 non
2368 2040 2604 2114 legitur,
2633 2041 2780 2097 nihil
2813 2046 3012 2097 contra
3040 2046 3126 2098 tot
3155 2043 3425 2098 codicum
3457 2043 3814 2099 auctoritatem

456 2132 829 2204 imperatoris
859 2134 1378 2206 superstitionibus
1410 2136 1607 2189 datam
1655 2135 1765 2191 sibi
1823 2135 2104 2191 Christia-
2214 2130 2455 2185 deﬁnire
2488 2131 2798 2187 audemus.
2832 2131 3034 2187 Nonne
3066 2131 3241 2187 etiam
3274 2132 3659 2188 Tertullianus
3685 2147 3817 2187 men-

455 2239 563 2277 nos
593 2222 835 2295 impune
864 2224 1105 2279 vexandi
1137 2224 1503 2279 occasionem
1539 2225 1715 2295 nacti,
1739 2225 1799 2279 in
1831 2241 1929 2280 eos
1950 2242 2105 2280 acer-
2212 2219 2433 2274 tionem
2466 2218 2626 2273 illius
2660 2220 2846 2275 facere
2878 2221 3006 2275 ideo
3038 2220 3250 2292 Domit.
3287 2220 3425 2292 (111ίᾶ
3466 2220 3674 2276 Aurem
3726 2219 3820 2274 οοῙ·

452 2312 696 2367 bissime
727 2313 1041 2368 saeviebant
1067 2332 1081 2383 ;
1142 2313 1378 2369 tametsi
1419 2313 1642 2369 nullam
1678 2313 1773 2369 ille
1826 2314 1885 2368 in
1943 2314 2103 2386 ipsos
2213 2307 2353 2380 legas
2387 2308 2476 2363 sui
2506 2312 2564 2362 et
2595 2309 2667 2363 ab
2699 2325 2763 2364 eo
2793 2309 3053 2382 adoptati
3084 2310 3418 2382 exemplum
3444 2315 3692 2375 secutus,
3718 2307 3819 2363 nul-

447 2400 650 2457 tulerit
680 2400 899 2474 legem;
934 2402 1052 2457 imo
1087 2418 1221 2458 vero
1242 2407 1432 2458 ortam
1472 2406 1879 2474 tempestatem
1905 2408 2104 2475 postea
2212 2397 2331 2452 lam
2357 2397 2417 2452 in
2448 2398 2813 2454 Christianos
2845 2399 3035 2471 legem
3067 2398 3223 2466 tulit,
3248 2400 3513 2473 nihilque
3546 2404 3729 2457 contra
3743 2414 3821 2453 eos

449 2490 758 2545 sedaverit.
2213 2486 2580 2541 machinatus
2613 2488 2804 2543 fuerat
2833 2487 2853 2541 Ρ

516 2598 667 2651 Tum
699 2597 909 2652 deinde
938 2600 1129 2654 Aucor
1163 2602 1363 2654 noster
1394 2602 1549 2653 retro
1610 2598 1804 2654 adhuc
1861 2600 1933 2653 ab
1992 2600 2101 2655 hoc
2283 2592 2343 2648 Si
2374 2595 2506 2664 quis
2532 2598 2726 2649 tamen
2770 2594 3125 2667 pertinacius
3172 2598 3489 2653 contendat
3538 2596 3613 2652 ibi
3666 2594 3817 2665 scrip-

450 2686 703 2741 Adriano
735 2688 1065 2759 regreditur
1098 2689 1169 2743 ad
1215 2688 1673 2760 Vespasianum,
1725 2688 1825 2759 qui
1886 2690 2105 2761 pariter
2209 2685 2336 2737 tum
2372 2682 2554 2738 fuisse
2585 2684 2771 2739 Severi
2804 2700 3038 2749 nomen.
3071 2702 3187 2740 non
3219 2686 3479 2741 multum
3510 2686 3728 2757 quidem
3754 2700 3819 2738 re

450 2774 704 2844 nullum,
735 2776 948 2848 inquit,
974 2783 1177 2833 contra
1200 2778 1562 2833 Christianos
1596 2777 1852 2833 edictum
1881 2780 2101 2835 emisit.
2211 2772 2783 2843 pugnabimus.Nam
2816 2772 3213 2830 Tertullianus
3245 2774 3361 2831 alio
3394 2775 3453 2830 in
3479 2776 3641 2847 'Jibro
3691 2790 3817 2828 com-

448 2882 768 2937 quanquam
803 2867 1147 2934 Judggorum,
1204 2867 1419 2938 inquit,
1479 2868 1782 2923 debellator
1823 2868 2091 2939 (Tertull,
2211 2861 2451 2914 mendat
2480 2861 2840 2933 singularem
2873 2862 3108 2917 illiusin
3133 2863 3499 2920 Christianos
3524 2861 3818 2936 propensio-

450 2956 725 3027 Apologet.
759 2973 808 3011 c.
841 2957 897 3023 5,
929 2974 985 3028 p.
1016 2957 1165 3028 294),
1200 2973 1348 3027 quos
1393 2956 1655 3028 plerique
1713 2973 1916 3013 omnes
1971 2959 2100 3013 eth-
2211 2964 2345 3004 nem
2368 2954 2426 3005 et
2447 2950 3159 3023 benevolentiam,quihus
3178 2953 3250 3008 ob
3275 2954 3621 3009 miraculum
3644 2954 3693 3007 in
3714 2953 3816 3022 ejus

449 3044 568 3099 uici
599 3061 729 3100 cum
765 3045 973 3100 iisdem
1006 3045 1352 3101 Christianis
1393 3047 1752 3103 confundere
1809 3047 2097 3104 solebant.
2209 3042 2458 3112 gratiam
2489 3042 2707 3097 factum
2736 3042 2866 3098 illos
2898 3060 3104 3099 omnes
3139 3044 3349 3101 saltem
3379 3044 3582 3117 primis
3626 3038 3818 3115 imperii

448 3135 534 3189 Ab
566 3150 631 3189 eo
664 3138 857 3191 autem
892 3134 1244 3190 debellatum
1270 3136 1624 3205 (Judaaorum
1684 3142 1940 3208 gentem,
2002 3154 2098 3193 ac-
2133 3190 2171 3208 η
2211 3130 2301 3186 sui
2334 3132 2506 3187 annis
2537 3130 2878 3203 complexus
2909 3139 3017 3188 est.
3052 3134 3162 3189 Sed
3196 3136 3538 3202 audiamus,
3568 3134 3613 3190 si
3642 3133 3818 3205 placet,

450 3228 692 3295 tumque
725 3190 920 3279 Romae
951 3225 1023 3280 de
1055 3225 1173 3280 illis
1203 3190 1335 3280 cum
1370 3190 1497 3281 Tito
1538 3190 1667 3280 tilio
1684 3190 2098 3282 usus
2129 3190 2171 3257 Ο
2210 3219 2368 3275 illius
2399 3220 2575 3277 verba
2609 3239 2621 3277 :
2657 3190 2690 3271 «ί
2718 3222 2867 3294 Ipse,
2892 3222 3110 3294 inquit,
3143 3224 3416 3292 Severus,
3468 3190 3819 3297 pater‘Anto;

446 3312 629 3384 phum
662 3314 796 3384 quis
827 3315 1017 3369 nescit
1046 3314 1073 3368 ?
1103 3315 1265 3380 Quod
1298 3314 1528 3370 nullum
1560 3331 1694 3370 vero
1724 3316 1795 3370 de
1825 3315 2102 3372 Christia-
2212 3309 2337 3364 nini
2368 3309 2693 3377 Caracallac,
2719 3310 3185 3367 Christianorum
3220 3329 3450 3369 memor
3476 3313 3600 3368 fuit.
3626 3312 3753 3367 Nam
3778 3313 3822 3363 et

446 3402 539 3456 nis
594 3402 894 3458 decretum
948 3403 1167 3471 fecerit,
1227 3404 1398 3458 testis
1453 3407 1542 3458 est
1605 3403 1912 3474 Eusebius,
2000 3406 2101 3476 qui
2212 3399 2522 3454 Proeulum
2556 3399 2979 3471 Christianum,
3017 3399 3118 3472 qui
3178 3402 3511 3474 Torpacion
3566 3397 3821 3473 cognomi-

449 3491 659 3547 litteris
710 3492 1013 3547 mandavit
1068 3491 1377 3547 excitatam
1440 3492 1619 3548 fuisse
1682 3509 1714 3547 a
1772 3493 2101 3550 Domitiano
2213 3488 2768 3544 nabaturEuhodiae
2790 3491 3520 3563 procuratorem,quieum
3548 3488 3821 3564 peroleum

453 3579 778 3634 secundam
814 3584 946 3651 post
993 3583 1279 3635 Neronem
1335 3580 1845 3651 persecutionem:
1906 3581 2105 3656 Καίπερ
2211 3577 2531 3649 aliquando
2563 3583 2886 3649 curaverat,
2920 3579 3311 3651 requisivit,et
3372 3580 3433 3637 in
3493 3580 3697 3653 palatio
3742 3592 3825 3631 suo

444 3668 541 3719 τοῦ
593 3666 796 3740 πατρὸς
853 3665 1016 3720 αὐτοῦ
1088 3668 1499 3724 Οὐεσπασιανοῦ
1568 3665 1735 3740 μηδὲν
1786 3671 1903 3723 καθ’
1940 3673 2069 3743 ἡμῶ

2212 3667 2421 3722 habuit
2452 3683 2641 3739 usque
2670 3668 2739 3722 ad
2776 3673 3026 3724 mortem
3058 3670 3189 3739 ejus
3225 3687 3242 3739 ;
3273 3686 3456 3741 quem
3489 3675 3544 3726 et
3570 3666 3818 3725 Antonius

448 3755 648 3808 ἄτοπον
676 3754 1103 3826 ιὲπινοήσαντος.
1175 3758 1434 3825 Quamvis
1479 3765 1637 3829 pater
1683 3760 1857 3829 ipsius
1907 3760 2071 3833 Vespa

2211 3756 2427 3826 optime
2458 3760 2715 3826 noverat,
2741 3756 2888 3812 lacte
2920 3757 3251 3813 Christiano
3282 3760 3571 3814 educatus
3614 3781 3640 3807 »
3693 3756 3818 3826 (Ter-

446 3846 639 3900 sianus
668 3845 884 3900 nullam
911 3862 1154 3916 unquam
1213 3847 1487 3914 iniuriam
1546 3848 1705 3903 nobis
1746 3851 1929 3919 facere
1982 3852 2099 3905 ten-
2211 3844 2340 3900 tull.
2374 3845 2443 3899 ad
2474 3846 2694 3915 Scapul.
2729 3862 2853 3917 cap.
2890 3847 2967 3917 4).
3001 3847 3289 3903 Certiores
3320 3848 3527 3920 itaque
3558 3863 3658 3903 nos
3709 3841 3820 3899 facit

445 3942 614 3990 tusset
688 3935 925 4007 (Euseb.
996 3934 1099 3991 lib.
1163 3954 1223 3991 III
1281 3937 1477 3991 Eccles.
1538 3938 1737 3994 Histor.
1799 3956 1925 4011 cap.
2013 3941 2097 4008 17,
2210 3935 2483 3990 Severum
2518 3936 2933 4007 imperatorem
2969 3936 3302 4009 egritudine
3336 3940 3589 4010 quadam
3615 3932 3816 3991 mirabi-

445 4039 580 4095 pag.
604 4024 719 4094 88).
2210 4022 2342 4079 liter
2371 4024 2552 4080 fuisse
2582 4024 2839 4081 levatum
2863 4026 2981 4081 oleo
3005 4026 3160 4098 quod
3180 4027 3466 4084 Proculus
3491 4026 3573 4082 illi
3594 4025 3819 4087 dederat,

517 4129 665 4195 Quid
700 4129 873 4201 plura
902 4131 929 4185 ?
958 4132 1143 4187 nullas
1175 4148 1409 4204 quoque
1438 4134 1595 4201 Pius,
1620 4135 1719 4206 qui
1748 4134 1919 4208 longo
1948 4136 2100 4207 [post
2208 4114 2470 4208 ῙξῙθ-(Ιυίδ-
2489 4118 2687 4169 autem
2722 4119 2821 4208 ⁸οῨ
2852 4115 3233 4208 ΡθΓῨίοεξοξοΓο
3257 4121 3363 4172 aut
3392 4117 3629 4173 οωηίηο
3657 4115 3817 4208 iam:

444 4197 876 4290 Vespasianum
910 4225 1173 4291 tempore
1192 4197 1531 4292 imperavit,
1566 4197 1880 4291 cruentas:
1911 4197 2101 4297 pergit
2208 4202 2407 4299 (inlusi
2439 4204 2509 4257 de
2544 4208 2700 4299 tanto
2732 4204 3016 4299 Πλίνθουῖεξ
3046 4205 3299 4299 ἀξλδίυωγ
3324 4210 3602 4299 ωονθῖῖθῖν
3625 4197 3819 4299 Ῑῗτοθίξξί

444 4308 862 4374 Tertullianus,
883 4310 1165 4365 adversus
1185 4310 1551 4367 Christianos
1578 4311 1735 4383 leges
1759 4318 1859 4367 aut.
1888 4293 2069 4384 a‘pprro

2208 4296 2265 4347 et
2294 4308 2616 4364 cognomen
2648 4298 2705 4348 et
2736 4310 2953 4349 munus
2985 4294 3262 4349 declarat.
3290 4293 3817 4367 Torpacion,inquit.

444 4396 620 4453 bavit.
655 4401 756 4452 aut
788 4397 1161 4471 subsignavit
1190 4398 1559 4469 (Tertullian.
1593 4381 1690 4455 loc.
1732 4402 1869 4468 cit.).
1902 4381 2070 4458 Meliti

2207 4381 2545 4451 vocabatur,
2586 4386 2643 4435 et
2672 4382 2945 4437 Euhodiae
2978 4386 3104 4437 erat
3132 4389 3501 4454 procurator.
3558 4383 3663 4439 Sed
3707 4381 3815 4452 quis

446 4484 603 4538 enim
636 4486 692 4540 in
720 4487 843 4556 jam
879 4468 1054 4541 citata
1086 4504 1120 4541 a
1151 4487 1319 4542 nobis
1349 4489 1614 4559 Apologia
1663 4489 1923 4544 Marcum
1981 4493 2096 4545 Au-
2207 4468 2301 4524 me
2335 4469 2673 4540 meriti-lam
2706 4471 2867 4525 diem
2897 4471 3341 4528 difﬁcmlmum-

451 4572 658 4629 relium
692 4574 785 4630 his
816 4577 969 4646 apud
998 4576 1313 4632 Eusebium
1360 4577 1551 4633 verbis
1590 4579 1803 4633 affatur
1851 4596 1863 4633 :
1922 4579 1982 4635 Ὀ
2040 4576 2097 4633 δὲ
2131 4565 2175 4628 Ι)
2277 4574 2400 4630 Alio
2432 4579 2625 4631 autem
2656 4577 2716 4632 in
2748 4576 2896 4633 libro
2929 4576 3328 4634 Tertullianus
3387 4583 3586 4634 narrat
3634 4573 3814 4630 Valen-

446 4661 628 4731 πατήρ
664 4681 779 4731 σου,
814 4662 903 4715 καὶ
935 4667 1031 4716 σοῦ
1075 4662 1140 4717 τὰ
1196 4663 1479 4737 σύμπαντα
1536 4664 1893 4735 διοικοῦντος,
1922 4666 2067 4738 αὐτῷ

2202 4664 2563 4720 tinianorum
2595 4682 2821 4722 errores
2854 4668 3236 4739 impugnatos
3266 4668 3456 4724 fuisse
3486 4685 3598 4723 non
3653 4663 3813 4721 solum

444 4754 565 4809 ταῖς
615 4746 809 4803 πόλεσι
842 4751 965 4824 περὶ
1013 4756 1111 4806 τοῦ
1157 4749 1325 4824 μηδὲν
1374 4753 1706 4829 νεωτερίζειν
1756 4754 1878 4829 περὶ
1927 4756 2070 4826 ἣμῶε

2201 4754 2271 4809 ab
2301 4754 2535 4810 Justino
2561 4755 2834 4828 Martyre,
2867 4755 3126 4812 Miltiade
3158 4762 3215 4811 et
3246 4762 3484 4823 Irenaeo,
3516 4757 3613 4812 sed
3667 4752 3814 4809 etiam

447 4835 727 4911 ἔγραψεν·
786 4837 838 4892 ἐν
899 4843 980 4902 οἷς
1054 4842 1140 4895 καὶ
1212 4841 1347 4917 πρὸς
1399 4842 1755 4917 Λαρισσαίους
1811 4843 1898 4896 καὶ
1957 4844 2073 4918 πρὸ

2200 4860 2233 4898 a
2282 4842 2545 4912 Proculo,
2600 4844 2672 4899 de
2728 4861 2842 4917 quo
2897 4844 3055 4900 hunc
3114 4845 3377 4918 loquitur
3436 4849 3493 4901 in
3555 4844 3813 4899 modum:

444 4929 652 4983 ιθιδ
740 4928 1150 4991 Θεσσαλονικεῖς
1239 4929 1327 4985 καί
1409 4932 1545 5006 πρὸς
1612 4931 1948 5003 Ἀθηναίους,
2000 4954 2066 4987 κα

2200 4954 2228 4982 ‹‹
2261 4932 2542 4990 Proculus
2574 4939 2773 4989 noster
2822 4936 3067 5006 virginis
3099 4941 3344 4992 senecta:
3393 4940 3452 4991 et
3506 4931 3814 4990 Christianis

444 5015 580 5088 πρὸς
655 5019 857 5079 πάντας
917 5018 1217 5089 Ἕλληνας.
1278 5027 1447 5078 Pater
1503 5038 1709 5094 quoque
1765 5026 1945 5092 tuus,“
1988 5040 2070 5095 qui

2198 5021 2541 5093 eloquentiae
2576 5023 2852 5096 dignitas,
2916 5041 3064 5096 quos
3121 5024 3178 5079 in
3240 5026 3399 5080 omni
3468 5040 3635 5097 opere
3682 5017 3814 5085 ﬁdei,

440 5110 681 5176 tempore
708 5110 905 5164 cuncta
936 5111 1105 5165 simul
1133 5126 1259 5165 cum
1290 5116 1409 5183 ipso
1437 5112 1890 5179 administrabas,
1951 5114 2087 5168 scri-
2199 5113 2698 5183 quemadmodum
2730 5114 2788 5168 in
2820 5113 2955 5181 isto,
2990 5114 3309 5184 optaverim
3333 5114 3565 5185 assequi
3600 5135 3619 5163 ι
3655 5109 3813 5181 (Idem

434 5196 547 5265 psit
576 5194 647 5250 ad
675 5198 952 5267 civitates,
985 5215 1057 5254 ne
1083 5207 1271 5255 contra
1302 5216 1399 5255 nos
1428 5202 1697 5256 tumultus
1725 5201 2087 5271 concitarent,
2198 5200 2316 5255 adv.
2355 5199 2544 5257 Valcn.
2578 5219 2705 5274 cap.
2738 5204 2813 5275 5).
2839 5203 2981 5269 Quia
3012 5219 3145 5258 vero
3195 5205 3402 5258 1014
3464 5203 3557 5257 hic
3608 5200 3744 5255 liber
3789 5210 3815 5249 a

439 5286 775 5341 nominatim
805 5287 876 5342 ad
931 5289 1252 5355 Larissaeus,
1305 5289 1377 5343 ad
1433 5289 1956 5359 Thessalonicenses,
2020 5291 2090 5346 ad
2198 5289 2556 5345 Tertulliauo
2589 5295 2720 5362 post
2746 5308 2912 5347 suam
2948 5293 3020 5347 ad
3049 5292 3438 5348 Montanistas
3462 5288 3812 5345 defectionem

442 5372 814 5442 Athenienses,
839 5380 917 5430 ατ]
947 5379 1230 5433 universos
1286 5378 1519 5449 denique
1580 5378 1792 5435 Graecos
1850 5379 2084 5451 (Euseb.
2198 5379 2560 5451 compositus
2594 5384 2707 5451 est,
2731 5385 2787 5436 et
2816 5380 3099 5437 Proculus
3152 5387 3391 5437 vocatur
3448 5382 3642 5447 noster,
3695 5374 3811 5430 hinc

445 5461 545 5516 lib.
574 5479 628 5516 ιν
647 5464 846 5519 Eccles.
884 5467 1019 5521 (list.
1054 5482 1178 5536 cap.
1212 5467 1301 5532 26,
1337 5482 1464 5537 pag.
1502 5468 1643 5535 148).
1678 5469 1880 5524 Plures
1912 5469 2088 5525 etiam
2198 5468 2436 5540 quidam
2474 5468 2663 5541 colligi
2698 5486 2867 5541 posse
2900 5471 3253 5542 putantideo
3284 5472 3363 5525 ita
3386 5466 3809 5542 appellari,qu0-

442 5551 657 5605 eruditi
689 5556 900 5608 nostra:
925 5553 1110 5608 aetatis
1137 5553 1242 5608 viri
1273 5554 1590 5625 opinantur
1625 5555 1697 5610 ab
1752 5555 1851 5612 illo
1908 5556 2087 5615 latam
2198 5557 2357 5613 niam
2402 5556 2610 5631 iisdem
2669 5558 3158 5616 Montanistarum
3216 5559 3512 5616 erroribus
3567 5554 3809 5613 addictus

445 5638 650 5706 fuisse,
683 5640 741 5697 in
774 5640 1239 5699 Christianorum
1271 5644 1545 5716 gratiam,
1567 5643 1774 5718 legem,
1806 5661 1984 5717 quam
2016 5648 2089 5705 ab
2197 5650 2339 5705 erat.
2374 5647 2762 5712 Quamobrem
2783 5649 3009 5707 addunt
3038 5648 3205 5707 illum
3245 5648 3335 5706 his
3396 5646 3579 5704 notari
3632 5641 3805 5700 Hiero-
