4118 6182
347 308 503 370 1109

345 439 505 512 nymi
537 440 732 496 verbis
765 458 780 498 :
814 464 843 493 ‹‹
876 442 1071 511 Caius,
1104 444 1215 499 sub
1258 445 1552 502 Antonino
1602 447 1796 503 Severi
1856 448 1995 517 ﬁlio,
2027 454 2079 517 Α

343 530 801 600 disputationem
832 532 1112 588 adversus
1144 536 1479 603 Proculum,
1514 538 1769 592 Montani
1801 544 1989 593 secta-

341 623 552 689 torem,
584 619 877 692 insignem
908 622 1115 678 habuit
1176 645 1203 672 »
1261 624 1516 694 (Hieron.
1579 626 1759 681 Catal.
1820 630 1987 698 scrip.

341 709 468 763 cccl.
503 708 532 781 §
568 710 675 780 19).
712 711 919 767 Verum
951 728 1084 767 cum
1117 712 1227 767 iste
1259 714 1622 769 montanista
1656 717 1847 781 fuerit,
1873 734 1987 771 non

343 798 497 853 idem
531 799 787 870 profecto
818 815 946 857 esse
974 800 1225 867 videtur,
1259 807 1433 874 atque
1465 805 1744 860 Proculus
1768 808 1986 878 Tarpa-

341 888 491 943 cion.
542 892 826 944 Praeterea
870 889 965 944 hic
1013 890 1313 946 Euthodize
1363 898 1705 963 procurator
1752 895 1984 963 dicitur,

339 977 436 1032 ille
467 993 600 1033 vero
625 978 966 1034 Christianas
999 979 1337 1051 eloquentia:
1370 982 1657 1054 dignitate
1687 983 1986 1039 celeberri-

340 1083 499 1122 mus.
1634 1132 1639 1135 _

412 1158 481 1211 At
511 1156 798 1212 discimus
824 1174 893 1213 ex
914 1158 1116 1215 Dionis
1150 1157 1417 1231 Epitome
1447 1162 1706 1217 Evodum
1732 1158 1982 1236 (Etioaov)

335 1245 615 1300 Antonini
651 1246 956 1302 Caracallas
986 1248 1166 1305 fuisse
1196 1251 1704 1317 educatoremgcoﬁ
1734 1253 1984 1324 τροῳὲως

334 1332 499 1387 αύτοῦ
540 1335 689 1407 (Dio,
715 1338 877 1407 epist.
911 1338 1059 1407 333).
1094 1339 1241 1394 Tum
1268 1344 1463 1395 autem
1496 1341 1776 1397 Proculus
1808 1342 1984 1411 hujus

334 1424 535 1492 Evodi,
568 1441 672 1479 seu
699 1426 1395 1499 Euthodias,procurator
1424 1446 1551 1485 esse
1585 1432 1977 1502 poterat.Nam

335 1514 443 1568 hoc
475 1514 602 1585 ipso
634 1518 893 1586 tempore
926 1516 984 1569 in
1020 1517 1214 1571 Severi
1248 1518 1485 1589 palatio,
1538 1525 1603 1573 ut
1653 1520 1735 1575 ait
1764 1520 1981 1575 Tertul-

335 1600 551 1672 lianus,
585 1604 1081 1671 commorabatur,
1126 1605 1224 1659 ubi
1255 1622 1387 1661 eum
1438 1607 1733 1663 Caracalla
1764 1625 1980 1680 cogno-

331 1689 436 1755 vit,
468 1695 665 1763 atque,
697 1692 827 1764 ipso
858 1693 1359 1766 instigante,lacte
1389 1696 1697 1751 Christiano
1722 1697 1981 1753 educatus

336 1782 447 1834 est.

405 1867 688 1924 Caterum
720 1870 1014 1942 quidquid
1060 1873 1129 1927 de
1160 1872 1269 1928 hoc
1329 1873 1568 1930 Proculo
1619 1876 1980 1947 Torpacione

335 1961 658 2023 statuatur,
692 1960 894 2035 nullus
925 1961 1259 2033 ambigendi
1291 1962 1453 2018 locus
1484 1969 1591 2030 est,
1624 1968 1763 2037 quin
1811 1967 1978 2020 Seve-

339 2063 465 2117 rus,
495 2048 567 2102 ob
600 2050 913 2105 sanitatem
938 2050 1049 2106 sibi
1085 2052 1422 2107 mirandum
1457 2053 1516 2107 in
1542 2056 1779 2109 modum
1809 2056 1977 2109 resti-

335 2139 551 2203 tutam,
583 2138 785 2193 faverit
815 2139 1184 2195 Christianis.
1218 2142 1339 2195 Non
1374 2142 1561 2197 solum
1614 2144 1767 2198 enim
1824 2145 1981 2199 hunc

340 2226 648 2281 Proculum
680 2227 1075 2284 Christianum
1108 2229 1168 2285 in
1199 2248 1306 2285 suo
1339 2232 1581 2286 retinuit
1610 2234 1843 2303 palatio,
1878 2236 1980 2289 sed

334 2336 363 2363 «
392 2318 450 2369 et
478 2315 866 2383 clarissimas,
901 2318 985 2372 uti
1017 2319 1210 2374 adhuc
1242 2320 1982 2384 asseritTertullianus.fe-

332 2404 545 2473 minas,
582 2410 636 2460 et
660 2406 1032 2463 clarissimos
1062 2409 1237 2477 viros,
1271 2414 1516 2465 Severus
1568 2412 1760 2466 sciens
1790 2413 1982 2483 ’hujus

329 2498 499 2547 secta
529 2510 679 2562 esse,
710 2512 826 2551 non
871 2498 1043 2552 mado
1075 2515 1188 2553 non
1244 2498 1413 2566 laesit,
1457 2517 1653 2556 verum
1702 2502 1876 2556 etiam
1927 2508 1984 2556 et

328 2581 667 2638 testimonio
707 2586 1028 2654 exornavit,
1076 2592 1134 2641 et
1186 2588 1424 2658 populo,
1472 2589 1689 2643 furenti
1740 2591 1797 2644 in
1851 2608 1980 2657 nos,

330 2669 525 2740 palam
558 2671 773 2727 restitit
804 2695 832 2722 »
862 2674 1132 2742 (Tertull.
1166 2676 1236 2730 ad
1266 2676 1495 2747 Scapul.
1524 2694 1651 2749 cap.
1688 2680 1764 2750 4.)
1816 2679 1981 2734 Chri-

330 2758 543 2814 stianis
566 2760 747 2830 igitur
772 2778 1104 2833 revera,nec
1129 2781 1342 2836 parum
1366 2767 1603 2835 quidem
1634 2768 1982 2841 favit,seque

332 2846 566 2904 illorum
601 2867 715 2905 non
747 2852 1067 2919 occultum,
1102 2856 1204 2909 sed
1237 2854 1533 2925 publicum
1568 2857 1831 2913 exhibuit
1862 2859 1981 2913 fau-

332 2940 514 2993 torem
547 2943 723 3011 atque
754 2941 1149 2998 defensorem.
1186 2944 1401 3009 Quidni
1435 2961 1568 3000 vero
1600 2947 1683 3001 eis
1721 2946 1978 3014 favisset,

329 3045 362 3081 a
388 3027 603 3098 quibus
634 3046 747 3085 non
781 3031 957 3087 modo
990 3032 1337 3088 beneficium
1386 3035 1706 3089 maximum
1740 3052 1978 3107 accepe-

329 3120 437 3184 rat,
472 3118 573 3172 sed
597 3134 845 3189 quorum
879 3136 1171 3176 summam
1198 3138 1431 3193 quoque
1454 3123 1512 3176 in
1546 3140 1607 3178 se
1639 3123 1976 3180 ﬁdelitatem

1263 316 1334 373 D.
1384 316 1479 375 LE
1524 316 1850 377 NOURRY
1896 317 2544 380 OBSERVA'I‘IONES
2592 320 2851 381 NOVE.

3604 328 3758 388 mo

2624 453 2824 509 I015
2860 452 3095 508 CAPUT
3125 454 3236 509 XX.

2099 540 2173 594 De
2204 536 2344 589 laesae
2372 533 2581 588 divinae
2611 534 2913 603 majestatis
2942 534 3288 601 criminibus,
3325 551 3559 606 quorum
3591 538 3751 595 Chri-

2169 608 2345 662 stiani
2375 615 2486 661 tam
2533 606 2675 677 [also
2706 622 2872 674 quam
2922 607 3274 676 impudenter
3318 608 3383 662 ab
3422 610 3657 666 ethnicis
3692 614 3753 667 il-

2172 682 2349 735 lorum
2382 681 2488 733 reis
2520 678 2948 733 accusabantur.

2650 817 2971 858 ARTICULUS
3005 820 3242 859 PRIMUS.

2097 926 2272 992 Quam
2316 923 2512 975 invicte
2575 920 2945 973 Tcrtullianus
3012 920 3344 975 demonstret
3398 923 3753 981 Christianos

2166 996 2439 1049 immerito
2461 994 2705 1045 accusari
2732 991 3095 1059 infanticidii,
3155 994 3270 1047 sive
3302 994 3539 1064 infantis
3571 998 3629 1051 in
3659 1014 3749 1052 sa-

2165 1068 2274 1120 cris
2326 1080 2515 1119 eorum
2541 1137 2547 1139 _
2574 1064 2883 1139 syna.ribus_
2941 1064 3130 1139 cccisi,
3164 1080 3390 1122 comesa?
3416 1077 3602 1136 postea
3633 1070 3752 1139 ejus

2161 1139 2347 1192 carnis
2375 1137 2652 1211 palatique
2684 1136 3093 1211 sanguinis_,_ac
3134 1138 3446 1211 turpissimi
3494 1136 3745 1211 incestus,

2166 1225 2441 1278 venasque
2468 1206 2819 1279 ethnicorum
2844 1207 3223 1279 cavillationes
3244 1208 3500 1279 funditus
3518 1206 3747 1279 evertat,

2164 1282 2260 1336 ubi
2288 1277 2353 1335 de
2384 1280 2758 1350 Cynopennis,
2797 1277 3153 1349 Sciapodibus
3183 1277 3635 1353 et'Antipodibus.

2162 1396 2371 1451 Nullus
2414 1396 2483 1449 ad
2538 1394 2826 1448 vexandos
2880 1394 3323 1466 perdendosque
3383 1398 3745 1456 Christianos

2088 1487 2239 1541 alius
2261 1489 2565 1557 supererat
2600 1482 2856 1538 ethnicis
2891 1488 3223 1554 praetextus,
3253 1485 3367 1539 nisi
3397 1492 3460 1540 ut
3508 1504 3606 1543 eos
3656 1505 3746 1544 ca-

2093 1576 2287 1649 pitalis
2321 1576 2573 1645 alicujus
2608 1574 2873 1629 criminis
2907 1591 3142 1645 quoque
3173 1577 3409 1632 tandem
3444 1580 3615 1634 modo
3656 1597 3743 1635 ae-

2090 1671 2383 1721 cusarent.
2419 1669 2488 1719 At
2520 1681 2584 1719 eo
2620 1664 2833 1717 furoris
2864 1670 2921 1718 et
2955 1664 3259 1721 dementias
3313 1675 3739 1739 processerant,

2092 1760 2156 1809 ut
2187 1755 2318 1809 illos
2355 1772 2467 1809 non
2490 1754 2665 1808 unius
2691 1757 2920 1807 tantum
2949 1754 3154 1823 ﬂagitii
3187 1773 3315 1811 reos
3347 1758 3735 1827 dicerent,sed

2013 1829 2057 1892 Β
2088 1847 2353 1909 omnium,
2390 1858 2453 1899 ut
2484 1844 2564 1897 ait
2597 1842 3013 1908 Tertullianus,
3044 1846 3325 1916 scelerum,
3358 1847 3603 1907 deorum.
3638 1851 3734 1904 im-

2088 1946 2431 2006 peratorum,
2466 1934 2670 2002 legum,
2704 1948 3014 1997 morum,ac
3043 1936 3208 1988 totius
3235 1944 3461 1993 natura:
3482 1938 3734 1995 inimicos

2089 2024 2349 2097 (Tertull.
2404 2023 2682 2093 Apnlngcf.
2734 2038 2861 2093 cap.
2914 2022 2970 2090 2,
3016 2039 3073 2092 p.
3126 2024 3274 2094 277).
3327 2025 3538 2081 Verum
3574 2031 3728 2099 quis,

2091 2115 2198 2168 hac
2234 2113 2400 2184 plane
2462 2111 2749 2165 horrenda
2806 2111 3178 2168 accusatione
3226 2114 3552 2185 perculsus,
3617 2136 3728 2174 non

2090 2202 2289 2257 statim
2344 2200 2765 2270 Obstupescat?
2818 2200 2939 2262 Quo
2991 2200 3145 2254 enim
3199 2203 3370 2257 modo
3404 2208 3487 2259 tot
3540 2211 3729 2262 tanto-

2093 2308 2341 2361 rumque
2367 2288 2680 2343 criminum
2710 2288 2788 2341 rei
2813 2304 2940 2342 esse
2968 2292 3237 2358 poterant
3266 2292 3733 2365 Christiani,qui,

2092 2382 2394 2449 sicutjam
2429 2377 2983 2447 demonstravimus,
3019 2395 3133 2433 non
3186 2382 3357 2436 modo
3409 2400 3591 2438 unum
3644 2403 3733 2441 ve-

2092 2486 2337 2539 rumque
2372 2470 2557 2523 Deum
2620 2483 2853 2521 summa
2900 2468 3267 2524 veneratione
3312 2472 3598 2537 colebant,
3634 2477 3733 2530 sed

2092 2577 2339 2631 quorum
2366 2558 2540 2612 etiam
2557 2554 3053 2610 castissimierant
3076 2574 3289 2623 mores,
3315 2577 3380 2615 ac
3398 2560 3734 2632 piissimum

2090 2648 2316 2705 vivendi
2342 2664 2526 2717 genus
2553 2646 2580 2699 ?
2613 2645 2838 2700 Ruehat
2867 2644 3047 2716 igitur
3063 2663 3124 2701 se
3166 2647 3295 2719 ipsa
3318 2653 3435 2705 tam
3459 2650 3601 2708 falsa
3624 2654 3734 2707 cri-

2091 2739 2352 2794 minatio.
2387 2742 2601 2791 Verum
2636 2734 2772 2805 quia
2818 2734 3150 2791 Christiana
3180 2738 3384 2811 religio
3442 2741 3608 2810 nihil,
3671 2748 3733 2800 ut

2090 2828 2350 2899 loquitur
2405 2824 2826 2893 Tertullianus,
2889 2824 2952 2880 de
3005 2841 3173 2881 causa
3242 2845 3356 2883 una
3410 2830 3733 2901 deprecatur

2089 2918 2245 2990 (Ibid.
2282 2933 2406 2987 cap.
2443 2915 2493 2983 l,
2538 2932 2591 2985 p.
2626 2916 2775 2980 259),
2809 2930 2932 2980 nec,
2967 2914 3122 2969 sicut
3153 2916 3233 2970 rei
3285 2917 3491 2986 solent,
3547 2921 3726 2977 ullam

2089 3006 2336 3079 gratiam
2358 3004 2611 3059 ullumve
2636 3005 2881 3057 favorem
2900 3003 3279 3076 requirit,hoc
3306 3007 3520 3064 idcirco
3543 3026 3725 3066 unum

2090 3100 2251 3167 optat
2281 3099 2337 3149 et
2367 3094 2529 3164 petit,
2565 3097 2628 3146 ut
2659 3092 2984 3148 secundum
3033 3096 3322 3150 severiora
3351 3096 3545 3170 legum
3581 3118 3727 3172 prai-

328 3182 517 3261 fuerat
539 3182 771 3279 semper
795 3209 1107 3279 expertus?
1138 3182 1282 3265 Nam
1306 3182 1460 3266 inter
1493 3212 1773 3268 factiones
1804 3213 1975 3283 Casii,
2008 3202 2049 3268 C
2088 3185 2306 3283 seri?”
2326 3182 3113 3283 examiiwin.li'0imm?l.).re.ni
3146 3184 3542 3283 ﬁrmum-nus
3563 3190 3732 3283 Pd-ea

327 3291 489 3363 Nigri
521 3298 577 3348 et
606 3294 795 3350 Albini
838 3296 909 3351 ab
940 3296 1070 3368 ipso
1100 3299 1229 3369 ejus
1280 3298 1532 3370 imperii,
1571 3305 1635 3354 ut
1682 3318 1861 3373 supra
1888 3301 1973 3358 vi-

326 3382 526 3438 dimus
557 3387 742 3455 (supr.
774 3401 900 3457 cap.
932 3386 987 3450 2,
1020 3391 1128 3441 art.
1178 3388 1251 3457 1),
1285 3392 1341 3443 et
1391 3388 1544 3443 infra
1596 3390 1787 3445 adhuc
1820 3391 1973 3445 dice-

326 3475 443 3535 tur,
476 3473 711 3528 exordio
752 3475 1044 3545 subortas,
1080 3476 1279 3532 nullus
1312 3494 1572 3548 unquam
1604 3479 1973 3535 Christianus

324 3558 383 3613 in
393 3565 601 3616 ventus
633 3566 742 3617 est.

396 3648 513 3705 Nec
542 3651 755 3707 dixeris
786 3652 909 3709 hac
938 3670 1199 3726 pugnare
1230 3671 1363 3709 cum
1397 3655 1491 3725 iis,
1536 3656 1751 3726 quibus
1792 3674 1967 3728 supe-

326 3737 452 3793 rius
483 3738 740 3797 diximus
788 3743 971 3814 (lbid.)
1003 3748 1354 3799 commotam
1407 3746 1477 3800 ab
1510 3746 1711 3800 eodem
1762 3747 1970 3802 Severo

324 3828 675 3899 imperatore
707 3831 764 3886 in
796 3832 1158 3888 Christianos
1179 3834 1793 3904 persecutionem.Non
1813 3835 1967 3890 enim

322 3918 557 3987 imperii
588 3920 680 3975 sui
712 3920 898 3991 initio,
931 3923 1032 3977 sed
1065 3925 1199 3994 post
1227 3923 1424 3978 decem
1475 3926 1532 3977 et
1575 3923 1832 3993 amplius
1862 3942 1966 3979 an-

324 4024 433 4063 nos
483 4009 775 4065 concitata
822 4010 949 4066 fuit.
1000 4011 1239 4067 Constat
1288 4017 1482 4066 autem
1534 4011 1702 4067 illum
1771 4013 1841 4067 ad
1910 4014 1967 4067 id

322 4113 513 4168 usque
544 4102 777 4170 tempus
795 4116 910 4155 non
942 4117 1151 4171 parum
1175 4102 1409 4172 quidem
1441 4102 1653 4158 favisse
1684 4102 1968 4159 Christia—

321 4202 437 4241 ms.

392 4274 625 4332 Nullam
658 4293 830 4349 porro
868 4295 1103 4351 aequum
1136 4296 1330 4335 rerum
1382 4280 1793 4336 aestimatorem
1840 4296 1968 4335 esse

318 4368 626 4435 putamus,
682 4366 779 4437 qui
833 4384 900 4422 ex
950 4368 1065 4435 his,
1119 4385 1247 4439 quae
1280 4369 1566 4425 hactenus
1617 4369 1773 4424 dicta
1806 4375 1966 4439 sunt,

318 4452 489 4508 facile
516 4470 631 4509 non
666 4455 959 4528 intelligat
989 4459 1191 4527 quanti
1227 4460 1452 4514 roboris
1486 4460 1562 4513 sit
1602 4459 1723 4513 haec
1755 4460 1966 4514 Aucto-

318 4542 401 4596 ris
435 4544 618 4599 nostri
672 4548 1128 4616 argumentatio,
1180 4548 1351 4617 cujus
1400 4548 1650 4618 ponderc
1698 4547 1965 4603 ethnicos

318 4630 558 4701 penitus
590 4634 805 4701 obruit,
834 4636 936 4706 qui
969 4651 1031 4690 se
1066 4636 1293 4708 legibus
1324 4637 1448 4691 suis
1497 4637 1567 4691 ad
1621 4637 1966 4692 cruciandos

318 4719 725 4793 tollendosqus
754 4722 1114 4781 Christianos
1146 4725 1393 4797 obligari
1423 4724 1967 4781 venditabant.Nam

318 4808 429 4863 has
462 4814 521 4863 et
549 4809 1053 4883 iniquissimas,et
1078 4815 1150 4869 ab
1181 4813 1574 4885 iniquissimis
1600 4814 1965 4886 principibus

317 4898 492 4953 datas
536 4915 663 4955 esse
712 4901 1156 4958 demonstravit.
1230 4903 1345 4959 Nec
1397 4902 1594 4958 minus
1642 4902 1967 4959 luculenter

317 4987 595 5057 patefecit
645 4986 780 5045 illas
837 5008 871 5047 a
918 4992 1322 5064 compluribus
1368 4992 1524 5062 aliis,
1573 4992 1859 5064 probitate
1910 4998 1967 5049 et

313 5076 589 5146 aequitate
634 5079 915 5150 praeditis,
948 5086 1238 5137 correctas
1287 5082 1466 5137 fuisse
1512 5087 1568 5137 et
1602 5083 1962 5138 emendatas.

316 5166 575 5237 Denique
604 5169 701 5239 qui
734 5170 959 5226 nullam
994 5172 1051 5225 in
1078 5171 1437 5227 Christianos
1471 5170 1731 5227 tulerunt
1754 5170 1965 5242 legem,

312 5254 381 5309 hi
413 5256 613 5327 procul
642 5258 819 5315 dubio
844 5260 1295 5332 illos,quantum
1318 5261 1601 5333 iniquitas
1636 5266 1963 5333 temporum

308 5345 566 5416 sinebat,
601 5349 774 5403 tutari
806 5365 872 5405 ac
906 5359 1197 5422 protegere
1227 5352 1609 5408 conabantur.

2090 3275 2289 3330 omnia
2321 3291 2445 3344 qure
2478 3270 2828 3326 Christianis
2883 3270 3330 3345 objiciebantur,
3384 3276 3727 3346 singulatim

2086 3363 2471 3420 examinanda
2506 3378 2569 3414 ac
2602 3359 2878 3414 diluenda
2918 3361 3271 3431 aggreditur,
3308 3380 3373 3419 ac
3408 3366 3730 3423 manifesti-

2083 3454 2226 3509 si'me
2249 3454 2612 3507 demonstrat
2643 3450 2875 3504 eosdem
2901 3448 3268 3507 Christianos
3303 3458 3422 3508 tam
3460 3454 3602 3510 falso
3634 3456 3729 3512 ho-

2082 3559 2211 3596 rum
2251 3541 2605 3612 ﬂagitiorum
2642 3537 2998 3604 insimulari,
3030 3556 3202 3609 quam
3250 3547 3471 3599 certum
3504 3550 3628 3600 erat
3660 3544 3730 3599 il-

2086 3628 2270 3683 lorum
2308 3645 2431 3683 reos
2467 3644 2661 3684 revera
2695 3648 2822 3685 esse
2854 3632 3120 3702 gentiles.

2154 3717 2300 3783 Quid
2338 3718 2493 3771 enim
2546 3736 2578 3773 a
2607 3720 2849 3776 veritate
2881 3720 3069 3793 magis
3107 3720 3385 3788 alienum,
3420 3739 3596 3794 quam
3628 3740 3726 3779 eos

2078 3803 2228 3860 lisse:
2262 3806 2587 3876 majestatis
2618 3808 2826 3863 divinis
2877 3810 3212 3879 redarguer,
3256 3809 3353 3879 qui
3385 3824 3608 3877 verum,
3662 3816 3725 3865 ut

2078 3893 2545 3959 diximus,Dcum
2579 3901 2635 3949 et
2665 3898 2935 3967 privatim
2968 3902 3023 3951 et
3054 3896 3287 3967 publice
3312 3897 3371 3951 in
3402 3897 3527 3951 suis
3549 3912 3722 3968 syna-

2078 3983 2250 4037 xibus
2283 4000 2515 4055 semper
2543 3985 2829 4054 colebant,
2891 3986 3305 4056 malebantque
3340 3985 3725 4041 atrocissimis

2080 4072 2534 4143 quibuscunque
2580 4091 2640 4128 se
2698 4076 2887 4128 necari
2947 4074 3272 4146 suppliciis,
3330 4090 3507 4145 quam
3567 4073 3723 4129 hunc

2080 4161 2320 4215 unicum
2356 4162 2538 4215 Deum
2575 4168 2916 4234 negare,aut
2947 4163 3125 4218 falsos
3157 4163 3297 4218 deos
3329 4161 3445 4217 ullo
3474 4162 3564 4217 vel
3589 4162 3722 4217 ficto

2078 4254 2308 4304 tantum
2346 4255 2402 4305 et
2454 4252 2729 4306 simulato
2779 4252 2942 4308 cultu
2986 4253 3296 4308 venerari?
3326 4256 3538 4307 Contra
3590 4268 3723 4307 vero

2078 4338 2259 4409 hujus
2292 4356 2536 4394 summm
2570 4341 2890 4412 impietatis
2930 4341 3366 4398 evidentissima
3418 4341 3725 4397 convince-

2076 4428 2291 4483 bantur
2319 4430 2586 4501 gentiles,
2622 4432 2717 4502 qui
2755 4431 3025 4497 factitios,
3049 4438 3110 4486 ut
3140 4430 3291 4486 infra
3320 4431 3719 4498 ostendemus,

2077 4518 2214 4571 deos
2239 4517 2685 4589 colebant,quos
2707 4520 2956 4575 infames
2974 4524 3029 4574 et
3050 4520 3211 4575 omni
3238 4519 3719 4591 turpissimarum

1996 4582 2042 4644 D
2075 4606 2388 4662 criminum
2422 4626 2630 4679 genere
2663 4610 2904 4664 tmdatos
2937 4610 3117 4664 fuisse
3150 4609 3503 4664 fatebantur.

2146 4701 2217 4750 At
2248 4698 2303 4750 hi
2339 4702 2532 4752 tamen
2570 4715 2872 4768 nunquam
2905 4716 3018 4753 non
3051 4698 3385 4753 clamabant
3428 4696 3716 4752 Christia-

2078 4802 2184 4841 nos
2210 4784 2428 4841 idcirco
2460 4786 2609 4841 lzesrc
2641 4787 2962 4841 divinitatis
2993 4803 3120 4843 esse
3148 4787 3432 4853 conscios,
3491 4787 3626 4859 quia
3659 4786 3717 4841 in

2078 4874 2203 4928 suis
2252 4875 2595 4946 synaxihus,
2629 4881 2685 4929 et
2733 4876 2885 4930 inter
2931 4876 3252 4932 sacratiora
3282 4893 3390 4932 sua
3421 4877 3716 4946 mysteria,

2076 4963 2520 5018 nefandissimis
2552 4963 2871 5019 sceleribus
2895 4981 3022 5020 sese
3046 4965 3562 5037 impudentissime
3584 4982 3719 5020 con-

2074 5052 2463 5107 taminabant.
2500 5053 2642 5107 Nam
2680 5053 3047 5122 dicebantur,
3081 5054 3274 5125 inquit
3302 5052 3719 5119 Tertullianus,

2074 5142 2495 5197 sceleratissimi
2538 5143 2601 5197 de
2630 5150 2976 5199 sacramento
3028 5144 3371 5215 infanticidii
3400 5143 3559 5211 (Ibid.
3592 5160 3719 5214 cap.

2073 5231 2127 5300 7,
2163 5248 2217 5301 p.
2256 5230 2532 5301 10(3),sive
2561 5231 2803 5287 infantis
2837 5249 3013 5305 quam
3050 5234 3125 5287 ibi
3159 5234 3415 5289 occisum
3447 5234 3720 5289 devorare

2079 5320 2430 5374 ferebantur.
2472 5322 2605 5375 Inde
2639 5326 2838 5393 etpost
2879 5324 3191 5377 convivium
3247 5322 3391 5377 illud
3424 5339 3723 5377 exsecran-

2076 5408 2212 5463 dum
2248 5409 2597 5487 turpissimo
2623 5411 2800 5483 pollui
2832 5414 3050 5478 incesto,
3080 5412 3227 5485 quod
3258 5427 3529 5467 eversores
3558 5412 3720 5465 lumi-

2074 5514 2229 5563 num,
2262 5498 2433 5553 verba
2464 5501 2654 5555 adhuc
2689 5505 2829 5556 sunt
2861 5502 3130 5557 Auctoris
3163 5501 3369 5563 nostri,
3403 5515 3588 5567 canes,
3608 5501 3713 5553 (eo-

2073 5602 2166 5641 nes
2194 5588 2419 5658 scilicet,
2434 5590 2839 5659 ,tenebrasdum
2867 5596 2916 5646 et
2948 5593 3153 5647 1016
3188 5590 3480 5646 libidinum
3513 5590 3715 5659 impia-

2075 5693 2201 5732 rum
2223 5678 2668 5737 inuerecundiam
2687 5690 2979 5752 procurent
2999 5681 3273 5753 (Ibid.).In
3296 5676 3712 5750 manuscriptis
