4134 6184
479 303 628 362 1111

986 301 1515 362 1‘ERTULLIANI
1562 301 1881 361 OPERUM
1931 300 2132 358 PARS
2178 298 2227 358 Ι.
2268 332 2345 341 —
2387 299 2661 359 SERIES
2705 300 2754 373 Ι,
2801 298 3360 360 APOLOGETICA.

3678 306 3807 365 1112

482 436 697 513 nostris
753 435 1055 491 codicibus
1114 440 1171 490 et
1222 434 1581 489 editionibus
1638 433 1898 505 antiquis
1955 432 2119 486 deest
2145 432 2200 497 Α
2301 431 2387 485 Ab
2411 431 2501 486 his
2533 431 2713 503 igitur
2742 431 3017 489 omnibus
3045 455 3072 481 «
3112 432 3392 503 quotidie,
3424 434 3594 508 pergit
3619 437 3813 494 Tertul-

477 543 584 581 vox
614 530 861 591 tum,nec
894 524 972 579 ibi
1006 525 1258 579 multum
1292 524 1622 579 necessaria
1651 524 2120 579 videtur.Sensus

479 620 671 670 autem
703 614 1275 679 Tertulliani,isthszc
1306 612 1538 667 brevius
1566 612 1678 667 alio
1700 613 1757 666 in
1784 613 1930 667 libro
1958 627 2121 665 enar-

476 705 681 769 rantis,
727 703 822 758 hic
854 708 942 758 est
977 720 989 758 :
1026 708 1160 757 Post
1210 702 1437 757 lumina
1482 719 1514 756 a
1545 702 1791 757 canibus
1838 719 2037 759 eversa
2068 710 2125 760 et

476 793 783 856 exstincta.
819 793 1089 855 tenebrm,
1126 791 1664 863 impurissimorum
1690 791 1966 847 lenonum
2003 811 2125 849 mu-

479 899 589 938 nus
621 882 922 937 obeuntes.
957 881 1429 935 inverecundiam
1466 880 1780 951 impiarum
1816 880 2126 939 libidinum

480 974 799 1043 procurant
838 970 1041 1041 (Idem,
1102 971 1203 1024 lib.
1240 987 1253 1023 ι
1288 970 1367 1023 ad
1429 971 1554 1023 Nat.
1618 986 1745 1039 cap.
1807 972 1873 1024 15
1929 977 1985 1027 et
2016 974 2125 1044 10).

485 1061 781 1132 Praecipua
811 1066 1004 1114 autem
1056 1057 1443 1131 et'capitalia
1479 1059 1594 1113 haec
1654 1059 1905 1115 crimina
1963 1067 2130 1117 erant

378 1174 389 1181 η
485 1167 610 1221 quae
642 1149 878 1216 ethnici,
916 1148 1415 1221 quemadmodum
1452 1147 1609 1218 alibi,
1644 1165 1750 1203 nec
1789 1150 1992 1217 semel,
2026 1168 2127 1206 an-

483 1239 815 1296 notavimus
847 1239 1150 1309 (Dissertat.
1184 1237 1245 1292 in
1275 1238 1473 1291 Minui.
1508 1238 1688 1292 Octav.
1745 1254 1871 1308 cap,
1904 1240 1957 1305 8,
2018 1246 2126 1297 art.

486 1330 575 1383 iet
604 1328 815 1399 seqq.),
846 1327 1049 1381 tandiu
1084 1330 1360 1396 tantaque
1391 1325 1757 1397 impudentia
1780 1327 2130 1383 Christianis

483 1417 858 1488 objiciebant,
893 1420 1114 1487 quanta
1140 1415 1418 1469 facilitate
1460 1415 1530 1469 ab
1566 1415 1826 1486 antiquis
1863 1417 2128 1471 Ecclesiae

488 1505 757 1561 Patribus
789 1505 974 1558 diluta
1004 1504 1416 1574 confutataque
1446 1508 1604 1558 sunt.

557 1611 749 1667 Variis
765 1627 896 1666 vero
918 1609 1314 1665 Tertullianus
1334 1614 1528 1664 noster
1548 1610 1839 1664 rationum
1875 1626 2131 1665 momen-

490 1702 566 1759 tis
598 1701 803 1757 falsam
851 1700 1000 1755 hanc
1060 1699 1526 1754 criminationem
1579 1699 1848 1755 funditus
1904 1699 2127 1755 evertit.

2237 520 2451 587 lienus,
2486 522 2847 591 obsidemur,
2910 521 3172 592 quotidie
3229 522 3537 593 prodimur,
3591 525 3645 579 in
3693 526 3815 597 ipsis

2234 609 2556 681 plurimum
2590 611 2838 665 cratibus
2870 613 3069 666 1017
3108 616 3165 665 et
3195 614 3707 683 congregationibus
3733 634 3816 670 no-

2236 699 2375 754 stris
2407 699 2799 771 opprimimur
2826 724 2845 748 n
2884 700 3067 771 (lbid.)
3097 718 3109 768 ;
3142 700 3407 755 vel.sicut
3434 702 3582 772 ipsos
3610 704 3819 774 gentiles

2237 788 2372 843 alibi
2407 789 2811 860 compellando
2845 790 2991 846 dixit
3023 807 3035 844 :
3074 812 3100 839 «
3144 790 3313 844 Scitis
3343 794 3399 844 et
3451 792 3567 846 dies
3617 808 3818 846 conven-

2236 883 2405 933 tuum
2442 882 2819 942 nostrorum;
2855 878 3051 949 itaque
3079 883 3135 934 et
3184 879 3531 943 obsidemur,
3576 884 3628 934 et
3665 882 3821 952 oppri-

2238 984 2488 1037 memur,
2525 971 2582 1022 et
2613 969 2671 1022 in
2702 968 2848 1039 ipsis
2876 968 3104 1023 arcanis
3153 969 3676 1041 congregationibus
3704 971 3821 1024 deti-

2238 1074 2500 1112 nemurs
2561 1059 2740 1129 (Idem
2776 1057 2876 1112 lib.
2930 1074 2944 1111 1
2997 1058 3065 1112 ad
3112 1062 3239 1115 Nat.
3291 1074 3417 1129 cap.
3459 1060 3512 1123 7,
3560 1074 3673 1130 pag.
3700 1060 3820 1130 568).

2239 1147 2439 1202 Latere
2470 1163 2606 1218 ergo
2625 1147 2941 1219 gentilibus
2963 1164 3076 1203 non
3110 1152 3333 1218 poterat
3355 1147 3489 1219 quid
3521 1147 3575 1201 in
3603 1147 3668 1202 iis
3688 1147 3822 1202 Chri-

2238 1235 2409 1290 stiani
2440 1252 2607 1308 agere
2639 1242 3080 1292 consueverant.

2309 1346 2380 1397 At
2410 1360 2531 1414 quis
2562 1360 2829 1413 unquam,
2874 1343 3068 1414 arguit
3121 1345 3334 1407 Auctor
3363 1346 3555 1398 noster
3600 1343 3822 1413 (Tertull.

2238 1432 2509 1503 Apoleget.
2546 1433 2645 1486 loc.
2695 1432 2841 1499 cit.),
2890 1430 3086 1487 taliter
3122 1422 3391 1501 vagienti,
3442 1432 3573 1487 dum
3619 1450 3648 1486 a
3690 1432 3823 1487 Chri-

2240 1522 2447 1576 stianis
2478 1522 3079 1592 occideretur,infanti
3105 1529 3419 1592 supervenit
3439 1526 3463 1574 .9
3491 1522 3613 1590 Quis
3638 1531 3823 1578 cruenta

2238 1610 2727 1675 Christianorum,
2781 1611 2880 1683 qui
2930 1612 3314 1666 comedebant
3368 1611 3526 1667 illius
3574 1628 3751 1667 carnes
3782 1618 3826 1666 et

2239 1700 2585 1770 sanguinem
2616 1698 2911 1765 bibebant,
2939 1704 2998 1754 ut
3028 1701 3335 1771 invenerat,
3375 1706 3645 1772 tanquam
3685 1700 3830 1772 Cyclo-

495 1793 753 1848 Primum
787 1791 943 1846 enim
976 1790 1239 1844 ethnicos
1286 1789 1442 1859 ipsos
1497 1788 1654 1843 hunc
1714 1788 2038 1860 alloquitur
2070 1790 2129 1846 in
2165 1806 2207 1870 Β
2236 1806 2369 1861 pum
2400 1793 2454 1843 et
2478 1788 2812 1844 Sirenarum
2842 1806 2958 1856 ora,
2993 1789 3236 1844 minime
3292 1789 3528 1861 quidem
3586 1791 3827 1855 abstersa,

496 1882 737 1938 modum
772 1898 784 1935 :
819 1881 1065 1934 Dicimur
1094 1893 1326 1950 semper
1356 1896 1387 1932 a
1409 1879 1573 1933 vobis
1622 1881 1919 1934 tantorum
1951 1878 2131 1935 scele-

490 1989 622 2027 rum
654 1970 738 2026 rei
763 1989 775 2039 ;
800 1986 897 2025 nec
930 1986 1034 2026 vos.
1069 1968 1210 2040 quod
1239 1968 1435 2023 tandiu
1483 1968 1752 2033 dicimur,
1798 1985 2008 2039 eruere,
2040 1969 2132 2023 in-

490 2061 799 2131 vestigare,
849 2062 905 2114 et
960 2062 1216 2129 retegere
1274 2060 1480 2112 curatis
1536 2057 1794 2128 (Tertull.
1854 2060 2127 2130 Apotoget.

489 2167 616 2222 cap.
648 2151 705 2215 7,
737 2149 967 2221 p.307).
1008 2146 1216 2202 Nullus
1272 2150 1467 2200 tamen
1529 2146 1905 2200 condemnari
1965 2148 2128 2217 prius

486 2240 678 2307 debet,
712 2254 887 2309 quam
922 2236 1155 2293 sceleris
1188 2236 1564 2291 convincatur
1594 2254 1609 2288 :
1642 2236 1785 2304 Ergo
1806 2240 1902 2291 aut
1931 2238 2124 2305 eruite,

483 2328 676 2401 inquit
704 2327 823 2396 ille,
853 2328 902 2382 si
954 2327 1198 2390 creditis,
1231 2331 1286 2380 et
1325 2325 1686 2380 Christianos
1744 2325 1954 2379 horum
2012 2342 2131 2380 sce-

480 2414 668 2472 lerum
701 2413 1047 2483 convincite,
1078 2421 1173 2468 aut
1201 2414 1373 2467 nolite
1401 2416 1645 2479 credere,
1676 2414 1806 2484 quia
1840 2428 1949 2467 non
1979 2414 2128 2467 erui-

482 2508 581 2561 stis
612 2505 819 2575 (Ibid)
854 2504 1156 2558 Enimvero
1197 2502 1305 2557 hac
1367 2502 1632 2556 affectata
1688 2503 2131 2557 dissimulatione

484 2598 658 2664 atque
686 2590 1040 2663 negligentia
1067 2591 1451 2660 praescribitur
1497 2589 1702 2661 (Ibid),
1762 2589 2128 2658 przejudicio-

486 2700 599 2753 que
630 2680 961 2737 certissimo
994 2680 1273 2751 probatur
1302 2678 1765 2732 Christianorum
1798 2677 2131 2732 innocentia

486 2775 543 2826 et
571 2786 808 2825 summa
840 2785 1067 2823 morum
1107 2768 1430 2839 integritas,
1462 2767 1601 2839 quod
1629 2784 1727 2822 nec
1764 2769 1875 2837 ipsi
1909 2766 2130 2821 audetis

485 2876 675 2917 eruere
706 2858 890 2930 (Ibid)
922 2874 988 2912 ea
1034 2859 1304 2923 crimina,
1339 2872 1589 2927 quorum
1622 2855 1777 2925 illos,
1810 2862 1927 2910 tam
1960 2855 2127 2921 falso,

487 2966 656 3021 quam
683 2957 903 3004 temere
935 2945 1245 3013 accusatis,
1279 2962 1384 3000 nec
1416 2962 1592 3000 causa
1641 2961 1922 3015 unquam,
1957 2950 2020 2999 ut
2047 2944 2129 2998 vi-

483 3040 705 3105 dimus,
741 3037 963 3102 audita,
1011 3034 1440 3101 condemnatis,
1472 3035 1760 3105 torquetis
1808 3039 1864 3089 et
1911 3033 2130 3089 occidi-

486 3129 583 3185 tis.

2231 1878 2419 1950 judici
2447 1877 2856 1950 conspicienda
2885 1879 3233 1934 reservavit?
3284 1879 3413 1947 Quis
3470 1879 3550 1934 vol
3599 1881 3650 1934 in
3679 1881 3829 1933 uxori-

2243 1970 2339 2023 bus
2361 1969 2556 2040 aliqua
2584 1967 2870 2023 immunda
2924 1966 3217 2037 adulterii,
3276 1967 3573 2025 iniisdem
3627 1969 3827 2024 cratibus

2240 2057 2414 2129 paulo
2445 2061 2577 2111 ante
2628 2057 2897 2122 admissi,
2948 2059 3182 2125 vestigia.
3227 2057 3582 2129 deprehendit
3630 2056 3827 2128 (Ibid)?

2238 2147 2370 2211 Quae
2403 2146 2639 2217 quidem
2678 2146 2776 2202 ille
2806 2146 2936 2201 aliis
2987 2146 3176 2201 verbis
3227 2146 3343 2202 alio
3394 2146 3453 2202 in
3484 2147 3627 2201 libro
3657 2147 3728 2202 sic
3754 2163 3827 2200 ur-

2238 2237 2409 2308 gebat
2442 2252 2455 2290 :
2490 2258 2518 2284 ‹‹
2550 2235 2689 2299 Quis
2720 2252 2978 2306 unquam
3011 2251 3237 2291 semeso
3269 2253 3452 2307 puero
3500 2233 3828 2307 supervenit?

2239 2325 2380 2388 Quis
2401 2325 2458 2379 in
2491 2328 2792 2379 cruentato
2816 2340 2963 2395 pane
2994 2325 3239 2396 vestigia
3269 2325 3535 2380 dentium
3567 2323 3832 2395 deprehen-

2240 2413 2372 2468 dit?
2396 2413 2543 2478 Quis
2585 2413 2841 2468 tenebris
2872 2414 3177 2484 repentino
3207 2412 3433 2469 lumine
3475 2413 3716 2484 irruptis,
3742 2411 3828 2465 im-

2240 2502 2463 2557 munda
2502 2501 2718 2573 aliqua,
2769 2517 2841 2556 ne
2888 2502 3133 2557 dixerim
3184 2503 3430 2574 incesta,
3475 2500 3774 2574 recognovit
3813 2525 3827 2546 ι

2240 2591 2445 2662 (Idem.
2480 2590 2579 2646 lib.
2609 2608 2627 2644 1
2658 2590 2727 2645 ad
2757 2591 2879 2646 Nat.
2922 2590 3031 2645 loc.
3074 2591 3196 2661 cit.)
3220 2592 3246 2644 ‘t
3279 2596 3345 2646 In
3400 2591 3734 2664 .4pologetico
3758 2606 3831 2642 au-

2240 2684 2355 2735 tem
2384 2680 2451 2735 ad
2486 2679 2777 2751 duplicem
2809 2680 3118 2752 Cyclopum
3150 2685 3209 2736 et
3239 2681 3591 2753 Syrenarum
3622 2677 3831 2735 fabulam

2241 2768 2511 2840 respexit.
2545 2770 2727 2824 Poetze
2759 2769 2914 2824 enim
2959 2774 3075 2824 tam
3129 2770 3338 2839 Graeci,
3393 2768 3835 2841 quemadmodum

2242 2858 2526 2912 Homerus
2558 2858 2770 2930 (Odyss.
2804 2876 2927 2923 VIII,
2962 2864 3093 2930 post
3122 2860 3322 2930 med.),
3354 2877 3529 2930 quam
3562 2855 3839 2925 Latini,sic-

2242 2950 2305 3001 ut
2331 2946 2612 3018 Virgilius
2643 2947 2772 3017 (lib.
2812 2964 2873 3001 ιιι
2897 2949 3114 3003 Ai‘neid.
3146 2965 3199 3019 v,
3230 2948 3337 3004 617
3387 2954 3439 3004 et
3490 2951 3649 3020 seq.),
3694 2947 3837 3000 ﬁnxe-

2241 3038 2379 3091 runt
2409 3035 2682 3107 Cyclopes
2715 3035 2982 3091 homines
3016 3038 3195 3092 fuisse
3218 3038 3580 3107 monoculos,
3612 3036 3697 3109 qui
3729 3048 3837 3087 suos

2240 3125 2522 3180 vorabunt
2552 3124 2833 3197 hospites.
2868 3126 2982 3181 Nec
3014 3126 3231 3193 minus,
3288 3133 3433 3183 nota
3461 3132 3548 3183 est
3577 3124 3751 3183 fabula
3772 3123 3838 3177 Si-

553 3234 836 3286 Praaterea
866 3247 931 3286 eo
963 3230 1151 3302 major
1180 3232 1304 3285 erat
1342 3228 1462 3283 hmo
1494 3228 1863 3283 ethnicorum
1898 3244 2131 3299 perver~
2162 3180 2204 3246 Ο
2244 3230 2541 3282 ranarum,
2593 3230 2719 3285 (111³³
2768 3215 3129 3287 navigantes,
3179 3219 3393 3271 cantus
3444 3218 3537 3272 sui
3582 3212 3837 3270 dulcedine

480 3321 647 3386 sitas,
680 3337 795 3391 quo
828 3319 1055 3374 facilius
1096 3318 1545 3390 promptiusque
1592 3321 1861 3389 poterant
1894 3316 2130 3372 investi-

479 3425 617 3482 gare
647 3413 820 3481 atque
843 3424 1160 3480 agnoscere
1192 3425 1264 3461 an
1296 3424 1429 3461 vera
1458 3412 1655 3462 essent
1704 3406 1803 3460 illa
1852 3405 2130 3462 Christia-

485 3516 693 3555 norum
741 3497 980 3553 scelera.
1035 3497 1179 3551 Nam
1224 3512 1414 3551 census
1480 3497 1640 3551 istius
1686 3495 2019 3565 disciplinae,
2054 3496 2135 3550 ait

484 3587 901 3653 Tertullianus,
934 3586 1044 3640 hoc
1071 3589 1157 3640 est
1193 3584 1369 3655 hujus
1401 3583 1795 3639 disseminata:
1825 3583 1885 3638 in
1913 3585 2133 3639 mundo

490 3676 831 3731 Christianae
857 3674 1178 3746 disciplinae
1210 3674 1474 3743 initium,
1516 3691 1549 3727 α
1580 3673 1789 3729 Tiberio
1818 3684 1893 3728 est
1928 3674 2131 3745 (Ibid);

492 3770 612 3834 aut,
648 3765 732 3819 uti
763 3764 1105 3836 explicatius
1136 3764 1250 3819 alio
1284 3764 1338 3818 in
1374 3763 1522 3817 libro
1558 3779 1569 3816 :
1604 3764 1870 3832 Principe
1896 3763 2135 3833 Augusto

490 3870 689 3910 nomen
721 3853 838 3924 hoc,
872 3854 1364 3920 Christianorum,
1396 3858 1581 3908 ortum
1622 3862 1702 3907 est
1731 3870 1751 3915 ;
1786 3853 1993 3907 Tiberio
2024 3851 2133 3905 dis-

487 3945 697 4015 ciplina
726 3944 839 4012 eius
892 3945 1102 3997 illuxit.
1159 3949 1229 3997 At
1276 3948 1426 3998 certe
1475 3943 1753 4014 quoniam
1807 3941 2137 3996 Christiana

489 4032 692 4105 religio
727 4049 860 4087 vera
889 4036 998 4099 est,
1031 4049 1156 4087 cum
1185 4032 1308 4088 odio
1336 4034 1456 4088 suis
1496 4034 1674 4103 cazpit,
1727 4030 1887 4085 illius
1942 4030 2135 4085 adhuc

484 4121 723 4177 totidem
759 4128 898 4176 sunt
927 4122 1120 4181 verba.
1168 4122 1335 4176 simul
1381 4130 1544 4192 atque
1590 4122 1852 4191 apparuit
1908 4120 2131 4173 inimica

483 4211 852 4266 esse.Nostris
878 4226 1009 4265 vero
1032 4210 1090 4265 in
1126 4211 1546 4281 manuscriptis
1577 4209 1875 4264 codicibus
1905 4208 2135 4263 inimica

486 4302 585 4364 est,
617 4299 726 4355 hoc
757 4304 866 4369 est,
920 4316 985 4354 eo
1037 4300 1163 4371 ipso
1211 4317 1322 4369 quo
1374 4299 1543 4369 cmpit
1594 4304 1879 4369 tempore,
1913 4298 2134 4352 mundo

488 4388 783 4460 apparuit,
847 4388 1123 4442 omnibus
1202 4388 1443 4442 inimica
1518 4392 1575 4441 et
1632 4387 1818 4441 invisa
1876 4386 2006 4453 luit,
2069 4403 2133 4441 ac

492 4481 567 4531 tot
599 4476 772 4533 hostes
801 4479 917 4548 cjus
951 4477 1185 4531 fuerunt
1234 4484 1360 4547 quot
1405 4478 1667 4531 extranei
1706 4476 1908 4546 (Idem.
1961 4474 2062 4528 lib.
2116 4494 2131 4529 1

2242 3303 2485 3374 sopitos,
2521 3304 2577 3357 in
2612 3320 2770 3358 mare
2798 3303 3152 3374 dejiciebant
3210 3303 3386 3375 (Plin.
3444 3305 3545 3362 lib.
3600 3322 3634 3359 x
3682 3302 3837 3358 Natur.

2242 3392 2376 3447 Hist.
2410 3408 2536 3463 cap.
2573 3392 2658 3457 49,
2693 3408 2824 3464 pag.
2859 3392 3004 3464 441).

2315 3498 2713 3554 Tertullianus
2749 3499 2945 3570 itaque
2976 3499 3059 3554 sic
3089 3504 3540 3571 argumentatur
3572 3517 3582 3553 :
3614 3495 3839 3553 Christia-

2246 3604 2453 3642 norum
2488 3592 2573 3642 tot
2600 3588 2799 3644 hostes
2829 3593 3015 3657 erant,
3040 3594 3182 3659 quot
3224 3588 3475 3653 ethnici,
3522 3587 3714 3653 JUdtBl,
3757 3582 3838 3637 nii-

2246 3676 2377 3731 lites
2400 3681 2456 3731 et
2478 3677 2809 3743 domestici,
2843 3695 2875 3733 a
2902 3678 3117 3749 quibus
3176 3677 3452 3749 quotidie
3482 3678 3539 3733 in
3572 3676 3685 3732 suis
3711 3673 3846 3730 etiam

2246 3765 2561 3836 synaxibus
2594 3766 3018 3822 obsidebantur
3042 3764 3717 3839 opprimebanturque.Si
3740 3777 3843 3831 ergo

2246 3854 2303 3909 in
2337 3854 2454 3910 illis
2476 3860 2812 3927 tottamque
2835 3857 3130 3913 horrenda
3164 3856 3422 3913 crimina
3447 3855 3848 3929 perpetrassent,

2246 3961 2279 3998 a
2309 3948 2392 3998 tot
2422 3944 2694 3999 hostibus
2726 3946 2852 4000 suis
2880 3946 3022 4001 adeo
3054 3946 3299 4002 infensis
3346 3944 3696 4018 deprehendi
3719 3937 3844 3995 facil-

2245 4031 2383 4087 lime
2414 4039 2703 4104 poterant.
2737 4035 2910 4104 Atqui
2944 4052 3012 4090 ex
3059 4035 3291 4089 infinito
3326 4034 3732 4107 propemodum
3750 4028 3845 4084 illo-

2245 4139 2374 4176 rum
2424 4122 2730 4193 hucusque
2781 4141 3023 4180 numero
3073 4141 3144 4179 ne
3184 4141 3341 4180 unus
3376 4124 3611 4195 quidem
3644 4119 3845 4176 minima

2246 4210 2481 4266 sceleris
2505 4211 2682 4267 ullius
2705 4214 2950 4285 vestigia
2982 4230 3241 4285 unquam
3267 4212 3527 4286 agnovit.
3552 4207 3843 4267 Falsissima

2245 4298 2423 4369 igitur
2454 4304 2621 4355 erant
2651 4318 2717 4355 ea
2747 4302 3014 4371 crimina,
3051 4320 3178 4375 qua
3213 4304 3470 4374 improbi
3504 4297 3841 4358 calumniato-

2246 4406 2337 4445 res
2368 4389 2713 4445 Christianis
2745 4391 3116 4462 objcctabant
3139 4392 3541 4464 (Tertull.lib.1
3568 4390 3633 4445 ad
3658 4385 3843 4443 Natian.

2245 4496 2369 4550 cap.
2403 4481 2456 4545 7,
2494 4497 2620 4549 pag.
2654 4480 2800 4547 569).

492 4565 563 4620 ad
592 4567 712 4621 Nat.
746 4581 873 4635 cap.
904 4568 959 4633 7,
994 4583 1048 4636 p.
1082 4567 1229 4637 307),
1265 4566 1319 4619 id
1354 4570 1462 4631 est,
1497 4582 1700 4619 omnes
1750 4564 1986 4618 omnino
2027 4564 2135 4617 ho-
2167 4552 2212 4616 D
2315 4568 2514 4639 Neque
2546 4568 2603 4622 hi
2637 4569 3069 4640 quantumlibet
3096 4562 3844 4642 impudentissimihomines

494 4653 682 4708 mines
706 4658 914 4723 praeter
944 4654 1099 4708 solos
1133 4654 1417 4725 ipsosmet
1453 4653 1834 4708 Christianos.
1869 4654 2036 4719 Nam,
2071 4657 2134 4707 ut

491 4741 572 4795 ait
610 4741 803 4796 adhuc
853 4742 1269 4810 Tertullianus,
1321 4742 1520 4798 hostes
1571 4741 1803 4797 illorum
1861 4748 2044 4808 erant,
2077 4746 2133 4797 et

494 4830 681 4901 primo
713 4830 931 4901 quidem
959 4834 1189 4902 pr0pria
1219 4848 1288 4887 ea:
1315 4834 1668 4887 aemulatione
1695 4834 2000 4899 Judwi,seu
2026 4849 2132 4888 sua

488 4918 1317 4992 inillosinvidia,qua'qnidem
1336 4921 1895 4993 propterabrogatos
1919 4938 1950 4975 a
1973 4920 2130 4977 Chri-

484 5016 571 5062 sto
594 5016 814 5061 veteres
833 5024 974 5062 suos
1002 5008 1150 5062 ritus
1178 5010 1853 5082 semperconﬂagrarunt
1879 5026 1890 5063 :
1921 5010 2130 5064 deinde

482 5096 687 5150 milites
718 5112 788 5151 ea:
823 5099 1174 5152 concussione
1222 5100 1425 5167 (idem,
1472 5100 1693 5169 .lpolog.
1745 5116 1869 5169 cap.
1903 5100 1957 5165 7,
1992 5116 2124 5170 pag.

481 5186 628 5258 308),
663 5185 770 5240 hoc
802 5192 910 5252 est,
944 5187 1097 5241 sicut
1130 5188 1428 5244 nonnullis
1474 5189 1722 5259 videtur,
1757 5188 2004 5242 subdola
2039 5188 2126 5242 fu-

479 5275 730 5330 rentium
765 5278 1270 5341 accusatione,sed
1307 5276 1768 5345 melius,crudeli
1800 5278 2122 5332 vexatione.

485 5366 563 5419 Ea:
590 5374 794 5420 natura
824 5366 1049 5420 tandem
1080 5384 1176 5420 sua
1213 5370 1313 5438 ipsa
1361 5369 1527 5421 etiam
1573 5366 1860 5421 domestici
1960 5366 2126 5421 Chri-

481 5455 778 5510 tianurum
814 5455 1040 5526 (Ibid);
1088 5460 1286 5527 utpote
1336 5457 1433 5525 qni
1465 5455 1816 5511 conditionis
1867 5473 1983 5510 suae
2016 5456 2124 5511 im—

487 5544 793 5615 patientes,
830 5560 988 5597 more
1019 5544 1188 5598 solito
1230 5543 1662 5599 insidiabantur
1692 5546 1946 5602 dominis
1978 5546 2124 5618 suis,

489 5631 704 5701 quibus
738 5648 944 5686 nocere
971 5648 1277 5704 nunquam
1314 5650 1427 5688 non
1461 5634 1929 5690 connitebantur.

2242 4658 2595 4728 respondere
2644 4663 2914 4730 poterant
2968 4660 3172 4714 horum
3251 4660 3566 4715 criminum
3615 4658 3772 4712 testes
3821 4664 3845 4699 ει

2240 4746 2588 4802 Christianis
2609 4748 2855 4818 pecunia
2877 4754 2977 4804 aut
3000 4750 3263 4805 mercede
3283 4749 3467 4804 fuisse
3489 4759 3730 4817 unquam
3750 4753 3845 4793 cor-

2241 4841 2467 4907 ruptos.
2502 4836 2646 4891 Nam
2681 4859 2707 4886 ‹‹
2742 4837 2872 4907 quis
2905 4837 3044 4892 talia
3077 4838 3447 4909 facinora,ait
3470 4832 3844 4892 Tertullianus,

2241 4942 2374 4980 cum
2409 4926 2748 4993 invenisset,
2783 4925 3008 4994 celavit,
3045 4933 3145 4981 aut
3174 4927 3439 4982 vendidit
3471 4927 3626 4997 ipsos
3649 4918 3845 4975 trahens

2241 5013 2550 5069 homines?
2585 5036 2610 5063 »
2641 5014 2843 5083 (ldem,
2876 5017 3157 5087 Apologet.
3204 5032 3331 5087 cap.
3365 5017 3422 5085 7,
3458 5033 3516 5087 p.
3548 5008 3735 5079 308)id
3761 5007 3845 5066 est.

2241 5104 2362 5159 ﬁeri
2399 5121 2511 5157 non
2546 5104 2754 5172 potuit,
2789 5109 2851 5159 ut
2903 5105 3174 5159 ethnicus
3225 5104 3444 5177 aliquis
3494 5104 3610 5158 haec
3642 5098 3739 5155 sibi
3769 5108 3841 5147 co-

2238 5192 2401 5264 gnita
2433 5192 2891 5248 Christianorum
2928 5194 3176 5250 crimina
3205 5199 3305 5249 aut
3338 5198 3546 5265 sponte
3577 5207 3676 5246 sua
3723 5180 3842 5239 cela-

2240 5284 2401 5348 verit,
2433 5288 2533 5337 aut
2565 5284 2702 5338 dum
2738 5284 3101 5342 Christianos
3134 5286 3201 5340 ad
3250 5286 3517 5357 judicum
3572 5270 3844 5335 tribunalia

2238 5373 2522 5440 trahebat,
2558 5372 2657 5428 illa
2690 5375 2874 5445 pretio
2916 5375 3112 5446 aliquo
3165 5374 3511 5438 vendiderit,
3546 5376 3599 5425 et
3624 5374 3750 5423 tunc
3777 5360 3843 5415 fa-

2236 5467 2366 5516 ctus
2399 5462 2473 5516 sit
2506 5463 2746 5518 omnino
2764 5464 3113 5520 mutus.Alio
3143 5469 3334 5520 autem
3363 5464 3416 5516 in
3444 5462 3589 5516 libro
3609 5458 3717 5511 haec
3737 5449 3841 5505 aliis

2237 5551 2361 5605 vide
2386 5567 2451 5606 ac
2484 5550 2827 5609 clarioribus
2859 5555 3068 5624 verbis,
3094 5554 3177 5610 sic
3208 5552 3509 5610 enuntiata
3534 5568 3546 5605 :
3576 5548 3632 5603 Si
3648 5538 3843 5618 prmio

2238 5643 2597 5712 impetramus
2640 5642 2712 5697 ab
2745 5643 3014 5715 ethnicis,
3069 5643 3380 5701 criminum
3434 5644 3749 5697 nostrorum
3777 5636 3840 5683 te-
