4134 6184
466 257 623 319 1115

993 256 1519 317 TERTULLIANI
1565 256 1890 320 OPERUM
1934 258 2137 318 PARS
2182 255 2229 316 Ι.
2256 289 2333 299 -
2360 255 2635 316 SERIES
2681 230 3340 327 I,SAPOLOGETICA.

3675 259 3809 318 1116

466 396 525 448 to
558 414 585 441 ››
616 392 822 459 (Cicer.
854 392 955 447 lib.
990 408 1032 447 ιι
1078 390 1143 447 de
1192 392 1372 461 Legib.
1427 408 1481 463 p.
1530 392 1659 457 335,
1714 391 1818 447 lin.
1876 391 2012 465 15)?
2053 392 2111 447 Si
2142 392 2197 459 Α
2298 390 2778 462 proconsulatum
2809 388 3808 465 Tiberii,immolabant,huncquemo-

464 496 596 535 vero
630 480 779 535 hanc
810 496 1041 552 poenam
1074 480 1276 535 fraude
1304 480 1390 535 vel
1424 481 1769 537 auctoritate
1801 481 2113 553 {Christia-

467 586 671 624 norum
693 569 858 623 vitari
889 585 1059 639 posse
1082 568 1499 638 arbitrabatur,
1520 571 1813 641 quomodo
1836 571 1908 626 ab
1928 570 2117 626 ethni-

467 658 550 712 cis
570 658 874 729 judicibus
906 658 1325 731 interrogatus,
1358 659 1782 716 crudelioribus
1804 659 2114 715 tormentis

464 746 710 802 cruciari
744 751 800 802 et
831 746 1014 802 occidi
1050 747 1326 816 malebat,
1362 765 1539 819 quam
1570 749 1710 815 haec,
1739 750 1953 821 quibus
1976 765 2113 804 con-

466 836 711 891 scientia
742 836 972 907 penitus
1006 841 1314 909 repugnat,
1348 837 1594 892 crimina
1626 838 1788 894 fateri
1820 856 1833 905 ;
1885 838 2111 893 Nemini

468 923 639 996 plane
673 924 799 980 sani
832 925 1040 997 capitis
1071 925 1295 980 homini
1325 925 1444 981 haec
1474 926 1777 982 credibilia
1809 932 1967 994 sunt,
2012 932 2115 983 aut

466 1014 588 1068 ﬁeri
622 1030 884 1086 unquam
919 1014 1181 1086 potuisse
1210 1015 1681 1086 persuadebitur.

538 1104 844 1159 lnstabant
874 1102 1121 1175 gentiles
1153 1120 1213 1159 se
1248 1104 1400 1159 fama
1430 1104 1704 1161 didicisse
1753 1105 2111 1162 Christianos

466 1209 595 1249 esse
626 1208 824 1248 revera
856 1194 1228 1265 praefatorum
1262 1193 1545 1250 scelerum
1576 1196 1859 1251 conscios.
1907 1199 1979 1249 At
2024 1195 2113 1250 in-

466 1282 630 1337 sulsa
662 1299 921 1353 prorsus,
956 1284 1269 1355 respondet
1297 1283 1717 1352 Tertullianus,
1744 1288 1800 1339 et
1826 1284 2006 1340 futilis
2028 1290 2117 1341 est

467 1372 674 1427 1020
718 1372 837 1426 haec
887 1373 1189 1444 responsio
1240 1372 1502 1438 (Tertull.
1554 1375 1827 1446 Apologet.
1883 1392 2008 1446 cap.
2058 1376 2112 1442 7,

466 1477 522 1532 p.
557 1461 680 1527 309,
713 1465 770 1515 et
798 1460 900 1515 lib.
935 1462 1055 1516 Iad
1102 1463 1326 1516 Nation.
1361 1476 1487 1533 cap.
1517 1463 1573 1529 7,
1628 1480 1757 1535 pag.
1807 1464 1956 1534 566).
2007 1468 2115 1519 Ne-

465 1565 601 1622 gare
631 1549 785 1605 enim
814 1567 927 1605 non
963 1553 1233 1621 poterant
1263 1567 1465 1605 verum
1498 1568 1646 1618 esse,
1681 1552 1833 1624 quod
1859 1553 2116 1608 celeber-

467 1639 654 1694 rimus
688 1643 856 1711 poeta
889 1639 1102 1695 cecinit
1134 1657 1145 1695 :

591 1738 753 1788 Fama
782 1739 980 1789 malum
1011 1752 1116 1801 quo
1138 1752 1248 1788 non
1275 1738 1420 1788 aliud
1452 1738 1689 1789 velocius
1708 1739 1897 1789 ullum.

1091 1810 1289 1873 (Virgil.
1324 1811 1416 1860 lib.
1448 1826 1498 1861 1v
1525 1810 1731 1863 xEneid.
1761 1826 1812 1860 v.
1836 1814 1964 1875 171.)

469 1911 645 1962 Fama
674 1907 829 1962 enim
864 1909 943 1963 rei
972 1912 1201 1963 tantum
1236 1910 1465 1964 incerta:
1510 1926 1722 1965 nomen
1773 1914 1882 1978 est,
1932 1928 2117 1984 eaque
2146 1962 2152 1969 .

469 1995 791 2067 saepissime
822 1997 1030 2064 oritur,
1062 2002 1161 2053 aut
1192 1999 1418 2068 ingenio
1440 2000 1849 2069 mmulationis,
1883 2000 2002 2056 sive
2024 2002 2113 2056 in-

468 2084 645 2151 vidia,
677 2089 776 2139 aut
808 2085 1043 2142 arbitrio
1072 2088 1425 2158 suspicionis,
1461 2103 1563 2142 seu
1599 2088 1933 2159 suspicione
1981 2106 2116 2163 gra-

467 2173 547 2229 tis
576 2174 844 2241 conﬁcta,
878 2178 975 2230 aut
1002 2175 1311 2231 mentiendi
1330 2177 1625 2247 voluptate.
1656 2178 1797 2233 Tam
1833 2178 1985 2233 malo
2009 2180 2117 2250 igi-

469 2267 573 2317 tur
617 2280 686 2318 ex
742 2264 1048 2336 principio,
1102 2270 1274 2336 atque
1316 2283 1385 2321 ex
1434 2267 1611 2322 unius
1684 2268 1967 2323 duntaxat
2022 2286 2120 2325 ore

475 2356 694 2421 exorta,
730 2353 1075 2425 plerumque
1105 2356 1409 2422 mentitur,
1444 2359 1545 2410 aut
1574 2356 1622 2411 si
1662 2356 1802 2427 quid
1851 2357 1970 2412 veri
2020 2375 2123 2412 un-

478 2458 653 2513 quam
688 2442 998 2514 renuntiat,
1033 2443 1120 2499 vel
1168 2449 1293 2499 tum
1343 2444 1561 2515 aliquid
1620 2444 1841 2516 adjicit,
1891 2445 1975 2501 vel
2027 2448 2121 2501 de-

476 2530 682 2595 trahit,
712 2530 798 2586 vel
831 2531 1126 2601 immutat.
1159 2533 1404 2588 Tamdiu
1451 2549 1586 2589 vero
1630 2534 1803 2606 viget,
1855 2536 2119 2607 quandiu

478 2618 624 2674 nihil
657 2620 885 2691 probat.
920 2621 1027 2676 Ubi
1069 2621 1223 2678 enim
1276 2638 1366 2678 res
1416 2623 1661 2693 probata
1708 2628 1816 2694 est,
1866 2629 2007 2679 tunc
2054 2642 2121 2681 eo

479 2709 606 2779 ipso
636 2707 736 2764 illa
786 2714 976 2765 cessat
1021 2714 1076 2766 et
1125 2710 1359 2766 excidit.
1411 2711 1615 2767 Merito
1666 2712 1846 2785 igitur
1890 2714 1981 2768 vir
2026 2731 2121 2770 sa-

477 2798 643 2870 piens
673 2798 895 2853 nullam
928 2797 1016 2854 illi
1049 2800 1222 2856 ﬁdem
1266 2799 1460 2869 habet,
1513 2800 1699 2856 multo
1750 2802 1938 2874 magis
1986 2820 2119 2858 cum

476 2888 606 2959 ipsa
636 2887 759 2944 sola
790 2888 963 2944 index
994 2894 1051 2945 et
1082 2890 1289 2945 nuntia
1320 2895 1411 2945 est
1441 2891 1725 2946 scelerum
1759 2909 1999 2964 prorsus
2020 2910 2119 2948 oc-

476 2976 792 3049 cultorum,
827 2994 954 3049 quas
984 2994 1154 3035 nemo
1187 2980 1401 3035 mentis
1423 2996 1541 3034 sua:
1562 2997 1801 3053 compos
1823 2981 1998 3037 homo
2022 2989 2123 3038 aut

474 3071 811 3140 perpetrare
842 3067 1037 3133 audet,
1070 3072 1172 3122 aut
1212 3072 1425 3139 potest.
1473 3074 1588 3125 Nos
1631 3087 1765 3126 vero
1794 3071 1940 3140 (alibi
1997 3072 2121 3126 ani-

475 3155 894 3211 madvertimus
962 3156 1113 3212 hanc
1177 3157 1521 3213 Tertulliani
1597 3160 2038 3231 responsionem
2088 3179 2123 3217 a

476 3243 720 3299 Minulio
752 3243 937 3301 Felice
968 3246 1343 3316 paucioribus
1374 3246 1632 3318 quidem.
1658 3250 1758 3303 sed
1784 3266 1897 3304 non
1923 3250 2120 3305 minus

474 3333 814 3389 efﬁcacibus
871 3334 1065 3389 verbis
1124 3334 1295 3406 plane
1351 3336 1685 3391 conﬁrmari
1745 3338 1989 3407 (Dissert.
2060 3341 2121 3394 in

476 3424 668 3479 Minut.
695 3427 891 3479 Octav.
928 3439 1055 3493 cap.
1086 3423 1140 3490 8,
1166 3428 1274 3478 art.
1306 3425 1382 3493 2).
1416 3424 1674 3496 Denique
1718 3427 2121 3484 Tertullianus

478 3512 708 3567 addidit
741 3513 908 3567 fama)
939 3516 1057 3566 tam
1092 3512 1292 3582 veloci,
1326 3530 1497 3582 quam
1533 3515 1820 3586 mendaci,
1858 3533 1971 3571 non
2000 3533 2121 3573 cre-

480 3600 758 3665 dendum,
790 3600 889 3655 sed
918 3600 1218 3656 veritatem
1252 3601 1756 3673 investigandam;
1818 3606 2120 3676 quoniam,

480 3689 563 3743 uti
601 3688 821 3743 ferebat
848 3688 1150 3760 vulgatum
1187 3690 1257 3744 ab
1290 3690 1541 3747 ethnicis
1572 3694 1968 3763 proverbium,
1994 3696 2121 3750 0m-

479 3777 576 3833 nia
607 3787 819 3850 tempus
852 3780 1059 3834 revelat
1114 3779 1379 3846 (Tertull.
1440 3780 1578 3847 ibid,
1637 3798 1691 3853 p.
1752 3783 1897 3855 310).
1960 3786 2120 3851 Quod

480 3867 717 3939 quidem
751 3867 1024 3939 adagium
1058 3868 1241 3924 Aulus
1272 3868 1493 3925 Gellius
1528 3870 1687 3941 (Gell.
1722 3870 1821 3927 lib.
1845 3891 1945 3941 xu,
1971 3876 2121 3930 Noct.

464 3958 640 4014 'Altic.
673 3974 799 4028 cap.
835 3957 920 4025 11)
952 3956 1045 4013 his
1092 3958 1394 4029 Sophoclis
1440 3960 1707 4018 versibus
1755 3964 2125 4021 decantatum

482 4044 683 4102 citavit
707 4062 719 4100 :

590 4133 734 4211 llpbc
764 4137 951 4211 ῖαῦςοε,
977 4133 1178 4211 κρύπτε
1212 4130 1402 4211 μηᾷὲκί,
1434 4135 1508 4196 ὡς
1540 4136 1729 4211 ᾅπανθ’
1760 4138 1901 4211 ὁρῶν

592 4204 693 4262 Kal
724 4206 873 4259 πάντ’
906 4204 1138 4276 ἁκοῦων,
1171 4204 1326 4260 πάντ’
1358 4206 1678 4262 ἀναπτύσσει
1710 4204 1929 4283 χρὸνος.

576 4295 653 4361 ῥά
688 4297 810 4361 haec,
831 4296 1216 4361 uihilgocculta,
1246 4296 1683 4361 quandoquidem
1708 4302 1889 4351 omnia
1919 4301 2128 4361 videns,

580 4358 641 4407 Et
669 4359 851 4408 omnia
881 4359 1121 4419 audiens,
1158 4358 1347 4408 cuncta
1368 4358 1571 4410 revelat
1591 4366 1819 4425 tempus.

482 4446 697 4501 Seneca
726 4462 894 4502 vero:
926 4470 952 4496 ‹‹
986 4448 1285 4518 Quasdam,
1320 4448 1530 4519 inquit,
1564 4450 1712 4506 falsa
1732 4452 1850 4507 veri
1874 4452 2128 4524 speciem

484 4534 717 4589 habent.
754 4535 1019 4591 Dandum
1076 4552 1308 4609 semper
1364 4543 1451 4592 est
1508 4543 1780 4611 tempus:
1831 4541 2129 4596 veritatem

484 4623 610 4677 dies
641 4624 845 4694 aperit.
882 4647 905 4677 ι
946 4625 1166 4696 (Senec.
1200 4626 1301 4681 lib.
1340 4644 1376 4681 ιι
1405 4627 1470 4683 de
1498 4630 1610 4699 Ira,
1646 4646 1773 4701 cap.
1807 4631 1957 4699 540).
2019 4631 2129 4685 Sed

484 4710 654 4782 plura
684 4712 755 4768 de
788 4712 892 4767 hoc
942 4714 1243 4784 proverbio
1295 4715 1556 4787 congerit
1609 4718 1910 4785 Erasmus,
1956 4731 2131 4790 quem

486 4800 791 4856 consulere
823 4803 1040 4872 poteris
1070 4803 1319 4875 (Erasm.
1350 4805 1518 4876 Adag.
1552 4806 1689 4861 chil.
1721 4808 1775 4877 2,
1810 4816 2032 4863 centur.
2076 4809 2130 4879 4,

487 4889 656 4960 adag.
681 4890 788 4961 17).
815 4890 955 4957 Quis
973 4895 1167 4946 autem
1190 4892 1335 4948 falsa
1357 4894 1467 4948 sub
1491 4895 1609 4950 veri
1633 4896 1825 4967 specie
1848 4897 2129 4968 crebrius,

484 4993 657 5050 quam
693 4979 849 5034 fama
894 4981 1251 5037 adnuntiat?
1298 4983 1428 5039 Solo
1478 4984 1677 5055 igitur,
1718 4986 1766 5040 si
1800 5003 1913 5042 non
1964 4987 2130 5053 falso,

480 5067 688 5124 saltem
720 5068 940 5125 incerto
971 5071 1101 5141 ojus
1123 5072 1457 5128 testimonio
1478 5073 1723 5145 gentiles
1746 5075 1815 5129 ad
1839 5077 2132 5132 vexandos

477 5156 839 5214 Christianos
871 5160 979 5214 niti
1016 5177 1128 5215 non
1157 5160 1469 5229 debebant,
1502 5163 1602 5217 sed
1637 5180 1843 5235 capere
1873 5169 2129 5236 tempus,

478 5263 616 5318 quo,
643 5248 973 5304 examinata
995 5265 1197 5304 eorum
1224 5251 1636 5312 causa,veritas
1660 5258 2127 5325 cognosceretur.

1102 5390 1419 5431 ARTXCULUS
1453 5392 1512 5429 ιι.

485 5464 658 5537 Quam
692 5462 1287 5537 invicteﬁl‘crlullianus
1345 5464 1595 5519 ostendat
1624 5469 1858 5537 gentiles
1897 5468 2128 5523 homici-

553 5536 655 5600 dii,
689 5537 846 5607 cujus
879 5534 1229 5607 Christianos
1249 5537 1388 5605 falso
1431 5534 1778 5607 accusabant,
1827 5555 1940 5595 esse
1988 5556 2127 5607 reos,

556 5606 863 5678 utpote'qui
892 5606 951 5660 in
981 5606 1175 5676 Africa
1213 5606 1451 5678 infantes
1509 5606 1763 5677 Saturno,
1816 5628 2004 5685 usque
2057 5613 2128 5669 ad

2296 479 2414 518 rem
2440 467 2650 519 secreto
2684 478 3096 534 perseverasse,-
3144 463 3359 517 tametsi
3403 462 3614 517 Saturni
3657 479 3811 520 sacer-

2295 535 2442 590 dotes
2472 537 2535 591 in
2590 536 2881 590 arboribus
2938 535 3131 605 templi
3185 534 3299 604 ejus
3348 534 3813 602 obumbratricibus,

2295 612 2441 734 gssit:
2474 607 2685 732 mtilitia
2717 607 2915 679 patria:
2944 612 3176 671 nostrae,
3207 608 3469 678 suspensi,
3484 624 3655 678 paena:
3673 614 3815 663 morte

2330 696 2358 734 e
2430 696 2520 734 rm
2550 720 2561 732 .

2330 696 2561 735 eaerznt.

2293 838 2449 893 Nihil
2481 854 2622 893 sane
2648 836 3056 910 impudentius
3087 835 3399 909 excogitari
3431 838 3625 907 potest,
3670 852 3815 908 quam

2224 927 2407 984 alium
2467 927 2800 999 gravissimi
2852 926 3117 982 criminis
3163 926 3306 981 falso
3357 942 3634 993 accusare,
3679 926 3817 995 cujus

2224 1018 2477 1090 ipsemet
2505 1022 2811 1073 accusator
2830 1033 2964 1073 reus
3002 1033 3131 1072 esse
3162 1014 3351 1088 palam
3384 1014 3734 1071 convincitur.
3762 1020 3819 1068 At

2225 1107 2373 1163 tales
2404 1111 2601 1162 tamen
2635 1111 2801 1162 erant
2831 1106 3072 1171 ethnici,
3104 1105 3202 1176 qui
3235 1104 3587 1159 Christianos
3616 1103 3819 1158 infanti-

2224 1198 2360 1254 cidii
2418 1201 2474 1252 et
2530 1198 2791 1253 incestus
2850 1194 3361 1267 impudentissime
3428 1194 3819 1264 redarguebant.

2224 1290 2371 1344 Nam
2402 1288 2511 1342 hoc
2544 1288 2736 1359 ipsum
2770 1290 2877 1353 est,
2912 1285 3083 1341 sicuti
3115 1286 3352 1341 eosdem
3371 1282 3744 1355 compellando
3761 1283 3822 1337 ait

2223 1377 2643 1447 Tertullianus,
2706 1378 2902 1434 1021
2962 1393 3065 1447 per
3112 1376 3264 1447 quod
3327 1376 3559 1446 forsitan
3605 1372 3664 1428 de
3702 1373 3824 1427 nobis

2225 1468 2543 1523 credidistis
2592 1467 2706 1523 alia
2744 1465 3011 1535 (Tertull.
3059 1466 3274 1536 Apolog.
3330 1480 3457 1535 cap.
3508 1462 3560 1531 9,
3612 1478 3662 1533 p.
3704 1461 3820 1530 3H),

2226 1574 2353 1629 quae
2383 1557 2811 1625 recensuimus,
2855 1555 3027 1627 longe
3083 1554 3350 1627 graviora
3398 1551 3605 1607 scelera
3633 1567 3663 1605 a
3690 1550 3823 1605 nobis

2228 1646 2569 1717 perpetrari.
2598 1646 2705 1700 Sed
2738 1644 3008 1700 consulto
3041 1643 3117 1698 ibi
3151 1643 3367 1712 adjecit
3416 1642 3672 1711 forsitan:
3717 1637 3824 1710 quia

2148 1766 2196 1831 B
2228 1733 2401 1804 paulo
2434 1737 2568 1788 ante
2615 1733 2840 1787 dixerat
2886 1733 3029 1786 adeo
3061 1730 3280 1786 atrocia
3312 1745 3443 1830 esse
3486 1728 3582 1831 illa
3625 1726 3820 1831 scelera,

2227 1838 2478 1893 quorum
2510 1822 2875 1877 Christianos
2903 1821 3247 1891 arguebant,
3281 1824 3347 1874 ut
3374 1818 3467 1873 vix
3497 1818 3565 1873 ab
3594 1816 3700 1871 ullo
3742 1815 3821 1869 ho-

2227 1912 2385 1967 mine
2414 1911 2570 1967 credi
2601 1911 2919 1982 potuerint,
2951 1909 3060 1965 nisi
3114 1910 3387 1981 quiedam
3437 1907 3645 1962 similia
3687 1905 3820 1959 fecis-

2226 2006 2377 2058 sent.
2410 2002 2669 2056 Primum
2706 2004 2901 2055 autem
2952 1999 3085 2055 illos
3129 2000 3283 2055 vario
3334 1999 3506 2053 modo
3552 1994 3824 2051 homicidas

2229 2092 2410 2148 fuisse
2466 2091 2744 2160 ostendit,
2804 2090 2943 2162 quia
2998 2091 3261 2160 infantes,
3344 2088 3517 2143 sicuti
3592 2085 3821 2157 loquitur,

2229 2205 2258 2233 «
2317 2196 2495 2252 penes
2550 2181 2807 2235 Africam
2858 2180 3110 2234 Saturno
3166 2177 3621 2233 immolabantur
3672 2172 3822 2245 palam

2230 2287 2418 2342 usque
2448 2270 2518 2324 ad
2554 2267 3033 2340 proconsulatum
3065 2268 3302 2333 Tiberii,
3336 2267 3433 2336 qui
3474 2266 3627 2337 ipsos
3676 2278 3825 2317 sacer-

2229 2359 2395 2414 dotes
2422 2358 2479 2412 in
2512 2357 2733 2412 eisdem
2764 2356 3075 2412 arboribus
3107 2356 3313 2428 templi
3350 2356 3442 2411 sui
3483 2349 3827 2410 obumbratri-

2230 2446 2398 2503 cibus
2430 2445 2717 2502 scelerum
2750 2461 2993 2501 suorum
3023 2444 3235 2500 votivis
3277 2444 3551 2501 crucibus
3590 2437 3826 2512 exposuit,

2230 2540 2378 2592 teste
2410 2534 2621 2590 militia
2651 2535 2849 2606 patriae
2882 2540 3114 2602 nostrae,
3157 2551 3282 2606 quis
3317 2534 3375 2589 id
3410 2532 3599 2605 ipsum
3653 2542 3827 2583 munus

2231 2625 2315 2680 illi
2348 2622 2685 2696 proconsuli
2720 2624 2922 2679 functa
2951 2629 3043 2679 est
3072 2646 3100 2673 »
3134 2624 3295 2692 (Ibid.
3345 2633 3399 2679 et
3444 2622 3596 2694 seq.).
3634 2619 3705 2675 De
3745 2615 3829 2670 hac

2231 2719 2426 2771 autem
2459 2712 2813 2783 detestabili,
2845 2718 2903 2767 et
2932 2716 3134 2768 contra
3166 2713 3369 2768 omnia
3426 2716 3638 2767 natura:
3681 2704 3829 2776 ipsius

2224 2807 2382 2876 jura,
2410 2802 2812 2858 immolatione
2842 2802 3157 2857 infantium
3200 2801 3260 2856 in
3322 2798 3710 2873 superioribus
3749 2807 3829 2847 no-

2232 2894 2372 2951 stris
2401 2893 2916 2949 dissertationibus
2946 2892 3114 2963 plura
3145 2891 3585 2949 observavimus
3637 2888 3829 2959 (Disser-

2232 2992 2330 3040 tat.
2363 2984 2423 3038 in
2452 2982 2647 3036 Minui.
2681 2980 2860 3035 Octav.
2897 2997 3021 3052 cap.
3055 2980 3110 3034 9.
3162 2984 3271 3035 art.
3326 2980 3383 3046 2,
3436 2986 3485 3034 et
3532 2976 3741 3032 Dissert.
3786 2970 3831 3023 in

2231 3076 2478 3129 Lactant.
2520 3087 2647 3142 cap.
2696 3071 2784 3137 34,
2842 3073 2950 3125 art.
3000 3070 3075 3141 3).
3128 3069 3411 3140 Superest
3459 3066 3627 3139 igitur
3670 3066 3830 3123 utea,

2151 3141 2194 3207 (ἶ
2233 3178 2362 3236 quae
2389 3141 2747 3216 Tertulliano
2774 3163 2973 3215 nostro
3004 3158 3323 3231 peculiaria
3358 3161 3517 3223 sunt,
3541 3168 3685 3210 nunc
3704 3147 3829 3220 sigil-

2228 3253 2394 3309 latim
2434 3250 2855 3322 expendamus.

2300 3360 2510 3415 Narrat
2540 3358 2737 3429 itaque
2766 3357 2955 3428 primo
2977 3355 3135 3411 hunc
3157 3370 3381 3409 morem
3407 3349 3830 3409 crudelissimum

2232 3462 2628 3522 perseverasse
2658 3460 2829 3517 usque
2858 3445 2935 3500 ad
2961 3442 3422 3516 proconsulatum
3454 3441 3665 3497 Tiberii.
3722 3433 3832 3522 Ουίή

2231 3520 2364 3595 dam
2398 3541 2593 3592 autem
2625 3535 2909 3607 suspicati
2944 3538 3083 3589 sunt
3113 3535 3191 3589 ibi
3224 3534 3562 3605 legendum,
3593 3541 3740 3599 usque
3780 3520 3833 3575 ad

2227 3626 2609 3701 proconsulem
2633 3626 2854 3692 Tiberii,
2875 3625 2929 3679 id
2951 3628 3059 3691 est,
3086 3622 3499 3695 proconsulem
3520 3615 3831 3692 quempiam,

2234 3724 2331 3773 aut
2366 3734 2398 3771 a
2424 3715 2651 3774 Tiberio
2681 3714 3032 3786 imperatore
3064 3713 3338 3781 missum,
3375 3718 3479 3768 aut
3509 3710 3597 3766 cui
3643 3702 3832 3762 Tiberio

2234 3823 2579 3879 cognomen,
2612 3810 2669 3860 et
2691 3804 2843 3860 alius
2866 3804 3106 3860 omnino
3130 3807 3273 3869 erat,
3298 3819 3481 3874 quam
3505 3800 3594 3857 hic
3611 3793 3833 3853 Tiberius

2236 3898 2573 3967 imperator,
2604 3893 2823 3964 illoque
2855 3892 3158 3965 posterior.
3192 3892 3300 3947 Sed
3335 3892 3479 3963 quia
3508 3890 3623 3944 haec
3651 3881 3832 3956 qualis-

2236 3998 2467 4055 cunque
2491 3982 2821 4037 emendatio
2854 3998 2967 4036 non
3024 3980 3377 4051 sufﬁciebat,
3430 3979 3657 4035 alteram
3702 3967 3835 4026 addi-

2237 4075 2395 4141 dere,
2424 4087 2489 4126 ac
2522 4076 2727 4143 postea
2754 4070 3065 4142 legendum
3099 4072 3474 4142 putaverunt,
3506 4070 3631 4122 teste
3672 4056 3835 4116 militia

2236 4162 2413 4233 patris
2468 4162 2664 4229 nostri,
2723 4159 2833 4214 hoc
2888 4163 2995 4229 est,
3066 4158 3221 4212 sicut
3294 4156 3379 4211 illi
3448 4150 3836 4235 ominabantur,

2240 4232 2419 4322 patris
2449 4249 2816 4319 Tertulliani,
2851 4248 2951 4320 qui
2983 4248 3293 4319 proconsul
3327 4246 3443 4301 fuit
3492 4247 3618 4316 post
3663 4232 3837 4295 Tiberii

2242 4339 2486 4395 Caesaris
2543 4344 2810 4394 mortem.
2876 4341 2941 4393 At
3024 4337 3271 4409 probare
3348 4335 3514 4408 prius
3594 4324 3839 4385 debebant

2240 4434 2465 4502 patrem
2504 4428 2847 4483 Tertulliani
2896 4429 3130 4499 proprio
3178 4426 3395 4481 Tiberii
3450 4420 3673 4479 nomine
3722 4412 3836 4469 inis-

2160 4520 2207 4585 D
2239 4535 2299 4575 se
2329 4517 2710 4589 appellatum.
2770 4517 2990 4572 Deinde
3038 4532 3169 4570 vero
3222 4514 3359 4569 huic
3411 4513 3735 4582 conjecture
3768 4515 3835 4555 re-

2239 4588 2544 4681 fragantur
2599 4624 2825 4677 omnes,
2882 4621 3017 4663 cum
3077 4605 3240 4675 editi,
3296 4609 3427 4659 tum
3496 4588 3836 4662 manuscripti

2239 4698 2483 4755 codices.

2310 4806 2455 4868 Quid
2489 4821 2620 4861 vero
2650 4804 2897 4878 impedit
2927 4803 3247 4875 quominus
3268 4800 3535 4857 Tiberius
3565 4792 3841 4866 imperator

2240 4895 2605 4950 dirissimum
2637 4894 2780 4949 illud
2813 4892 3130 4948 infantium
3166 4890 3521 4947 sacriﬁcium
3578 4887 3632 4941 in

2241 4982 2649 5055 prohibuerit?
2703 4982 2904 5037 Nonne
2962 4979 3189 5035 Plinius
3252 4977 3545 5033 memoriae
3625 4964 3841 5044 prodidit

2240 5091 2393 5130 anno
2441 5074 2547 5128 647
2593 5073 2763 5130 Urbis
2811 5072 3077 5143 conditae,
3132 5087 3196 5126 ac
3244 5070 3345 5125 Ch.
3400 5065 3635 5124 Lentulo
3696 5064 3747 5114 et
3790 5057 3837 5105 Ρ.

2239 5162 2462 5218 Licinio
2492 5163 2700 5218 Crasso
2731 5161 3098 5227 consulibus,
3140 5158 3514 5214 interdictum
3566 5151 3732 5207 fuisse
3765 5156 3835 5240 ες·

2242 5252 2707 5323 natusconsulto,
2758 5268 2831 5307 ne
2878 5250 3052 5305 homo
3102 5242 3548 5304 immolaretur?
3598 5238 3690 5295 sed
3731 5238 3841 5323 (ιυῖξ

2239 5344 2358 5398 haec
2389 5342 2823 5398 immanissima
2853 5339 3214 5395 consuetudo
3247 5344 3443 5410 postea
3488 5331 3668 5417 adhuc
3711 5315 3836 5417 aplld

2238 5432 2435 5488 Gallos
2477 5432 2918 5503 perseverabat:
2990 5453 3011 5479 α
3080 5428 3295 5483 Tiberii
3351 5421 3605 5490 Caas'aris,
3658 5412 3837 5481 inquit.

2242 5510 2602 5593 principatus
2633 5520 2878 5576 sustulit
2908 5518 3157 5574 Druidas
3188 5532 3409 5573 eorum.
3493 5554 3506 5567 .
3581 5552 3593 5565 .
3669 5548 3680 5560 .
3748 5510 3836 5553 nec

2241 5609 2385 5668 satis
2422 5608 2701 5667 aestimari
2733 5613 2923 5683 potest
2954 5610 3246 5682 quantum
3279 5600 3550 5663 Romanis
3569 5593 3833 5655 debeatur:
