4134 6184
263 346 414 404 ΗΠ

1166 341 1235 400 D.
1285 342 1378 401 LE
1422 340 1746 402 NOURRY
1792 334 2443 398 OBSERVATIONES
2488 338 2743 399 NOVIE.

3514 348 3666 410 1118

263 478 365 551 qui
395 476 686 533 sustulere
717 480 1002 539 monstra,
1033 476 1093 530 in
1142 474 1359 546 quibus
1408 472 1705 528 hominem
1755 471 1903 527 occi-
1934 474 1990 537 Α
2090 468 2171 525 Ne
2200 469 2334 541 quis
2366 486 2540 542 porro
2569 472 2865 529 dubitaret
2894 475 2964 530 de
2995 479 3233 549 sumpta
3270 478 3343 534 ab
3390 478 3510 536 illis
3559 484 3662 537 Sa-

266 568 401 622 dere
432 566 941 637 religiosissimum
972 564 1298 634 videbatur,
1333 563 1537 618 mundi
1566 578 1699 617 vero
1731 560 1907 617 etiam

266 655 721 711 saluberrimum
758 677 784 703 »
820 654 991 725 (Plin.
1025 654 1127 709 lib.
1160 670 1273 708 xxx
1302 654 1495 708 Natur.
1531 654 1665 707 Hist.
1695 668 1818 723 cap.
1855 652 1905 717 1,

268 762 399 817 pag.
423 744 836 815 728).Audisne
869 742 1223 814 impiissimo
1255 741 1547 797 sucriﬁcio
1569 758 1685 796 non
1717 739 1907 796 solum

270 835 494 889 cecisos
526 850 557 888 a
584 833 901 904 gentilibus
943 832 1234 900 homines,
1275 832 1374 885 sed
1424 846 1685 886 comesas
1731 829 1910 884 etiam

270 923 505 978 illorum
545 922 793 977 carnes?
838 927 909 975 At
940 920 1208 976 Tiberius
1258 920 1449 975 Caesar
1495 919 1637 974 illud
1683 917 1742 972 in
1778 916 1909 972 Gal-

267 1014 344 1067 lia
394 1017 453 1067 et
501 1012 638 1067 alibi
695 1011 1009 1066 sustulisse
1066 1010 1423 1082 perhibetur.
1485 1007 1696 1073 Quidni
1746 1011 1802 1061 et
1851 1005 1911 1059 in

268 1101 455 1156 Africa
485 1100 659 1155 sicuti
691 1100 1089 1155 Tertullianus
1118 1102 1233 1153 tam
1276 1099 1487 1153 diserte
1535 1095 1913 1169 pronuntiat?

263 1191 320 1245 Si
353 1190 492 1261 quid
527 1194 723 1245 autem
760 1190 817 1243 in
850 1188 1030 1259 hujus
1063 1189 1355 1259 opinionis
1403 1185 1911 1242 conﬁrmationem

266 1280 601 1351 exemplum
638 1277 831 1333 simile
863 1278 1124 1333 conferre
1163 1276 1372 1340 valeat,
1423 1276 1568 1331 illud
1620 1274 1912 1347 Josephus

267 1370 438 1424 nobis
493 1373 767 1440 suggeret
814 1368 1074 1439 (Joseph.
1123 1368 1311 1438 Antiq.
1363 1366 1487 1421 Jud.
1523 1366 1561 1420 l.
1592 1383 1750 1429 xvui,
1785 1381 1911 1435 cap.

265 1460 319 1528 4,
371 1474 501 1529 pag.
552 1459 699 1527 622).
749 1458 1048 1512 Testatum
1112 1455 1327 1527 quippe
1386 1455 1522 1510 facit
1579 1455 1649 1510 ab
1710 1455 1914 1510 eodem

269 1546 507 1602 Tiberio
549 1546 813 1600 dirutum
845 1544 1019 1600 Isidis
1050 1544 1359 1617 templum,
1392 1545 1828 1616 projectamque
1859 1542 1917 1595 in

267 1635 525 1691 Tiberim
576 1635 705 1705 ejus
750 1638 1034 1702 statuam,
1086 1650 1153 1689 eo
1203 1634 1356 1705 quod
1411 1632 1655 1687 Paulina
1702 1630 1918 1686 nobilis

274 1724 487 1780 mulier
516 1742 549 1779 a
580 1724 999 1789 DecioMundo
1042 1724 1276 1793 juvene,
1331 1724 1505 1778 deum
1558 1721 1786 1776 Anubin
1837 1719 1918 1775 si-

2019 559 2178 614 turni
2208 560 2612 645 sacerdotibus
2646 576 2834 634 paena,
2857 569 3065 620 testem
3095 567 3309 623 Auctor
3338 573 3535 626 noster
3564 588 3665 644 ap-

2021 648 2199 719 pellat
2231 648 2502 704 militiam
2562 652 2762 721 patrize
2793 670 2933 722 suae,
2966 672 3093 726 quas
3144 656 3403 729 idipsum,
3450 659 3673 732 inquit,

2019 754 2225 792 munus
2273 740 2362 793 illi
2415 742 2728 810 proconsuli
2773 742 3001 798 Tiberio
3049 747 3247 815 functa
3296 750 3374 802 est
3422 749 3664 806 Tertull.

2020 828 2298 897 Apologet.
2352 845 2475 901 cap.
2526 831 2579 899 9,
2632 848 2763 903 pag.
2819 833 2965 904 315),
3018 835 3234 906 quibus
3292 836 3447 892 haud
3502 840 3680 895 dubie

2019 918 2212 971 verbis
2263 918 2553 988 signiﬁcal
2600 918 2814 975 milites
2864 922 3090 991 Africae,
3142 924 3241 994 qui
3268 929 3407 981 tunc
3439 928 3549 982 sub
3581 929 3678 983 Ti-

2021 1005 2181 1061 berio
2213 1008 2559 1077 proconsule
2591 1011 2914 1079 merebant,
2948 1012 3088 1067 dum
3124 1030 3231 1068 suo
3264 1032 3506 1071 munere
3541 1017 3674 1073 fun-

2021 1100 2314 1163 gerentur,
2376 1095 2591 1152 vidisse
2657 1100 2990 1156 sacerdotes
3062 1102 3121 1156 in
3187 1102 3304 1159 illis
3368 1105 3676 1162 arboribus

2023 1186 2302 1255 suspendi
2355 1190 2411 1239 et
2460 1187 2835 1257 strangulari.
2888 1192 3105 1245 Verum
3167 1193 3415 1264 gentiles
3468 1212 3672 1252 eorum

2023 1273 2287 1345 exemplo
2340 1274 2526 1329 territi
2579 1276 2819 1347 quidem
2866 1278 3124 1348 fuerunt,
3156 1284 3258 1337 sed
3292 1300 3405 1340 non
3438 1285 3674 1357 penitus

2025 1364 2363 1434 expugnati.
2398 1368 2523 1418 Non
2568 1365 2725 1419 enim
2777 1367 3031 1439 amplius
3086 1372 3377 1427 audebant
3422 1375 3675 1432 infantes

2025 1456 2273 1507 Saturno
2306 1453 2497 1525 palam
2534 1454 2875 1524 immolare;
2928 1473 3131 1513 verum
3192 1482 3212 1509 σι
3267 1478 3421 1517 nunc
3474 1464 3533 1518 in
3582 1480 3676 1521 oc-

2028 1541 2205 1612 culto,
2239 1543 2320 1597 ait
2367 1543 2785 1614 Tertullianus,
2840 1552 3242 1617 perseveratur
3292 1551 3398 1607 hoc
3446 1569 3679 1610 sacrum

2029 1632 2259 1686 facinus
2294 1654 2321 1681 »
2351 1633 2547 1700 (Idem,
2578 1633 2765 1701 ibid.).
2804 1634 2965 1690 False
2996 1636 3175 1708 igitur
3205 1638 3439 1709 pietatis
3491 1642 3683 1714 specie

2029 1722 2308 1776 adversus
2339 1722 2679 1778 innocentes
2702 1723 2857 1779 ﬁlios
2888 1742 3028 1781 suos
3060 1728 3429 1795 armati,illos
3463 1735 3683 1787 secreto

266 1813 551 1882 mulante,
608 1814 665 1867 in
701 1811 798 1868 illo
829 1813 1033 1868 1022
1072 1812 1242 1866 Isidis
1276 1811 1490 1883 templo
1523 1809 1695 1865 malis
1729 1826 1920 1865 sacer-
1952 1854 1998 1919 B
2029 1815 2087 1866 et
2136 1810 2378 1879 occulte,
2432 1828 2496 1866 ac
2554 1812 2765 1882 spretis
2794 1813 3245 1885 iimperatorum
3305 1836 3545 1875 suorum
3601 1820 3679 1876 le-

262 1905 471 1959 dotum
506 1903 734 1958 artibus
766 1906 1149 1972 constuprata
1182 1900 1531 1956 Iuisset.Cur
1561 1915 1699 1971 ergo
1731 1897 1919 1969 magis
1952 1897 1998 1919 υ
2028 1900 2224 1972 gibus,
2257 1905 2513 1956 mactare
2540 1918 2656 1957 non
2690 1903 3062 1959 destiterunt.
3094 1908 3283 1978 Atque
3314 1907 3397 1963 ita
3440 1909 3679 1980 quidem

262 1990 542 2047 horribili
574 1991 915 2059 infantium,
948 1990 1198 2045 Saturno
1230 1988 1690 2054 immolatorum,
1739 1986 1918 2043 sacri-

265 2081 398 2135 ﬁcio
431 2081 626 2151 potius
654 2081 712 2134 in
744 2078 960 2148 Africa,
994 2095 1171 2151 quam
1202 2079 1258 2132 in
1292 2078 1500 2146 Gallia,
1526 2077 1610 2133 uti
1639 2077 1917 2141 diximus,

264 2175 327 2225 et
360 2170 490 2224 aliis
521 2169 579 2223 in
612 2168 951 2241 regionibus
982 2168 1379 2240 pepercisset?

337 2260 443 2315 Sed
477 2276 613 2330 qua,
642 2258 897 2330 inquies,
930 2258 1157 2313 ratione
1187 2257 1410 2312 dictum
1457 2275 1489 2312 a
1536 2255 1927 2315 Tertulliann,

268 2365 439 2420 usque
467 2350 535 2403 ab
562 2348 1007 2419 proconsulatum
1044 2348 1281 2403 Tiberii?
1300 2345 1598 2417 Numquid
1628 2344 1879 2400 Tiberiu.

269 2446 584 2509 antequam
616 2437 863 2493 Romani
896 2436 1129 2509 imperii
1170 2434 1631 2506 gubernaculum
1681 2438 1921 2502 teneret,

270 2527 586 2600 proconsul
640 2528 698 2581 in
751 2527 938 2581 Africa
988 2525 1215 2580 fuerat?
1264 2524 1376 2580 Sed
1412 2523 1575 2595 quid,
1609 2524 1815 2578 amabo
1848 2526 1923 2592 te,

269 2621 427 2673 vetat
459 2615 775 2688 quominus
807 2614 948 2668 illuc
978 2616 1050 2669 ab
1080 2616 1346 2685 Augusto
1377 2614 1620 2679 Caesare,
1673 2616 1773 2667 aut
1822 2628 1922 2667 an-

270 2710 366 2761 tea
392 2706 768 2760 renuntiatus
787 2704 1085 2759 sitAfricae
1117 2702 1461 2775 proconsul?
1476 2702 1532 2756 Si
1563 2702 1698 2773 quis
1731 2706 1924 2757 tamen

273 2801 431 2851 recte
459 2794 784 2866 probaverit
829 2793 1255 2847 Tertullianum
1306 2792 1377 2846 de
1429 2791 1542 2846 alio
1590 2790 1921 2862 intelligen-

267 2886 413 2940 dum
463 2900 593 2939 esse
643 2884 876 2939 Tiberio
930 2883 1129 2937 Africa:
1183 2880 1549 2953 proconsule,
1585 2880 1722 2937 huic
1755 2880 1922 2936 facile

269 2974 686 3031 assentiamur.

346 3064 661 3133 Subjunxit
692 3067 885 3119 autem
920 3062 1019 3117 ille
1051 3060 1494 3117 crudelissimos
1543 3060 1779 3115 Saturni
1825 3076 1919 3115 sa-

267 3153 536 3210 cerdotes
558 3154 733 3223 jussa
763 3153 1028 3223 ejusdem
1059 3151 1273 3205 Tiberii
1306 3150 1601 3222 expositos
1631 3149 1815 3203 fuisse
1859 3149 1916 3203 in

269 3242 434 3297 illius
467 3242 670 3313 tempii
702 3242 1032 3310 arboribus,
1058 3245 1355 3295 tantorum
1394 3238 1681 3295 scelerum
1714 3239 1925 3293 obum-
1956 3224 1999 3291 C

274 3331 622 3387 braticibus.
657 3331 818 3386 Circa
847 3330 1156 3402 gentilium
1188 3329 1344 3384 enim
1379 3327 1600 3399 templa
1656 3328 1930 3399 plantatse

272 3425 445 3477 erant
474 3421 735 3489 arbores,
770 3419 1056 3492 singulari
1084 3420 1375 3489 cujusque
1408 3417 1606 3489 templi
1639 3418 1745 3472 deo
1790 3434 1929 3472 con-

272 3514 531 3573 secretae,
567 3518 637 3563 de
669 3509 979 3580 quibus,ut
1010 3507 1155 3562 alios
1182 3506 1546 3574 omittamus,
1576 3507 1697 3561 hinc
1727 3506 1929 3577 Apule-

270 3600 364 3653 ius
413 3598 484 3654 de
531 3598 790 3669 quodam
849 3598 983 3652 fano
1034 3596 1247 3652 litteris
1298 3596 1642 3651 mandavit:
1680 3618 1708 3646 ‹‹
1760 3596 1932 3650 Videt

270 3690 428 3743 dona
458 3687 745 3759 speciosa,
799 3690 857 3743 et
906 3687 1150 3741 facinias
1200 3704 1341 3742 auro
1388 3686 1694 3755 luteratas,
1748 3684 1928 3739 ramis

273 3778 555 3833 arborum
610 3777 997 3848 postibusque
1049 3776 1311 3845 sufﬁxas,
1364 3791 1494 3845 qum
1542 3790 1675 3828 cum
1740 3773 1930 3845 gratia

272 3866 410 3921 facti
460 3883 669 3921 nomen
720 3866 838 3920 dOtB
876 3865 968 3920 cui
1004 3866 1232 3920 fuerant
1265 3864 1465 3918 dicata:
1496 3863 1864 3919 testabantur
1894 3884 1923 3912 »

269 3955 497 4028 (Apulei
531 3955 878 4026 Melamcrph.
927 3954 1031 4009 lib.
1077 3972 1152 4020 v1,
1207 3953 1379 4025 paulo
1430 3957 1561 4024 post
1610 3951 1739 4007 init.
1792 3967 1923 4023 pag.

266 4046 382 4115 92).
418 4044 592 4099 Vides
625 4044 805 4116 igitur
835 4044 891 4099 in
935 4043 1028 4098 his
1077 4043 1386 4098 arboribus
1436 4056 1699 4112 appensa
1748 4040 1926 4095 fuisse

267 4134 447 4200 dona,
506 4132 695 4205 iisque
746 4132 1043 4205 praeﬁxum
1096 4148 1309 4187 nomen
1359 4132 1450 4186 dei
1500 4130 1592 4185 cui
1640 4129 1923 4202 templum

272 4222 421 4278 illud
457 4227 863 4294 nuncupatum
896 4226 1039 4277 erat.
1071 4223 1143 4276 At
1173 4238 1242 4276 ex
1272 4220 1364 4275 his
1396 4218 1728 4285 arboribus,
1777 4224 1923 4274 tem-

271 4313 441 4384 plum
473 4312 733 4378 Saturni,
769 4312 847 4367 ait
877 4315 1092 4366 Auctor
1140 4315 1357 4375 noster,
1409 4308 1923 4378 obumbrantibus,

270 4403 439 4458 factas
470 4406 608 4456 sunt
638 4401 838 4456 votivae
870 4417 935 4456 ac
966 4401 1168 4455 dicatzn
1213 4416 1434 4467 cruces,
1487 4398 1703 4470 quibus
1749 4398 1922 4452 inhu-

266 4490 604 4546 manissimi
639 4488 723 4544 illi
757 4491 1089 4545 sacerdotes
1134 4490 1427 4561 suspensi,
1482 4489 1693 4560 inqueo
1742 4488 1921 4541 vitam

267 4580 441 4634 ﬁnire
473 4580 657 4635 coacti
690 4584 848 4635 sunt.
876 4578 1083 4634 Utrum
1115 4584 1311 4634 autem
1336 4578 1545 4633 horum
1578 4575 1922 4631 Tertulliani
1955 4600 2003 4662 ι)

265 4669 602 4737 verborum,
637 4685 761 4737 qua:
793 4667 1155 4723 eruditorum
1189 4668 1491 4739 ingenium
1529 4666 1684 4721 haud
1716 4682 1921 4737 parum

264 4760 680 4822 exercuerunt,
726 4774 893 4813 verus
952 4756 1030 4811 sit
1088 4772 1319 4822 sensus,
1380 4756 1671 4827 expendas
1728 4753 1921 4822 velim,

263 4846 352 4902 vel
388 4846 571 4901 alium
604 4846 773 4901 nobis
815 4845 1075 4917 proferas
1122 4845 1443 4901 meliorem.
1494 4847 1564 4899 At
1614 4844 1921 4899 nobiscum

264 4935 474 5008 procul
525 4935 704 4991 dubio
760 4934 1033 4991 fateberis
1084 4934 1218 4990 huic
1268 4935 1391 4989 loco
1442 4934 1699 5005 aliquam
1732 4932 1920 4987 lucem

264 5025 464 5082 afferri
497 5041 668 5095 posse
700 5024 790 5079 his
820 5024 1091 5079 versibus
1124 5022 1613 5093 Ausonii,quibus
1646 5029 1919 5078 Amorem

262 5113 453 5185 stipiti
487 5113 662 5186 myrti
700 5129 1051 5185 suspensum
1080 5111 1290 5167 cecinit
1324 5128 1336 5165 :

479 5264 683 5321 Eligitur
711 5268 887 5309 moesto
917 5268 1103 5320 myrtus
1132 5263 1381 5308 notissima
1406 5262 1526 5312 luco.

484 5327 727 5372 Invidiosa
755 5326 897 5371 deum
925 5326 1096 5382 poenis.
1128 5326 1434 5370 Cruciaverat
1462 5325 1558 5369 illic

482 5392 651 5445 Spreta
679 5389 793 5434 olim
824 5401 1087 5434 memorem
1122 5388 1323 5433 Veneris
1356 5389 1640 5445 Proserpina
1668 5388 1892 5433 Adonim.

480 5452 637 5508 Hujus
665 5464 717 5497 ιιι
752 5452 950 5497 excelso
977 5464 1267 5510 suspensum
1296 5452 1454 5508 stipite
1484 5453 1731 5505 Amorem,

485 5515 765 5560 Devinctum
798 5519 907 5571 post
933 5520 1070 5571 terga
1102 5526 1288 5561 manus.
1318 5514 1669 5570 substrictaque
1700 5515 1869 5571 plantis

492 5578 692 5622 Vincula
724 5584 1019 5627 maerentem,
1048 5578 1177 5622 nullo
1209 5577 1534 5621 moderamine
1564 5591 1718 5635 paenae

487 5640 730 5685 Afﬁciunt.

787 5702 995 5758 (Auson.
1027 5701 1153 5757 ίάνιι.
1186 5702 1225 5753 2,
1251 5712 1297 5753 v,
1323 5699 1376 5746 55
1400 5704 1447 5745 et
1474 5704 1628 5757 seqq.)

2028 1989 2337 2056 Saturnus,
2373 1989 2472 2061 qui
2508 1990 2642 2045 ﬁliis
2697 1990 2843 2058 suis,
2877 1997 2943 2047 ut
2974 1993 3057 2048 ait
3098 1999 3313 2051 Auctor
3357 2002 3576 2068 noster,
3624 2004 3684 2055 et

2031 2095 2138 2134 nos
2170 2079 2310 2133 alibi
2342 2079 2597 2134 vidimus
2631 2080 2790 2150 (Ibid.
2826 2086 2881 2135 et
2911 2084 3135 2139 Dissert.
3170 2086 3231 2139 in
3268 2087 3462 2142 Minui.
3498 2087 3686 2144 Octav.

2033 2184 2159 2239 cap.
2191 2168 2249 2233 9,
2282 2172 2391 2223 art.
2424 2170 2503 2233 2),
2537 2170 2742 2226 1028
2774 2188 2887 2227 non
2922 2175 3200 2245 pepercit,
3224 2176 3535 2248 pristinam
3568 2194 3684 2234 non

2033 2257 2306 2328 deposuit
2355 2257 2787 2329 crudelitatem,
2837 2260 3138 2333 voluitque
3188 2264 3437 2321 aliorum
3489 2266 3681 2322 homi-

2036 2363 2178 2401 num
2211 2352 2419 2419 gnatos
2452 2346 2562 2402 sibi
2596 2347 2787 2403 adhuc
2818 2349 3132 2407 immolari.

2106 2435 2381 2501 Quamvis
2410 2451 2543 2508 ergo
2575 2437 2891 2494 Christiani
2923 2440 3208 2498 infantem
3241 2443 3678 2517 aliquem,quod

2040 2525 2419 2581 falsissimum
2450 2530 2646 2582 tamen
2679 2533 2822 2594 erat,
2873 2529 2930 2584 in
2984 2532 3303 2602 synaxibus
3339 2533 3475 2590 suis
3528 2536 3680 2591 occi-

2035 2614 2282 2684 dissent,
2315 2631 2432 2670 non
2459 2616 2751 2671 debebant
2780 2618 2850 2672 ab
2882 2619 3132 2675 ethnicis
3164 2621 3379 2677 idcirco
3411 2625 3578 2695 argui
3622 2628 3679 2679 et

2034 2704 2433 2774 condemnari,
2467 2704 2561 2775 qui
2596 2706 2864 2777 proprios
2897 2708 3047 2764 ﬁlios
3078 2727 3217 2766 suos
3249 2711 3685 2769 immanissima

2032 2792 2463 2848 inhumanitate
2524 2793 2748 2850 hostias
2803 2801 3076 2867 Saturno,
3127 2799 3211 2854 uti
3266 2801 3679 2872 opinabantur,

2031 2883 2404 2963 gratissimas
2438 2883 2872 2940 sacrificabant.

2642 3044 2955 3085 ARTICULUS
2997 3048 3078 3086 Ill.

2036 3134 2364 3209 Ostenditur
2394 3133 2679 3209 homicidii
2708 3151 2912 3206 quoque
2961 3152 3077 3191 reos
3122 3140 3294 3209 /uisse
3343 3140 3542 3209 Gallos,
3594 3146 3690 3209 qu!

2110 3156 2364 3188 icnuuur
2394 3156 2677 3190 Iwmwmu
2708 3156 2912 3206 quoque
2961 3156 3077 3191 reos
3122 3156 3294 3209 [uisse
3343 3156 3542 3209 cauos,
3630 3156 3685 3196 ιιι

2110 3206 2409 3268 Mercurio;
2465 3208 2683 3271 Tauros,
2739 3211 2835 3277 qui
2883 3209 3075 3265 Dianae
3129 3210 3375 3266 homines
3428 3156 3685 3268 immola-

2113 3279 2241 3332 bant
2279 3295 2297 3331 .·
2340 3280 2466 3331 item
2518 3279 2802 3341 Romanos.
2852 3282 2951 3349 qui
2998 3282 3057 3334 in
3102 3283 3489 3339 {Eneadarum
3543 3285 3686 3340 urbe

2110 3351 2293 3405 Jovem
2340 3349 2486 3427 ludis
2526 3350 2955 3427 suis__liumano
2999 3352 3332 3423 proluebanl
3381 3358 3687 3427 sanguine;

2113 3430 2275 3492 atque
2334 3422 2470 3475 alios
2518 3423 2614 3492 qui
2661 3422 2956 3479 liberorum
3000 3422 3232 3481 suorum
3290 3422 3691 3484 recens'natoé

2112 3511 2243 3572 rum
2271 3495 2533 3572 spiritum
2564 3496 2621 3572 in
2652 3510 2798 3566 aqua
2828 3497 3219 3572 extorquebant
3247 3500 3330 3554 vel
3351 3515 3439 3555 eos
3462 3516 3694 3572 expone-

2113 3567 2241 3622 bant
2254 3567 2419 3641 morti
2433 3565 2836 3641 haudpmrws
2856 3565 3375 3641 incertamquanlum
3397 3588 3522 3628 vero
3532 3565 3695 3630 Chri-

2110 3638 2286 3715 stiani
2314 3639 2381 3693 ab
2411 3640 2564 3692 omni
2586 3639 2877 3715 homicidio
2907 3638 3288 3715 abhorrerent,
3337 3644 3537 3715 quibus
3586 3661 3691 3699 nec

2110 3710 2169 3765 in
2204 3715 2367 3784 utero
2393 3715 2749 3784 conceptum
2782 3712 3098 3769 dissolvere
3132 3716 3274 3784 licet,
3302 3710 3445 3771 dum
3497 3716 3691 3772 adhuc

2112 3782 2355 3854 sanguis
2387 3783 2445 3836 in
2479 3782 2777 3839 hominem
2811 3784 3119 3841 delibatur.

2109 3906 2491 3977 Prosequitur
2521 3906 2936 3977 Tertullianus,
2970 3926 3035 3965 ac
3088 3911 3338 3981 gentiles
3385 3911 3689 3983 parricidii

2037 4001 2094 4051 et
2142 3995 2445 4049 homicidii
2497 4012 2626 4051 reos
2656 4012 2785 4051 esse
2816 3998 3199 4053 demonstrat.
3232 4000 3376 4054 Nam
3410 4023 3436 4050 «
3472 4002 3683 4072 major,

2035 4086 2235 4157 [quam
2271 4084 2607 4155 infantium]
2638 4088 2797 4151 aetas,
2826 4086 3037 4158 inquit,
3058 4088 3210 4158 apud
3242 4088 3438 4145 Gallos
3468 4090 3526 4145 in
3559 4092 3687 4147 suis

2036 4190 2270 4246 quoque
2327 4173 2511 4229 sacris
2570 4174 2857 4231 Mercurio
2917 4178 3364 4248 prosecabatur;
3424 4202 3451 4229 η
3513 4184 3573 4235 et
3626 4180 3682 4237 id

2036 4264 2272 4334 quidem
2296 4261 2407 4317 alio
2440 4263 2500 4317 in
2532 4262 2680 4318 libro
2714 4264 2926 4336 repetit
2955 4266 3218 4337 (Tertull.
3253 4268 3532 4340 Apologel.
3557 4285 3687 4341 cap.

2033 4354 2085 4424 9,
2122 4369 2247 4425 pag.
2285 4354 2409 4417 416,
2442 4358 2498 4409 et
2526 4354 2798 4425 Scorpiac.
2828 4371 2955 4427 cap.
2989 4357 3063 4426 7).
3111 4360 3226 4413 Nos
3274 4373 3407 4412 vero
3454 4359 3526 4413 de
3576 4358 3686 4415 hoc

2034 4460 2275 4514 prorsus
2306 4444 2660 4499 exsecrando
2692 4444 2976 4499 sacriﬁcio
3008 4444 3177 4517 plura
3208 4446 3345 4501 alibi
3377 4449 3681 4503 annotavi-

2035 4548 2168 4587 mus
2228 4533 2525 4601 (Disserlal.
2589 4535 2646 4587 in
2707 4535 2904 4589 Minui.
2959 4535 3140 4590 Octav.
3197 4551 3322 4605 cap.
3372 4537 3427 4603 9,
3462 4541 3570 4591 art.
3601 4539 3682 4610 2),

2034 4621 2133 4675 ubi
2164 4636 2394 4691 quoque
2442 4622 2752 4677 enodatius
2806 4639 2872 4677 ea
2916 4622 3356 4693 explicavimus,
3409 4641 3534 4695 quae
3587 4625 3686 4683 ille

2030 4710 2308 4765 continuo
2367 4711 2704 4765 subnectit:
2741 4733 2768 4759 «
2819 4711 3070 4766 Remitto
3122 4712 3401 4767 Tauricas
3456 4714 3685 4771 fabulas

2030 4798 2276 4854 theatris
2323 4797 2447 4853 suis
2503 4822 2521 4845 ι
2574 4799 2792 4869 (ibid.);
2842 4801 2960 4855 sive
3006 4802 3509 4872 quemadmodum
3561 4804 3686 4874 ipse

2032 4887 2090 4941 in
2144 4888 2255 4942 alio
2317 4886 2463 4941 libro
2523 4886 2788 4957 loquitur
2849 4904 2861 4941 :
2924 4888 3080 4945 Nihil
3142 4889 3262 4944 illic
3316 4890 3428 4945 nisi
3488 4891 3689 4947 feritas

2032 4975 2201 5041 calet,
2240 4974 2338 5030 illa
2368 4974 2609 5044 scilicet,
2644 4993 2769 5046 quae
2805 4976 3034 5033 fabulas
3065 4978 3223 5034 dedit
3255 4980 3325 5035 de
3379 4980 3690 5035 sacriﬁciis

2031 5066 2356 5121 Taurorum
2412 5087 2438 5113 »
2491 5064 2862 5136 (Tertullian.
2916 5067 3017 5123 loc.
3069 5069 3165 5122 cit.
3201 5073 3258 5123 et
3284 5067 3385 5123 lib.
3422 5068 3683 5125 Iadvcrs.

2030 5156 2290 5209 Marcion.
2325 5170 2451 5225 cap.
2487 5154 2560 5223 1),
2594 5154 2693 5225 qui
2725 5148 2991 5211 videlicet
3020 5156 3217 5212 Diana:
3249 5156 3513 5230 hospites
3545 5174 3686 5214 suos

2034 5244 2441 5299 immolabant.

2106 5332 2296 5404 Pergit
2327 5336 2524 5387 autem
2560 5350 2572 5387 :
2609 5355 2636 5382 «
2670 5333 2813 5388 Ecce
2844 5333 2903 5389 in
2938 5334 3037 5391 illa
3067 5335 3516 5408 religiosissima
3547 5336 3691 5391 urbe

2032 5422 2422 5476 ZEneadarum
2458 5420 2685 5492 piorum
2719 5426 2806 5475 est
2836 5423 3065 5493 Jupiter
3097 5425 3330 5495 quidem
3382 5425 3688 5497 [nimirum

2033 5510 2304 5579 Latiaris]
2339 5526 2509 5578 quem
2544 5509 2699 5565 ludis
2732 5511 2855 5566 suis
2889 5514 3295 5582 [circensibus,
3317 5519 3373 5569 et
3404 5512 3689 5586 gladiato-

2032 5599 2158 5669 riis]
2192 5598 2451 5655 humano
2482 5598 2762 5669 proluunt
2794 5602 3099 5673 sanguine.
3138 5627 3158 5655 ι
3195 5602 3343 5658 Alibi
3376 5618 3507 5657 vero
3540 5601 3681 5658 scri-

2032 5693 2198 5761 ptum
2233 5688 2305 5745 ab
2335 5704 2400 5745 eo
2432 5688 2686 5763 legimus
2721 5707 2733 5746 :
2773 5711 2801 5740 «
2835 5690 2998 5747 Latio
3030 5692 3101 5749 ad
3153 5692 3502 5750 hodiernum
3550 5691 3680 5751 Jovi
