4134 6184
549 286 703 347 1119

1074 286 1596 347 TER'l‘ULLlANI
1641 286 1964 348 OPERUM
2014 285 2209 345 PARS
2253 285 2304 348 Ι.
2334 318 2408 328 -
2449 282 2722 345 SEBIES
2766 284 2815 357 Ι,
2862 282 3419 344 APOLOGETICA.

3760 286 3894 345 1120

548 416 743 473 media
772 415 831 471 in
863 416 1015 473 Urbe
1050 416 1345 473 humanus
1375 418 1618 489 sanguis
1666 418 2035 489 ingustatur;
2089 433 2196 473 nec
2224 418 2278 485 Α
2308 432 2435 473 esse
2467 420 2715 472 mortem
2746 415 2977 487 probari
3012 430 3181 487 posse
3212 418 3420 486 putant
3452 414 3540 470 his
3577 414 3745 470 Ovidii
3785 432 3891 471 car-

549 506 857 578 quisquam
923 512 1217 574 retractat,
1268 510 1369 562 aut
1417 524 1530 562 non
1581 508 1863 563 rationem
1898 507 2201 579 praesumit

548 595 832 667 aliquam,
864 602 965 650 aut
996 595 1465 651 inaestimabilem
1498 596 1587 650 dei
1622 588 1712 650 sui
1765 596 2117 651 voluntatem
2170 616 2197 644 ››

548 685 1054 756 (Idem,.4pologet.
1106 701 1229 755 cap.
1280 685 1334 751 9,
1382 702 1512 756 pag.
1560 686 1697 751 317;
1747 685 2022 756 Scorpion.
2067 701 2196 755 cap.

547 775 625 845 7).
680 775 819 840 Quis
872 779 1065 828 autem
1119 790 1254 827 non
1287 772 1440 827 videt
1488 775 1559 829 ab

550 865 703 918 urbis
734 868 785 918 et
814 862 1183 918 AEncadarunz
1233 864 1452 933 piorum
1510 862 1767 930 nomine,
1821 880 1933 917 non
1985 879 2201 933 magna.

549 952 678 1009 sine
738 952 925 1007 ironia
983 950 1264 1023 appellari
1323 952 1653 1021 Romanos,
1714 952 1810 1023 qui
1869 952 1941 1007 ab
1998 952 2195 1022 fEnea,

550 1058 723 1113 quem
759 1043 974 1112 ubique
1007 1042 1225 1113 passim
1260 1040 1539 1112 Virgilius
1569 1042 1731 1112 pium
1758 1048 1982 1113 patrem
2011 1046 2195 1111 vocat,

552 1148 722 1187 suam
756 1149 817 1186 se
848 1131 1134 1202 originem
1167 1130 1404 1186 duxisse
1434 1130 1878 1202 gloriabantur?
1931 1132 2037 1197 Qui
2088 1148 2196 1185 au-

550 1227 668 1277 tem
720 1220 909 1291 magis
948 1219 1113 1291 impii
1145 1224 1199 1275 et
1232 1220 1428 1276 minus
1461 1219 1719 1292 celigiosi
1750 1237 1878 1275 esse
1909 1224 2196 1290 poterant,

547 1327 720 1381 quam
780 1309 838 1364 hi
901 1308 1189 1375 Romani,
1253 1309 1348 1380 qui
1410 1308 1467 1363 in
1523 1309 1678 1363 ludis
1737 1314 1791 1363 et
1852 1309 2196 1363 muneribus

546 1398 674 1454 Jovi
709 1398 943 1464 Latiari,
978 1399 1082 1453 deo
1115 1415 1221 1453 suo
1253 1399 1472 1469 optimo
1504 1402 1560 1452 et
1591 1398 1846 1453 maximo
1890 1414 2194 1453 consecra-

550 1487 648 1557 tis,
698 1486 1051 1559 gladiatares
1102 1503 1232 1541 sese
1283 1492 1487 1541 mutuo
1534 1487 1978 1552 interﬁcientes,
2029 1491 2130 1541 aut
2164 1504 2197 1540 a

552 1576 759 1632 bestiis
784 1576 1138 1646 quibuscum
1174 1576 1531 1647 pugnabant,
1572 1576 1929 1632 horrendum
1984 1576 2040 1630 in
2067 1592 2195 1630 mo-

550 1666 691 1720 dum
747 1664 1028 1719 laceratos
1087 1670 1143 1719 et
1201 1665 1463 1732 occisos,
1524 1682 1638 1720 non
1694 1665 1866 1721 siccis
1929 1670 2192 1736 tantum,

551 1754 662 1809 sed‘
701 1753 867 1856 laetis.
900 1753 1086 1856 oculis
1129 1753 1552 1856 intnebantur?‘
1596 1754 2192 1856 Seddehocﬂcrudeli
2226 1792 2273 1856 Β

551 1859 684 1897 cum
717 1843 1050 1912 homicidio,
1083 1848 1206 1897 tum
1259 1843 1595 1915 spectaculo
1645 1844 1759 1899 alia
1809 1845 1868 1899 in
1918 1844 2194 1901 disserta-

552 1933 710 1987 tione
758 1932 987 2004 egimus
1011 1933 1336 2004 )(Dissertat.
1380 1934 1438 1987 in
1481 1932 1674 1988 Minui.
1727 1934 1908 1989 Octav.
1959 1949 2084 2005 cap.
2137 1934 2190 2001 8,

554 2025 663 2076 art.
696 2022 772 2091 2),

629 2144 1081 2217 Respondebant
1108 2145 1324 2201 ethnici
1355 2150 1481 2200 tum
1513 2146 1750 2217 quidem
1784 2147 2003 2201 effundi
2060 2164 2197 2203 san-

551 2233 1029 2305 guinem,lﬂ24
1058 2235 1159 2290 sed
1187 2234 1493 2290 hominum
1526 2240 1626 2289 aut
1654 2236 2089 2302 bestiariorum,
2109 2244 2204 2292 aut

559 2325 854 2378 noxiorum
898 2324 1271 2393 iugulatorum
1297 2323 1581 2394 f(Tertull.
1631 2325 1915 2396 Apologet.
1968 2342 2094 2395 cap.
2143 2326 2198 2396 9,

561 2429 695 2485 pag.
729 2413 876 2480 321).
929 2413 1106 2483 Atqui
1160 2413 1355 2484 primi,
1409 2414 1581 2467 sicuti
1633 2414 1887 2479 aiebant,
1932 2413 2202 2469 vilissimi

561 2505 729 2556 erant
761 2501 1044 2570 homines,
1079 2501 1179 2572 qui
1212 2500 1370 2557 lucro
1402 2503 1698 2568 conducti,
1731 2518 1968 2573 operam
2001 2502 2204 2558 bestiis

562 2590 928 2646 trucidandis
961 2592 1113 2646 ultro
1142 2590 1429 2647 locabant.
1464 2591 1714 2646 Secundi
1757 2609 1889 2647 vero
1931 2609 2037 2647 sua
2081 2609 2202 2663 pro-

564 2684 693 2750 pter
741 2678 982 2746 scelera,
1015 2680 1188 2735 'sicut
1236 2680 1387 2734 intra
1426 2681 1760 2744 dicendum,
1793 2682 2074 2736 adversus
2108 2683 2203 2736 be-

562 2768 728 2833 stias,
761 2767 878 2822 lata
899 2769 1166 2839 judicum
1199 2769 1506 2837 sententia,
1537 2785 1798 2840 pugnare
1827 2771 2201 2842 cogebantur.

563 2855 720 2910 Nihil
751 2871 908 2929 ergo,
940 2858 1284 2929 inquiebant
1313 2858 1553 2925 ethnici,
1588 2857 1867 2913 horumce
1904 2858 2206 2914 hominum

563 2946 747 3001 caedes
779 2945 917 3001 mali
950 2946 1219 3003 habebat.

631 3080 741 3135 Sed
767 3080 1160 3136 Tertullianus
1190 3098 1402 3137 vanum
1431 3081 1575 3136 illud
1608 3081 1887 3153 effugium
1922 3080 2089 3136 facile
2128 3081 2206 3135 ci‘

559 3175 736 3240 toque
761 3169 963 3225 evertit
990 3170 1527 3241 (lbid.).Bestiarius
1558 3171 1736 3242 enim,
1771 3170 2205 3243 quantumlibet
2235 3158 2278 3225 C

560 3257 938 3331 vilis,fa3xque
969 3258 1023 3314 in
1037 3260 1173 3315 [ima
1203 3260 1597 3327 civitatis,non
1626 3260 1843 3316 idcirco
1878 3264 2069 3315 tamen
2104 3260 2205 3314 mi-

564 3363 676 3402 nus
706 3346 883 3403 homo
915 3352 1023 3419 est,
1075 3349 1317 3420 parique
1362 3348 1678 3404 homicidio
1729 3348 1848 3404 vita
1896 3348 1998 3414 illi,
2051 3349 2207 3404 sicut

566 3436 783 3504 ditiori,
805 3436 1137 3509 eripitur.Si
1165 3454 1296 3493 vero
1323 3437 1641 3494 sceleratus
1673 3443 1858 3493 morte
1890 3438 2207 3493 damnatus

566 3524 663 3593 sit,
696 3525 745 3580 is
777 3530 930 3582 certe
963 3543 1076 3597 quo
1125 3526 1400 3598 iniquior,
1452 3544 1518 3583 eo
1565 3527 1883 3599 indignior,
1935 3528 2034 3598 qui
2079 3527 2208 3583 Jovi

564 3613 993 3684 immolaretur,
1026 3615 1144 3671 sive
1175 3620 1239 3670 ut
1266 3615 1577 3687 ipsiusmet
1621 3616 1963 3672 Tertulliani
2014 3615 2207 3671 verbis

569 3706 808 3757 utamur
839 3718 853 3757 :
882 3724 905 3754 α
940 3703 1057 3758 Hoc
1086 3704 1317 3777 turpius
1348 3705 1501 3776 quod
1534 3704 1674 3759 mali
1705 3705 1962 3762 hominis
1982 3705 2206 3777 »(Ibid.)

566 3792 807 3863 sanguis
854 3793 912 3847 in
964 3795 1205 3861 summi,
1257 3794 1430 3850 veluti
1483 3794 1738 3865 aiebant,
1789 3795 1879 3851 dei
1929 3795 2207 3850 honorem

570 3880 854 3937 funditur.
885 3882 1272 3946 Quamobrem
1308 3882 1386 3938 ibi
1418 3882 1515 3938 ille
1547 3883 1616 3938 de
1647 3883 1976 3949 ethnicis,et
2008 3902 2208 3939 eorum

567 3969 707 4026 Jove
754 3970 911 4027 haud
963 3971 1195 4043 illepidc
1234 3973 1486 4041 jocando
1518 3972 1880 4028 exclamabat
1913 3991 1925 4029 :
1962 3974 2000 4029 0
2029 3975 2211 4029 Jovem

571 4059 953 4117 Christianum
1011 4061 1223 4133 (Ibid)!
1282 4061 1388 4128 Qui
1439 4062 1761 4129 homicidii,
1823 4064 1993 4133 cujus
2047 4062 2210 4118 Chri-

569 4149 743 4205 stiani
772 4150 915 4206 falso
948 4150 1464 4219 insimulabantur,
1499 4168 1675 4206 causa
1717 4156 2034 4222 auctorque
2082 4151 2210 4217 fuit,

570 4245 629 4294 et
657 4256 723 4296 eo
756 4240 921 4295 titulo
952 4242 1129 4295 solum
1154 4243 1330 4311 patris
1357 4242 1445 4295 sui
1472 4241 1731 4311 Saturni,
1756 4241 1858 4312 qui
1892 4240 2042 4296 filios
2073 4257 2212 4295 suos

569 4334 889 4396 voraverat,
940 4330 1122 4396 ﬁlium
1169 4330 1243 4384 dc
1286 4329 1632 4395 crudelitate,
1664 4331 1801 4400 Qqua
1831 4327 2097 4384 videlicet
2127 4326 2212 4383 illi

571 4416 683 4471 fuit
711 4417 940 4473 similis.

2312 506 2576 561 minibus
2609 524 2621 561 :

2414 604 2521 649 Non
2552 602 2731 648 lethum
2757 602 2920 653 timeo,
2952 614 3105 659 genus
3132 607 3206 647 est
3235 601 3505 646 miserabile
3528 602 3716 645 mortis:

2467 666 2649 711 Demite
2679 666 2994 722 naufragium,
3027 677 3164 709 mors
3194 665 3308 708 mihi
3339 676 3507 708 munus
3532 664 3629 707 erit.

2750 727 2908 779 (Ovid.
2941 727 3019 773 lib.
3052 739 3071 771 ι
3096 728 3232 771 Trist.
3262 725 3382 781 eleg.
3413 726 3455 772 2.
3483 739 3528 769 v.
3554 726 3603 769 57
3629 729 3673 771 et
3700 729 3829 782 seqq.)

1614 773 1713 827 illo
1762 776 2200 843 religiosissima?

2312 811 2519 866 Verum
2566 810 2689 866 haec
2748 810 2996 866 canebat
3048 814 3218 881 poeta
3266 825 3461 864 amore
3509 808 3759 879 sepulcri,
3803 826 3889 879 quo

2307 901 2629 972 naufragus
2657 901 2962 956 caruisset.
3000 900 3083 953 Ad
3116 898 3495 970 philosophos
3545 902 3725 951 autem
3769 898 3887 967 quod

2306 989 2535 1059 attinet,
2572 990 2621 1043 si
2653 988 2833 1058 aliqui
2866 988 3127 1041 animam
3161 986 3418 1040 hominis
3450 983 3748 1055 ignem,alii
3774 990 3889 1037 certe

2306 1094 2540 1148 aquam,
2573 1078 2673 1133 alii
2703 1094 2938 1149 corpus,
2972 1075 3073 1130 alii
3107 1074 3403 1146 spiritum,
3438 1073 3535 1127 alii
3565 1072 3729 1135 aliud,
3774 1072 3891 1127 sicut

2306 1166 2446 1221 alibi
2499 1167 2870 1222 ostendimus
2903 1167 3153 1235 (Dissert.
3189 1167 3249 1218 in
3278 1166 3525 1218 Lactant.
3559 1178 3677 1232 cap.
3704 1163 3781 1227 23,
3809 1168 3889 1214 art.

2303 1256 2382 1323 2),
2428 1273 2557 1311 esse
2610 1256 3109 1311 existimaverunt.
3164 1252 3565 1307 Tertullianus
3614 1268 3763 1321 porro
3804 1267 3889 1304 non

2306 1345 2483 1399 unius
2516 1343 2851 1416 philosophi
2888 1344 3102 1414 potius,
3138 1358 3313 1412 quam
3347 1342 3586 1396 alterius
3614 1340 3888 1410 opinionem

2305 1435 2551 1489 notavit.

2374 1522 2551 1577 Nobis
2610 1522 2809 1593 itaque
2840 1536 3047 1592 parum
3083 1518 3399 1574 soliditatis
3457 1516 3681 1572 videtur
3724 1514 3890 1569 habere

2304 1613 2538 1667 illorum
2570 1611 2892 1683 responsio,
2928 1610 3028 1681 qui
3080 1610 3222 1663 dum
3268 1608 3580 1672 curiosius,
3628 1621 3781 1675 quam
3819 1620 3891 1674 per

2303 1710 2446 1769 erat,
2505 1703 2816 1759 verborum
2870 1700 3215 1756 Tertulliani
3264 1699 3551 1754 rationem
3604 1694 3888 1767 perscrutati

2303 1801 2463 1858 sunt,
2497 1795 2553 1847 in
2590 1792 2782 1863 scirpo
2842 1792 3060 1846 nodum
3111 1788 3415 1859 quaesiere.
3467 1788 3586 1841 Non
3636 1786 3736 1840 alio
3776 1785 3889 1837 enim

2303 1882 2403 1937 ille
2436 1883 2607 1937 modo
2641 1879 2903 1950 loquitur
2932 1880 3003 1934 de
3036 1878 3385 1942 infantibus,
3420 1892 3664 1947 quorum
3703 1873 3890 1944 spiritus

2303 1972 2363 2027 in
2397 1988 2549 2042 aqua
2578 1969 2996 2040 exstinguitur,
3033 1984 3208 2040 quam
3242 1968 3313 2021 de
3364 1964 3515 2033 aliis,
3560 1964 3653 2036 qui
3700 1977 3889 2031 expone-

2305 2061 2521 2115 bantur
2570 2059 2790 2130 frigori,
2838 2057 2974 2112 fami
3027 2061 3083 2111 et
3132 2055 3406 2110 canibus.
3460 2058 3527 2109 At
3571 2052 3761 2107 horum
3799 2065 3890 2103 om-

2306 2150 2473 2203 nium
2500 2147 2815 2202 infantium
2847 2144 3461 2216 crudeliorum,quam
3493 2142 3726 2197 eliorum
3753 2139 3888 2194 homi-

2309 2254 2451 2294 num
2500 2253 2699 2291 necem
2749 2252 2878 2291 esse
2924 2238 3252 2296 asseverat;
3308 2229 3452 2303 quia
3499 2231 3735 2285 infantes
3769 2236 3889 2281 certe

2311 2325 2487 2383 morti
2533 2324 2811 2397 expositi,
2861 2323 3021 2378 omni
3073 2339 3349 2393 prorsus,
3402 2338 3518 2391 quo
3565 2320 3655 2375 alii
3698 2335 3752 2373 se
3782 2314 3890 2370 tueri

2312 2420 2599 2488 poterant,
2651 2413 2919 2468 destituti
2960 2417 3127 2467 erant
3192 2410 3437 2480 auxilio,
3508 2415 3673 2479 atque
3729 2407 3889 2460 idcirco

2312 2503 2610 2559 crudelius
2662 2517 2840 2572 quam
2892 2505 3034 2555 natu
3084 2500 3437 2571 grandiores
3486 2498 3821 2553 necabantur.
3844 2499 3892 2544 Al

2313 2593 2471 2647 hunc
2506 2608 2633 2646 esse
2662 2588 3006 2645 Tertulliani
3038 2604 3302 2654 sensum,
3340 2604 3459 2643 non
3498 2586 3687 2641 1025
3735 2584 3892 2637 obscu-

2314 2696 2375 2735 re
2425 2680 2762 2752 significant
2818 2677 3238 2748 subsequentia
3290 2678 3425 2747 ejus
3464 2676 3674 2731 verba:
3705 2696 3727 2721 ‹‹
3769 2671 3893 2725 Ferro

2313 2770 2471 2826 enim
2503 2770 2650 2823 mori
2682 2774 2821 2823 tetas
2854 2784 3087 2839 quoque
3120 2767 3311 2836 major
3343 2766 3624 2837 optaverit
3652 2786 3669 2811 ι
3694 2756 3894 2833 (Tertull.

2316 2861 2590 2932 Apologet.
2631 2877 2757 2931 cap.
2790 2860 2845 2926 9,
2902 2876 3032 2930 pag.
3084 2858 3231 2926 319).
3286 2857 3542 2913 Malebat
3589 2853 3777 2927 quippe
3815 2863 3896 2904 uno

2314 2949 2494 3021 gladii
2525 2951 2665 3017 ictu,
2699 2965 2873 3019 quam
2905 2948 3184 3002 diuturno
3230 2964 3296 3002 ac
3358 2946 3633 3018 languido
3679 2941 3897 2998 miseran-

2316 3040 2524 3095 dorum
2573 3038 2893 3093 infantium
2938 3036 3111 3091 modo
3166 3036 3465 3091 interfici.
3516 3035 3595 3089 Dc
3641 3032 3734 3086 hac
3775 3042 3897 3100 porro

2315 3127 2628 3183 infantium
2666 3125 3051 3198 expositione,
3100 3124 3402 3195 hujusque
3451 3115 3897 3193 argumentationis

2315 3215 2559 3283 viribus,
2595 3233 2627 3271 a
2660 3214 2829 3270 nobis
2858 3214 2918 3268 in
2952 3217 3152 3269 nostra
3201 3213 3272 3267 de
3326 3212 3558 3267 Minutii
3605 3208 3784 3266 Felicis
3820 3204 3895 3258 0c-

2313 3306 2467 3362 tavio
2514 3303 2946 3374 dissertatione,
2994 3306 3050 3357 et
3099 3300 3247 3357 locis
3284 3300 3509 3356 ibidem
3540 3299 3714 3355 citatis
3740 3296 3894 3363 dispu-

2312 3399 2503 3451 tatum
2538 3398 2627 3449 est
2656 3394 2971 3463 (Dissertat.
3004 3393 3063 3447 in
3094 3392 3285 3446 Minut.
3338 3391 3530 3447 Octav.
3578 3404 3695 3459 cap.
3734 3386 3778 3451 9,
3816 3384 3891 3435 art.

2317 3484 2428 3554 t2).

2386 3573 2570 3628 Omne
2603 3588 2774 3644 porro
2808 3570 3112 3626 homicidii
3145 3585 3335 3642 genus
3370 3569 3455 3625 sic
3492 3563 3799 3622 Christianis
3837 3560 3895 3612 inv

2314 3662 2728 3729 terdicebatur,
2784 3684 2804 3709 α
2861 3666 2923 3716 ut
2974 3660 3120 3731 ipsis
3170 3659 3349 3715 etiam
3408 3661 3737 3728 conceptum
3763 3656 3896 3711 utero,

2313 3750 2654 3808 Tertulliani
2686 3750 2861 3805 verba
2896 3754 3057 3817 sunt,
3088 3749 3228 3802 dum
3260 3748 3459 3802 adhuc
3490 3744 3715 3816 sanguis
3740 3742 3786 3795 in
3826 3738 3897 3791 ho-

2318 3842 2535 3898 minem
2585 3838 3253 3908 delibatur,§dissolvere
3286 3853 3407 3891 non
3440 3836 3635 3891 liceret
3664 3857 3688 3882 «
3716 3824 3895 3887 Tertull.

2317 3931 2425 3987 loc.
2462 3930 2607 3998 cit.),
2642 3929 2698 3982 id
2732 3934 2842 3995 est,
2876 3928 3018 3982 dum
3052 3926 3225 3980 fmtus
3256 3926 3314 3979 in
3351 3925 3559 3979 matris
3610 3928 3751 3978 utero
3793 3932 3896 3971 non-

2317 4021 2459 4075 dum
2492 4018 2812 4072 humanam
2845 4018 3093 4085 figuram
3117 4017 3577 4085 acceperat.Non
3598 4011 3735 4066 enim
3754 4003 3901 4064 omnia

2317 4107 2575 4165 hominis
2608 4105 2873 4160 membra
2902 4103 3080 4159 simul
3115 4104 3468 4171 formantur,
3503 4117 3603 4156 nec
3625 4100 3793 4154 anima
3816 4098 3898 4147 ela-

2317 4197 2426 4253 tim
2476 4195 2638 4250 fcetui
2684 4193 3033 4262 infunditur,
3083 4192 3185 4247 sed
3218 4197 3353 4262 post
3385 4189 3597 4247 multos
3626 4205 3656 4243 a
3682 4184 3898 4251 conceptu

2319 4286 2466 4355 dies,
2498 4290 2564 4339 ut
2595 4287 2804 4355 putant
2829 4279 3186 4354 philosophi,
3240 4296 3472 4352 nosque
3523 4277 3652 4334 alibi
3696 4268 3899 4329 ostendi-

2320 4354 2458 4429 mus
2497 4354 2825 4444 (DiSsertat.
2860 4372 2921 4427 in
2953 4371 3204 4425 Lactant.
3238 4385 3368 4440 cap.
3420 4370 3509 4435 27,
3544 4370 3643 4421 art.
3675 4364 3721 4428 2,
3756 4365 3802 4414 et
3838 4354 3899 4416 40.

2320 4467 2428 4518 art.
2478 4462 2553 4532 6).
2607 4460 2787 4531 Atqui
2837 4460 2887 4515 si
2935 4458 3225 4530 ejusmodi
3282 4458 3617 4512 abortiones
3658 4458 3900 4523 provocaril

640 4549 817 4621 Urget
846 4550 1262 4617 Tertullianus,
1288 4567 1353 4605 ac
1388 4551 1581 4620 majus
1614 4549 1710 4604 illo
1744 4550 2058 4605 homicidio
2099 4550 2208 4605 cri-
2242 4532 2286 4597 Ῑ)
2318 4550 2668 4607 Christianis
2700 4549 2862 4604 nefas
2893 4552 3039 4615 erat,
3072 4549 3292 4618 quanto
3327 4545 3520 4617 magis
3549 4540 3806 4614 quoslibet
3828 4548 3898 4587 oc-

573 4654 704 4693 men
762 4655 962 4694 eorum
1022 4656 1149 4694 esse
1207 4639 1438 4709 asserit,
1487 4641 1583 4711 qui
1639 4644 1801 4695 natos
1857 4640 1965 4693 sibi
2015 4638 2213 4694 liberos

570 4729 908 4783 enecabaut.
942 4726 1119 4805 Visne
1150 4727 1316 4782 illum
1348 4728 1614 4783 ethnicos
1643 4733 1945 4801 urgentem
1978 4731 2036 4783 et
2067 4726 2211 4782 allo-

570 4820 844 4887 quentem
890 4816 1133 4872 audire?
1164 4817 1306 4872 Ecce
1339 4817 1589 4889 ipsumet
1617 4818 1745 4888 ejus
1774 4818 1948 4872 verba
1982 4834 1994 4871 :
2028 4840 2054 4866 ‹‹
2089 4816 2210 4871 Uti-

568 4921 681 4975 que
732 4904 1026 4961 crudelius
1078 4906 1135 4960 in
1185 4923 1339 4977 aqua
1386 4906 1658 4977 spiritum
1706 4906 2060 4977 extorquetis
2113 4909 2215 4960 aut

570 4993 769 5067 frigori
801 5000 857 5050 et
888 4995 1049 5066 fami,
1083 5000 1140 5051 et
1168 4997 1414 5052 canibus
1443 4995 1754 5068 exponitis.
1792 5018 1812 5043 ι
1863 4996 1973 5051 Sed
2021 4994 2214 5066 inqui-

569 5100 661 5138 res
702 5100 805 5139 cur
852 5085 1147 5141 crudelius
1200 5085 1404 5141 mortis
1453 5101 1639 5157 genus
1696 5085 1768 5140 ab
1830 5084 1927 5140 illo
1985 5084 2215 5139 dicatur

569 5171 883 5229 infantium
916 5173 1190 5246 spiritum
1226 5175 1282 5228 in
1312 5192 1459 5244 aqua
1489 5173 1804 5245 exstingui.
1839 5174 2216 5245 Respondent

572 5262 841 5321 nonnulli
901 5263 1302 5337 phiIOSOphos,
1363 5263 1577 5334 quibus
1638 5264 1882 5319 accessit
1957 5262 2210 5332 Servius,

572 5355 840 5412 docuisse
888 5358 1145 5412 animam
1200 5354 1453 5409 hominis
1499 5354 1729 5426 igneam
1773 5371 1922 5422 esse,
1968 5370 2095 5425 quae
2125 5352 2213 5407 id-

569 5444 723 5501 circo
757 5445 814 5499 in
850 5462 1000 5516 aqua
1031 5443 1329 5499 difficilius
1360 5443 1778 5514 exstinguitur,
1799 5449 1901 5498 aut
1931 5443 2216 5515 redigitur

568 5534 628 5589 in
692 5533 944 5590 nihilum
1001 5534 1184 5606 (Serv.
1255 5532 1314 5586 in
1381 5530 1479 5587 lib.
1538 5550 1553 5586 1
1624 5534 1815 5587 /Enid.
1887 5532 2088 5605 Virgil.
2155 5548 2212 5599 v,

568 5621 677 5695 98).
734 5624 1010 5681 Omnium
1060 5627 1257 5680 autem
1306 5620 1456 5679 hanc
1501 5638 1697 5679 revera
1746 5621 2215 5679 crudelissimam

2321 4640 2513 4695 cidere
2564 4637 2869 4693 homineet
2918 4636 3059 4703 Quis
3110 4636 3291 4706 igitur
3339 4651 3455 4689 non
3522 4632 3737 4701 indigne
3794 4624 3899 4677 lerat

2319 4729 2453 4784 illos
2491 4726 2787 4783 homicidii
2820 4730 2940 4782 tam
2970 4731 3188 4780 temere
3238 4721 3527 4795 postulari
3574 4720 3640 4774 ab
3689 4708 3897 4771 ethnicis,

2322 4817 2421 4889 qui
2453 4822 2569 4873 tam
2604 4818 2937 4884 frequenter
2966 4813 3109 4869 alios
3137 4811 3408 4868 homines
3440 4806 3806 4866 crudelissime
3829 4814 3897 4889 oc:

2321 4883 2613 4973 cidebant,
2645 4883 2858 4976 utjam
2894 4903 3115 4958 dictum
3145 4906 3203 4957 et
3232 4901 3425 4956 adhuc
3476 4897 3763 4954 dicendum
3803 4883 3897 4944 est?

2924 5025 3129 5064 ABTICU
3138 5024 3207 5063 LU
3216 5025 3243 5063 S
3293 5024 3366 5062 IV.

2323 5104 2500 5171 Quam
2529 5110 2672 5155 certo
2709 5100 3081 5155 Tertullianus
3111 5100 3327 5171 asserat
3355 5103 3567 5171 epotam
3607 5090 3701 5171 ab.
3720 5086 3893 5171 {lﬁﬁfs‘l‘

2392 5173 2697 5227 humanum
2724 5174 3057 5243 sanguinem
3085 5169 3319 5243 publicis
3342 5159 3395 5221 iii
3422 5165 3565 5243 ludis
3581 5162 3701 5243 _Jovi
3719 5159 3888 5243 dicata,

2394 5249 2443 5300 et
2474 5245 2541 5299 ab
2570 5244 2656 5299 his
2687 5247 2783 5314 qui
2828 5236 3097 5298 comitiali
3146 5240 3331 5295 morbo
3381 5236 3677 5314 ζετηςᾷἰωςι
3720 5238 3891 5314 ,φαῖῖ

2396 5318 2545 5385 bant,
2590 5302 2753 5386 atque
2794 5316 2860 5369 ab
2890 5316 3048 5382 aliis,
3080 5314 3178 5383 qui
3204 5309 3606 5386 sicntCatili-na
3632 5302 3785 5375 fadu:

2395 5380 2671 5460 aliquibui
2701 5387 2919 5442 inibant
2947 5404 2967 5440 .·
3000 5380 3129 5460 ίὲβήι
3161 5386 3221 5439 in
3246 5383 3439 5460 Africa
3486 5380 3710 5437 Bellona?
3744 5383 3893 5460 ξαςξῇ

2396 5439 2970 5529 iii‘iididio’gigiidioi
2996 5439 3170 5528 fuisse
3197 5439 3486 5532 sanguine,
3513 5446 3762 5532 atqueab
3800 5439 3894 5495 aliis

2393 5533 2601 5587 crimen
2630 5532 2712 5585 his
2745 5526 2927 5600 inagis
2964 5526 3359 5584 exsecrandum
3388 5526 3707 5595 perpetrari.

2397 5623 2521 5690 Qua
2567 5593 2963 5678 Tertullianus
3019 5616 3311 5676 evidentia
3354 5593 3745 5672 demonstravit
3782 5593 3892 5659 nihil
