4134 6184
210 338 357 397 1121

1122 332 1193 397 D.
1244 334 1337 398 LE
1383 336 1708 401 NOURRY
1754 333 2402 399 OBSERVATIONES
2447 336 2702 399 ΝονΑε.

3464 338 3619 403 1119

203 486 334 526 esse
365 470 588 540 falsius,
622 486 796 541 quam
832 470 1071 525 infantis
1106 488 1137 526 a
1167 471 1517 528 Christianis
1557 488 1723 528 sacra
1746 489 1853 527 sua

1966 490 2121 539 σωσι,
2181 469 2537 543 κατεύχονται
2610 469 2812 539 πολλὰ,
2861 472 2949 525 καὶ
3028 466 3212 527 ἔπειτα
3285 471 3611 528 ἀποπίνουσι

206 558 487 631 mysteria
526 558 955 615 celebrantibus
1010 560 1187 616 occisi
1239 561 1587 632 sanguinem
1642 560 1850 632 potari,

201 648 402 703 eadem
438 648 785 703 certitudine
816 649 1073 703 ostendit
1130 649 1275 703 tanti
1333 649 1537 721 ﬂagitii
1588 650 1853 704 conscios

205 738 401 809 reipsa
430 754 557 793 esse
603 738 879 809 gentiles.
924 740 983 793 In
1046 738 1204 793 ludis
1251 739 1464 794 etenim
1503 740 1851 804 Latiaribus,

205 828 276 882 de
308 826 522 898 quibus
552 828 609 881 in
644 827 928 898 superiori
976 826 1219 883 articulo
1279 826 1528 899 egimus,
1589 827 1848 894 humano,

205 916 289 971 ait
317 916 732 979 Tertullianus,
755 917 1021 987 proluunt
1067 919 1342 985 sanguine
1390 916 1655 988 (Tertull.
1708 918 1851 987 Apo-

207 1009 359 1077 logit.
394 1024 523 1079 cap.
554 1008 609 1075 9,
646 1024 776 1079 pag.
807 1010 975 1077 517);
1010 1008 1119 1075 vel,
1154 1009 1307 1063 sicut
1366 1009 1423 1063 in
1485 1008 1598 1063 alio
1653 1008 1802 1063 libro
1836 1024 1848 1062 :

205 1118 235 1147 ‹‹
271 1098 430 1153 Latio
461 1097 534 1153 ad
582 1097 929 1152 hodiernum
984 1098 1110 1153 Jovi
1163 1098 1357 1154 media
1404 1098 1461 1152 in
1498 1099 1639 1152 urbe
1670 1103 1852 1154 Roma

203 1186 506 1242 humanus
540 1187 785 1258 sanguis
825 1187 1160 1260 ingustatur
1194 1210 1221 1236 »
1272 1187 1553 1259 (Scorpia.
1613 1203 1738 1258 cap.
1771 1187 1849 1257 7).

208 1278 447 1348 Ignotus
477 1292 613 1332 vero
655 1275 790 1331 libri
849 1276 913 1331 de
968 1272 1329 1348 Spectaculis,
1388 1282 1519 1347 post
1576 1275 1849 1349 Cypriani

200 1383 381 1437 opera
409 1365 780 1435 editi,auctor
810 1367 1088 1421 describit
1115 1366 1407 1438 quomodo
1434 1366 1681 1436 impium
1704 1365 1850 1420 illud

201 1454 559 1508 sacriﬁcium
591 1454 714 1509 ﬁeri
748 1453 973 1509 solebat
1003 1471 1015 1507 :
1046 1476 1073 1503 ‹‹
1108 1454 1305 1522 Plura,
1330 1453 1542 1525 inquit,
1579 1453 1849 1523 prosequi

205 1543 349 1614 quid
381 1547 471 1598 est
500 1558 760 1613 necesse,
790 1542 877 1597 vel
905 1542 1326 1597 sacriﬁciorum
1362 1543 1419 1595 in
1455 1540 1608 1596 ludis
1639 1557 1853 1611 genera

203 1635 541 1687 monstrosa
572 1631 900 1686 describere
922 1630 950 1685 ?
980 1632 1135 1685 Inter
1165 1647 1293 1702 quae
1339 1646 1764 1701 nonnunquam
1796 1632 1853 1684 et

205 1721 383 1777 homo
439 1722 504 1776 ﬁt
533 1720 728 1776 hostia
758 1720 1062 1776 latrocinio
1123 1718 1463 1786 sacerdotis,
1511 1719 1648 1773 dum
1681 1734 1854 1773 cruor

201 1811 383 1866 etiam
448 1811 520 1865 de
564 1810 776 1883 jugulo
807 1810 1036 1866 calidus
1094 1816 1367 1880 acceptus
1425 1812 1644 1880 patera,
1707 1808 1849 1861 dum

205 1901 401 1955 adhuc
433 1900 633 1965 fervet,
655 1904 712 1954 et
734 1898 902 1969 quasi
926 1899 1145 1954 sitienti
1169 1898 1324 1953 idolo
1356 1899 1414 1952 in
1440 1898 1644 1952 faciem
1663 1898 1852 1967 jacta-

210 1996 332 2057 tus,
365 1988 682 2045 crudeliter
720 1988 1067 2059 propinatur
1098 2010 1125 2036 η
1156 1988 1344 2058 (Auct.
1380 1987 1479 2041 lib.
1508 1990 1575 2042 de
1604 1987 1853 2056 Spectac-

202 2078 321 2133 Nos
350 2092 483 2132 vero
512 2078 582 2132 de
613 2077 721 2132 hoc
751 2082 871 2131 tam
904 2078 1182 2145 absurdo,
1216 2094 1393 2147 quam
1416 2075 1634 2131 crudeli
1668 2075 1852 2130 sacri-

203 2167 336 2221 ﬁcio
380 2165 814 2236 disputavimus
871 2164 928 2218 in
960 2171 1161 2220 nostra
1218 2166 1288 2221 de
1338 2164 1567 2219 Minutii
1616 2163 1851 2218 Octavio

201 2254 613 2309 dissertatione
647 2254 951 2319 (Dissertat.
1014 2256 1074 2308 in
1127 2256 1332 2309 Minut.
1394 2270 1520 2324 cap.
1576 2252 1629 2318 9,
1675 2256 1781 2307 art.
1818 2252 1851 2305 3

201 2348 259 2395 et
291 2343 363 2411 4),
396 2343 493 2396 ubi
527 2342 704 2397 etiam
735 2342 966 2413 egimus
998 2342 1068 2397 de
1099 2342 1172 2396 iis
1204 2342 1299 2412 qui
1333 2340 1612 2397 comitiali
1644 2340 1849 2394 morbo

200 2430 555 2495 laborantes,
590 2434 785 2500 potato
812 2430 1217 2501 jugulatorum
1250 2431 1308 2484 in
1358 2430 1450 2485 his
1500 2428 1851 2500 spectaculis

202 2519 512 2574 hominum
537 2520 825 2590 sanguine
845 2520 1193 2575 medicinam
1231 2518 1741 2589 quaarebant.Nam
1767 2519 1848 2587 hi,

205 2608 289 2661 uti
322 2608 402 2662 ait
445 2608 866 2674 Tertullianus,
901 2632 926 2657 ‹‹
965 2624 1205 2663 munere
1234 2609 1294 2662 in
1335 2625 1514 2663 arena
1543 2608 1848 2663 noxiorum

204 2698 833 2767 1026jugulatorum
859 2699 1203 2769 sanguinem
1238 2701 1527 2753 recentem
1562 2697 1729 2751 avida
1751 2697 1847 2753 siti

204 2786 515 2855 comitiali,
552 2787 754 2842 morbo
814 2788 1110 2842 medentes
1171 2786 1445 2841 auferunt
1496 2810 1516 2837 ι
1580 2786 1845 2858 (Tertull.

203 2874 467 2942 Apologet
496 2890 545 2927 c.
579 2874 634 2935 9,
676 2890 731 2944 p.
767 2874 914 2940 321).
948 2874 1086 2936 Quis
1136 2879 1353 2941 autem,
1410 2874 1520 2927 nim
1572 2872 1847 2927 immanis

204 2979 271 3015 ac.
304 2964 527 3016 ferreus
556 2962 751 3027 homo,
786 2962 885 3015 tali
929 2962 1207 3027 remedio,
1260 2979 1326 3017 ac
1376 2962 1621 3017 aliorum
1654 2962 1847 3015 homi-

202 3067 344 3104 num
382 3050 600 3105 crudeli
634 3050 896 3116 interitu,
928 3051 1054 3105 vita;
1086 3068 1203 3106 suae
1237 3052 1541 3107 consulere
1573 3067 1686 3105 non
1720 3050 1848 3119 hor-

201 3144 323 3194 reat
342 3140 369 3193 ‘t

1963 557 2115 613 αὐτοί
2145 579 2200 612 τε
2254 557 2309 612 οἷ’
2364 559 2427 613 τὸ
2479 559 2665 635 ὅρκιον
2725 560 3065 633 ποιεύμενοι,
3104 562 3193 616 καὶ
3251 562 3358 616 τῶν
3410 562 3611 633 ἐπομὲο

1961 670 2065 701 νων
2101 648 2151 701 οἱ
2208 647 2465 703 πλείστου
2525 648 2683 719 ἄξιοι.
2742 653 2971 709 Ftedera
3025 671 3148 708 cum
3200 655 3613 725 quibuseunque

1962 739 2179 809 Scytha"
2208 740 2305 794 hoc
2332 741 2492 796 modo
2521 742 2712 797 ineunt
2743 763 2762 809 ,-
2794 744 2977 813 infuso
3011 744 3065 798 in
3089 742 3355 812 grandem
3383 744 3609 799 calicem

1962 827 2187 895 ﬁctilem
2220 831 2369 896 vino,
2393 832 2745 885 commiscent
2780 847 2971 886 eorum
3017 834 3354 904 sanguinem
3411 834 3508 903 qui
3536 836 3615 901 fe-

1962 918 2115 971 riunt
2166 920 2377 987 factius,
2436 922 2807 990 percutientes
2863 922 3103 989 cultello,
3162 926 3255 974 aut
3307 922 3611 977 incidentes

1961 1005 2149 1075 gladio
2178 1008 2597 1077 aliquantulum
2640 1012 2900 1080 corporis.
2941 1009 3149 1065 Deinde
3198 1013 3257 1065 in
3287 1009 3465 1065 calice
3492 1012 3614 1064 fin-

1960 1097 2096 1165 gunt
2124 1097 2425 1162 acinacem,
2459 1100 2719 1169 sagittas,
2768 1100 3027 1163 securim,
3043 1099 3320 1169 jaculum.
3358 1100 3483 1156 ch
3513 1099 3614 1153 ubi

1958 1183 2229 1256 fecerunt,
2262 1202 2377 1241 sese
2406 1188 2600 1241 multis
2642 1187 2820 1241 verbis
2866 1188 3142 1254 devovent,
3188 1196 3370 1259 postea
3418 1190 3608 1244 vinum

1962 1278 2183 1345 epotant
2213 1290 2318 1330 non
2352 1276 2509 1331 modo
2542 1277 2587 1330 ii
2614 1278 2711 1346 qui
2748 1277 2925 1347 [cedas
2972 1280 3242 1346 fecerunt,
3292 1278 3383 1333 sed
3439 1279 3608 1334 etiam

1961 1364 2186 1418 comites
2216 1365 2260 1419 ii
2288 1365 2384 1436 qui
2410 1374 2537 1420 sunt
2567 1367 2838 1421 maximae
2866 1365 3160 1436 dignitatis
3182 1367 3388 1438 (Idem,
3423 1366 3611 1437 lib.1v,

1960 1450 1990 1523 §
2019 1452 2133 1521 70).

2034 1544 2266 1596 Poterat
2294 1559 2430 1614 ergo
2468 1543 2868 1599 Tertullianus
2914 1543 3071 1598 hunc
3122 1544 3432 1615 antiquum
3467 1545 3611 1599 scri-

1962 1633 2183 1699 ptorem
2220 1630 2375 1686 haud
2407 1633 2749 1688 dubitanter
2776 1633 3073 1706 opinionis
3105 1650 3226 1688 sum
3254 1638 3605 1689 assertorem

1961 1718 2263 1786 advocare,
2308 1725 2483 1792 atque
2513 1738 2577 1777 eo
2611 1722 2817 1793 potiori
2859 1724 3014 1794 jure,
3050 1723 3205 1794 quod
3259 1724 3610 1795 suifragato-

1962 1822 2083 1860 rem
2116 1807 2328 1863 habeat
2359 1809 2680 1866 Lucianum
2714 1812 2950 1883 (Dialog.
2987 1813 3179 1867 Toxar.
3227 1827 3326 1867 seu
3362 1812 3427 1866 de
3455 1812 3611 1866 Ami-

1962 1897 2056 1949 cit.
2093 1912 2224 1967 pag.
2257 1898 2403 1965 630).
2441 1899 2581 1953 Nam
2619 1904 2895 1956 testatum
2948 1902 3042 1956 hic
3093 1900 3229 1955 facit
3276 1899 3519 1972 Scythas
3550 1900 3608 1954 in

1964 1983 2201 2039 calicem
2238 2002 2303 2040 ex
2334 1986 2539 2041 incisis
2571 1988 2769 2060 digitis
2802 1989 3149 2061 sanguinem
3183 1988 3521 2055 distillasse,
3548 2005 3614 2043 ac

1962 2071 2216 2127 intincta
2242 2074 2567 2143 gladiorum
2603 2093 2845 2131 suorum
2881 2078 3339 2149 cuspide,simul
3371 2077 3614 2147 bibisse,

1964 2165 2140 2232 atque
2171 2162 2252 2217 ita
2304 2165 2595 2236 pepigisse
2643 2166 2855 2236 foedus,
2889 2167 3041 2237 quod
3088 2171 3290 2238 postea
3333 2166 3612 2223 dirimere

1962 2250 2181 2304 nemini
2213 2250 2442 2308 licebat.
2495 2254 2573 2308 De
2607 2255 2957 2325 quibusdam
2988 2271 3121 2309 vero
3154 2255 3409 2325 populis,
3445 2255 3613 2310 Axia-

1961 2353 2161 2393 carum
2194 2340 2423 2407 vicinis,
2450 2342 2570 2397 haec
2604 2342 2960 2414 Pomponius
2983 2342 3132 2397 Mela
3162 2344 3455 2397 memoriae
3479 2360 3610 2414 pro-

1961 2426 2108 2481 didit
2142 2443 2153 2481 :
2196 2451 2215 2475 ιι
2253 2429 2409 2484 Bella
2440 2432 2739 2502 caedesque
2790 2436 3028 2498 amant;
3065 2448 3307 2501 mosque
3351 2436 3439 2487 est
3487 2431 3611 2487 bel-

1962 2513 2221 2571 lantibus
2252 2533 2515 2573 cruorem
2567 2521 2721 2588 ejus,
2754 2536 2924 2589 quem
2978 2521 3232 2589 primum
3292 2520 3605 2574 intereme-

1962 2608 2120 2671 runt,
2153 2604 2299 2674 ipsis
2330 2623 2359 2661 θ
2390 2606 2731 2662 vulneribus
2766 2609 3067 2663 ebibere...
3102 2612 3183 2662 Nc
3233 2610 3448 2663 foedera
3478 2610 3608 2679 qui-

1960 2691 2091 2745 dem
2126 2692 2433 2750 incruenta
2465 2702 2624 2750 sunt.
2660 2697 2939 2752 Sauciaut
2970 2698 3169 2767 se,qui
3206 2697 3610 2768 paciscuntur,

1958 2788 2412 2853 exemptumque
2444 2786 2790 2853 sanguinem
2826 2785 2921 2839 ubi
2956 2789 3367 2856 permiscuere,
3401 2786 3610 2857 degus-

1958 2870 2181 2923 tant.[d
2211 2877 2419 2941 putant
2442 2889 2731 2927 mansurae
2757 2873 2888 2927 ﬁdei
2916 2873 3129 2943 pignus
3152 2874 3547 2927 certissimum
3576 2896 3602 2922 »

1959 2961 2261 3028 (Pompon.
2297 2960 2423 3014 Mel.
2460 2959 2560 3015 lib.
2597 2960 2730 3014 nde
2759 2962 2881 3015 Situ
2908 2962 3027 3015 orb.
3063 2976 3114 3015 c.
3150 2962 3224 3032 1).

2033 3067 2229 3121 I027
2267 3067 2348 3120 Ad
2391 3066 2510 3121 haec
2559 3084 2688 3122 vero
2736 3067 3037 3122 Cornelius
3085 3067 3345 3137 Tacitus,
3400 3068 3499 3121 ubi
3533 3068 3603 3124 de

1957 3154 2169 3209 {cedere
2191 3155 2345 3209 inter
2374 3156 2820 3210 Rhadamistum
2851 3161 2909 3210 et
2938 3155 3328 3210 Mithridatem
3364 3174 3376 3211 :
3412 3177 3439 3205 ‹‹
3475 3156 3599 3212 Mos

271 3264 356 3318 Ab
397 3262 608 3318 horum
659 3279 790 3319 vero
836 3262 1261 3318 inhumanitate
1303 3280 1414 3318 non
1470 3262 1671 3334 procul
1704 3264 1842 3318 ἃδε,
1874 3216 1916 3283 C
1956 3248 2064 3334 est,
2099 3244 2314 3334 inquit,
2346 3246 2603 3317 regibus,
2638 3245 2866 3334 quoties
2898 3245 2964 3334 in
2990 3244 3329 3299 societatem
3364 3251 3598 3313 coeunt,

199 3358 333 3407 rant
378 3353 506 3407 fera:
539 3351 650 3407 illas
682 3356 904 3424 gentes,
941 3368 1066 3422 quae
1099 3352 1426 3423 sanguinis,
1460 3368 1529 3407 ex
1562 3352 1845 3407 membris

198 3442 325 3497 suis
356 3440 557 3507 eliciti,
594 3446 729 3512 potu
765 3442 981 3496 fcedera
1012 3441 1165 3495 inter
1196 3458 1256 3496 se
1290 3441 1574 3497 feriebant
1603 3446 1659 3497 et
1707 3458 1843 3497 con-

200 3530 536 3595 firmabant,
575 3534 644 3583 At
695 3530 876 3600 hujus
926 3529 1097 3600 plane
1137 3530 1371 3585 barbari
1421 3530 1601 3585 moris
1634 3534 1842 3586 testem

200 3619 555 3673 Herodotum
594 3617 683 3672 his
713 3619 1109 3673 Tertullianus
1157 3618 1297 3675 citat
1343 3620 1536 3675 verbis
1569 3642 1597 3670 ‹‹
1650 3620 1846 3691 Legite

200 3707 410 3761 necubi
445 3706 692 3761 relatum
727 3707 801 3763 sit
834 3708 944 3779 (est
982 3708 1134 3779 apud
1188 3708 1569 3773 Herodotum,
1619 3709 1844 3779 opinor)

200 3797 473 3850 defusum
508 3795 765 3851 brachiis
797 3798 1143 3869 sanguinem
1177 3813 1245 3852 ex
1276 3796 1555 3852 alterutro
1579 3798 1848 3868 degusta-

198 3889 327 3938 tum
358 3885 622 3939 nationes
655 3885 939 3955 quasdam
975 3886 1175 3940 fmderi
1218 3902 1589 3957 comparasse
1621 3906 1648 3934 ››
1682 3885 1843 3958 (Ibid.

197 3979 254 4029 et
282 3976 497 4044 seqq).
531 3976 601 4027 At
632 3974 723 4027 his
756 3974 851 4028 ille
885 3974 1095 4043 verbis,
1130 3977 1279 4046 apud
1320 3977 1683 4040 Herodotum,
1731 3977 1845 4047 cpi-

196 4079 320 4128 nor,
356 4062 503 4117 satis
534 4068 730 4133 aperte
777 4062 1071 4135 signiﬁcat
1100 4082 1162 4119 se
1202 4064 1401 4120 isthzec
1450 4082 1517 4119 ex
1567 4065 1848 4121 memoria

194 4154 278 4206 ita
314 4152 627 4218 recitasse;
664 4156 726 4206 ut
757 4152 994 4207 omnino
1027 4170 1269 4209 securus
1302 4172 1414 4209 non
1443 4155 1613 4209 fuerit
1644 4171 1715 4209 an
1749 4152 1849 4208 illa

194 4242 269 4296 ab
304 4241 431 4311 ipso
482 4241 768 4295 Herodoto
815 4240 901 4296 vel
937 4241 1050 4296 alio
1108 4243 1390 4313 scriptore
1436 4243 1647 4298 litteris
1680 4260 1847 4297 man-

193 4334 337 4386 data
368 4330 509 4385 sint.
548 4329 961 4385 Verumtamen
996 4332 1265 4386 eumdem
1300 4332 1657 4387 Herodotum
1692 4337 1847 4387 certo

192 4422 376 4476 citare
410 4424 673 4490 pateret;
709 4436 841 4473 nam
878 4420 936 4473 in
972 4420 1160 4490 primo
1186 4438 1292 4475 suo
1325 4422 1472 4475 libro
1495 4422 1616 4477 haec
1650 4426 1849 4476 narrat

192 4511 265 4563 de
312 4508 488 4579 Lydis
530 4524 542 4563 :
579 4509 773 4579 ’Όρκια
818 4503 873 4559 δὲ
938 4505 1177 4561 ποιέεται
1226 4512 1393 4562 ταῦτα
1437 4510 1505 4563 τὰ
1548 4503 1718 4581 ἔθνεα,
1782 4510 1848 4562 τά

1953 3331 2255 3403 implicare
2281 3334 2535 3401 dextras,
2570 3333 2925 3405 pollicesque
2953 3333 3109 3389 inter
3137 3349 3198 3388 se
3226 3334 3464 3398 vincire,
3496 3351 3599 3390 no-

1955 3422 2145 3492 doque
2173 3422 2592 3495 praestringere.
2627 3424 2752 3478 Mox
2787 3423 2886 3478 ubi
2933 3422 3181 3495 sanguis
3212 3423 3269 3476 in
3303 3427 3466 3478 artus
3497 3439 3600 3478 ex-

1954 3514 2171 3566 tremos
2222 3528 2283 3566 se
2320 3512 2611 3581 effuderit,
2671 3513 2775 3567 levi
2832 3514 2950 3567 ictu
3020 3528 3282 3567 cruorem
3333 3511 3599 3582 eliciunt,

1957 3604 2130 3670 atque
2162 3600 2407 3654 invicem
2443 3599 2731 3655 lambunt.
2786 3602 2845 3655 [d
2879 3601 3066 3655 fcedus
3100 3617 3379 3656 arcanum
3425 3602 3604 3656 habe-
3654 3616 3663 3623 ‘

1960 3698 2072 3753 tur,
2101 3687 2267 3758 quasi
2299 3693 2504 3743 mutuo
2537 3705 2739 3765 cruore
2773 3695 3068 3745 sacratum
3106 3710 3133 3737 ››
3189 3690 3381 3758 (Corn.
3413 3689 3599 3744 Tacit.

1959 3776 2059 3831 lib.
2094 3795 2171 3831 xu
2203 3778 2399 3832 Annal.
2435 3783 2567 3849 post
2603 3780 2801 3849 med.).

2029 3882 2175 3947 Quid
2210 3883 2379 3954 plura
2404 3882 2432 3937 ?
2462 3882 2726 3939 Valerius
2759 3885 3050 3939 Maximus
3084 3886 3153 3940 de
3192 3884 3470 3953 Sariaste,
3503 3900 3606 3939 seu

1957 3971 2202 4041 Tigrane
2234 3971 2475 4038 Minore,
2528 3972 2650 4041 qui,
2706 3972 2906 4027 relicto
2954 3977 3119 4044 patre
3164 3988 3293 4037 suo,
3326 3972 3397 4026 ad
3434 3976 3607 4026 Pom-

1958 4060 2155 4131 peinm
2189 4060 2484 4130 Magnum,
2520 4077 2585 4114 ac
2615 4062 2823 4115 deinde
2874 4062 2945 4115 ab
2977 4062 3178 4115 eodem
3234 4059 3503 4130 Pompeio
3536 4060 3606 4114 ad

1958 4154 2182 4222 patrem
2217 4166 2386 4204 suum
2439 4149 2747 4217 defecerat,
2800 4150 2921 4206 haec
2962 4150 3169 4205 scribit
3206 4167 3218 4204 :
3261 4172 3279 4196 ι
3316 4150 3606 4203 Sariaster

1957 4240 2235 4295 adversus
2270 4244 2489 4310 patrem
2516 4256 2689 4296 suum
2723 4239 3352 4311 Tigranem,Armeniae
3387 4253 3604 4309 regem,

1957 4328 2037 4383 ita
2067 4345 2197 4382 cum
2233 4328 2438 4383 amicis
2480 4330 2791 4399 consentit,
2826 4333 2887 4384 ut
2920 4344 3126 4383 omnes
3158 4327 3378 4382 dextris
3411 4326 3600 4381 manis

1956 4417 2067 4471 bus
2098 4417 2444 4489 sanguinem
2480 4417 2798 4485 mitterent,
2832 4422 3006 4489 atque
3036 4434 3169 4472 cum
3203 4416 3450 4471 invicem
3483 4432 3601 4470 sor-

1958 4507 2159 4561 berent
2192 4528 2217 4555 ››
2250 4506 2399 4578 (Val.
2434 4507 2582 4561 Max.
2617 4507 2719 4562 lib.
2754 4524 2831 4574 ιχ,
2866 4524 2994 4578 cap.
3032 4508 3087 4561 11
3127 4509 3307 4561 exter.
3339 4508 3366 4573 §
3397 4506 3474 4575 3).

189 4598 294 4671 περ
348 4617 402 4650 τε
460 4593 759 4662 ’Έλληνες,
822 4594 908 4648 καὶ
969 4596 1103 4670 πρὸς
1177 4598 1415 4651 τούτοισι
1494 4596 1651 4651 ἐπεὰν
1716 4596 1843 4659 τοὺς

2027 4595 2224 4667 Neque
2258 4596 2634 4652 humaniores
2666 4596 2907 4651 Romani
2945 4596 3017 4651 ab
3060 4595 3169 4650 hac
3218 4593 3485 4649 barbarie
3522 4593 3607 4649 fe-

193 4686 495 4761 βραχίονας
542 4683 906 4757 ἐπιτάμωνται
966 4684 1016 4746 ἐς
1060 4686 1155 4753 τὴν
1212 4685 1563 4762 αἱμορῥοίην,
1612 4687 1674 4740 τὸ
1702 4689 1837 4759 αἷμα

187 4773 543 4848 ἀναλείχουσι
577 4771 841 4843 ἀλλήλων
872 4777 1071 4831 Ineunt
1101 4781 1285 4832 autem
1316 4779 1399 4833 ha:
1425 4784 1609 4847 gentes
1638 4777 1839 4845 [ledere

183 4883 312 4920 cum
345 4872 564 4931 caetera,
620 4866 735 4918 rilu
786 4864 1113 4931 Graecorum,
1171 4872 1292 4920 tum
1339 4866 1687 4921 cruentando
1717 4866 1842 4921 bra-

185 4956 312 5010 chia
345 4954 667 5009 vulneribus
696 4958 887 5021 sponte
914 4956 1199 5025 susceptis,
1232 4963 1283 5010 et
1336 4966 1589 5011 mutuum
1620 4957 1843 5025 sangui-

186 5061 311 5099 nem
347 5043 674 5113 delingendo
711 5044 998 5113 (llerodot.
1052 5044 1152 5099 lib.
1190 5062 1227 5112 ι,
1261 5047 1287 5112 §
1317 5046 1431 5116 74).
1493 5050 1571 5101 De
1616 5044 1843 5117 Scythis

188 5138 387 5189 autem
418 5132 531 5187 alio
565 5132 623 5186 in
653 5131 801 5187 libro
833 5133 1046 5206 "Opxiz,
1104 5134 1317 5205 inquit,
1366 5138 1648 5188 ποιοῦνται
1701 5132 1841 5187 Σκύ-

185 5224 271 5275 Θαι
306 5218 415 5275 ὧδε
441 5220 575 5295 πρὸς
631 5220 736 5273 τῶν
798 5217 857 5273 ἂν
912 5221 1225 5275 ποιέωνται·
1286 5220 1339 5286 ἐς
1367 5220 1567 5278 κύλικα
1600 5222 1838 5299 μεγάλην

184 5309 481 5385 κεραμίνην
534 5310 674 5363 οἶνον
735 5307 1041 5383 ἐγχέαντες,
1105 5312 1239 5383 αἷμα
1308 5311 1676 5386 συμμίσγουσι
1732 5317 1839 5366 τῶν

182 5402 250 5452 τὰ
306 5400 467 5472 ὅρκια
516 5398 896 5470 ταμνομένων,
945 5398 1204 5473 τύψαντες
1282 5400 1491 5471 ὗπὲατι,
1553 5402 1587 5470 ἢ
1658 5400 1839 5455 ἐπιτα-

187 5487 383 5558 μόντες
432 5486 677 5562 μαχαίρῃ
726 5488 954 5559 σμικρὸν
1011 5486 1107 5543 τοῦ
1158 5492 1447 5562 σώματος·
1506 5492 1593 5545 καὶ
1657 5489 1842 5544 ἔπειτα

184 5570 567 5648 αποϐἀψαντες
618 5575 672 5636 ἐς
709 5576 806 5643 τὴν
864 5576 1063 5631 κύλικα
1118 5578 1392 5653 ἀκινάκεα,
1450 5580 1539 5634 καὶ
1602 5578 1839 5648 οἰστοὺς,

182 5664 273 5720 καὶ
336 5664 583 5742 σαγάριν,
638 5664 725 5718 καὶ
786 5664 1031 5723 ἀκόντιον
1062 5686 1076 5702 ·
1127 5667 1282 5723 ἐπεὰν
1339 5666 1397 5723 δὶ
1452 5673 1619 5724 ταῦτα
1669 5670 1835 5741 ποιή-

1955 4684 2149 4754 risque
2184 4685 2443 4741 moribus
2500 4684 2670 4756 longe
2711 4686 2973 4740 aberant.
3036 4684 3257 4739 Etenim
3320 4706 3347 4735 ‹‹
3407 4682 3604 4738 nescio

1954 4775 2117 4845 quid,
2152 4776 2232 4829 ait
2262 4774 2678 4844 Tertullianus,
2729 4778 2786 4829 et
2834 4775 2943 4828 sub
2994 4772 3239 4829 Catilina
3272 4771 3385 4827 tale
3416 4772 3604 4844 degu-

1954 4868 2171 4919 statum
2198 4869 2284 4919 est
2317 4886 2343 4913 »
2376 4863 2634 4935 (Tertull.
2690 4863 2960 4933 Apologet.
3013 4879 3139 4934 cap.
3174 4864 3230 4928 9,
3283 4878 3412 4934 pag.
3447 4859 3600 4931 321),

1953 4954 2233 5007 nimirum
2270 4953 2505 5024 quando
2537 4955 2741 5006 contra
2774 4951 3195 5024 rempublicam
3250 4950 3604 5021 conjuravit,

1954 5047 2018 5097 ut
2067 5042 2203 5097 alibi
2253 5042 2622 5097 ostendimus
2692 5042 2993 5112 (Dissertat.
3047 5043 3102 5097 in
3158 5042 3362 5099 Minui.
3412 5042 3602 5098 Octav.

1952 5149 2078 5203 cap.
2112 5132 2168 5200 9,
2203 5136 2310 5185 art.
2348 5131 2420 5201 4).

2026 5221 2150 5275 Mos
2182 5236 2352 5291 porro
2386 5218 2503 5282 ille,
2536 5217 2921 5273 humanitatis
2955 5218 3126 5290 plane
3157 5234 3388 5292 expers,
3422 5217 3607 5288 viguit

1953 5328 2065 5366 non
2103 5311 2275 5365 modo
2308 5309 2366 5363 in
2402 5308 2683 5379 profanis,
2713 5308 2811 5362 sed
2848 5309 3031 5364 sacris
3062 5310 3235 5364 etiam
3288 5306 3598 5381 gentilium

1953 5399 2219 5465 ccetibus,
2252 5412 2358 5452 nec
2388 5401 2620 5451 tantum
2646 5396 2704 5449 in
2737 5398 2976 5452 remotis
3014 5414 3046 5452 a
3077 5397 3445 5453 Tertulliano
3472 5397 3602 5450 bar‘

1953 5489 2110 5545 baris
2140 5488 2435 5559 gentibus,
2468 5488 2563 5541 sed
2602 5485 2658 5540 in
2693 5485 2820 5557 ipsa
2868 5504 3103 5558 quoque
3152 5488 3366 5551 Africa,
3418 5497 3603 5554 eoque

1952 5579 2074 5649 ipso
2107 5582 2387 5647 tempore,
2422 5592 2538 5648 quo
2596 5574 2752 5630 hunc
2812 5575 3226 5647 Apologeticum
3286 5572 3602 5630 scribebat.

1951 5669 2030 5725 De
2063 5666 2135 5723 iis
2169 5665 2487 5733 enimvero,
2521 5664 2621 5737 qui
2655 5663 2903 5721 Bellonae
2948 5664 3244 5739 mysteriis
3287 5650 3601 5717 initiaban-
