4134 6184
558 317 711 382 1193

1070 307 1599 376 TERTULLIANI
1645 303 1966 368 ΟΡΕῆοΜ
2011 303 2214 364 PARS
2260 304 2307 364 Ι.
2336 336 2414 351 —-
2443 305 2719 367 SERIES
2764 309 2809 379 l,
2842 309 3407 372 'APOLOGETICA.

3744 315 3873 374 1121

549 458 667 521 tur,
700 452 857 507 hunc
888 446 1148 519 loquitur
1175 446 1235 500 in
1276 443 1517 499 modum
1554 460 1567 496 :
1602 463 1630 490 ‹‹
1667 438 1843 494 Hodie
1891 437 2023 492 istic
2062 435 2192 492 Bel-
2223 438 2273 503 Α
2305 454 2372 493 ac
2393 438 2592 494 mandi
2620 456 2824 496 carnes
2853 443 3250 514 ursorum,qui
3275 443 3441 514 paulo
3465 448 3586 500 ante
3606 444 3870 502 hominum

550 543 692 598 Ionas
749 544 1008 596 sacratos
1068 533 1309 607 sanguis
1368 533 1438 586 de
1497 531 1713 585 femore
1781 527 2074 598 proscisso
2131 528 2189 580 in
2298 527 2524 583 viscera
2553 534 2610 583 et
2639 546 2841 585 carnes
2872 531 3364 599 devoraverant,et
3395 532 3597 589 idcirco
3626 533 3677 588 in
3705 551 3874 591 eorum

546 628 870 705 palmulam
898 632 1197 697 exceptus,
1230 621 1355 677 esui
1404 622 1577 675 datus
1629 618 1824 689 signat
1854 638 1880 665 η
1931 614 2189 684 (Tertull.

545 720 728 791 ibid.).
761 721 833 773 At
864 718 921 772 in
955 714 1223 771 omnibus
1255 710 1470 766 nostris
1521 705 1956 777 exemplaribus
1985 721 2194 760 manu-

551 808 787 882 scriptis
809 824 912 878 pro
930 802 1362 861 sacratos...esui
1376 799 1627 870 legimus
1658 799 1980 851 sacratus...
2014 803 2068 850 et
2086 795 2192 863 sui,

551 899 664 956 Sed
721 895 922 952 nullus
980 895 1186 950 horum
1247 890 1552 945 verborum
1615 902 1846 941 sensus.
1893 886 1954 939 In
1988 883 2195 938 editio-

552 988 728 1043 nibus
790 982 1043 1057 Rigaltic
1102 978 1544 1047 vetustioribus,
1600 979 1918 1030 sacratus...
1979 982 2028 1028 et
2084 973 2199 1027 suis

546 1077 705 1133 datus
736 1075 988 1144 signatis.
1022 1071 1133 1127 Sed
1165 1070 1257 1124 vix
1291 1067 1592 1122 meliorem
1640 1065 1775 1118 inde
1800 1078 2038 1117 sensum
2074 1061 2196 1115 efﬁ-

547 1166 689 1221 cias.
725 1166 1048 1233 Corruptus
1076 1160 1260 1231 igitur
1293 1156 1403 1209 fuit
1431 1154 1526 1208 hic
1557 1150 1897 1207 Tertulliani
1928 1149 2112 1214 locus,
2144 1153 2201 1203 et

552 1255 623 1310 ad
656 1252 825 1308 illum
859 1248 1189 1307 sanandum
1223 1244 1463 1316 quidam
1497 1259 1600 1313 pro
1631 1250 1682 1295 et
1710 1242 1823 1305 sui,
1864 1238 1951 1293 vel
1980 1244 2034 1294 et
2064 1240 2197 1304 suis,

547 1343 665 1399 sive
696 1342 837 1407 esui,
872 1338 985 1411 legi
1045 1336 1248 1391 volunt
1305 1333 1547 1388 hauslui.
1591 1331 1659 1385 Et
1714 1329 1773 1383 id
1834 1327 2072 1399 quidem
2130 1326 2199 1381 de

547 1431 835 1503 sanguine
863 1428 922 1482 in
956 1425 1280 1499 palmulam
1313 1426 1575 1491 excepto,
1607 1418 1818 1473 melius
1852 1434 2028 1489 quam
2084 1417 2202 1471 esui

548 1520 920 1591 dicilpotest.
971 1515 1168 1586 Neque
1222 1530 1327 1568 nos
1375 1509 1611 1582 quidem
1666 1507 1803 1562 huic
1852 1506 2198 1577 conjectura:

552 1608 805 1665 multum
838 1603 1321 1678 repugnabimus,
1355 1601 1403 1656 si
1454 1598 1645 1654 adhuc
1694 1606 1935 1652 sacratos
1986 1611 2087 1666 pro
2118 1611 2201 1648 sa-

549 1702 736 1755 cratus
767 1694 1201 1753 emendandum
1235 1707 1363 1747 esse
1393 1689 1693 1744 ostendas.
1731 1686 1876 1743 Nam
1911 1682 2202 1738 Minatius

551 1787 707 1844 Felix
737 1785 968 1857 (Minut.
997 1780 1243 1854 Octav.).
1277 1780 1374 1851 qui
1409 1777 1579 1850 plura
1609 1793 1677 1832 ex
1730 1775 1838 1830 hoc
1880 1773 2027 1829 libro
2060 1772 2201 1827 deli-

553 1876 732 1944 bavit,
766 1871 1113 1931 Tertulliani
1148 1885 1389 1927 sensum
1421 1867 1514 1922 his
1546 1863 1835 1936 expressit
1858 1862 2074 1931 verbis,
2106 1860 2206 1917 ubi

562 1965 717 2021 sicut
746 1963 844 2019 ille
888 1960 1137 2018 ethnicis
1195 1959 1450 2028 objectat
1484 1974 1494 2012 :
1530 1979 1556 2006 «
1613 1954 1911 2010 Bellonam
1971 1968 2206 2008 sacrum

557 2070 732 2110 suum
762 2052 979 2107 haustu
1012 2047 1259 2105 humani
1291 2046 1517 2101 cruoris
1572 2044 1855 2099 imbuere.
1892 2065 1919 2092 »
1979 2040 2207 2096 Videsis

560 2160 689 2214 qua:
720 2141 779 2195 in
813 2144 1014 2195 nostra
1046 2138 1115 2193 de
1144 2136 1323 2206 hujus
1355 2133 1504 2189 libro
1534 2132 1941 2188 dissertatione
1972 2131 2210 2185 adnota-

561 2232 753 2287 vimus
786 2230 1087 2302 (Disserlat.
1138 2228 1195 2280 in
1231 2224 1423 2278 Minui.
1459 2223 1644 2278 0clav.
1679 2238 1804 2292 cap.
1837 2222 1890 2290 9,
1926 2224 2035 2275 art.
2070 2220 2122 2285 4,
2156 2223 2212 2273 et

563 2338 692 2394 cap.
721 2322 812 2388 20,
845 2324 955 2375 art.
988 2318 1065 2386 3).

635 2408 910 2464 Ethnicos
943 2421 1138 2477 porro,
1168 2412 1228 2457 ut
1266 2400 1397 2457 falsi
1426 2399 1693 2456 criminis
1742 2414 2015 2454 accusare
2048 2396 2211 2452 Chri-

566 2498 790 2555 stianos
827 2495 1034 2567 magis,
1068 2494 1117 2550 si
1150 2508 1407 2563 unquam
1458 2490 1578 2545 ﬁeri
1628 2492 1872 2561 poterat,
1908 2489 2214 2560 magisque

567 2588 836 2659 puderet,
885 2586 956 2640 iis
1001 2584 1359 2639 horrendum
1424 2580 1583 2635 aliud
1643 2579 1864 2633 crimen
1929 2577 2213 2643 honestis,

568 2680 739 2747 prout
770 2692 861 2730 res
892 2673 1245 2746 postulabat,
1276 2669 1470 2726 verbis
1505 2668 1894 2739 exprobravit.
1930 2667 2039 2721 Sed
2067 2665 2211 2720 illud

571 2782 676 2820 nec
707 2782 740 2819 a
771 2764 938 2819 nobis
972 2761 1414 2826 nominandum,
1450 2758 1629 2814 multo
1672 2757 1869 2811 minus
1918 2755 2215 2827 explican-

569 2855 735 2923 dum,
767 2853 919 2925 quod
952 2851 1186 2923 satyrici
1220 2854 1417 2904 tamen
1448 2852 1629 2919 poetae
1663 2846 2039 2901 manifestum
2072 2844 2215 2899 satis

567 2943 812 3010 faciunt,
843 2947 899 2997 et
945 2941 1162 3013 passim
1214 2940 1580 2993 insectantur
1626 2934 1888 3007 (Tertull.
1943 2934 2212 3003 Apologet.

567 3049 695 3104 cap.
729 3033 783 3101 9,
840 3048 972 3103 pag.
1021 3030 1124 3084 323
1193 3033 1249 3083 et
1304 3027 1404 3081 lib.
1462 3043 1480 3079 1
1536 3025 1607 3079 ad
1663 3026 1882 3080 Nation.
1942 3041 2068 3094 cap.
2128 3023 2213 3093 15,

572 3138 705 3195 pag.
735 3121 883 3193 580).

1066 3255 1107 3307 ’l
1120 3252 1273 3309 028
1307 3268 1510 3307 ARTICU
1521 3267 1624 3306 ws
1654 3268 1709 3305 γ.

571 3365 889 3421 Ostenditur
926 3358 1196 3433 quomodo
1254 3358 1512 3433 liunianis
1560 3356 1839 3433 carnibus__
1872 3359 2217 3433 vescerentur

636 3426 1284 3507 ςιιαίίἱιιῑονοεὲδπδαψιλεῖς2
1336 3429 1658 3507 (denegata;
1700 3426 2073 3507 isi-Derbices,
2120 3427 2217 3507 qui

639 3497 886 3577 suscepta
917 3497 1194 3577 religione
1224 3497 1559 3570 Christiana,
1604 3499 1669 3554 ab
1720 3497 1805 3552 his
1854 3498 2217 3553 discesserunt

640 3575 1078 3648 feris'moribus.

640 3691 828 3763 Pergit
861 3688 1283 3753 Tertullianus,
1327 3685 1686 3757 planumque
1741 3685 2016 3740 omnibus
2078 3684 2216 3740 facit

570 3779 837 3835 ethnicos
868 3796 981 3833 non
1014 3776 1205 3832 solum
1240 3776 1455 3830 bibisse
1484 3774 1794 3829 hominum
1841 3775 2213 3845 sanguinem,

569 3866 668 3922 sed
698 3864 934 3920 illorum
982 3865 1159 3919 etiam
1189 3868 1386 3934 pastos
1435 3879 1563 3917 esse
1594 3861 1890 3916 carnibus.
1953 3860 2213 3916 Primum

568 3955 724 4009 enim
759 3954 1138 4027 gladiatores,
1174 3956 1307 4023 post
1341 3950 1505 4006 ﬁnita
1536 3950 1890 4022 spectacula,
1922 3950 1986 4005 ile
2013 3967 2215 4017 arena,

569 4045 786 4117 inquit,
834 4045 1031 4116 ferinis
1072 4042 1312 4097 obsoniis
1354 4044 1565 4095 cwnanl
1616 4039 1880 4111 (Tertull.
1929 4040 2214 4110 Apologel.

569 4151 697 4206 cap.
730 4135 785 4203 9,
820 4150 953 4207 pag.
988 4133 1134 4201 332),
1167 4132 1220 4185 id
1256 4136 1366 4200 est,
1399 4135 1698 4186 caenantes
1741 4134 2057 4184 vescuntur
2086 4146 2217 4183 car-

570 4224 746 4279 nibus
778 4225 1055 4288 ferarum,
1090 4237 1238 4291 quas
1269 4220 1439 4291 paulo
1474 4224 1606 4274 ante
1639 4219 1696 4271 in
1730 4218 1881 4272 circo
1915 4217 2216 4272 interfece-

568 4318 718 4368 rant.
752 4312 924 4382 Atqui
956 4311 1088 4365 ferae
1139 4309 1249 4363 illae
1282 4309 1493 4363 crudas
1555 4307 1884 4376 hominum,
1948 4324 1982 4362 a
2039 4324 2097 4361 se
2155 4306 2215 4362 in

569 4401 779 4458 iisdem
814 4398 1170 4472 spectaculis
1219 4398 1671 4463 trucidatorum,
1724 4413 1928 4451 carnes
1955 4395 2217 4467 proxime

570 4491 894 4557 devoratas,
951 4488 1213 4545 nondum
1272 4487 1532 4557 digerere
1590 4489 1921 4557 potuerant.
1978 4486 2064 4539 Ab
2123 4486 2217 4541 his

2303 617 2605 672 stomacho
2636 622 2802 673 erant
2832 618 3025 674 adhuc
3056 619 3361 692 indigesta.

2375 725 2442 778 At
2472 741 2683 791 nonne,
2718 725 3321 797 inquies,corruptum
3354 743 3575 799 quoque
3603 732 3684 783 est
3704 744 3878 785 nomen

2305 813 2467 878 alvei,
2501 830 2568 868 ac
2599 814 2976 869 scribendum
3007 816 3203 885 potius
3232 817 3362 883 alvi,
3394 816 3489 888 qui
3516 817 3753 872 ciborum
3772 824 3883 872 sunt

2307 903 2712 973 receptacula?
2743 904 2865 959 Non
2893 904 3145 960 absurde
3178 906 3488 977 quidem,si
3510 907 3706 961 dixeris
3725 907 3887 961 melio-

2308 1009 2430 1047 rem
2463 998 2689 1064 partem
2727 1010 2827 1063 pro
2858 998 2980 1048 toto
3026 1011 3059 1049 a
3107 994 3458 1051 Tertulliano
3507 996 3696 1067 accipi,
3738 993 3885 1050 hanc-

2310 1098 2423 1153 que
2452 1083 2923 1139 emendationem
2956 1085 3212 1154 quodam
3243 1084 3447 1141 saltem
3477 1084 3663 1139 codice
3715 1085 3886 1155 proba-

2307 1171 2482 1227 veris.
2515 1175 2642 1226 Non
2672 1172 2827 1228 enim
2857 1190 3131 1230 ursorum
3189 1175 3469 1229 duntaxat
3497 1174 3627 1239 alvi,
3673 1174 3760 1229 sed
3788 1174 3886 1228 alia

2309 1261 2484 1316 etiam
2516 1259 2752 1316 illorum
2783 1278 2986 1318 carnes
3016 1264 3242 1318 comedi
3275 1261 3888 1334 solebant,quemadmo~

2310 1351 2451 1405 dum
2484 1349 2679 1422 colligi
2709 1356 2901 1422 potest
2929 1370 2997 1407 ex
3033 1352 3259 1423 Apuleii
3308 1352 3519 1419 verbis,
3552 1351 3746 1422 quibus
3794 1366 3889 1406 ma-

2309 1439 2867 1509 gnificentissimum
2891 1440 3215 1513 gladiatorii
3234 1440 3359 1496 ludi
3380 1445 3710 1512 apparatum
3724 1440 3892 1495 descri-

2308 1529 2397 1584 bit
2431 1546 2442 1583 :
2484 1548 2505 1576 α
2538 1528 2767 1598 Ursam,
2803 1530 3018 1601 inquit,
3041 1548 3168 1601 quae
3190 1532 3414 1586 caeteris
3437 1530 3655 1585 sarcina
3677 1528 3886 1600 corporis

2312 1617 2678 1691 praevalebat,
2727 1620 2895 1690 quasi
2946 1621 3073 1675 cibo
3128 1621 3471 1692 parandam,
3520 1625 3793 1691 portamus
3831 1618 3884 1671 ad

2313 1712 2579 1765 nostrum
2613 1709 3045 1781 receptaculum
3078 1731 3106 1759 »
3138 1708 3388 1781 (Apuleii
3419 1709 3519 1765 lib.
3550 1726 3603 1764 iv
3650 1712 3888 1763 Metamor.

2238 1812 2285 1877 Β
2315 1815 2448 1871 pag.
2479 1800 2592 1871 59).
2634 1798 2781 1864 Quid
2823 1815 2964 1870 ergo
2994 1803 3148 1855 vetat
3204 1798 3523 1870 quominus
3578 1811 3889 1853 communem

2317 1888 2577 1943 omnium
2610 1888 2877 1944 codicum
2928 1887 3287 1944 retineamus
3345 1904 3542 1943 vocem
3599 1884 3757 1955 alvei,
3806 1899 3890 1955 qua

2318 1976 2729 2048 signiﬁcentur
2765 1994 2922 2046 vasa,
2974 1977 3033 2031 in
3084 1978 3301 2048 quibus
3358 1976 3672 2033 semicoctie
3715 1980 3891 2028 tantum

2318 2072 2484 2121 erant
2515 2082 2789 2121 ursorum
2821 2083 3045 2133 carnes,
3080 2083 3226 2136 quas
3256 2065 3608 2136 gladiatores
3634 2068 3777 2119 tanta
3807 2061 3891 2115 avi-

2321 2156 2500 2211 ditate
2529 2156 2820 2226 appetitas
2850 2155 3278 2209 comedebant‘?
3312 2154 3689 2219 Quamobrem
3718 2148 3891 2206 Tertul-

2320 2244 2515 2300 lianus
2571 2244 2708 2299 inde
2764 2243 3107 2311 concludit,
3171 2265 3199 2294 «
3259 2244 3545 2298 Ructatur
3591 2240 3801 2312 proinde
3842 2240 3892 2291 ab

2321 2333 2559 2388 homine
2588 2350 2719 2388 caro
2752 2333 2895 2399 ursi,
2930 2336 3096 2403 pasta
3125 2334 3196 2387 de
3225 2332 3467 2388 homine
3494 2353 3520 2381 »
3553 2328 3896 2401 (TertullJApo-

2324 2422 2460 2492 [093‘
2490 2439 2615 2494 cap.
2644 2423 2699 2488 9,
2733 2438 2865 2493 pag.
2914 2422 3060 2493 32-3),
3095 2439 3130 2477 a
3158 2438 3272 2493 quo
3322 2420 3501 2493 paulo
3553 2424 3680 2476 ante
3726 2416 3899 2473 occisus

2324 2512 2530 2566 fuerat.

2393 2617 2609 2672 Verum
2626 2617 2785 2673 hisce
2812 2616 3237 2690 gladiatoribus
3268 2616 3444 2687 longe
3462 2615 3803 2671 immaniores
3827 2607 3896 2663 alii

2326 2706 2527 2777 procul
2558 2705 2737 2760 dubio
2766 2711 2956 2774 erant,
2984 2706 3055 2760 de
3085 2704 3301 2777 quibus
3332 2704 3435 2759 ille
3466 2720 3577 2759 non
3609 2705 3682 2758 ita
3715 2698 3893 2772 quidem

2326 2797 2633 2865 affirmate,
2669 2796 2770 2850 sed
2803 2796 2957 2850 hunc
2985 2796 3269 2849 duntaxat
3298 2794 3359 2848 in
3395 2794 3626 2849 modum
3660 2788 3895 2860 loquitur:

2327 2909 2353 2934 ‹(
2386 2885 2567 2940 Aiunt
2596 2890 2653 2939 et
2683 2886 2835 2956 aqud
2882 2885 3157 2955 quosdam
3204 2883 3456 2955 gentiles
3506 2881 3811 2953 Scytharum
3846 2874 3897 2928 de

2325 2975 2590 3029 functum
2626 2990 2919 3045 quemque
2950 2992 2983 3028 a
3013 2975 3136 3028 suis
3168 2973 3399 3027 comedi
3432 2996 3459 3022 ››
3490 2970 3683 3043 (Ibid)
3713 2971 3769 3021 At
3795 2978 3897 3020 sane

2324 3063 2483 3119 istud
2543 3064 2698 3118 haud
2759 3064 3098 3117 dubitanter
3156 3062 3538 3134 pronuntiare
3593 3064 3802 3131 poterat.
3842 3052 3897 3106 Ex

2323 3154 2605 3208 Strabone
2647 3152 2938 3207 enimvero
2987 3152 3271 3207 discimus
3321 3150 3581 3223 hospites
3626 3145 3898 3201 immolatos

2324 3242 2508 3297 fuisse
2536 3259 2566 3295 a
2595 3240 2847 3312 Scythis,
2877 3239 2978 3309 qui
3007 3240 3244 3295 illorum
3280 3256 3488 3295 carnes
3520 3234 3898 3299 mandebant,ac

2324 3329 2664 3402 poculorum
2700 3329 2823 3384 loco
2851 3330 3063 3385 I029
3097 3330 3420 3384 utebantur
3466 3343 3658 3382 eorum
3687 3318 3897 3378 calvariis

2323 3420 2537 3488 (Strab.
2570 3417 2671 3473 lib.
2706 3434 2782 3472 vu
2829 3418 3018 3486 Geogr.
3054 3434 3186 3490 pag.
3236 3418 3388 3488 298).
3422 3418 3568 3473 Tum
3614 3411 3764 3486 paulo
3804 3411 3899 3480 post

2326 3510 2396 3563 de
2420 3508 2788 3578 Massagetis,
2817 3508 3163 3579 Scytharum
3196 3512 3299 3562 aut
3339 3505 3596 3579 populis,
3628 3508 3717 3558 aut
3741 3496 3897 3554 vicinis

2325 3596 2447 3651 haec
2490 3601 2821 3651 memorat:
2864 3591 3100 3655 Θάνατος
3161 3590 3217 3648 δὶ
3269 3594 3549 3667 νομίζεται
3599 3590 3712 3662 παρ’
3761 3586 3898 3641 αὐτοῖς

2326 3682 2565 3757 ἄριστος,
2636 3683 2761 3737 ὅταν
2830 3683 3154 3757 γεράσαντες
3233 3686 3581 3737 κατακοπῶσι
3666 3675 3897 3751 μετὰτῶν

2324 3768 2662 3848 προϐατείων
2696 3776 2865 3847 κρεῶν
2900 3772 2990 3827 καὶ
3044 3774 3238 3845 ἅναμιξ
3306 3773 3582 3847 βρωθῶσι·
3644 3770 3798 3825 Morti:
3834 3776 3895 3831 ge-

2326 3881 2430 3918 nus
2462 3866 2728 3935 optimum
2762 3872 2997 3934 censent,
3024 3866 3075 3918 si
3096 3864 3247 3919 senio
3275 3865 3512 3933 con/ccli
3554 3878 3671 3916 cum
3706 3851 3901 3913 carnibus

2327 3956 2559 4010 ovilibus
2592 3955 3203 4024 concidanlur,unaque
3231 3953 3566 4009 devorentur
3594 3938 3897 4022 (lbid.p.513).

2328 4044 2675 4099 Strabonem
2707 4060 2838 4099 vero
2884 4043 3153 4114 sequitur
3199 4043 3506 4106 Eusebius,
3554 4038 3647 4110 qui
3676 4040 3898 4100 Massage-

2330 4133 2407 4188 tis
2442 4134 2710 4204 adjunxit
2744 4133 3031 4201 Derbices,
3062 4131 3426 4202 tradiditque
3458 4130 3529 4185 ab
3567 4127 3796 4195 utrisque
3819 4118 3898 4171 im-

2328 4222 2598 4289 molatos,
2624 4240 2772 4293 quos
2798 4222 3091 4278 chariores
3128 4222 3446 4285 habebant,
3479 4222 3639 4274 aetate
3656 4215 3762 4286 jam
3787 4205 3901 4262 elim-

2327 4318 2419 4367 tos
2451 4317 2747 4383 parentes,
2800 4327 3122 4382 eorumque
3170 4326 3308 4365 usos
3360 4309 3655 4373 carnibus,
3682 4307 3900 4367 tanquam

2326 4399 2515 4473 epulis
2545 4400 2893 4456 lautissimis
2928 4399 3163 4469 (Euseb.
3222 4398 3324 4453 lib.
3361 4416 3427 4453 ιιι
3473 4398 3711 4465 Praepar.
3739 4389 3898 4448 Evang-

2327 4508 2455 4562 cap.
2508 4490 2561 4556 4,
2603 4506 2733 4561 pag.
2788 4490 2896 4559 11).
2938 4489 2998 4543 Si
3049 4488 3190 4559 quid
3258 4502 3396 4543 vero
3460 4484 3660 4542 clarius
3718 4486 3899 4562 expres,-

571 4596 684 4649 que
714 4577 1138 4634 crudelissimis
1185 4556 1608 4646 gladiatoribus
1658 4590 1905 4646 ipsorum
1935 4591 2213 4646 ursorum,
2246 4556 2292 4620 Ῑ)
2324 4556 2455 4635 sum
2508 4556 2830 4647 desideras,
2857 4556 2977 4632 Vadi
3016 4556 3272 4631 Plinium
3322 4575 3450 4643 (lib.
3483 4592 3539 4628 v1
3582 4572 3758 4627 Natur.

572 4668 723 4722 sicut
753 4672 972 4722 Auctor
1000 4671 1199 4722 noster
1228 4665 1512 4736 loquitur,
1542 4664 1686 4718 alvei
1713 4667 2063 4735 appetuntur,
2095 4681 2220 4720 cru-

572 4756 817 4812 ditantes
845 4755 1021 4811 adhuc
1050 4754 1114 4810 de
1145 4758 1439 4810 visceribus
1488 4755 1745 4807 humanis
1796 4754 2011 4821 (Ibid).
2044 4753 2112 4807 Et
2138 4753 2219 4808 ita

574 4844 812 4915 quidem
844 4845 903 4899 in
936 4843 1169 4916 Rigaltii
1201 4844 1454 4899 editione
1490 4860 1502 4896 :
1537 4843 1636 4897 sed
1671 4843 1728 4895 in
1782 4843 2215 4913 antiquioribus

574 4952 675 5005 pro
706 4935 878 4989 verbo
909 4934 1263 4999 cruditantes,
1297 4932 1548 5003 legimus
1579 4931 1977 4987 trucidantibus
2003 4949 2016 4999 ;
2052 4948 2217 4987 men-

574 5024 715 5079 dose
744 5022 982 5077 omnino
1017 5040 1029 5077 :
1065 5024 1119 5076 in
1150 5021 1564 5092 manuscriptis
1596 5038 1728 5075 vero
1756 5021 1971 5076 nostris
2000 5028 2057 5075 ct
2087 5022 2217 5076 aliis

575 5112 874 5167 codicibus
905 5116 1244 5167 constanter
1274 5110 1543 5177 habetur,
1590 5109 1996 5165 cruditanlibus
2031 5110 2218 5166 adhuc

573 5202 639 5255 de
670 5202 965 5257 visceribus
996 5200 1277 5267 humanis,
1312 5199 1431 5254 sive
1462 5198 1654 5253 adhuc
1685 5199 2215 5265 crudis,nondum-

576 5306 689 5362 que
716 5291 775 5346 in
808 5308 1104 5356 ursorum,
1138 5288 1238 5361 qui
1269 5305 1335 5344 ea
1366 5294 1722 5357 voraverant,
1759 5286 1883 5344 alvo
1932 5295 1989 5344 et
2018 5295 2217 5345 ventre

575 5380 836 5453 digestis.
870 5381 1073 5437 Utrum
1105 5383 1302 5434 autem
1334 5375 1455 5429 haec
1512 5391 1647 5430 vera
1706 5376 1781 5431 sit
1834 5376 2024 5448 lectio,
2083 5380 2215 5450 quis

575 5475 730 5526 certo
761 5470 886 5525 sine
917 5466 1281 5524 correctioris
1314 5463 1565 5533 alicujus
1593 5464 1812 5519 codicis
1835 5484 1942 5537 npe
1972 5468 2216 5525 deﬁnire

575 5558 833 5616 audeat?
855 5561 927 5613 At
947 5571 1308 5628 quaecunque
1333 5552 1580 5619 ait,satis
1607 5557 1765 5621 patet
1784 5555 2215 5614 Tertullianum

574 5648 725 5706 nihil
746 5646 906 5705 aliud
938 5644 1325 5719 signiﬁcasse,
1359 5641 1475 5700 nisi
1504 5659 1538 5697 a
1565 5638 1993 5713 gladiatoribus
2021 5648 2216 5721 appeti

2327 4684 2451 4739 cap.
2486 4667 2599 4735 l7),
2633 4670 2689 4721 et
2742 4666 2845 4737 qui
2903 4683 3037 4722 eum
3098 4666 3384 4736 sequitur,
3443 4662 3693 4720 Solinum
3743 4648 3897 4721 (Solin-

2327 4774 2454 4828 cap.
2490 4756 2576 4824 15,
2611 4772 2743 4827 pag.
2778 4756 2892 4824 34),
2926 4755 3029 4826 qui
3059 4756 3275 4810 diserte
3323 4754 3617 4807 afﬁrmant
3644 4743 3897 4808 anthropo-

2327 4846 2551 4916 phagos
2583 4862 2711 4899 esse
2740 4844 3000 4917 Scythas,
3033 4844 3293 4899 humanis
3331 4840 3639 4913 corporibus
3668 4836 3898 4889 vescentes—

2324 4934 2407 4988 Ab
2438 4933 2725 4989 Herodoto
2758 4949 2992 5003 quoque
3021 4933 3211 4988 disces
3240 4928 3694 4992 Melanchlaenos,
3722 4938 3751 4975 a
3775 4916 3899 5007 ιιίεεε

2324 5027 2484 5078 veste
2516 5022 2597 5076 sic
2628 5021 2837 5087 dictos,
2889 5020 3176 5091 Scythicis
3224 5021 3439 5075 vixisse
3488 5009 3771 5074 institutis,
3798 5000 3900 5059 soli.

2324 5117 2532 5183 tosque
2596 5128 2770 5168 carne
2826 5113 2978 5166 vesci
3052 5111 3309 5166 humana
3374 5107 3655 5179 (Herodot.
3708 5097 3791 5153 lib.
3847 5102 3900 5187 ιξ¹ο

2325 5204 2351 5269 §
2406 5201 2548 5271 107).
2603 5202 2722 5255 Huc
2774 5201 2997 5256 accedit
3044 5199 3214 5265 Mela,
3264 5215 3439 5271 quem
3500 5192 3691 5250 audire
3732 5188 3897 5259 potens

2324 5292 2445 5344 haec
2474 5294 2811 5344 narrantem
2859 5306 2873 5346 :
2923 5313 2951 5340 «
3001 5289 3209 5346 Pocula
3258 5293 3323 5344 ut
3384 5285 3691 5343 Essedones
3733 5283 3898 5345 ρεπεν

2324 5377 2560 5445 tum,ita
2587 5377 3135 5435 inimicissimorum
3160 5378 3455 5450 capitibus
3473 5350 3895 5444 expoliunt.Apud

2325 5467 2464 5524 anth
2474 5467 2841 5540 rapophagos
2864 5469 3002 5541 ipsae
3018 5468 3197 5523 etiam
3221 5466 3403 5538 epulae
3418 5460 3719 5520 visceribus
3736 5452 3895 5541 humil-

2323 5557 2416 5613 nis
2448 5532 2808 5629 apparentur
2839 5578 2867 5607 »
2889 5532 3052 5631 (Mel.
3109 5556 3213 5613 lib.
3247 5532 3289 5614 ii
3318 5556 3381 5613 de
3406 5555 3514 5611 Sil.
3565 5547 3682 5609 Orb.
3722 5553 3828 5610 cap.
3855 5532 3892 5597 1,

2324 5663 2457 5721 pag.
2486 5647 2598 5717 27).
