4134 6184
274 314 427 380 1125

1185 311 1255 379 D.
1304 314 1400 379 LE
1446 314 1770 379 NOURBY
1817 312 2467 379 OBSERVATIONES
2515 310 2774 379 NOVIE.

3524 276 3733 383 4126'

343 452 630 508 Eusebius
689 467 861 523 porro
904 451 1027 522 jam
1076 469 1110 507 a
1172 453 1341 509 nobis
1388 451 1664 506 laudatus
1706 450 1925 506 ibidem
1955 460 2009 527 Α
2041 452 2291 507 nefando
2320 450 2421 507 illo
2448 456 2756 507 Persarum
2789 451 3006 508 scelere
3036 453 3094 508 in
3126 453 3258 509 aliis
3290 455 3511 511 nostris
3563 458 3685 512 dis-

273 540 527 597 asseruit
556 543 909 612 Massagetas
952 557 1018 596 ac
1038 541 1443 608 Derbices,ubi
1476 541 1730 611 primum
1762 540 1927 596 Chri-

275 631 482 687 stianae
512 630 776 702 religioni
813 646 1022 686 nomen
1046 631 1435 698 dederunt,ab
1461 628 1555 685 his
1577 628 1931 685 discessisse

276 721 414 776 feris
446 719 904 790 inhumanisque
935 719 1197 774 moribus
1229 719 1466 790 (Euseb.
1500 720 1599 774 loc.
1633 719 1773 789 cit.).
1809 722 1927 772 Cae—

281 818 469 866 terum
501 809 558 863 in
590 814 791 864 nostra
816 810 887 864 de
915 808 1147 863 Minutii
1194 807 1400 864 Felicis
1448 808 1596 863 libro
1647 806 1928 862 disserta-

275 900 433 955 tione
481 902 795 969 (Dzssertat.
859 900 916 952 in
963 898 1161 952 Minut.
1212 904 1391 952 Octav.
1446 914 1575 969 cap.
1626 898 1683 965 9,
1711 900 1816 951 art.
1851 896 1929 965 2),

277 994 334 1044 et
379 988 513 1044 aliis
562 986 705 1043 locis
756 986 837 1040 ibi
888 986 1099 1051 citatis,
1150 986 1520 1041 ostendimus
1566 984 1932 1040 Christianos

284 1094 588 1149 nunquam
633 1075 813 1146 hujus
861 1075 1398 1148 anthropophagim,
1446 1076 1546 1130 sed
1596 1075 1751 1131 solos
1791 1091 1932 1147 gen-

279 1166 411 1223 tiles
444 1167 637 1238 reipsa
666 1164 929 1221 conscios
962 1164 1141 1220 fuisse
1172 1170 1229 1219 et
1258 1180 1407 1221 reos.

880 1314 1198 1353 ARTICULUS
1248 1315 1325 1353 νι.

278 1408 451 1475 Quam
502 1407 788 1477 perspicue
845 1405 1208 1460 Tertullianus
1269 1406 1538 1461 ostendat
1590 1406 1933 1461 Christianos

344 1480 537 1535 secreti
567 1480 627 1532 in
656 1478 837 1533 sacris
866 1479 989 1533 suis
1017 1477 1323 1548 synoxibus
1345 1478 1540 1532 incesti
1558 1479 1711 1546 falso
1728 1478 1932 1548 falsius

349 1551 642 1619 accusari,
700 1565 805 1620 quo
861 1552 1087 1620 gentiles
1131 1550 1275 1606 lovis
1323 1550 1579 1621 exempto
1632 1551 1821 1622 palam
1866 1565 1932 1604 ac

348 1624 554 1694 saepius
577 1622 1132 1677 contaminabantur.

348 1738 726 1795 Manifestum
760 1738 1082 1811 unicuique
1103 1739 1227 1810 jam
1276 1739 1524 1795 fecimus
1574 1738 1813 1810 quibus,
1864 1752 1929 1793 ac

2038 540 2457 597 sertationibus
2486 541 2716 612 egimus
2746 541 2931 610 (Tom.
2982 540 3291 614 IAppa'rat.
3342 561 3470 617 pag.
3526 545 3684 617 1359,

2041 632 2098 685 et
2126 630 2351 685 Dissert.
2384 631 2587 686 Arnob.
2625 646 2753 702 cap.
2786 632 2877 696 24,
2911 637 3019 686 art.
3052 633 3122 701 2;
3158 637 3299 689 tom.
3354 635 3375 689 Ι
3420 636 3684 706 Apparet.

2040 736 2172 792 pag.
2209 720 2370 787 1239,
2401 726 2458 775 et
2486 721 2770 776 Dissertat.
2813 723 2872 776 in
2902 722 3094 777 Minut.
3131 740 3257 795 cap.
3290 724 3379 795 20,
3401 729 3509 779 art.
3540 727 3614 795 2).

2112 827 2262 881 Tum
2296 828 2505 883 dehinc
2528 827 2929 884 Tertullianus
2950 829 3293 885 Macedones
3320 830 3379 885 in
3410 847 3686 904 magnam

2042 915 2306 971 incestus
2331 916 2749 987 suspicionem,
2802 922 2904 973 aut
2949 924 3101 974 certe
3150 921 3685 992 comprobationem

2042 1004 2273 1060 venisse
2305 1005 2439 1060 hinc
2469 1005 2712 1077 colligit,
2746 1028 2775 1057 «
2809 1007 2953 1072 Quia
2986 1024 3119 1063 cum
3150 1009 3429 1080 primum,
3471 1010 3688 1083 inquit,

2043 1094 2329 1165 OEdipum
2375 1096 2720 1167 tragmdiam
2773 1095 3105 1167 audissent,
3154 1098 3420 1155 videntes
3482 1099 3688 1156 incesti

2044 1182 2327 1249 dolorem,
2377 1176 2569 1236 ἔλαυνε
2598 1184 2873 1241 dicebant
2904 1184 2978 1245 εἷς
3008 1186 3107 1253 τήν
3140 1185 3348 1261 μητέρα
3380 1211 3408 1238 ››
3437 1190 3679 1245 Tertull.

2039 1274 2314 1345 Apologet.
2347 1289 2471 1345 cap.
2502 1274 2560 1339 9,
2613 1291 2745 1345 pag.
2797 1275 2945 1346 325).
2998 1275 3212 1331 Mirum
3264 1283 3460 1333 autem
3510 1296 3687 1349 quam

2041 1366 2311 1431 corrupte
2361 1365 2418 1415 et
2446 1360 2617 1415 varia
2647 1370 2767 1416 haec
2801 1360 2999 1417 Graeca
3028 1362 3203 1418 verba
3252 1363 3311 1418 in
3362 1368 3687 1421 manuscri-

2041 1449 2155 1520 ptis
2188 1450 2404 1504 nostris
2436 1449 2757 1517 codicibus,
2796 1455 2853 1505 et
2900 1450 3009 1506 alis
3060 1452 3231 1507 editis
3280 1454 3498 1524 scripta
3546 1455 3687 1509 sint.

2040 1538 2103 1594 In
2136 1539 2327 1594 tribus
2373 1538 2528 1594 enim
2580 1540 3003 1595 vetustioribus
3051 1540 3266 1613 legitur
3294 1547 3552 1599 eAAl‘Ne
3587 1544 3689 1599 elC

2039 1631 2179 1683 ΤΗΝ
2209 1628 2548 1694 aAII‘EePA,
2584 1628 2673 1683 vel
2702 1629 2843 1684 ΤΗΝ
2874 1632 3163 1686 AAll‘ePA
3192 1632 3252 1686 in
3284 1632 3418 1687 aliis
3459 1633 3688 1690 duobus

2039 1717 2207 1772 etline
2254 1719 2425 1772 eisten
2479 1718 2689 1788 aligera
2737 1735 2756 1772 :
2806 1718 2866 1773 in
2915 1718 3103 1790 prima
3150 1720 3405 1776 editions
3451 1721 3688 1778 Basileaa

275 1846 457 1902 quam
510 1830 724 1886 validis
786 1830 1081 1886 rationum
1156 1831 1471 1886 momentis
1528 1828 1929 1885 Tertullianus

2051 1821 2192 1860 inno
2228 1806 2384 1872 1512,
2417 1800 2568 1877 ἔμιεν
2604 1804 2679 1866 εἰς
2712 1805 2814 1874 τήν
2849 1803 3076 1879 μητέρα.
3108 1812 3173 1864 In
3223 1810 3485 1866 secunda
3533 1828 3686 1867 anno

277 1924 478 1975 noster
507 1919 742 1991 penitus
772 1919 1075 1975 obtriverit
1110 1919 1397 1975 insulsam
1448 1919 1620 1990 plane
1662 1917 1926 1974 ethnico-

2036 1895 2195 1962 1528,
2230 1893 2445 1967 legitur
2474 1896 2810 1951 charactere
2843 1896 3050 1953 Latino
3090 1902 3321 1953 tantum
3369 1916 3580 1969 emene,
3633 1907 3690 1956 et

276 2025 409 2064 rum
467 2008 847 2075 calumniam,
900 2026 1016 2081 qua
1059 2009 1278 2065 ethnici
1328 2009 1691 2064 Christianos
1723 2006 1928 2063 infami
2037 1982 2152 2081 {illa
2196 1984 2372 2081 V‘irbi}
2420 1984 2643 2081 Ρωίξδδ
2692 1985 3163 2081 ἓξλβῖιιθεξοίξιυθ
3202 1989 3261 2041 in
3298 1987 3444 2081 “131:0
3473 1989 3547 2045 ad
3574 1990 3682 2046 Να⁶

280 2100 407 2155 suis
433 2099 494 2154 in
527 2099 846 2171 synaxibus
896 2099 1125 2155 incestu
1175 2098 1564 2155 contaminari
1614 2097 1928 2168 impuden-

279 2188 506 2244 tissime
538 2188 995 2244 mentiebantur.
1030 2188 1154 2252 Quo
1202 2188 1359 2243 enim
1408 2192 1575 2258 pacto
1630 2186 1714 2240 illi
1763 2202 1931 2241 sacra

282 2295 391 2333 sua
436 2279 719 2349 mysteria
745 2278 992 2347 iincestu
1042 2281 1161 2332 tam
1203 2295 1355 2350 saepe
1387 2277 1629 2347 repetito
1658 2275 1929 2345 coinqui-

284 2382 422 2420 nare
478 2364 824 2430 voluissent,
883 2366 983 2435 qui
1040 2368 1390 2437 praeceptam
1450 2364 1561 2419 sibi
1620 2381 1653 2418 a
1701 2363 1930 2418 Christo

280 2454 598 2525 conjugurn
631 2456 981 2523 castitatem,
1008 2458 1109 2508 aut
1140 2458 1480 2524 perpetuam
1514 2452 1929 2523 virginitatem,

282 2542 517 2598 tametsi
548 2560 662 2597 non
696 2543 1063 2614 imperatam,
1096 2542 1513 2606 summo,sicut
1541 2540 1680 2596 alibi
1714 2542 1931 2612 patefe-

282 2633 500 2697 cimus,
544 2632 741 2687 studio
790 2632 1148 2687 servabant?
1196 2630 1413 2686 Verum
1465 2647 1534 2686 ea
1580 2636 1775 2685 tamen
1823 2629 1934 2684 fuit

282 2720 653 2776 ethnicorum
685 2720 1070 2792 impudentis,
1104 2725 1168 2775 ut
1198 2721 1283 2775 eis
1315 2719 1632 2775 falsissime
1672 2719 1931 2789 objecta-

282 2815 415 2864 rent
462 2809 666 2865 secreti
714 2809 974 2865 incestus
1023 2811 1269 2875 crimen,
1302 2810 1456 2882 quod
1492 2809 1685 2881 reipsa
1713 2809 1783 2862 ab
1817 2806 1933 2863 illis

284 2898 432 2971 ipsis
461 2916 574 2953 non
608 2898 798 2954 solum
831 2899 1074 2966 occulte,
1101 2900 1200 2955 sed
1236 2900 1357 2954 luce
1385 2900 1554 2966 omni,
1590 2904 1653 2953 ut
1682 2898 1764 2953 ait
1794 2898 1932 2952 Ter-

286 2987 593 3055 tullianus,
625 2992 675 3042 et
704 2992 863 3043 nocte
891 2990 1067 3053 omni,
1098 3004 1161 3042 ac
1189 2991 1298 3043 toto
1343 2988 1558 3043 conscio
1588 2988 1724 3042 caelo
1772 2988 1934 3058 (Ter-

285 3076 419 3132 tull.
452 3076 552 3133 lib.
585 3095 604 3132 ι
634 3077 703 3133 ad
729 3079 952 3134 Nation.
988 3093 1114 3149 cap.
1151 3078 1236 3147 16,
1272 3095 1327 3149 p.
1358 3077 1506 3147 581),
1539 3076 1935 3146 tamimpune

287 3184 467 3237 quam
500 3168 776 3223 audacter
806 3166 1273 3238 perpetrabatur.
1298 3165 1513 3232 Quidni
1542 3182 1673 3221 vero
1705 3169 1932 3219 tantum

287 3255 483 3311 scelus
537 3260 993 3327 perpetrassent,
1040 3271 1210 3325 quos,
1260 3260 1324 3309 ut
1367 3254 1466 3309 ille
1507 3256 1642 3326 jure
1694 3270 1935 3325 prorsus

291 3346 503 3399 merito
536 3352 724 3415 urget,
774 3345 990 3414 Jupiter
1034 3346 1148 3414 ipse
1196 3343 1375 3399 docuit
1428 3345 1611 3414 (Idem
1652 3342 1933 3415 Apologet.

290 3450 426 3504 cap.
464 3436 514 3488 9.
552 3450 684 3504 pag.
715 3434 863 3503 325),
898 3450 1004 3488 suo
1035 3432 1304 3488 videlicet
1341 3434 1627 3505 exemplo,
1675 3432 1937 3488 incestus

294 3522 523 3577 facere?
553 3522 694 3585 Quis
724 3521 879 3577 enim
914 3522 1100 3576 nescit
1142 3539 1320 3593 quam
1368 3539 1498 3577 vere
1538 3522 1939 3595 Athenagoras

292 3613 501 3666 1030
549 3611 861 3683 (Athenag.
909 3612 1033 3682 Leg.
1080 3628 1179 3682 pro
1225 3611 1547 3682 Christian.)
1580 3611 1794 3682 aliique
1832 3612 1939 3665 Ec-

289 3701 484 3757 clesia:
515 3706 713 3756 Patres
744 3700 954 3755 iisdem
988 3700 1242 3756 ethnicis
1274 3701 1613 3771 objecerint,
1666 3701 1819 3771 quod
1869 3700 1940 3755 ab

288 3791 527 3847 illorum
578 3789 965 3862 scriptoribus
1036 3789 1229 3860 palam
1298 3790 1743 3861 praedicabatur,
1790 3789 1943 3843 hunc

288 3881 496 3935 Jovem
529 3896 597 3934 ex
628 3883 811 3934 matre
842 3896 969 3947 sua,
1004 3884 1061 3934 et
1094 3878 1215 3934 tilia
1242 3877 1402 3946 Core,
1447 3896 1550 3934 seu
1600 3877 1947 3948 Proserpina

293 3968 637 4040 suscepisse
666 3968 927 4023 liberos?
957 3967 1097 4035 Quis
1128 3967 1304 4023 etiam
1334 3967 1421 4022 vel
1454 3966 1809 4038 primoribus
1860 3966 1947 4022 1a-

296 4062 421 4115 bris
452 4061 641 4114 editos
674 4078 703 4113 a
732 4060 991 4131 profanis
1021 4061 1204 4131 poetis
1239 4058 1416 4114 libros
1439 4059 1764 4131 attigit,nec
1795 4057 1948 4112 illico

297 4150 604 4205 exhorruit
633 4149 705 4203 ab
735 4148 853 4204 illis
882 4150 1174 4204 Junonem
1205 4149 1560 4220 induci,qua2
1592 4165 1653 4204 se
1683 4147 1948 4218 ejusdem

296 4240 457 4294 Jovis
481 4255 741 4293 sororem
765 4244 821 4293 et
843 4255 1077 4293 uxorem
1102 4237 1764 4310 essejactitabat?Atqui
1782 4257 1951 4309 μιμη-

291 4327 388 4387 τὰς
421 4331 576 4394 θεῶν,
629 4329 711 4382 ait
754 4328 1027 4382 Justinus
1072 4328 1309 4397 Martyr,
1358 4324 1524 4380 καλὸν
1578 4327 1708 4380 εἶναι
1758 4326 1951 4387 πάντες

295 4419 578 4491 ἡγοῦνται·
653 4415 848 4472 Omnes
915 4416 1212 4487 pulchrum
1273 4421 1562 4472 autumant
1626 4432 1682 4471 se
1729 4416 1955 4471 deorum

2039 2074 2211 2128 tiones
2245 2073 2467 2129 Latinis
2500 2074 2673 2129 etiam
2710 2073 2922 2130 litteris
2970 2075 3224 2132 habetur
3273 2094 3285 2131 :
3338 2078 3552 2135 Elaune
3596 2084 3688 2136 ten

2040 2171 2267 2218 metere.
2319 2168 2364 2215 A
2409 2161 2668 2217 librariis
2702 2162 2878 2235 igitur
2905 2168 3099 2220 Graece
3129 2168 3527 2224 nescientibus
3558 2185 3688 2224 cor-

2041 2255 2213 2322 rupta
2242 2253 2477 2307 fuerunt
2505 2256 2699 2306 Graeca
2733 2251 2831 2306 illa
2859 2253 3054 2318 verba,
3105 2270 3211 2309 nec
3258 2255 3427 2312 facile
3476 2257 3691 2314 dixeris

2041 2356 2168 2411 qua:
2199 2356 2397 2411 reapse
2430 2356 2462 2393 a
2491 2339 2849 2395 Tertulliano
2882 2340 3099 2413 scripta
3126 2342 3267 2399 sint.

2112 2446 2500 2502 Gothofredus
2550 2452 2745 2501 tamen
2776 2490 2788 2513 ,
2843 2448 2940 2518 qui
2990 2450 3216 2520 primus
3263 2451 3440 2507 hosce
3506 2452 3689 2511 libros

2041 2536 2197 2608 typis
2228 2536 2485 2591 edendos
2522 2537 2763 2605 curavit,
2797 2537 2996 2594 nullus
3019 2538 3187 2609 plane
3217 2541 3447 2597 dubitat
3491 2559 3683 2598 veram

2042 2641 2171 2680 esse
2220 2625 2368 2679 hanc
2420 2626 2801 2697 posteriorem
2872 2628 3223 2698 Agobardini
3284 2632 3502 2688 codicis
3567 2632 3688 2689 lec-

2042 2713 2281 2779 tionem,
2301 2719 2474 2784 atque
2506 2716 2577 2769 ab
2608 2715 2811 2770 eodem
2842 2716 3199 2773 Tertulliano
3230 2719 3443 2777 Graecis
3475 2722 3689 2778 litteris

2045 2804 2351 2874 scriptum,
2385 2798 2577 2856 ἔλαυνε
2605 2801 2680 2864 εἷς
2706 2803 2805 2871 τήν
2843 2805 3067 2877 ματέρα·
3105 2806 3394 2878 Rigaltius
3445 2827 3580 2866 vero
3627 2812 3687 2866 in

2045 2890 2304 2962 antiquis
2355 2891 2657 2946 codicibus
2687 2892 2969 2964 scriptum
3002 2896 3233 2960 asserit,
3266 2892 3453 2950 ἔλαυνε
3486 2897 3561 2959 εἷς
3590 2900 3689 2967 τὴν

2048 2979 2275 3053 μητέρα.
2329 2981 2435 3035 Sed
2478 2980 2576 3049 qui
2627 2980 2684 3034 bi
2737 2981 2988 3052 codices,
3038 2988 3094 3037 et
3144 2988 3339 3040 utrum
3390 3004 3423 3042 a
3470 2988 3688 3044 nostris

2045 3069 2257 3125 diversi
2297 3069 2434 3138 sint,
2488 3070 2745 3124 indicare
2798 3071 3066 3128 debebat.
3118 3072 3261 3128 Nam
3314 3056 3523 3145 praeter
3560 3078 3687 3149 jam

2048 3164 2300 3222 notatos,
2352 3164 2407 3212 et
2462 3175 2495 3213 a
2544 3158 2710 3213 nobis
2757 3158 2936 3215 lectos
2980 3162 3208 3217 codices
3241 3164 3471 3219 nullum
3504 3165 3688 3221 alium

1962 3207 2004 3272 Ο
2044 3247 2268 3315 habuit,
2299 3248 2398 3303 sed
2432 3248 2719 3318 quasdam
2767 3254 2996 3304 tantum
3049 3268 3162 3306 non
3211 3254 3452 3309 omnino
3501 3261 3688 3311 certas

2044 3335 2363 3392 Fuldenses
2412 3335 2711 3391 lectiones.
2761 3339 2869 3392 Sed
2918 3339 3057 3409 quid
3098 3341 3167 3395 de
3198 3340 3530 3399 Graecorum
3562 3361 3689 3399 ver-

2048 3426 2288 3493 borum,
2348 3443 2382 3480 a
2439 3424 2696 3479 librariis
2755 3431 3196 3497 corruptorum,
3256 3447 3389 3486 vera
3443 3431 3692 3489 lectione

2049 3519 2301 3569 statuere
2328 3514 2566 3585 poteris,
2604 3515 2715 3569 nisi
2749 3532 2923 3570 sanos
2954 3516 3182 3573 codices
3208 3520 3277 3574 ad
3313 3536 3551 3577 manum
3589 3523 3692 3579 ha-

2051 3605 2231 3659 beas?
2279 3604 2551 3675 Expende
2605 3609 2802 3660 tamen
2856 3611 3055 3661 utrum
3106 3608 3449 3665 Tertulliani
3498 3630 3710 3672 sensus

2050 3694 2412 3765 exprimatur
2436 3693 2529 3747 his
2564 3694 2793 3749 Latinis
2826 3696 3019 3750 verbis
3054 3712 3065 3748 :
3100 3699 3206 3767 Age
3226 3697 3331 3752 duc
3362 3701 3417 3754 in
3448 3708 3705 3774 matrem,

2053 3783 2199 3837 Nam
2239 3783 2606 3839 introductus
2638 3784 2696 3837 in
2730 3799 2964 3838 scenam
3014 3785 3269 3856 OEdipus
3314 3805 3411 3843 rex
3462 3790 3712 3850 bellator

2058 3875 2256 3929 1031
2311 3890 2444 3928 cum
2501 3876 2825 3944 ﬁngeretur
2871 3874 3007 3930 flere
3051 3876 3339 3934 incestum
3373 3897 3545 3951 quem
3578 3900 3711 3938 cum

2064 3969 2248 4018 matre
2283 3963 2505 4018 inscius
2536 3966 2771 4030 iecerat,
2803 3970 2927 4017 tum
2964 3965 3332 4036 Macedones,
3360 3970 3517 4026 hunc
3546 3971 3713 4026 belli-

2058 4054 2176 4108 cosi
2211 4052 2362 4124 regis
2399 4053 2602 4108 ﬂetum
2635 4053 2991 4124 deridentes,
3026 4055 3131 4109 hoc
3164 4057 3405 4113 dicterio
3451 4075 3712 4132 pupuge-

2061 4148 2198 4197 runt
2230 4160 2242 4196 :
2278 4144 2384 4213 Age
2415 4143 2519 4198 duc
2548 4144 2612 4198 in
2640 4144 3073 4214 matrem,quasi
3106 4146 3475 4218 metropolim
3509 4165 3714 4221 quam-

2063 4234 2194 4288 dam
2229 4232 2602 4287 subacturus.
2638 4233 2802 4288 Hunc
2833 4237 3026 4288 autem
3060 4249 3187 4290 esse
3215 4238 3485 4294 Auctoris
3525 4238 3712 4294 nostri

2064 4340 2302 4379 sensum
2333 4322 2491 4378 haud
2525 4323 2718 4393 inepte
2753 4325 2945 4378 forsan
2979 4322 3171 4396 colligi
3204 4330 3395 4397 potest
3437 4344 3506 4383 ex
3549 4328 3709 4384 illius

2063 4415 2135 4468 ad
2165 4412 2422 4467 Nationes
2452 4410 2624 4482 libro,
2658 4411 2757 4467 ubi
2804 4411 2925 4467 haec
2980 4413 3218 4468 uberius
3262 4415 3473 4486 hisque
3519 4416 3711 4473 verbis

293 4522 410 4562 esse
438 4508 743 4561 imitatores
790 4505 1029 4575 (Justin.
1081 4504 1366 4577 Apologet.
1420 4507 1478 4573 1).
1527 4505 1801 4568 Quamvis
1850 4522 1997 4581 au-i
2065 4502 2520 4573 explicat:«Cum
2545 4502 2773 4573 primus
2795 4519 3031 4559 scenam
3055 4521 3255 4561 eorum
3279 4507 3709 4581 (Macedonum)

296 4602 418 4651 tem
451 4594 665 4649 ethnici
699 4612 761 4649 se
789 4594 958 4649 illum
992 4612 1189 4650 revera
1220 4595 1476 4650 imitatos
1509 4594 1687 4649 fuisse
1740 4611 1950 4666 negas-
1981 4580 2028 4644 D
2061 4592 2318 4663 OEdipus
2349 4591 2609 4660 intravit,
2642 4592 2972 4648 trucidatus
3006 4593 3231 4660 oculos,
3262 4596 3382 4651 risu
3414 4613 3481 4652 ac
3513 4597 3708 4652 derisu

295 4682 591 4749 sent,vitio
612 4686 805 4738 tamen
828 4681 1177 4736 Christianis
1202 4682 1338 4736 dare
1360 4698 1473 4736 non
1496 4682 1949 4752 poterant,quod

296 4790 330 4828 a
360 4774 516 4841 Jove,
534 4788 790 4838 summo,
822 4778 887 4827 ut
916 4772 1173 4835 aiebant,
1206 4771 1333 4841 deo,
1368 4774 1563 4825 actum
1597 4771 1947 4826 fatebantur.

295 4862 378 4917 De
429 4860 521 4915 his
570 4877 741 4933 porro
794 4860 949 4916 illius
1001 4859 1320 4915 sceleribus
1370 4876 1476 4915 nos
1536 4859 1679 4914 satis
1746 4876 1948 4931 super-

297 4967 413 5023 que
444 4950 505 5004 in
537 4950 937 5021 superioribus
971 4950 1190 5006 nostris
1221 4947 1736 5005 dissertationibus
1756 4948 1950 5020 dispu-

296 5039 585 5095 tavimus.

370 5128 681 5183 Summum
716 5125 1004 5198 porro,vel
1036 5127 1233 5197 potius
1255 5142 1487 5182 summe
1508 5124 1757 5197 impium
1780 5124 1949 5181 illum

294 5217 500 5272 Jovem
537 5216 924 5271 imitabantur
954 5216 1164 5282 Persas,
1195 5232 1343 5285 quos
1374 5231 1500 5269 cum
1528 5216 1665 5282 suis,
1712 5214 1796 5269 ait
1832 5216 1947 5269 Au-

296 5312 427 5361 ctor
476 5311 703 5377 noster,
754 5306 1029 5360 matribus
1075 5306 1298 5361 misceri
1349 5304 1560 5360 Ctesias
1597 5304 1950 5359 testiﬁcatur

293 5395 568 5464 (Tertull.
601 5396 880 5467 Apologet.
914 5411 1042 5467 cap.
1086 5394 1143 5464 9,
1192 5411 1325 5467 pag.
1372 5395 1521 5463 325).
1572 5392 1948 5465 Antiquiores

299 5484 688 5556 manuscripti
743 5486 931 5540 nostri
980 5484 1211 5540 codices
1264 5482 1534 5550 Chteseas,
1581 5483 1639 5537 in
1690 5482 1839 5538 libro
1878 5482 1950 5538 ad

294 5576 560 5630 Nationes
608 5574 710 5629 lib.
764 5591 804 5642 ι,
854 5591 982 5646 cap.
1033 5574 1122 5641 16,
1176 5588 1308 5645 pag.
1362 5573 1488 5645 581)
1535 5573 1753 5628 Thesias
1799 5573 1945 5628 scri-

288 5670 462 5741 ptum
495 5662 787 5721 exhibent.
819 5664 899 5721 De
930 5662 1041 5722 hoc
1073 5666 1271 5722 autem
1320 5662 1558 5721 nomine
1605 5661 1850 5734 Ctesias,
1891 5667 1949 5720 et

2061 4685 2425 4752 exceperant.
2461 4682 2783 4752 Tragoedus
2815 4686 3245 4753 consternatus,
3288 4690 3536 4742 retracta
3578 4704 3708 4759 per-

2062 4787 2225 4837 sona,
2276 4770 2597 4839 Numquid,
2648 4771 2752 4839 ait,
2777 4770 3023 4841 domini,
3058 4772 3335 4845 displicui
3368 4775 3566 4831 vocis?
3599 4777 3709 4833 Re-

2060 4860 2425 4930 sponderunt
2474 4857 2819 4913 Macedones
2854 4875 2867 4912 :
2902 4859 3022 4913 Imo
3072 4864 3132 4914 tu
3185 4861 3425 4931 quidem
3460 4862 3710 4934 pulchre

2060 4947 2523 5018 (manuscriptus
2572 4946 2751 5001 codex
2796 4947 3063 5017 pulcher).
3108 4971 3136 4998 »
3190 4951 3326 5005 Inde
3378 4958 3573 5007 autem
3626 4953 3710 5007 sic

2060 5041 2538 5107 argumentatur:
2561 5058 2587 5084 «
2614 5038 2729 5089 Aut
2756 5036 3007 5106 scriptor
3036 5039 3472 5107 vanissimus,si
3506 5042 3707 5109 tinxit;

2060 5130 2160 5180 aut
2216 5127 2469 5196 OEdipus
2522 5124 3017 5193 domentissimus,
3070 5127 3119 5181 si
3167 5128 3248 5183 ita
3285 5130 3420 5185 fecit
3468 5147 3482 5186 :
3533 5137 3709 5203 atque

2059 5214 2265 5269 exinde
2297 5214 2440 5269 alter
2466 5216 2533 5269 ad
2569 5214 3058 5283 alterum,elaune
3088 5221 3184 5272 ten
3220 5225 3441 5275 matera
3472 5220 3705 5277 diceba-

2059 5303 2135 5358 tis
2172 5326 2192 5351 ι
2227 5303 2492 5373 (Tertull.
2530 5303 2632 5358 lib.
2666 5320 2684 5357 ι
2715 5303 2784 5358 ad
2813 5306 3041 5360 Nation.
3072 5322 3199 5378 cap.
3238 5309 3323 5374 16,
3376 5326 3507 5382 pag.
3558 5311 3703 5380 581).

2058 5392 2242 5447 Audis
2274 5407 2413 5447 sane
2443 5391 2873 5448 'l‘ertullianum
2918 5402 3249 5451 narrantem
3298 5415 3331 5452 a
3375 5399 3707 5453 Macedoni-

2058 5482 2169 5536 bus
2200 5482 2391 5553 primo
2424 5482 2660 5552 quidem
2694 5482 2815 5538 risu
2842 5500 2908 5539 ac
2940 5484 3138 5539 derisu
3170 5492 3475 5558 exceptum
3524 5486 3705 5540 fuisse

2056 5576 2437 5643 personatum
2470 5571 2961 5645 OEdipum,quem
2994 5580 3189 5631 tamen
3222 5576 3334 5631 sibi
3366 5592 3481 5630 non
3505 5572 3706 5645 displi-

2058 5677 2185 5718 cere
2212 5664 2415 5736 postea
2444 5661 2698 5719 confessi
2726 5667 2867 5719 sunt
2897 5680 2911 5720 :
2944 5668 3073 5720 tum
3102 5663 3311 5721 deinde
3338 5678 3541 5721 secum
3584 5661 3700 5721 col-
