4134 6184
500 339 651 401 112Ἰ

1022 330 1546 396 TERTULLIANI
1594 329 1913 391 UPERUM
1966 326 2163 386 PARS
2210 326 2254 385 l.
2290 359 2367 369 —
2398 326 2672 387 SERIES
2719 328 2765 400 l,
2811 324 3367 389 APOLOGETICA.

3698 328 3829 387 1128

499 473 804 546 loquentes
835 471 957 526 hinc
988 468 1243 525 vicissim
1276 465 1587 546 protulisse
1606 462 2035 518 verba:Elaune
2056 466 2146 515 ten
2175 462 2229 526 Α
2259 458 2530 514 Auctoris
2564 459 2745 515 nostri
2776 464 2931 515 textu
2966 461 3196 531 penitus
3227 458 3521 515 abstulerit
3547 459 3654 514 haee
3672 460 3835 527 verba,

498 544 723 619 me‘tera.
758 565 893 628 Quae
923 558 1158 630 quidem
1194 557 1241 612 si
1275 544 1529 628 genuina
1557 555 1699 620 sint,
1734 553 1827 608 his
1860 549 2158 621 signiﬁca-

1964 638 2156 710 Agite,

496 670 614 723 tur,
676 651 927 706 alterum
984 648 1357 702 Macedonem
1417 644 1634 699 dixisse
1686 642 1851 696 alteri
1901 659 1913 695 :

503 741 744 813 instiga,
777 737 1042 805 stimula,
1077 734 1312 807 impelle
1343 737 1683 797 matrem,et
1713 730 1946 785 imitare
1981 727 2154 784 OEdi-

504 847 667 902 pum.
702 830 781 884 Eo
831 828 988 883 enim
1037 842 1214 881 sensu
1266 823 1503 879 verbum
1553 819 1764 875 ἐλαύνω
1815 818 1885 872 ab
1934 818 2154 871 Aristo-

502 920 696 991 phane
746 914 1061 988 (AristOph.
1115 915 1309 969 Electr.
1367 930 1416 965 v.
1467 912 1573 964 755
1620 915 1677 965 et
1700 910 1850 977 740).
1888 908 2152 971 Homero,

504 1012 562 1063 et
593 1006 724 1063 aliis
756 1006 970 1062 Graecis
1002 1002 1390 1074 scriptoribus
1422 1000 1725 1070 accipitur.
1762 1000 2002 1066 Quoquo
2051 1011 2153 1047 au-

502 1101 622 1152 tem
654 1096 829 1151 verbo
867 1110 1007 1148 usus
1040 1095 1115 1146 sit
1146 1090 1565 1155 Tertullianus,
1609 1104 1676 1143 eo
1728 1086 1899 1157 plane
1951 1081 2155 1138 incesti

506 1186 661 1241 haud
697 1181 989 1238 immerito
1020 1182 1215 1251 arguit
1246 1178 1607 1242 Mscedones,
1642 1176 1741 1246 qui
1776 1174 1920 1228 illud
1953 1176 2053 1227 aut
2094 1172 2153 1225 in

508 1274 724 1345 OEdipo
775 1271 1185 1335 laudaverunt,
1221 1273 1321 1323 aut
1366 1268 1494 1338 ejus
1526 1264 1788 1336 exemplo
1820 1264 1891 1318 ad
1945 1275 2151 1333 perpe-

503 1362 781 1420 trandum
815 1376 943 1416 sese
975 1358 1222 1413 invicem
1256 1355 1661 1428 provocabant.

578 1468 839 1539 Denique
896 1483 1012 1520 non
1068 1466 1223 1520 solos
1273 1463 1642 1529 Macedones,
1703 1461 1804 1515 sed
1861 1457 2155 1529 quoslibet

510 1557 655 1613 alios
689 1557 864 1612 etiam
914 1554 1180 1609 ethnicos
1228 1552 1407 1623 hujus
1457 1550 1658 1621 ﬂagitii
1708 1549 1974 1603 conscios
2025 1564 2153 1602 esse

508 1648 646 1702 inde
699 1645 1008 1710 convincit,
1059 1643 1213 1714 quod
1265 1641 1437 1707 ﬁlios,
1489 1641 1574 1694 uti
1623 1640 1899 1707 diximus,
1950 1653 2153 1692 recens

508 1741 679 1792 natos
710 1738 1083 1805 exponerent.
1116 1736 1391 1786 Parentes
1422 1730 1713 1799 siquidem
1770 1728 1901 1782 illos
1950 1725 2151 1781 alienae

505 1824 918 1881 misericordia:
949 1826 1121 1877 antea
1147 1820 1462 1891 expositos,
1496 1822 1696 1891 postea
1727 1834 1841 1872 non
1873 1831 2148 1887 agnosce-

506 1915 669 1983 bant,
705 1929 809 1968 nec
840 1913 911 1967 ab
942 1911 1060 1965 illis
1114 1909 1599 1981 agnoscebantur.
1652 1906 2004 1976 Plerumque
2054 1904 2155 1973 igi-

506 2007 607 2057 tur
654 2001 1051 2072 contingebat,
1103 2004 1165 2053 ut
1212 2000 1316 2053 hac
1347 1997 1709 2069 ignoratione
1739 1994 2035 2050 libidinosi
2070 1994 2153 2047 illi

508 2096 782 2164 parentes
812 2096 1081 2162 stuprum
1116 2089 1525 2158 incestumque
1561 2086 1697 2140 {iliis
1728 2086 1855 2140 suis
1876 2084 2157 2138 inferrent

396 2182 402 2187 ”
508 2179 775 2251 (Tertull.
820 2180 1094 2249 Apologet.
1154 2194 1280 2248 cap.
1330 2177 1384 2240 9,
1439 2192 1569 2248 pag.
1620 2176 1745 2241 526,
1797 2179 1853 2229 et
1902 2172 2001 2227 lib.
2037 2191 2053 2226 ι
2084 2172 2155 2227 ad

506 2270 737 2325 Nation.
772 2286 895 2340 cap.
934 2269 1020 2336 16,
1056 2282 1186 2339 pag.
1217 2267 1365 2329 582).
1402 2266 1835 2321 Int'austissimo
1870 2268 2067 2318 autem
2095 2262 2151 2316 id

507 2357 903 2414 Tertullianus
927 2357 1133 2428 probat
1161 2354 1605 2426 exemplo,quod
1639 2353 1811 2425 paulo
1844 2356 2153 2421 antequam

508 2447 692 2503 libros
723 2448 792 2501 ad
842 2448 1097 2502 Nationes
1144 2444 1561 2507 conscriberet,
1612 2449 1808 2513 atque,
1858 2442 1942 2496 uti
1991 2442 2154 2495 vide-

509 2543 627 2602 tur,
676 2537 1004 2607 imperante
1053 2534 1388 2599 Commodo,
1442 2534 1627 2587 Romae
1661 2533 1969 2586 acciderat.
2001 2531 2151 2585 Tum

510 2625 666 2679 enim
699 2624 1039 2689 Fuscianus,
1073 2624 1225 2678 sicut
1254 2623 1349 2677 ille
1382 2621 1633 2686 ait,Urhi
1670 2623 1976 2693 praefectus
2008 2626 2155 2687 erat,

510 2729 644 2768 cum
674 2729 817 2785 puer
844 2713 1084 2783 quidam
1116 2730 1181 2767 ex
1215 2717 1465 2783 paternae
1497 2713 1707 2766 domus
1738 2710 1941 2764 limine
1969 2726 2155 2779 egres-

510 2819 633 2869 sus,
668 2802 895 2873 rapitur
924 2818 958 2856 a
988 2802 1246 2856 Graeculo
1278 2801 1551 2872 quodam,
1586 2804 1640 2854 et
1672 2800 1729 2854 in
1764 2799 1955 2853 Asiam
1987 2797 2154 2853 duci-

507 2898 625 2947 tur.
658 2895 810 2945 Puer
840 2897 1032 2945 autem
1066 2890 1343 2961 grandior
1375 2890 1584 2958 factus,
1633 2890 1875 2944 Romam
1922 2888 2152 2942 reduci-

506 2979 731 3047 tur,ubi
763 2997 796 3035 a
826 2985 987 3050 patre
1019 2979 1317 3048 suo,illum
1346 2978 1600 3050 amplius
1633 2996 1745 3033 non
1778 2985 2148 3050 agnoscente,

506 3076 924 3141 constupratus
954 3069 1275 3123 est.l’ostea
1307 3068 1469 3122 illum
1503 3073 1772 3138 parentes
1796 3068 2148 3137 quibusdam

506 3160 767 3229 corporis
802 3156 1048 3212 maculis
1080 3161 1564 3229 recognoverunt,
1597 3172 1661 3211 ae
1694 3155 1909 3228 laqueo,
1959 3156 2152 3226 inquit

504 3245 922 3314 Tertullianus,
950 3247 1060 3301 sibi
1086 3246 1391 3301 medentur.
1421 3246 1742 3301 Fuscianus
1775 3262 1907 3300 vero
1938 3244 2150 3299 horum
2183 3220 2225 3286 α

507 3337 661 3391 bona
689 3352 867 3408 puero
901 3334 1195 3405 ascripsit,
1236 3351 1341 3389 non
1388 3335 1460 3388 ad
1506 3334 1902 3400 haereditatem,
1958 3333 2036 3386 uti
2073 3332 2154 3386 ait

505 3424 622 3494 ille,
675 3425 765 3480 sed
794 3424 863 3480 ad
889 3424 1225 3495 stipendium
1254 3426 1437 3495 stupri
1467 3426 1516 3478 ei
1542 3424 1735 3478 incesti
1765 3424 1968 3493 (Idem,
2003 3421 2103 3477 lib.
2133 3439 2150 3475 1

507 3515 577 3569 ad
604 3515 827 3570 Naiion.
863 3530 990 3583 cap.
1028 3515 1111 3583 16,
1146 3530 1277 3585 pag.
1308 3514 1456 3583 582).

579 3621 891 3675 Dubitandi
926 3637 1096 3690 porro
1127 3618 1290 3674 locus
1320 3618 1446 3674 dari
1468 3618 1698 3673 videtur
1720 3621 1917 3672 utrum
1942 3617 2152 3688 impro-

505 3711 618 3765 bus
667 3708 764 3764 ille
814 3714 978 3780 pater
1010 3726 1121 3763 non
1157 3708 1345 3763 solum
1379 3726 1412 3763 a
1443 3708 1746 3773 Fusciano,
1780 3709 1879 3763 sed
1912 3708 2089 3763 etiam
2122 3726 2152 3762 a

507 3804 710 3854 senatu
744 3798 1056 3853 damnatus
1092 3798 1280 3852 fuerit.
1314 3802 1459 3852 Nam
1511 3797 1765 3852 historiae
1815 3798 1992 3868 hujus
2042 3798 2152 3851 ini-

506 3889 656 3944 tium
710 3889 768 3945 in
819 3888 1104 3959 Agobardi
1155 3889 1353 3944 codice
1384 3889 1468 3944 sic
1501 3887 1715 3960 legitur
1750 3907 1761 3943 :
1802 3910 1827 3940 α
1856 3888 2009 3943 Talis
2036 3894 2153 3943 tra-

509 3980 701 4051 goedia
749 3978 964 4049 erupit,
1016 3978 1300 4034 Fusciano
1353 3978 1623 4050 praefecto
1686 3978 1846 4045 Urbi,
1890 3979 2157 4048 judicata

510 4068 815 4138 punitione
846 4072 1105 4123 senatus.
1161 4068 1421 4123 Fortuita
1470 4068 1825 4138 negligentia
1873 4067 2154 4122 comitum

509 4158 665 4213 ultra
687 4160 931 4228 januam
968 4172 1308 4227 progressus
1340 4157 1467 4223 iter,
1503 4158 1706 4212 I032
1756 4157 2157 4228 praetereunti-

508 4246 617 4302 bus
683 4252 931 4312 tractus,
991 4246 1161 4300 domo
1220 4246 1450 4301 excidit.
1512 4246 1619 4309 Qui
1678 4263 1811 4300 eum
1873 4248 2158 4300 nutrierat

525 4334 846 4403 Graeculus,
878 4336 965 4389 vel
999 4351 1031 4390 a
1061 4334 1283 4400 limine,
1325 4334 1581 4389 Graeculo
1633 4351 1787 4389 more
1829 4339 2161 4406 captaverat

506 4425 760 4481 intrans.
798 4425 937 4480 Inde
968 4429 1228 4479 mutatus
1258 4443 1284 4473 ιο
1321 4424 1481 4495 (Ibid.
1515 4424 1668 4493 etc.).
1703 4424 1807 4478 Sed
1866 4423 2030 4493 plura
2079 4424 2159 4481 ibi

509 4514 948 4585 redarguuntur
979 4513 1198 4569 librarii
1234 4516 1442 4568 errata.
1480 4512 1741 4567 Primum
1774 4512 1928 4568 enim
1962 4512 2160 4585 Rigal-

2269 551 2375 617 Qui
2403 566 2529 603 eum
2556 550 3147 619 nutrierat.Numquid
3170 548 3247 603 ibi
3268 553 3382 603 tam
3410 548 3627 603 inutilia
3644 554 3841 617 sunt,ut

2268 638 2502 694 nemine
2535 639 3078 711 monito,amputari
3112 638 3440 694 debuerint?
3467 639 3650 693 Nonne
3675 644 3846 710 postea

2266 727 2412 783 dixit
2463 746 2474 782 :
2532 729 2797 783 Alumnus
2830 730 2887 782 in
2917 730 3208 800 pueritia?
3257 727 3503 798 Denique
3545 728 3663 794 ista,
3706 728 3777 781 vel
3818 744 3845 782 α

2269 817 2499 883 lumine,
2530 822 2586 872 et
2618 820 2851 883 intrans,
2885 816 3245 872 detrahenda
3274 816 3742 888 suspicatur,quia
3765 833 3845 887 ρο·

2265 906 2481 962 sterius
2514 908 2724 978 prioris
2774 908 3172 978 interpretatio
3216 911 3328 962 est.
3386 907 3491 961 Sed
3539 907 3603 960 de
3644 905 3725 960 his
3767 904 3847 958 alii

2256 995 2733 1066 judicent.Nobis
2765 1004 2958 1052 autem
2992 998 3041 1051 si
3073 995 3415 1066 conjiciendi
3445 993 3599 1050 locus
3627 996 3845 1060 daretur,

2264 1100 2366 1156 pro
2400 1087 2492 1141 bis
2522 1086 2713 1142 verbis
2742 1102 3063 1158 progressus
3095 1088 3217 1152 iter,
3241 1085 3544 1157 legendum
3574 1084 3850 1155 suspicare-

2264 1191 2419 1242 mur,
2446 1192 2767 1247 progressus
2793 1193 2951 1247 puer,
2984 1177 3054 1231 de
3086 1192 3200 1246 quo
3232 1174 3505 1229 nimirum
3554 1173 3627 1228 ibi
3672 1174 3847 1245 agitur,

2263 1268 2320 1319 et
2351 1264 2519 1335 cujus
2551 1266 2796 1336 pueritia
2824 1266 2999 1337 paulo
3031 1270 3163 1337 post
3193 1268 3563 1320 memoratur.

2335 1356 2718 1419 Quantumvis
2744 1360 2936 1411 autem
2970 1355 3319 1426 depravatus
3350 1354 3428 1409 sit
3455 1353 3545 1408 hic
3573 1351 3738 1419 locus,
3756 1368 3851 1407 non

2262 1446 2461 1498 tamen
2520 1446 2720 1500 minus
2777 1449 2937 1500 certa
2992 1449 3081 1500 est
3134 1444 3312 1514 hujus
3374 1442 3570 1498 nefarii
3632 1441 3851 1496 incestus

2263 1532 2532 1590 historia.
2586 1534 2759 1591 Recte
2799 1551 2933 1606 ergo
2984 1533 3282 1589 concludit
3328 1532 3461 1587 inde
3507 1530 3853 1587 Tertullianus

2263 1621 2459 1692 plures
2491 1623 2637 1679 alios
2669 1624 2851 1681 fuisse
2883 1628 3152 1697 parentes
3180 1623 3445 1695 ejusdem
3468 1638 3590 1677 reos
3612 1620 3853 1689 criminis,

2264 1712 2418 1781 quod
2453 1713 2688 1783 quidem
2734 1714 2875 1785 quia
2924 1713 3216 1769 occultum
3268 1711 3397 1779 fuit,
3449 1710 3665 1767 debitas
3705 1708 3853 1780 culpa

2261 1800 2619 1872 gravissima:
2652 1820 2851 1875 pcsnas
2881 1803 3232 1874 effugerunt.
3261 1803 3403 1869 Quis
3434 1817 3597 1873 porro
3626 1798 3854 1854 diffitebi-

2264 1894 2360 1945 tur
2390 1908 2501 1946 non
2537 1908 2601 1947 ex
2634 1893 2741 1947 hac
2774 1897 3000 1947 tantum
3035 1892 3300 1958 historia,
3334 1891 3433 1947 sed
3470 1889 3716 1961 plurimis
3752 1887 3853 1943 aliis

2264 1980 2564 2049 exemplis,
2597 1998 2723 2051 quae
2757 1980 3067 2036 retulimus
3098 1980 3489 2051 (Dissertat.in
3521 1977 3851 2032 Minut.0ctav.

2263 2082 2389 2136 cap.
2430 2069 2515 2135 10,
2548 2073 2656 2123 art.
2691 2070 2769 2138 '2),
2802 2069 3053 2141 gentiles
3080 2069 3455 2141 apertissime
3501 2064 3741 2122 convinci
3784 2064 3852 2117 iu-

2264 2161 2480 2223 cestus,
2514 2158 2683 2227 cujus
2714 2158 3077 2214 Christianos
3110 2158 3619 2229 impudentissimo
3659 2155 3853 2209 menda-

2263 2246 2351 2300 cio
2401 2248 2805 2301 accusabant?
2852 2248 2982 2303 Jam
3033 2250 3230 2319 itaque
3277 2248 3346 2303 ad
3389 2246 3532 2303 alias
3566 2262 3667 2301 non
3697 2243 3855 2298 minus

2265 2334 2443 2390 falsas
2474 2352 2673 2391 eorum
2706 2337 3145 2393 criminationes
3177 2337 3501 2393 veniamus.

2858 2470 3177 2509 ARTICULUS
3210 2471 3310 2509 VII.

2265 2542 2437 2609 Quam
2460 2543 2693 2599 absurde
2720 2545 2929 2599 ethnici
2972 2544 3269 2614 objecerint
3318 2560 3353 2598 α
3403 2537 3856 2614 Christianisatio-

2334 2616 2453 2687 rari
2499 2623 2662 2686 caput
2715 2617 2863 2670 asini
2904 2635 2925 2669 .·
2978 2612 3100 2687 quis
3149 2617 3280 2670 huic
3327 2616 3528 2685 fabula:
3573 2612 3857 2687 oceasz'miem

2332 2683 2603 2758 dederit}
2655 2696 2861 2757 quanta
2910 2683 3257 2758 impudentia
3312 2683 3510 2742 nebulo
3558 2684 3759 2757 quidam
3782 2683 3856 2758 lu.-

2333 2756 2481 2811 daeus
2541 2753 2693 2813 illius
2750 2762 2897 2813 asini
2952 2753 3075 2813 eum
3134 2760 3372 2813 ridicula.
3426 2753 3647 2829 prorsus
3696 2753 3852 2829 inseri-

2332 2831 2517 2898 ptione
2545 2833 2823 2901 picturam
2853 2832 3280 2891 circumtulerit;
3303 2847 3369 2885 ac
3399 2824 3561 2900 quam
3588 2844 3700 2882 vere
3726 2824 3859 2901 iidem

2333 2899 2556 2956 ethnici
2584 2906 2766 2957 asinos
2806 2912 2956 2968 totos,
3009 2904 3265 2973 aliasque
3313 2899 3543 2971 belluas,
3592 2903 3676 2955 aut
3718 2899 3858 2958 vivas,

2331 2977 2429 3027 aut
2462 2975 2711 3044 depictas
2735 2975 3112 3029 adorarerint.

2331 3087 2460 3142 Alia
2490 3089 2729 3158 ethnici,
2764 3108 2867 3145 nec
2898 3090 3121 3145 cmteris
3155 3090 3407 3157 minore,
3428 3085 3706 3143 calumnia
3730 3081 3858 3137 Chri-

2262 3176 2484 3231 stianos
2534 3177 2663 3231 ideo
2715 3180 2997 3234 infamare
3048 3182 3269 3233 frustra
3316 3178 3503 3232 moliti
3552 3181 3699 3241 sunt,
3728 3168 3861 3243 quasi

2262 3265 2536 3335 caput,uti
2569 3267 2647 3321 ait
2677 3267 3692 3336 Tertullianus,asininum,tanquam
3720 3262 3861 3316 deum

2263 3354 2597 3410 adorarent.
2632 3357 2742 3411 Sed
2768 3356 2937 3423 illud,
2972 3358 3183 3428 inquit,
3218 3372 3450 3411 merum
3503 3360 3621 3410 erat
3664 3350 3863 3421 vigilan.

2262 3443 2411 3498 tium
2446 3450 2501 3499 et
2531 3445 2863 3500 invidorum
2898 3447 3202 3501 hominum
3236 3446 3565 3511 somnium,
3595 3441 3687 3513 qui
3707 3444 3862 3510 Ιουῐια·

2262 3532 2478 3587 bantur
2507 3551 2741 3605 quoquo
2776 3536 2947 3591 modo
2979 3536 3345 3592 Christianos
3378 3531 3727 3590 calumniari.
3767 3527 3861 3583 Non

2240 3620 2549 3677 'difﬁtetur
2599 3628 2795 3678 tamen
2845 3624 2999 3679 falsae
3051 3624 3188 3678 huic
3217 3622 3617 3679 criminationi
3646 3621 3814 3674 datam
3840 3629 3863 3665 a

2263 3712 2523 3767 Cornelio
2573 3712 2770 3766 Tacito
2821 3712 3208 3767 occasionem.
3261 3714 3413 3769 Tam
3463 3719 3671 3767 temere
3714 3704 3861 3759 enim-

2262 3817 2599 3871 vero,quam
2634 3800 2779 3855 falso
2812 3801 2934 3855 suis
2967 3801 3022 3856 in
3050 3800 3308 3856 historiis
3334 3802 3644 3872 scripserat
3667 3792 3859 3855 Judeis,

2265 3890 2364 3959 qui
2397 3890 2453 3942 in
2508 3889 2864 3945 vastissimis
2910 3889 3131 3944 Arabia
3183 3891 3435 3945 desertis
3484 3893 3745 3951 errantes,
3788 3880 3859 3936 siti

2263 3978 2646 4048 laborabant,
2700 3978 2988 4034 indicatos
3038 3979 3218 4034 fuisse
3262 3980 3619 4050 quibusdam
3671 3969 3861 4043 onagris

2265 4085 2551 4139 aquarum
2587 4068 2796 4133 fontes,
2827 4068 3041 4138 quibus
3073 4084 3198 4124 eam
3234 4070 3621 4135 sedaverunt;
3653 4077 3863 4136 quapro-

2268 4162 2395 4228 pter
2422 4156 2477 4209 in
2511 4156 2661 4227 grati
2693 4157 2874 4211 animi
2914 4156 3415 4227 testiﬁcationem,
3470 4156 3636 4211 sicuti
3681 4149 3863 4221 inquie-

2268 4246 2387 4309 bat,
2423 4246 2571 4299 asini
2604 4249 3091 4300 consecraverunt
3142 4247 3465 4318 imaginem
3518 4244 3708 4301 1033
3752 4238 3865 4302 Ουία

2270 4340 2463 4389 autem
2518 4334 2717 4406 religio
2768 4335 3100 4390 Christiana
3146 4336 3408 4390 Judaicai
3458 4342 3580 4391 erat
3627 4330 3863 4404 proxima.

2268 4423 2405 4478 hinc
2438 4424 2730 4479 tinxerunt
2759 4423 3005 4494 gentiles
3036 4440 3069 4478 a
3098 4423 3450 4481 Christianis
3489 4437 3707 4495 quoque
3749 4412 3865 4473 asini

2271 4517 2448 4584 caput
2481 4514 2709 4568 adorari
2742 4513 2999 4583 (Tertull.
3034 4513 3307 4584 Apologet.
3371 4531 3498 4586 cap.
3536 4515 3619 4577 16,
3642 4528 3690 4582 ρ.
3719 4507 3806 4561 365
3829 4511 3865 4555 el

509 4602 590 4656 tio
624 4620 971 4673 persuasum
1003 4605 1143 4658 adeo
1172 4602 1300 4672 fuit,
1334 4619 1436 4674 pro
1466 4605 1714 4667 senatus,
1740 4603 1817 4657 ibi
1852 4602 2159 4674 legendum
2193 4588 2239 4654 D
2272 4619 2474 4673 seqq,;
2509 4608 2566 4657 et
2590 4603 2692 4657 lib.
2727 4621 2743 4656 ι
2772 4603 2841 4657 ad
2870 4604 3086 4657 Nation.
3122 4619 3246 4673 cap.
3285 4605 3377 4671 11,
3428 4619 3559 4675 pag.
3606 4599 3735 4669 577).
3782 4595 3866 4645 V8-

511 4697 787 4762 reatus,ut
815 4691 959 4747 illud
992 4693 1317 4763 reposuerit
1346 4693 1405 4746 in
1437 4692 1564 4763 ipso
1596 4692 1942 4746 Tertulliani
1967 4698 2148 4749 textu.

458 4769 467 4779 ’
509 4780 729 4837 Deinde
762 4798 829 4836 ex
861 4797 927 4837 eo
959 4783 1232 4837 resecavit
1270 4781 1390 4836 hinc
1436 4781 1609 4836 verba
1660 4798 1671 4836 :
1725 4781 1830 4848 Qui
1875 4798 1998 4836 eum
2044 4799 2152 4836 nu-

508 4872 729 4940 trierat,
761 4874 819 4925 et
848 4870 968 4923 hinc
998 4871 1080 4925 vel
1109 4888 1143 4924 a
1193 4872 1388 4925 limine
1420 4890 1441 4925 .·
1470 4887 1535 4925 ac
1588 4874 1863 4941 praeterea
1914 4872 2153 4925 verbum

508 4960 746 5027 intrans,
780 4959 1160 5013 auferendum
1198 4960 1388 5014 adhuc
1420 4960 1737 5014 arbitratur
1792 4960 1995 5014 Primae
2048 4977 2154 5014 au-

509 5052 628 5102 tem
659 5048 1088 5103 emendationis
1120 5049 1270 5102 hanc
1302 5049 1467 5103 atlert
1498 5050 1821 5116 rationem;
1856 5050 1995 5120 quia
2037 5049 2155 5104 haec

512 5151 691 5191 causa
719 5137 768 5192 si
800 5154 833 5192 a
862 5142 1067 5192 senatu
1094 5137 1299 5207 judica
1343 5138 1569 5207 fuisset,
1620 5156 1653 5192 a
1706 5138 1989 5193 Fusciano
2039 5156 2153 5194 non

514 5224 719 5280 debuit
748 5226 1002 5297 amplius
1023 5226 1297 5296 judicari.
1346 5227 1547 5281 Potius
1597 5225 1793 5295 itaque
1841 5226 2155 5298 legendum

512 5314 796 5371 Fusciano
843 5317 1095 5387 judicata
1148 5318 1441 5387 punitione
1496 5326 1723 5373 reatus.
1785 5316 1898 5371 Nec
1947 5334 2154 5388 parum

512 5405 749 5475 quidem
784 5405 1106 5477 probabilis
1151 5404 1377 5459 videtur
1426 5404 1545 5459 haec
1594 5408 1953 5475 conjectura.
2005 5407 2155 5470 Quid

511 5498 707 5549 tamen
740 5495 790 5549 si
819 5495 1042 5565 aliquid
1076 5494 1155 5548 ibi
1189 5493 1361 5557 desit,
1395 5503 1451 5547 et
1484 5494 1883 5549 Tertullianus
1933 5496 2157 5567 signiﬁ-

510 5599 641 5638 care
654 5583 904 5638 voluerit
922 5583 1274 5637 sententiam
1295 5582 1557 5638 Fusciani
1578 5601 1610 5636 a
1628 5590 1831 5638 senatu
1851 5587 2155 5655 probatam

513 5668 737 5727 fuisse?
764 5673 837 5726 At
863 5670 989 5744 ipse
1016 5669 1305 5744 Rigaltius
1341 5670 1505 5727 nobis
1532 5688 1648 5727 non
1679 5672 1884 5744 edixit,
1934 5689 2040 5729 cur

2266 4709 2396 4746 rum
2430 4708 2537 4746 nos
2566 4690 2703 4746 alibi
2737 4692 2885 4746 hanc
2918 4691 3382 4747 insulsissimam
3426 4689 3867 4747 criminationem,

2266 4799 2382 4837 non
2415 4780 2607 4836 solum
2640 4792 2929 4852 quatenus
2958 4782 3322 4849 Judzeos,sed
3360 4782 3536 4837 etiam
3560 4776 3867 4834 Christianos

2267 4876 2512 4943 spectat,
2562 4871 2829 4926 funditus
2879 4872 3202 4929 evertimus
3252 4874 3561 4943 (Dissertat.
3612 4871 3666 4923 in
3712 4866 3866 4921 Minut-

2270 4961 2449 5016 Octav.
2482 4976 2609 5030 cap.
2644 4961 2730 5027 11,
2763 4965 2873 5015 art.
2907 4961 2979 5028 1).

2338 5049 2646 5121 Reliquum
2675 5049 2871 5119 itaque
2900 5055 3081 5115 est,ut
3110 5050 3409 5121 singulare
3429 5048 3659 5121 aliquod
3688 5046 3866 5099 factum

2268 5140 2687 5208 expendamus,
2723 5140 2875 5209 quod
2910 5156 2942 5193 a
2970 5139 3332 5195 Tertulliano
3364 5145 3563 5195 nostro
3594 5135 3801 5191 duobus
3825 5125 3866 5178 in

2267 5228 2433 5283 libris
2464 5228 2550 5282 sic
2579 5228 2960 5283 describitur:
2985 5235 3182 5283 «Nova
3205 5230 3331 5299 jam
3367 5229 3463 5283 Dei
3496 5225 3673 5283 nostri
3701 5225 3752 5276 in
3782 5220 3869 5271 ista

2268 5318 2528 5388 proxime
2556 5317 2786 5371 civitate
2808 5318 2985 5372 editio
3010 5318 3306 5389 publicata
3326 5324 3511 5387 est,ex
3540 5332 3648 5387 quo
3670 5310 3866 5384 quidam

2266 5406 2622 5462 frustrandis
2649 5406 2855 5461 bestiis
2888 5408 3283 5463 mercenarius
3336 5409 3570 5471 noxius,
3619 5404 3867 5475 picturam

2268 5496 2593 5567 proposuit,
2625 5512 2757 5549 cum
2791 5496 3079 5565 ejusmodi
3112 5496 3493 5567 inscriptione
3529 5514 3541 5550 :
3574 5496 3710 5547 Deus
3737 5488 3872 5542 Cnal-

2269 5599 2600 5639 STIANORUM
2631 5586 3020 5639 Oxocnon'rss.
3054 5586 3106 5640 Is
3137 5591 3262 5641 erat
3291 5585 3532 5640 auribus
3562 5570 3871 5639 asininis,al-

2268 5680 2392 5733 tero
2440 5673 2585 5746 pede
2616 5672 2956 5746 ungulatus,
2992 5673 3208 5732 librum
3241 5677 3501 5747 gestans,
3532 5675 3586 5728 et
3612 5670 3820 5740 togatus
3843 5680 3866 5709 ιι
