4134 6184
345 354 502 415 1129

1253 353 1326 412 D.
1375 352 1469 413 LE
1516 351 1843 413 NOURRY
1892 350 2542 411 OBSERVATIONES
2590 354 2848 415 ΝονιΕ.

3600 366 3756 426 H30

346 483 619 555 (Tertull.
653 484 877 555 Apolog.
908 500 1036 556 cap.
1071 484 1156 553 16,
1190 501 1246 555 ρ.
1296 483 1440 553 372).
1504 481 1630 537 Alio
1689 486 1881 537 autem
1939 482 1998 536 in
2028 486 2083 549 Α
2114 480 2185 535 ab
2219 481 2446 536 asinino
2478 483 2688 554 capite,
2721 485 2818 538 alii
2852 486 3218 553 0noeoites,id
3242 493 3349 557 est,
3385 491 3627 548 asininis
3645 494 3767 549 ori-

349 573 504 629 libro
535 573 593 629 id
620 573 793 646 paulo
826 573 1015 629 fusius
1041 572 1326 645 explicat:
1358 596 1377 621 ι
1411 573 1543 628 Jam
1568 572 1639 627 de
1673 575 1873 626 nostro
1896 572 2012 626 Deo

350 666 506 719 fama
540 662 857 735 suggessit.
889 663 1052 718 Adeo
1085 678 1269 732 nuper
1298 662 1538 733 quidam
1574 660 2011 732 perditissimus

351 766 414 818 in
450 754 565 808 ista
596 752 851 818 civitate,
886 751 1060 806 etiam
1092 768 1211 806 suae
1242 749 1543 821 religionis
1572 751 1852 819 desertor,
1888 748 2010 804 solo

349 841 706 898 detrimento
739 842 893 897 cutis
923 841 1182 906 Judaeus,
1219 842 1423 910 utique
1456 840 1668 911 magis,
1703 839 1857 910 quod
1916 839 2010 893 be-

354 931 599 986 stiarum
637 946 889 997 morsus,
925 931 996 985 ad
1030 946 1178 1001 quas
1212 945 1273 984 se
1302 928 1547 983 locando
1580 927 1841 999 quotidie
1887 933 2007 982 toto

345 1021 471 1091 jam
504 1035 744 1090 corpore
775 1019 1015 1084 decutit,
1048 1035 1180 1072 cum
1212 1018 1451 1088 incedit,
1488 1017 1778 1088 picturam
1809 1016 1867 1071 in
1901 1032 2008 1071 nos

353 1108 660 1180 proposuit
688 1109 798 1162 sub
830 1107 944 1162 ista
972 1106 1397 1178 proscriptione
1430 1122 1442 1160 :
1516 1106 1893 1160 ONOCHOE'PES.
1954 1105 2007 1161 Is

353 1204 477 1254 erat
507 1197 750 1252 auribus
781 1196 1193 1261 canteriorum,
1227 1201 1285 1251 et
1332 1196 1386 1249 in
1451 1201 1586 1267 toga
1643 1211 1776 1249 cum
1834 1195 2006 1263 libro,

351 1285 535 1341 altero
569 1287 714 1358 pede
744 1285 1023 1357 ungulato
1050 1306 1079 1333 »
1112 1284 1315 1356 (Idem,
1338 1283 1438 1339 lib.
1473 1302 1490 1339 ι
1520 1285 1599 1339 ad
1626 1284 1843 1338 Nation.
1878 1300 2003 1354 cap.

358 1375 444 1441 14,
479 1390 610 1446 pag.
647 1374 795 1445 579).
1058 1372 1069 1392 '

425 1481 684 1536 Primum
716 1496 853 1552 ergo
883 1479 1029 1535 dixit
1059 1480 1167 1535 hoc
1198 1481 1418 1534 factum
1450 1495 1577 1535 esse
1631 1495 1826 1550 nuper,
1886 1479 2007 1534 sive

354 1568 531 1642 paulo
563 1573 733 1623 antea
763 1585 937 1638 quam
972 1573 1286 1639 utrumque
1314 1566 1532 1623 librum
1566 1569 2007 1640 composuit,at-

355 1674 467 1730 que
496 1660 746 1730 proxime
770 1658 829 1712 in
863 1658 977 1712 ista
1007 1656 1328 1724 civitate,in
1363 1673 1480 1728 qua
1510 1659 2003 1713 commorabatur.

356 1749 437 1803 De
463 1748 642 1817 hujus
673 1747 852 1819 igitur
874 1746 1005 1802 facti
1033 1746 1278 1801 veritate
1300 1744 1499 1799 nullus
1516 1746 1823 1801 dubitandi
1844 1746 2007 1802 locus

356 1842 461 1894 est.
489 1836 711 1892 Deinde
740 1834 903 1891 illius
933 1840 1230 1891 auctorem
1263 1835 1443 1890 fuisse
1472 1835 1738 1890 Judaeum
1800 1851 2008 1905 quem-
2037 1846 2086 1912 Β

360 1928 520 1991 dam,
550 1942 682 1993 suae,
705 1925 762 1979 id
785 1930 874 1980 est
929 1924 1207 1991 Judaicae,
1268 1923 1565 1993 religionis
1622 1925 2004 1995 desertorem,

357 2015 575 2087 quique
606 2019 749 2068 tunc
806 2012 925 2068 solo
985 2012 1314 2067 detrimento
1351 2015 1511 2082 cutis,
1572 2012 1681 2067 hoc
1738 2018 1827 2067 est
1881 2012 2006 2068 sola

355 2104 824 2173 circumcisione,
852 2102 1112 2172 Judaaus,
1149 2102 1363 2171 impios
1394 2101 1762 2157 ethnicorum
1813 2102 2006 2158 cultus

358 2192 780 2263 proﬁtebatur:
814 2192 915 2246 sed
945 2190 1104 2245 hunc
1137 2190 1319 2245 fuisse
1350 2189 1647 2245 hominem
1680 2191 2004 2262 perditissi-

357 2299 547 2348 mum,
580 2298 647 2336 ac
680 2279 938 2351 plurium
971 2280 1282 2334 criminum
1319 2278 1549 2351 publico
1590 2280 1814 2350 judicio
1869 2298 2006 2336 con-

354 2372 660 2437 victum,et
692 2373 998 2441 propterea
1028 2369 1099 2423 ad
1133 2368 1350 2424 bestias
1382 2369 1749 2439 damnatum,
1785 2375 1847 2424 ut
1872 2386 2005 2424 cum

356 2460 442 2515 eis
474 2458 757 2514 nimirum
790 2474 896 2513 suo
929 2458 1131 2513 ordine
1170 2461 1475 2529 pugnaret.
1509 2460 1725 2512 Verum
1753 2459 1891 2530 quia
1923 2459 2008 2514 fas

354 2548 440 2603 illi
470 2553 594 2604 erat
624 2549 696 2603 ab
725 2547 834 2603 hac
868 2564 1065 2619 pugna
1095 2545 1413 2618 aliquando
1439 2562 1664 2617 vacare,
1691 2553 1754 2601 ut
1777 2546 2009 2602 lucrum

356 2639 551 2708 majus
575 2638 807 2705 faceret,
841 2652 969 2691 sese
996 2635 1239 2707 quotidie
1277 2635 1616 2706 frustrandis
1664 2636 1866 2703 bestiis,
1900 2637 2010 2692 hoc

354 2728 541 2793 est,ad
575 2725 809 2781 illarum
832 2724 1089 2796 impetus
1112 2741 1178 2779 ac
1210 2741 1442 2780 morsus
1466 2725 1799 2781 dimicando
1832 2726 2010 2781 decli-

354 2817 580 2871 nandos
606 2814 756 2870 ultro
788 2813 1040 2869 locabat.
1064 2813 1210 2868 Nam
1239 2818 1301 2869 ut
1331 2814 1595 2885 adprime
1627 2814 2011 2870 Cassiodorus

353 2906 626 2961 observat
660 2922 674 2960 :
703 2927 731 2954 «
766 2906 945 2959 Actus
990 2902 1379 2969 detestabilis,
1434 2908 1728 2958 certamen
1786 2903 2007 2975 infelix,

355 3010 488 3049 cum
520 2993 659 3048 feris
692 2992 837 3048 velle
867 2992 1238 3061 contendere,
1261 3008 1405 3062 quas
1465 2991 1734 3047 fortiores
1779 3009 1841 3048 se
1892 3010 2008 3049 non

354 3082 586 3138 dubitat
613 3080 1041 3137 invenire.Sola
1070 3086 1159 3136 est
1190 3096 1326 3152 ergo
1357 3080 1414 3134 in
1449 3080 1701 3135 fallendo
1724 3098 2010 3152 praesum-

354 3171 496 3244 ptio,
531 3171 769 3227 unicum
804 3172 862 3225 in
895 3169 1236 3242 deceptione
1263 3168 1562 3225 solatium.
1596 3170 1703 3234 Qui
1728 3171 1775 3225 si
1828 3172 2006 3225 feram

353 3277 467 3315 non
502 3265 797 3315 mereatur
821 3261 1094 3331 effugere,
1139 3258 1435 3314 interdum
1477 3275 1582 3313 nec
1641 3258 2006 3330 sepulturam

354 3348 568 3420 poterit
594 3350 855 3404 invenire
890 3370 916 3397 ››
950 3347 1237 3419 (Cassiod.
1275 3347 1373 3402 lib.
1409 3364 1445 3401 v
1480 3349 1695 3403 Variar.
1729 3350 2007 3420 epist.42,

354 3452 487 3508 pag.
518 3436 632 3507 94).
667 3437 825 3493 Talis
842 3442 966 3492 erat
992 3437 1230 3492 Judaaus
1253 3436 1349 3492 ille
1370 3437 1779 3503 recutitus,cui
1802 3442 2011 3509 praeter

353 3525 883 3592 circumcisionem,
914 3525 1176 3597 quotidie,
1210 3526 1293 3581 ait
1324 3525 1870 3595 Tertullianus,toto
1882 3528 2007 3597 jam

353 3632 575 3687 corpore
602 3617 830 3685 decutit,
862 3614 920 3670 id
952 3615 1270 3687 est,plures
1302 3615 1549 3687 singulis
1578 3616 1786 3671 diebus
1807 3615 2010 3687 plagas

357 3705 653 3759 morsibus
685 3704 1007 3760 bestiarum
1034 3704 1375 3775 accipiebat.
1407 3706 1479 3758 At
1509 3705 1565 3758 id
1598 3721 1781 3773 genus
1824 3705 2011 3760 homi-

359 3809 502 3847 num
535 3793 793 3849 bestiarii
827 3793 1418 3865 cognominabantur,
1450 3793 1519 3847 de
1560 3792 1777 3864 quibus
1835 3793 2009 3866 paulo

362 3887 498 3939 ante
528 3882 922 3938 disseruimus
949 3886 1139 3954 (supr.
1174 3882 1325 3953 cap).

422 3988 486 4043 In
509 3988 663 4043 ludis
686 3989 882 4059 itaque
904 3986 1155 4060 publicis
1178 3986 1391 4043 nebulo
1414 3986 1510 4042 ille
1534 3987 2008 4059 pseudo~judaaus

318 4082 415 4149 ‘ut
447 4076 843 4133 Christianam
876 4076 1219 4149 religionem
1244 4076 1671 4144 ludificaretur,
1703 4076 1867 4131 illam
1894 4077 2016 4131 cir-‘

350 4165 622 4220 cumtulit
652 4166 1004 4235 descriptam
1037 4183 1070 4220 a
1097 4165 1457 4221 Tertulliano
1483 4164 1786 4220 ridiculam
1839 4165 2009 4236 plane

348 4254 695 4326 imaginem,
727 4257 898 4325 cujus
917 4254 1039 4309 haec
1068 4260 1193 4310 erat
1236 4254 1539 4326 inscriptio
1573 4270 1585 4309 :
1630 4255 1784 4309 Deus
1836 4254 2007 4310 CHRI-

353 4360 690 4399 STIANORUM
721 4344 1085 4400 Onocnosrss
1104 4342 1365 4414 (Tertull.
1399 4344 1669 4415 Apotoget.
1731 4360 1855 4415 cap.
1920 4344 2006 4412 16,

351 4450 408 4505 p.
445 4433 724 4504 372),sive
757 4439 820 4489 ut
850 4433 910 4487 in
944 4432 1242 4487 codicibus
1274 4432 1489 4487 nostris
1524 4433 1937 4503 manuscriptis
1954 4436 2011 4488 et

353 4521 564 4575 1084
595 4519 727 4576 aliis
762 4521 1135 4587 0noohitis,in
1169 4518 1301 4576 aliis
1332 4520 1733 4587 Onochorsitis,
1758 4520 1843 4575 vel
1869 4521 2008 4576 Ono-

2121 569 2278 641 ginis
2309 574 2367 625 et
2399 572 2704 643 prosapia.
2736 573 2843 627 Alii
2885 573 3061 630 etiam
3124 577 3536 647 Onotacoustes,
3570 584 3762 639 Graece

2122 658 2580 728 Ὀνωτακούστης.
2616 663 2721 716 Sed
2756 664 2895 732 quid
2928 663 2986 717 in
3019 681 3134 719 uno
3169 666 3343 737 hujus
3368 668 3768 742 inscriptionis

2120 749 2357 804 nomine
2374 749 2721 804 inveniendo
2744 751 3385 827 laborandum,cui.haec
3407 759 3521 812 duo
3544 761 3764 829 Latina,

2121 838 2255 891 Deus
2286 836 2725 893 Christianorum
2745 843 3053 911 praeposita
3096 842 3155 897 in
3213 846 3562 917 Apologetioo
3618 849 3766 905 libro

2116 925 2455 980 indicantur
2482 931 2506 979 .9
2534 927 2679 990 Quid
2705 931 2859 983 enim
2894 932 2941 984 si
2975 932 3265 1002 posterius
3294 934 3435 989 illud
3481 953 3691 992 nomen
3730 957 3763 994 a

2118 1014 2401 1069 scelerato
2422 1021 2702 1087 nugatore
2733 1018 3067 1085 conﬁctum,
3109 1028 3168 1075 et
3199 1039 3230 1076 a
3262 1021 3520 1080 librariis
3551 1026 3759 1084 deinde

2117 1109 2457 1175 corruptum
2482 1105 2654 1160 fuerit
2682 1107 2708 1161 ?
2732 1107 2877 1170 Quid
2912 1109 3112 1179 etiam,
3137 1111 3185 1165 si
3207 1111 3440 1182 vulgare
3463 1116 3757 1184 quoddam

2117 1191 2401 1247 Punicum
2437 1209 2645 1247 nomen
2671 1195 2762 1261 sit,
2804 1197 3046 1265 jamque
3098 1199 3333 1269 penitus
3385 1204 3763 1260 obsoletum?

2115 1281 2319 1336 Nonne
2343 1282 2510 1337 nobis
2536 1283 2803 1339 sufﬁcere
2826 1285 2994 1340 debet
3025 1286 3162 1342 data
3193 1290 3265 1343 ab
3294 1292 3540 1348 Auctore
3562 1300 3762 1349 nostro

2117 1369 2295 1440 hujus
2318 1370 2572 1425 nominis
2590 1377 2645 1427 et
2666 1372 2907 1443 picturae
2925 1376 3234 1447 explicatio
3261 1395 3273 1433 ε
3300 1380 3764 1451 «Is,inquit,erat

2115 1457 2357 1513 auribus
2380 1459 2647 1528 asininis,
2673 1460 2852 1517 altero
2884 1464 3029 1533 pede
3054 1465 3396 1537 ungulatus,
3422 1467 3636 1524 librum
3658 1486 3764 1543 ge-

2116 1551 2367 1616 stans,et
2396 1551 2649 1619 togatus.
2668 1551 2861 1612 sQuod
2888 1551 3120 1621 quidem
3155 1553 3287 1610 aliis
3306 1557 3502 1612 verbis
3529 1558 3587 1612 in
3609 1557 3759 1615 libro

2115 1635 2184 1689 ad
2206 1637 2487 1706 Nationes,
2510 1637 2611 1692 sed
2629 1637 2779 1694 idem
2803 1640 3042 1695 omnino
3065 1643 3538 1714 significantibus
3559 1647 3762 1705 edixit.

2188 1725 2382 1780 Pictus
2415 1730 2608 1780 autem
2647 1728 2849 1783 asinus
2878 1728 2975 1785 ille
3032 1736 3157 1787 erat
3214 1741 3439 1804 togatus,
3474 1736 3595 1792 sive
3627 1742 3764 1810 toga

2116 1817 2441 1881 contectus,
2474 1819 2530 1871 et
2563 1814 2769 1871 librum
2797 1824 3039 1889 gestans,
3074 1820 3131 1875 in
3186 1823 3447 1880 derisum
3499 1825 3765 1883 videlicet

2115 1903 2605 1976 Christianorum,
2639 1907 2738 1978 qui
2771 1925 2937 1964 sacra
2984 1911 3295 1984 Evangelia
3325 1932 3558 1969 summo
3582 1916 3763 1972 habeo

2114 1994 2257 2049 bant
2286 1994 2344 2048 in
2368 1993 2609 2066 honore,
2640 2013 2825 2068 eaque
2848 2015 3047 2054 secum
3083 2002 3229 2055 ferre
3260 2019 3325 2057 ac
3357 2002 3481 2060 suis
3512 2004 3572 2059 in
3622 2023 3760 2078 syn-

2114 2083 2321 2138 axibus
2352 2084 2545 2155 palam
2577 2084 2767 2157 legere
2788 2095 3226 2146 consueverant.

2185 2176 2261 2225 At
2289 2171 2604 2228 Christiani
2663 2179 2719 2229 et
2778 2176 3175 2235 Tertullianus
3231 2180 3374 2236 illud
3437 2182 3765 2239 divinitatis

2117 2265 2472 2331 monstrum,
2504 2279 2572 2317 ex
2601 2262 2769 2335 impii
2802 2266 3113 2323 nebulonis
3144 2271 3381 2325 cerebro
3415 2277 3634 2341 ortum,
3693 2290 3760 2328 ac

2118 2365 2329 2404 nomen
2363 2351 2492 2420 ejus
2524 2356 2580 2406 et
2613 2351 2855 2408 formam
2898 2356 3173 2411 riserunt.
3236 2360 3447 2422 Quidni
3495 2360 3766 2416 risissent

2117 2436 2265 2492 illud
2288 2459 2316 2488 α
2344 2439 2691 2495 auctoritate
2713 2442 3089 2514 temporis,ut
3115 2444 3213 2499 ille
3245 2449 3344 2517 ait,
3393 2447 3764 2518 destitutum,

2118 2532 2176 2581 et
2206 2526 2486 2598 qualitate
2518 2530 2771 2584 auctoris
2802 2530 3102 2587 infirmum
3135 2534 3163 2588 7
3195 2556 3222 2583 ››
3248 2535 3450 2604 (Idem,
3483 2537 3759 2608 Apologet.

2118 2632 2247 2687 cap.
2273 2616 2361 2688 16,
2395 2633 2451 2688 p.
2483 2616 2607 2685 373,
2641 2623 2697 2673 et
2728 2618 2829 2675 lib.
2863 2637 2882 2674 ι
2913 2621 2982 2675 ad
3007 2622 3226 2678 Nation.
3260 2641 3389 2696 cap.
3424 2626 3511 2691 14,
3545 2627 3767 2697 p.579.)

2191 2723 2305 2778 Nec
2332 2728 2421 2778 est
2448 2741 2590 2779 sane
2614 2727 2766 2796 quod
2796 2727 2965 2783 nobis
2998 2728 3211 2801 aliquis
3241 2731 3476 2802 objiciet
3507 2750 3622 2788 non
3646 2739 3763 2789 tam

2120 2810 2292 2883 longe
2320 2812 2627 2868 Gnosticos
2660 2813 2795 2869 hinc
2834 2817 3169 2887 recessisse,
3204 2820 3304 2891 qui
3336 2820 3525 2876 multo
3574 2827 3763 2891 antea,

2119 2899 2275 2954 sicut
2298 2904 2427 2971 post
2454 2901 2850 2973 Epiphanium
2895 2904 3123 2975 (haeres.
3172 2908 3263 2975 26,
3313 2926 3371 2980 p.
3423 2910 3513 2980 91)
3567 2910 3764 2967 obser-

2118 2988 2382 3043 vavimus
2416 2990 2604 3059 (Tom.
2642 2992 2951 3063 lApparat.
3001 3011 3056 3065 p.
3117 2996 3293 3067 244.;
3360 2998 3644 3054 Dissertat.
3708 2999 3767 3055 in

2117 3076 2313 3132 Minut.
2348 3094 2475 3149 cap.
2526 3078 2610 3145 1|,
2644 3084 2753 3135 art.
2815 3082 2887 3152 1),
2938 3081 3227 3138 tinxerant
3274 3086 3525 3141 Sabaoth
3586 3087 3766 3159 septi-

2122 3182 2280 3221 mum
2312 3166 2582 3233 IEonum,
2605 3168 2731 3223 coeli
2764 3174 2821 3224 et
2845 3174 3010 3225 terra:
3042 3188 3172 3227 esse
3202 3175 3765 3247 conditorem,quem

2123 3254 2219 3310 alii
2247 3255 2419 3323 asini,
2453 3256 2548 3311 alii
2592 3257 2751 3329 porci
2784 3258 3031 3330 figuram
3066 3279 3180 3332 pres
3231 3279 3292 3317 se
3343 3263 3491 3319 ferre
3548 3266 3769 3321 effutie-

2118 3346 2278 3400 bant.
2300 3344 2457 3400 Nam
2492 3346 2611 3401 haec
2643 3348 2889 3403 ridicula
2918 3350 3169 3406 Sabaoth
3196 3352 3387 3425 imago
3410 3355 3650 3409 omnino
3682 3354 3768 3410 di-

2118 3450 2281 3489 versa
2309 3436 2534 3490 eratab
2592 3436 2831 3492 horrida
2884 3438 2986 3493 Dei
3038 3439 3500 3496 Christianorum
3558 3444 3764 3515 ﬁgura,

2118 3540 2294 3595 quam
2320 3524 2722 3594 nequissimus
2745 3531 2802 3581 et
2827 3527 3329 3599 ﬂagitiosissimus
3351 3530 3608 3587 Judaicaa
3631 3532 3761 3589 reli-

2118 3611 2309 3683 gionis
2343 3613 2603 3684 proditor
2633 3614 3029 3672 insulsissime
3057 3618 3496 3690 excogitaverat.

2188 3719 2271 3773 Ad
2305 3735 2430 3774 eam
2460 3721 2706 3776 fortasse
2731 3723 2970 3794 propius
2994 3726 3309 3781 accedebat
3336 3727 3541 3784 asinus
3572 3728 3761 3795 albus,

2119 3824 2312 3879 quem,
2347 3810 2428 3863 uti
2462 3809 2674 3865 Suidas
2705 3819 2904 3867 narrat
2933 3812 3114 3884 (Suid.
3150 3816 3220 3869 ad
3254 3833 3304 3869 ν.
3340 3817 3631 3886 Ζήνων),θι
3654 3835 3759 3873 nos

2118 3896 2255 3951 alibi
2281 3898 2689 3953 adnotavimus
2720 3901 3031 3970 (Dissertat.
3094 3905 3152 3956 in
3212 3904 3403 3959 Minut.
3452 3905 3559 3961 loc.
3613 3906 3759 3976 cit.).

2115 3984 2266 4040 Zeno
2297 3986 2537 4057 quidam
2568 3986 3015 4056 Alexandrinus,
3047 3991 3304 4045 Judaicaa
3336 3993 3633 4063 religionis
3663 3995 3762 4048 de-

2118 4081 2327 4144 sertor,
2363 4092 2463 4147 per
2490 4074 2826 4130 Judzeorum
2853 4078 3219 4150 Synogogam
3242 4081 3336 4135 die
3367 4081 3605 4136 Sabbati
3645 4087 3764 4138 tra-

2118 4163 2355 4218 duxisse
2388 4164 2745 4234 perhibetur.
2780 4166 2989 4221 Verum
3023 4168 3257 4223 tametsi
3283 4169 3338 4222 id
3371 4174 3506 4224 ante
3545 4170 3768 4226 Tertul-

2118 4252 2257 4305 liani
2309 4257 2542 4323 tempus
2598 4258 2794 4307 actum
2847 4255 3029 4310 fuisse
3088 4256 3452 4328 probaretur,
3515 4258 3767 4315 multum

2117 4346 2313 4397 tamen
2340 4340 2410 4395 ab
2432 4341 2530 4395 illa
2564 4342 2791 4413 pictura
2822 4344 3399 4417 discrepabat,quam
3423 4349 3771 4418 pseudo-ju-

2119 4431 2281 4485 dEBUS
2312 4431 2369 4485 in
2421 4429 2884 4486 Christianorum
2948 4432 3047 4488 Dei
3107 4435 3488 4503 derisionem,
3550 4453 3663 4491 non
3710 4437 3769 4492 in

2124 4520 2445 4591 Synagoga,
2480 4520 2578 4575 sed
2614 4521 2817 4576 1035
2852 4521 2909 4575 in
2939 4522 3191 4592 publicis
3215 4522 3522 4594 gentilium
3548 4530 3773 4596 specta-

351 4610 672 4680 chortissis,
705 4616 806 4665 aut
838 4609 1230 4678 Onochotasis;
1264 4609 1320 4663 in
1355 4609 1618 4680 antiquis
1662 4609 2019 4665 cditionibus
2049 4586 2094 4651 Ῑ)
2129 4608 2276 4664 culis
2308 4608 2688 4664 circumtulit.
2712 4612 2784 4663 At
2815 4626 2928 4664 non
2960 4611 3200 4665 omnino
3224 4611 3477 4667 absurde
3508 4613 3621 4668 dici
3644 4631 3776 4685 pos-

366 4697 683 4770 Onychites,
716 4699 774 4755 in
802 4700 1156 4770 quibusdam
1196 4699 1431 4753 tandem
1478 4693 1808 4771 Ὀνόχηλος.
1845 4699 1907 4753 In
1949 4697 2018 4752 li-

350 4788 442 4843 bri
471 4795 664 4843 autem
696 4788 765 4843 ad
806 4788 1065 4843 Nationes
1131 4787 1349 4842 inedito
1403 4785 1718 4857 exemplari
1776 4791 1832 4841 et
1887 4786 2019 4842 aliis

354 4876 542 4931 editis
569 4877 673 4931 hoc
705 4894 915 4932 nomen
952 4877 1233 4932 scribitur
1255 4874 1472 4947 triplici
1507 4875 1704 4942 modo,
1737 4892 1802 4930 ac
1832 4876 2019 4946 primo

354 4965 597 5037 quidem
648 4964 1018 5033 Onocholtes;
1063 4964 1340 5031 secundo,
1402 4964 1767 5032 Onochoites;
1828 4963 2018 5030 tertio,

352 5054 644 5110 Once/uete
672 5053 873 5124 (Idem.
910 5054 1012 5109 lib.
1051 5053 1121 5108 ad
1150 5055 1373 5108 Nation.
1407 5069 1534 5124 cap.
1565 5054 1651 5121 14,
1684 5069 1812 5124 pag.
1869 5053 2018 5125 579).

356 5144 428 5197 At
464 5158 642 5213 quam
676 5142 843 5197 varia:
878 5142 1397 5214 discrepantesque
1445 5146 1584 5197 sunt
1612 5142 1788 5212 hujus
1846 5142 2023 5196 unius

359 5231 632 5287 nominis
660 5230 1085 5299 lectiones,tam
1121 5230 1278 5286 clare
1306 5236 1462 5302 patet
1491 5230 1634 5285 illud
1666 5246 1793 5286 esse
1825 5247 2025 5286 corru-

359 5324 554 5391 ptum.
595 5322 984 5385 Quamobrem
1016 5319 1227 5376 eruditi
1259 5320 1457 5392 plures
1485 5320 1589 5375 viri
1623 5320 1680 5374 in
1715 5336 1779 5375 eo
1811 5336 2024 5376 sanan-

357 5409 431 5463 do
464 5425 579 5463 non
622 5425 830 5480 parum
862 5409 1576 5474 desudaverunt.0uidam
1610 5409 1767 5465 enim
1818 5413 2028 5480 putant

356 5496 684 5568 legendum
711 5497 1052 5565 Onochwtes,
1086 5498 1166 5554 ita
1201 5503 1264 5553 ut
1294 5498 1414 5552 haec
1472 5514 1607 5553 voce
1664 5498 2029 5570 significetur

361 5587 566 5641 asinus
598 5602 901 5643 sacrorum
936 5586 1213 5657 magister
1242 5593 1299 5642 et
1332 5588 1627 5657 sacerdos,
1665 5605 1698 5643 a
1756 5604 1871 5659 quo
1926 5586 2030 5653 alii

361 5674 651 5735 initiandi
681 5680 868 5734 erant.
911 5675 1140 5733 Malunt
1167 5676 1268 5734 alii
1302 5676 1589 5749 scriptum
1635 5677 2029 5743 Onochorsites,

684 5807 953 5872 Panos.
1000 5808 1048 5870 Ι.

2128 4702 2216 4753 set
2245 4714 2427 4752 unum
2460 4714 2529 4752 ex
2556 4697 2649 4751 his
2681 4698 3145 4769 pseudo-judaeis
3195 4700 3583 4757 nebulonibus
3606 4702 3774 4759 alteri

2129 4787 2249 4841 hac
2280 4785 2527 4841 faciendi
2559 4786 2793 4841 dedisse
2823 4787 3208 4843 occasionem.

2200 4874 2476 4941 Quamvis
2499 4878 2695 4929 autem
2715 4874 3054 4930 detestabile
3074 4893 3314 4947 prorsus
3348 4877 3521 4933 fuerit
3553 4882 3775 4935 utrum-

2131 4980 2246 5035 que
2286 4962 2427 5017 illud
2489 4962 2812 5018 divinitatis
2862 4969 3215 5034 portentum,
3279 4967 3522 5038 gentiles
3572 4973 3772 5024 tamen

2134 5056 2407 5107 neutrum
2432 5050 2601 5123 plane
2624 5051 2974 5123 penitusque
2996 5054 3302 5125 reprobare
3334 5059 3771 5130 poterant,quin

2133 5140 2481 5211 semetipsos
2509 5140 2776 5209 nequitiae
2806 5145 2862 5196 et
2893 5142 3160 5197 amentia:
3186 5144 3452 5214 protinus
3498 5146 3773 5201 condem-

2133 5232 2359 5284 narent.
2390 5226 2783 5283 Tertullianus
2816 5229 2969 5284 enim
3000 5230 3055 5285 id
3090 5233 3394 5303 perspicue
3422 5235 3630 5305 probat
3660 5235 3773 5305 bis,

2133 5319 2347 5389 quibus
2379 5334 2476 5373 eos
2510 5317 2838 5388 compellat,
2873 5320 3064 5375 verbis
3098 5337 3110 5375 :
3145 5320 3312 5377 «Vos
3344 5340 3455 5377 non
3491 5323 3777 5395 negabitis

2134 5407 2480 5477 etjumenta
2510 5408 2729 5474 omnia,
2780 5414 2836 5463 et
2893 5414 3045 5464 totos
3091 5410 3423 5466 cantherios
3479 5429 3609 5467 cum
3670 5428 3779 5467 sua

2136 5497 2333 5568 Epona
2362 5495 2528 5551 colia
2558 5495 2721 5551 vobis
2769 5519 2795 5546 »
2856 5498 3128 5568 (Tertull.
3191 5500 3461 5570 Apologet.
3515 5516 3642 5570 cap.
3693 5502 3776 5568 16,

2139 5603 2195 5657 p.
2228 5586 2375 5656 365).
2411 5585 2635 5641 Rursus
2666 5592 2864 5641 autem
2888 5587 2947 5641 in
2980 5587 3166 5658 primo
3206 5587 3276 5642 ad
3301 5590 3563 5643 Nationes
3597 5588 3776 5645 libro:

2147 5692 2169 5725 ι
2192 5676 2343 5732 Sane
2362 5692 2465 5732 vos
2495 5668 2651 5731 tetes
2682 5676 2881 5733 asinos
2911 5675 3122 5745 colitis,
3157 5681 3214 5732 et
3243 5692 3376 5732 cum
3407 5693 3515 5733 sua
3558 5678 3773 5750 Epona'

3376 5809 3453 5875 36
