4134 6184
462 299 610 360 1131

890 270 891 275 γ
978 296 1500 358 TERTULLIANI
1547 295 1869 358 OPERUM
1918 297 2116 355 mas
2162 296 2320 355 1,——
2356 296 2630 358 sanies
2678 298 2725 369 ι,
2772 296 3334 358 APOLOGE’I‘ICA.

3296 90 3325 103 δ

3663 304 3782 362 1132

464 433 521 487 et
549 429 747 486 omnia
770 430 1066 500 jumenta,
1096 432 1153 483 et
1186 443 1411 498 pecora,
1473 427 1810 499 bestiasque
1866 426 2103 498 perinde
2131 429 2187 494 Α
2216 427 2482 482 buissent
2513 426 2728 497 aliquid
2763 426 2821 480 in
2858 426 2954 482 illo
2989 426 3101 481 sibi
3133 426 3379 497 praesidii
3410 445 3525 483 esse
3572 447 3629 485 ac
3654 447 3790 488 vene-

464 535 597 577 cum
629 518 753 574 suis
784 518 1143 589 praesepibus
1165 515 1591 571 consecratis.»
1626 516 2011 580 Quamobrem
2046 514 2107 569 ili

461 611 547 667 los
577 612 661 666 sic
684 614 886 682 urget:
924 631 951 658 «
994 609 1102 664 Sed
1139 608 1221 662 illi
1254 608 1517 680 [ethnici]
1547 610 1839 663 debebant
1868 608 2109 663 adorare

464 699 662 756 statim
698 699 943 754 biforme
977 714 1187 752 nomen
1220 696 1387 767 [illud
1422 714 1453 751 a
1483 697 1684 752 Judaeo
1716 696 2050 762 conﬁctum]
2078 717 2107 745 ››

463 788 588 858 (lib.
622 806 641 844 1
671 788 742 843 ad
770 789 988 844 Natian.
1014 804 1140 858 cap.
1180 787 1264 855 11,
1299 802 1431 857 pag.
1460 788 1584 857 577)
1614 803 1625 840 :
1674 810 1701 834 «
1746 786 1890 851 Quia
1949 784 2107 839 cani-

466 894 539 933 no
570 883 626 934 et
652 877 885 934 leonino
917 877 1106 948 capite
1136 875 1499 940 commistos,
1534 879 1589 928 et
1620 876 1690 929 de
1721 890 1917 945 capro,
1951 878 2007 927 et
2036 875 2107 929 de

462 968 643 1023 ariete
672 971 968 1031 cornutos,
1002 969 1058 1020 et
1087 963 1359 1019 alumbis
1389 962 1602 1033 hircos,
1636 967 1693 1016 et
1743 979 1776 1016 a
1833 963 2105 1017 cruribus

458 1060 759 1129 serpentes
780 1059 837 1111 et
861 1054 1060 1127 planta
1081 1052 1166 1107 vel
1194 1057 1355 1123 tergo
1379 1051 1542 1106 alites
1567 1053 1703 1106 deos
1728 1055 2101 1122 receperunt»

462 1148 667 1219 (Idem,
726 1145 1002 1217 Apologet.
1071 1142 1252 1208 ibid).
1312 1141 1592 1195 Similiter
1646 1141 1705 1194 in
1730 1157 1834 1195 suo
1862 1140 2009 1195 libro
2032 1142 2105 1196 ad

461 1237 722 1291 Nationes
758 1251 771 1291 :
804 1256 833 1284 «
869 1238 1016 1287 Sunt
1048 1248 1225 1304 penes
1259 1248 1360 1285 vos
1391 1234 1447 1285 et
1513 1229 1721 1285 canino
1780 1229 1988 1300 capite,
2047 1232 2105 1285 et

457 1324 713 1394 leonino,
744 1327 801 1378 et
832 1324 900 1377 de
933 1322 1092 1387 bove,
1126 1324 1179 1376 et
1209 1320 1279 1375 de
1311 1319 1511 1386 ariete,
1543 1322 1600 1373 et
1628 1319 1697 1373 de
1754 1318 1915 1373 hirco
1975 1335 2100 1373 cor-

460 1414 585 1468 nuti
617 1413 719 1480 dii,
755 1411 1102 1483 caprigenze,
1134 1409 1221 1463 vel
1249 1408 1511 1481 anguini,
1545 1412 1601 1463 et
1659 1408 1848 1473 alites,
1882 1407 2097 1479 planta,

460 1504 647 1558 fronte
698 1505 754 1556 et
819 1506 979 1571 tergo
1048 1520 1076 1547 »
1143 1498 1268 1568 (Lib
1360 1496 1475 1551 iad
1540 1498 1760 1552 Nation.
1814 1512 1941 1568 cap.
2011 1498 2100 1566 14,

457 1608 514 1664 p.
545 1590 693 1661 579).
726 1589 843 1644 Nos
873 1603 1003 1642 vero
1035 1586 1153 1642 haec
1177 1585 1375 1641 omnia
1406 1584 1463 1639 in
1489 1584 1621 1639 aliis
1671 1585 2099 1639 dissertationi-

455 1681 567 1736 bus
587 1676 1107 1745 enucleavimus,et
1125 1675 1434 1731 Minutium
1460 1673 1793 1729 audivimus
1814 1675 2097 1729 adversus

2221 516 2443 570 ratione
2474 532 2580 571 sua
2604 515 2764 587 digni
2799 515 2821 568 ?
2853 514 3112 585 (Tertull.
3145 515 3211 570 de
3251 518 3440 572 Coron.
3488 535 3600 590 cap.
3651 520 3696 585 3,
3744 527 3791 576 et

2220 604 2322 659 lib.
2357 622 2398 660 ιι
2428 605 2496 659 ad
2530 607 2696 661 Uxor.
2730 622 2858 676 cap.
2891 605 3051 675 5.)At
3084 605 3154 659 de
3185 605 3290 660 hoc
3319 606 3688 676 antiquissimo
3714 627 3790 663 co-

2219 693 2373 748 lendi
2403 709 2636 749 crucem
2655 693 2866 748 Christi
2894 709 3053 747 more
3076 692 3244 764 plura
3264 693 3321 747 in
3344 694 3466 748 aliis
3487 695 3794 752 dissertatio-

2219 783 2394 837 nibus
2434 782 2651 838 nostris
2683 788 2885 837 contra
2917 782 3220 837 haereticos
3252 783 3647 854 disputavimus
3673 786 3791 856 (Dis-

2214 879 2414 927 sertal.
2445 876 2503 927 in
2536 872 2727 926 Minui.
2752 887 2878 943 cap.
2916 872 3001 939 11,
3036 876 3147 927 art.
3176 871 3209 925 3
3244 896 3258 939 ;
3285 876 3337 926 et
3367 873 3421 926 in
3443 874 3658 927 Lactant.
3687 892 3793 946 cap.

2216 962 2302 1025 19,
2338 969 2447 1016 art.
2494 962 2515 1015 1
2542 978 2556 1027 ;
2588 966 2645 1015 et
2674 963 2732 1016 in
2766 961 2936 1015 Lucil.
2967 959 3151 1016 σεται.
3187 977 3311 1031 cap.
3341 962 3392 1026 5,
3426 966 3525 1015 art.
3554 962 3640 1031 2.).
3690 966 3794 1017 Non

2217 1053 2441 1121 poterat
2470 1066 2607 1122 ergo
2630 1049 3029 1105 Tertullianus
3076 1048 3187 1104 hoc
3246 1066 3470 1121 negare,
3524 1051 3662 1121 quod
3706 1069 3795 1107 suo

2216 1144 2473 1211 tempore
2505 1140 2781 1195 omnibus
2826 1138 3173 1193 Christianis
3230 1140 3479 1209 quotidie
3532 1140 3795 1208 usitatum,

2214 1246 2279 1283 ac
2317 1229 2461 1300 ipsis
2528 1229 2699 1284 etiam
2751 1228 3069 1300 gentilibus
3128 1230 3272 1284 satis
3329 1234 3665 1299 compertum
3699 1235 3800 1285 erat

2207 1317 2571 1390 (Tertullian.
2605 1319 2882 1388 Apotoget.
2917 1334 3044 1387 cap.
3078 1318 3164 1385 16,
3200 1335 3255 1389 p.
3289 1318 3434 1385 366).

2282 1425 2670 1491 Quamobrem
2703 1424 2817 1490 his,
2850 1423 3040 1480 crucis
3071 1424 3283 1479 Christi
3316 1423 3530 1480 cultum
3563 1424 3797 1495 objicien-

2208 1513 2388 1578 tibus,
2410 1531 2525 1568 non
2560 1512 2720 1569 aliud
2755 1531 2932 1584 quam
2966 1512 3074 1568 hoc
3098 1513 3503 1569 brevissimum
3536 1514 3682 1569 dedit
3727 1531 3797 1569 re-

2208 1618 2530 1675 sponsum:
2567 1624 2593 1651 ‹‹
2630 1603 2736 1667 Qui
2784 1603 2976 1657 crucis
3020 1619 3124 1657 nos
3157 1601 3456 1673 religiosos
3486 1606 3656 1672 putat,
3686 1619 3799 1657 con-

2207 1710 2522 1749 secraneus
2551 1692 2661 1748 erit
2682 1696 2880 1748 noster
2911 1709 2925 1759 ;
2959 1714 2986 1741 »
3028 1691 3115 1747 vel
3172 1691 3325 1746 sicut
3375 1691 3433 1746 in
3481 1691 3587 1747 alio
3635 1691 3797 1746 libro:

454 1768 720 1825 ethnicos
753 1765 930 1823 simili
982 1766 1154 1820 modo
1212 1764 1610 1835 disputantem
1670 1764 1974 1834 (Dissertat.
2036 1763 2088 1818 in

2209 1806 2235 1833 ‹‹
2269 1783 2376 1846 Qui
2407 1799 2511 1838 nos
2542 1781 2733 1837 crucis
2764 1780 3057 1837 antistites
3087 1780 3363 1850 afﬁrmat,
3395 1784 3802 1852 {consecraneus

454 1860 651 1915 Minui.
689 1861 878 1914 Octav.
915 1871 1042 1925 cap.
1076 1853 1161 1923 14,
1186 1857 1293 1909 art.
1320 1856 1354 1907 2
1386 1871 1399 1919 ;
1434 1856 1490 1907 et
1521 1854 1867 1908 Dissertat.in
1896 1852 2094 1907 Arnob.

457 1962 584 2019 cap.
623 1947 715 2012 20,
748 1950 857 2000 art.
891 1945 963 2014 1).

541 2040 613 2090 At
650 2032 1048 2090 Tertullianus
1080 2032 1213 2087 illos
1245 2033 1634 2102 ipsorummet
1663 2031 1859 2102 gladio
1891 2032 1975 2086 sic
1998 2032 2099 2101 ju—

457 2124 623 2194 gulat
651 2141 663 2180 :
696 2123 753 2177 Si
784 2122 941 2187 vitio,
968 2121 1178 2192 inquit,
1211 2121 1381 2175 nobis
1432 2121 1673 2188 vertitis,
1735 2120 1888 2191 quod
1947 2120 2097 2175 asini

465 2214 938 2286 caputftanquam
975 2215 1153 2265 Deum
1189 2208 1663 2277 colamus,multo
1695 2214 1848 2264 certe
1877 2226 1976 2264 vos
1998 2226 2094 2264 ne-

458 2302 694 2374 quiores
726 2317 853 2357 esse
883 2299 1249 2354 convincitis.
1286 2298 1408 2353 Non
1441 2298 1596 2351 enim
1659 2298 1808 2352 asini
1863 2302 2095 2353 tantum

451 2396 649 2463 caput,
682 2390 769 2445 vel
801 2390 1089 2461 quasdam
1154 2388 1469 2443 bestfarum
1527 2391 1741 2458 partes,
1794 2388 1893 2441 sed
1946 2392 2096 2442 totos

447 2474 1325 2548 asinos,aliasquequamplures
1346 2480 1497 2528 totas
1517 2474 1731 2528 bestias
1755 2473 1946 2530 dicitis
1966 2491 2095 2530 esse

462 2570 683 2635 deos,et
739 2583 937 2621 revera
995 2563 1271 2619 adoratis.
1325 2564 1457 2627 Quae
1505 2567 1724 2632 autem,
1749 2564 1957 2617 amabo
2014 2569 2090 2634 te,

2208 1872 2316 1928 erit
2348 1875 2545 1927 noster
2578 1890 2602 1921 ι
2639 1871 2843 1941 (Idem,
2876 1869 2977 1926 lib.
3012 1887 3031 1924 1
3062 1870 3137 1925 ad
3184 1872 3404 1927 Nation.
3451 1887 3551 1942 cap
3627 1870 3701 1936 12,
3752 1886 3798 1940 p.

2205 1961 2351 2032 578).
2387 1961 2607 2016 Nomen
2642 1976 2776 2015 vero
2806 1975 3221 2028 consecraneus,
3254 1959 3726 2030 quemadmodum
3754 1959 3799 2012 in

2205 2050 2495 2107 veteribus
2535 2049 2749 2121 glossis
2772 2054 3108 2113 annotatur,
3139 2049 3295 2104 idem
3328 2054 3513 2115 sonat,
3546 2066 3607 2103 ac
3634 2065 3799 2103 sacro-

2205 2156 2337 2195 rum
2369 2140 2586 2194 socius.
2621 2138 2816 2194 Palam
2848 2155 2983 2211 ergo
3015 2138 3113 2194 ille
3143 2142 3440 2194 asseverat
3468 2153 3691 2209 prorsus
3729 2137 3803 2192 in-

2204 2231 2604 2287 consideratos
2629 2245 2757 2285 esse
2779 2229 3151 2300 gentiles,qui
3184 2246 3321 2283 cum
3347 2228 3619 2299 plurimas
3637 2244 3804 2282 cruces

2205 2321 2535 2385 adorarent,
2569 2318 2931 2373 Christianos
2958 2324 3150 2373 tamen
3186 2319 3316 2373 ideo
3350 2319 3524 2389 hujus
3557 2317 3803 2389 supersti-

2202 2407 2335 2463 tiosi
2369 2414 2425 2462 et
2446 2406 2609 2478 impii
2633 2407 2826 2461 cultus
2848 2423 3092 2478 arguere
3114 2407 3432 2471 audebant,
3458 2405 3591 2477 quia
3608 2421 3802 2460 crucem

2202 2496 2415 2551 Christi
2446 2496 2894 2551 venerabantur.

2270 2606 2597 2674 Antequam
2631 2619 2763 2658 vero
2786 2607 3153 2674 argumenta,
3173 2603 3396 2673 quibus
3427 2600 3565 2657 illud
3596 2600 3803 2671 probare

2198 2691 3544 2757 contendit,examinemus.animadvertendum
3564 2694 3801 2759 estquam

2197 2780 2294 2836 ille
2326 2780 2536 2835 dixerit
2565 2797 2689 2835 esse
2719 2780 2909 2835 crucis
2965 2779 3178 2834 Christi
3238 2780 3511 2851 ﬁguram.
3545 2802 3570 2827 «
3628 2778 3797 2838 Nobis,

2196 2870 2403 2940 inquit,
2436 2874 2559 2924 tota
2587 2886 2727 2924 crux
2756 2868 3101 2939 imputatur,
3126 2884 3260 2924 cum
3312 2873 3567 2924 antenna
3619 2866 3805 2922 scilicet

2195 2977 2324 3026 sua,
2358 2965 2414 3014 et
2445 2976 2576 3014 cum
2610 2958 2709 3013 illo
2741 2958 2942 3013 sedilis
2973 2974 3209 3013 excessu
3249 2979 3272 3008 ι
3310 2958 3471 3029 (Ibid.
3506 2958 3582 3012 Li
3622 2956 3684 3010 ad
3718 2957 3803 3010 Να-

2192 3051 2329 3105 tion.
2354 3049 2443 3104 loc
2484 3048 2630 3119 cit.).
2688 3048 2805 3102 Nos
2863 3047 3063 3117 itaque
3115 3047 3286 3102 docet
3344 3063 3569 3102 crucem
3626 3041 3806 3100 Christi

2119 3165 2160 3230 ρ
2197 3139 2481 3209 integram
2520 3137 2701 3191 fuisse
2730 3153 2797 3191 ac
2829 3136 3146 3207 perlectam
3186 3154 3198 3203 ;
3234 3142 3439 3207 utpote
3470 3153 3592 3207 quas
3648 3134 3806 3189 tribus

2198 3226 2460 3297 partibus
2492 3225 2814 3296 composita
2844 3229 2986 3290 erat,
3031 3224 3186 3295 ligno
3236 3224 3513 3281 videlicet
3561 3228 3718 3288 recto,
3761 3223 3806 3275 et

452 2658 642 2727 major
664 2653 1177 2723 insulsitas,quam
1209 2652 1386 2705 unius
1422 2651 1685 2705 criminis
1717 2652 1968 2723 aliquem
2004 2653 2092 2706 in-

441 2745 704 2800 simulari
739 2745 811 2799 ab
829 2742 1068 2813 alio,qui
1091 2742 1353 2813 ejusdem
1379 2744 1437 2795 et
1466 2740 1722 2812 plurium
1755 2741 2086 2812 graviorum

445 2834 709 2906 seipsum
734 2849 897 2887 reum
932 2848 1061 2887 esse
1095 2832 1308 2884 fatetur
1335 2828 1362 2883 ?
1408 2829 1623 2883 Verum
1668 2829 1810 2899 haec,
1841 2830 1922 2883 ait
1956 2830 2088 2884 Ter-

439 2923 743 2992 tullianus,
772 2938 842 2976 ea:
870 2920 1200 2975 abundanti.
1244 2920 1426 2983 Quam
1460 2924 1683 2972 certum
1718 2918 1932 2989 quippe
1963 2923 2089 2974 erat

446 3010 667 3067 bestias
697 3010 769 3066 ab
801 3008 1070 3076 ethnicis,
1105 3013 1223 3061 tam
1259 3007 1470 3061 falsum
1504 3011 1627 3060 erat
1653 3023 1685 3060 a
1738 3006 2085 3062 Christianis

445 3104 621 3170 caput
641 3099 789 3155 asini
820 3098 902 3153 vel
930 3098 1127 3151 asinos
1158 3096 1404 3150 adorari.
1441 3094 1627 3150 Unum
1681 3095 1971 3165 siquidem
2024 3097 2085 3151 hi

443 3188 762 3244 adorabant
793 3202 1093 3242 summum
1130 3184 1334 3246 Deum.
1368 3182 1468 3254 qui
1496 3183 1693 3237 omnia
1723 3184 1955 3249 creavit,
1982 3201 2086 3240 nec

445 3277 517 3332 ab
551 3275 670 3331 ullo
702 3280 893 3347 potest
923 3280 1025 3330 aut
1054 3274 1260 3337 videri,
1294 3278 1398 3327 aut
1428 3271 1867 3343 comprehendi.
2198 3271 2458 3297 ¹’“”“’”“’“”
2494 3271 2814 3325 ”ἴ”’¹’““’“
2847 3271 2986 3290 “’“”
3031 3271 3182 3295 ”⁰“’”
3248 3271 3512 3325 ζ“““”“”’
3561 3271 3803 3322 ”’“’.ΐ

1869 3337 1889 3355 ο
2193 3320 2609 3381 antenna,s1ve
2636 3318 2971 3367 transverso
3000 3312 3179 3367 altero
3227 3313 3593 3386 ligno,atque
3645 3310 3804 3379 sedili,

2191 3405 2313 3459 sive
2345 3401 2682 3467 scabellulo,
2708 3400 2864 3455 cruci
2895 3400 3191 3472 imposito,
3226 3407 3284 3457 et
3318 3420 3448 3458 eam
3506 3402 3800 3458 excedente.

2191 3492 2306 3547 Nos
2337 3505 2469 3545 vero
2502 3487 2638 3544 alibi
2675 3488 3113 3543 observavimus
3168 3490 3365 3559 (Tom.
3403 3492 3421 3545 l
3465 3496 3708 3562 Apparet.
3754 3503 3800 3557 p.

2188 3581 2315 3650 597)
2346 3583 2534 3634 ortam
2594 3579 2747 3632 inter
2802 3577 3061 3633 eruditos
3120 3581 3579 3635 controversiam
3626 3583 3794 3633 utrum

2190 3668 2331 3724 illud
2365 3666 2708 3729 scabellum,
2743 3683 2843 3721 seu
2877 3666 3102 3738 lignum
3133 3667 3557 3735 excedens,toti
3582 3663 3801 3723 hominis

2191 3758 2444 3813 cruciﬁxi
2479 3756 2728 3827 corpori,
2750 3754 2837 3810 vel
2868 3757 2996 3825 ejus
3027 3761 3254 3811 tantum
3276 3758 3532 3828 pedibus
3552 3769 3803 3828 suppone-

2189 3852 2370 3902 retur.
2390 3846 2497 3900 Sed
2532 3861 2665 3900 cum
2696 3844 2865 3899 sedile
2897 3861 2930 3899 a
2960 3844 3323 3900 Tertulliano
3356 3851 3559 3901 nostro
3586 3842 3805 3916 appella-

2189 3940 2308 4001 tur,
2339 3934 2447 3989 hoc
2481 3932 2679 4005 procul
2710 3933 2889 3988 dubio
2924 3934 3160 3989 nomine
3192 3936 3344 3990 satis
3394 3941 3590 4007 aperte
3644 3929 3807 3987 innuit

2190 4024 2333 4079 illud
2362 4024 2417 4077 in
2453 4022 2641 4077 crucis
2677 4022 2867 4077 medio
2902 4022 3182 4093 positum,
3213 4038 3280 4077 ac
3318 4024 3378 4078 in
3402 4041 3470 4079 eo
3493 4019 3805 4095 requievisse

2190 4112 2448 4177 cruciﬁxi
2510 4110 2769 4165 hominis
2800 4127 3033 4183 corpus,
3095 4128 3165 4165 ne
3223 4113 3481 4183 graviori
3523 4129 3626 4167 sua
3680 4100 3823 4164 mole'

2190 4201 2564 4267 dilaberetur,
2590 4204 2689 4253 aut
2716 4198 2919 4254 fractis
2953 4199 3225 4254 manibus
3252 4202 3512 4256 caderet.
3563 4193 3803 4255 Nonnulli

2191 4295 2381 4344 autem
2420 4293 2626 4360 putant
2647 4287 2754 4342 hoc
2777 4287 2957 4342 sedile
2981 4288 3273 4359 designari
3303 4289 3395 4344 his
3418 4290 3670 4360 ejusdem
3698 4288 3807 4340 Ter-

1007 3404 1327 3443 ARTICULUS
1363 3403 1487 3441 νιιι.

439 3481 621 3547 Quam
652 3478 1044 3534 inconsiderate
1063 3476 1279 3530 ethnici
1305 3477 1438 3530 vitio
1464 3474 1797 3547 Christianis
1820 3478 2084 3532 verterint

503 3551 712 3606 cultum
732 3551 908 3605 crucis
930 3548 1284 3615 Christi,cum
1319 3546 1408 3599 illi
1439 3547 1549 3615 ipsi
1576 3546 1843 3616 quaslibet
1871 3551 1928 3600 in
1950 3551 2081 3603 deo-

502 3639 635 3675 rum
662 3637 890 3676 suorum
918 3620 1262 3683 simulacris,
1298 3620 1542 3687 tropaeis,
1569 3618 1792 3672 vexillis
1822 3622 1869 3672 et
1918 3618 2079 3674 mili-

502 3695 721 3749 tarium
750 3696 1039 3760 signorum
1071 3694 1499 3754 omutu,cruces
1528 3688 1826 3744 adorarent
1848 3709 1866 3744 :
1886 3695 2081 3759 quibus

502 3764 758 3834 partibus
791 3779 1007 3817 crucem
1040 3762 1247 3834 Christi
1303 3762 1655 3831 compositam
1709 3762 2081 3834 Tertulliunu:

502 3832 824 3907 putaverit;
855 3850 954 3888 cur
994 3833 1218 3903 siphara
1275 3834 1638 3907 appellaverit
1688 3832 1871 3907 stolas.
1902 3838 2081 3890 crucis

504 3904 661 3978 cujus
684 3906 841 3962 homo
872 3907 1127 3973 eepansis
1156 3904 1412 3958 manibus
1435 3904 1671 3973 ﬁguram
1697 3906 1936 3961 exhibet.

506 4024 804 4096 Urgebant
833 4022 1025 4078 adhuc
1064 4021 1279 4076 ethnici
1343 4022 1536 4075 lmsum
1600 4021 1989 4093 violatamque
2047 4042 2081 4079 a

434 4112 782 4169 Christianis
831 4126 1167 4182 supremam
1223 4110 1322 4164 Dei
1387 4110 1747 4179 majestatem
1809 4111 2080 4183 religioso

432 4201 596 4257 cultu
630 4201 841 4267 crucis,
877 4200 971 4253 cui
1004 4198 1273 4253 Christus
1302 4199 1511 4252 al‘ﬁxus
1546 4199 1751 4252 fuerat.
1787 4201 1895 4254 Sed
1940 4218 2078 4272 qua,

431 4294 625 4361 putas,
649 4290 880 4344 ratione
910 4288 1062 4342 hanc
1093 4303 1244 4357 saepe
1275 4285 1489 4356 saepius
1523 4287 1595 4341 ab
1627 4286 1739 4341 illis
1773 4289 2078 4358 repetitam

436 4378 911 4434 criminationem
944 4374 1339 4431 Tertullianus
1372 4374 1583 4429 diluit?
1612 4379 1734 4429 Non
1778 4376 1891 4432 alia
1948 4395 2077 4449 pro-
2190 4377 2420 4433 tulliani
2455 4376 2634 4431 nostri
2669 4375 2779 4430 alio
2812 4376 2869 4430 in
2901 4375 3048 4431 libro
3071 4377 3261 4431 verbis
3297 4393 3310 4432 :
3342 4399 3367 4429 α
3392 4382 3618 4433 Cornua
3645 4371 3805 4430 crucis

435 4466 609 4534 fecto,
643 4484 820 4537 quam
856 4466 1063 4520 I036
1097 4465 1376 4518 intortum
1404 4464 1474 4516 ab
1507 4463 1758 4518 ethnicis
1791 4465 1970 4519 telum
2023 4467 2078 4521 in
2117 4526 2153 4538 ἢ
2190 4466 2405 4521 extima
2437 4484 2452 4535 ;
2485 4483 2618 4520 nam
2654 4470 2711 4520 et
2738 4467 2794 4520 in
2827 4471 3079 4520 antenna
3113 4465 3441 4538 navis,quaa
3473 4466 3654 4521 crucis
3695 4476 3805 4533 pars

436 4552 719 4623 ipsosmet
742 4553 1335 4624 retorquendo.Tacet
1357 4550 1509 4605 enim
1539 4558 1732 4605 utrum
1768 4553 2079 4608 Christiani
2114 4526 2159 4589 D
2193 4560 2305 4622 est,
2341 4571 2561 4609 cornua
2586 4554 2983 4608 extremitates
3005 4563 3304 4623 vocantur,
3330 4555 3598 4611 unicorni
3630 4548 3799 4607 1031

426 4655 660 4695 crucem
701 4640 862 4694 illam
897 4657 1095 4695 revera
1121 4639 1397 4707 colerent,
1433 4656 1497 4693 ac
1516 4641 1690 4694 variis
1724 4646 2078 4697 tantummo-
2190 4648 2383 4698 autem
2419 4644 2611 4698 media
2644 4642 2862 4712 stipitis
2887 4642 3055 4714 palus
3081 4663 3106 4693 in
3168 4644 3441 4713 (Tertull.
3501 4645 3570 4698 ad
3618 4641 3806 4698 Iudaeos

434 4728 507 4782 do
540 4728 833 4784 rationum
865 4729 1181 4784 momentis
1214 4729 1471 4783 ostendit
1503 4728 1635 4783 illos
1668 4731 1907 4785 omnino
1967 4731 2074 4785 im-
2187 4749 2312 4803 cap.
2339 4732 2702 4801 2).Fatentur
2725 4736 2922 4786 tamen
2947 4748 3059 4786 non
3084 4730 3673 4804 planeincorruptum
3699 4742 3805 4783 esse

428 4816 745 4888 prudenter
773 4817 1018 4887 hujusce
1050 4818 1245 4872 cultus
1278 4818 1541 4888 redargui
1577 4818 1647 4873 ab
1695 4819 2075 4891 ethnicis,qui
2184 4820 2339 4874 hunc
2397 4820 2611 4886 locum,
2686 4836 2788 4875 nee
2856 4819 3099 4890 proinde
3158 4825 3313 4875 certo
3374 4820 3608 4876 deﬁniri
3662 4831 3808 4890 posse

428 4922 635 4961 cruces
663 4906 959 4977 quaslibet
984 4906 1202 4977 passim
1237 4908 1678 4963 venerabantur.
2185 4915 2381 4964 utrum
2430 4909 2524 4963 his
2570 4909 2995 4982 posterioribus
3038 4909 3229 4963 verbis
3270 4916 3498 4965 rectum
3533 4908 3711 4964 crucis
3747 4904 3806 4957 li-

499 4995 646 5061 Quid
663 5011 798 5068 ergo
822 4994 844 5049 Ρ
868 4996 1097 5066 inquies
1117 5013 1129 5062 ;
1152 4995 1433 5065 numquid
1460 4995 1645 5051 fallaci
1681 4998 1871 5067 aliquo
1894 4998 2072 5053 silen-

425 5083 505 5139 tio
523 5084 881 5155 negavit,aut
904 5084 1298 5139 dissimulavit
1315 5100 1543 5137 crucem
1561 5083 1775 5139 Christi
1792 5084 1861 5140 ab
1886 5086 2073 5157 ipsius

425 5171 732 5243 discipulis
767 5172 1085 5229 honorari?
1117 5172 1355 5227 Minime
1389 5172 1865 5243 gentium.Quam
1891 5175 2073 5229 enim-

419 5276 553 5317 vero
582 5262 655 5316 ob
677 5278 918 5319 causam
954 5264 1009 5315 id
1047 5277 1253 5331 negare
1285 5264 1385 5314 aut
1416 5260 1794 5318 dissimulare
1838 5263 2070 5334 potuis-

418 5351 631 5422 set,qui
664 5352 880 5407 fatetur
910 5351 1041 5407 illos
1072 5350 1142 5404 ad
1176 5364 1379 5402 omnes
1414 5348 1531 5403 fere
1562 5350 1690 5404 vitae
1724 5368 1840 5406 sua
1902 5356 2068 5408 actus

415 5440 667 5497 frontem
702 5458 869 5497 suam
901 5438 1094 5494 crucis
1126 5436 1446 5490 munivisse
1472 5437 1813 5509 signaculo?
1834 5442 1949 5495 Cur
1966 5459 2068 5496 au-

416 5531 1068 5596 tem,obsecro,sacrum
1102 5524 1247 5579 illud
1302 5525 1536 5597 signum
1598 5528 1888 5585 frontibus
1943 5530 2068 5586 suis

416 5619 540 5675 tam
569 5634 720 5693 saepe
752 5614 1152 5692 imponebant,
1188 5612 1299 5671 nisi
1324 5629 1671 5691 persuasum
1705 5618 1945 5675 omnino
1970 5618 2069 5677 ha-

2181 5015 2361 5069 gnum
2400 5016 2511 5053 non
2546 5000 2871 5053 denotetur.
2907 5003 2977 5051 At
3009 5001 3171 5052 extra
3203 4998 3453 5052 dubium
3490 5015 3617 5052 esse
3672 4994 3805 5047 vide-

2180 5090 2276 5139 tur
2306 5088 2589 5157 integram
2625 5102 2690 5140 ac
2718 5087 3029 5157 perfectam
3057 5085 3130 5139 ab
3162 5084 3259 5139 illo
3283 5086 3566 5158 appellari
3617 5079 3803 5139 Christi

2180 5190 2432 5244 crucem,
2469 5181 2713 5247 utroque
2745 5174 2925 5246 ligno,
2960 5180 3016 5229 et
3046 5178 3203 5229 recto
3235 5179 3292 5230 et
3347 5180 3699 5237 transverso,
3751 5182 3804 5222 ac

2180 5263 2347 5318 sedili
2379 5266 2788 5335 compositam.

2250 5352 2651 5424 Ethnicorum,
2684 5358 2878 5409 autem
2906 5351 3256 5409 Christianis
3289 5352 3474 5425 hujus
3503 5344 3803 5408 cruciscul-

2178 5446 2302 5495 tum
2336 5443 2839 5513 exprobrantium,
2890 5447 2954 5497 ut
3003 5442 3400 5497 temeritatem
3450 5439 3802 5512 comprimat.

2176 5528 2539 5599 conglobatis
2566 5530 2927 5602 argumentis
2950 5528 3209 5586 ostendit
3229 5530 3431 5603 plures
3451 5527 3591 5585 alias
3622 5538 3802 5583 cruces

2174 5634 2291 5675 non
2323 5616 2511 5674 solum
2540 5618 2819 5692 integras,
2853 5619 2953 5676 sed
2985 5620 3217 5695 fearum
3270 5618 3450 5675 etiam
3508 5620 3694 5692 partes
3738 5610 3799 5667 ab
