4134 6184
402 304 554 364 1133

1310 311 1379 369 D.
1430 310 1524 370 LE
1570 310 1892 372 NOUltRY
1940 313 2589 381 ()BSEHVATIONES
2638 324 2895 385 NOV/E.

3646 338 3801 398 1134

396 436 514 491 illis
546 437 797 492 adorari.
831 437 955 493 Non
988 439 1166 511 enim,
1202 441 1282 495 uti
1336 441 1438 508 ait,
1500 466 1528 493 ς(
1581 442 1966 515 distinguitur
2010 463 2044 500 a
2074 453 2124 518 Α
2155 448 2255 503 illa
2277 451 2614 509 vexillorum
2647 462 2705 510 et
2738 459 3149 515 cantabrorum
3182 483 3202 509 ι
3226 462 3486 531 (Tertull.
3523 467 3798 537 Apologet.

397 524 587 580 crucis
617 526 816 598 stipite
846 526 1036 583 Pallas
1067 529 1276 599 Attica,
1311 535 1366 586 et
1408 530 1577 587 Ceres
1636 532 1861 603 Pharia,
1923 552 2045 605 quas

396 615 522 670 sine
544 615 755 686 efﬁgie,
791 616 920 670 rudi
954 616 1083 688 palo
1132 623 1190 672 et
1250 618 1486 675 informi
1541 619 1699 692 ligno
1760 627 1985 693 prostat
2016 648 2036 677 ι

390 702 658 772 (Tertull.
682 704 1137 778 Apologet.leap.
1200 709 1286 775 16,
1339 726 1396 780 p.
1465 710 1611 779 366).
1675 714 1864 782 Atque
1921 712 2043 768 hinc

390 793 600 848 iisdem
634 810 777 863 pene
822 795 1021 849 verbis
1072 797 1128 849 in
1194 795 1341 852 libro
1385 800 1457 852 ad
1514 798 1776 854 Nationes
1833 802 2045 872 repetit

392 882 516 952 (lib.
551 900 591 947 ι,
623 899 749 954 cap.
786 884 873 952 11,
905 900 959 955 p.
992 884 1138 955 577).
1178 885 1287 940 Sed
1324 886 1380 941 in
1431 888 1647 943 nostris
1708 889 2040 945 manuscri-

391 970 505 1042 ptis
535 971 968 1040 exemplaribus
998 975 1283 1045 scriptum
1318 981 1407 1030 est
1461 980 1623 1031 Ceres
1677 979 1921 1045 Furiam,
1979 981 2039 1034 in

388 1060 821 1131 antiquioribus
852 1061 1046 1126 editis,
1080 1064 1237 1118 Ceres
1269 1069 1477 1119 Farrea
1510 1082 1522 1131 ;
1558 1081 1684 1136 quae
1711 1065 1881 1121 lectio
1906 1066 2038 1138 plu-

388 1150 549 1204 ribus
582 1148 789 1221 placet,
826 1150 965 1221 quia
996 1151 1185 1206 Cereri
1241 1153 1347 1208 hoc
1408 1171 1619 1209 nomen
1677 1156 1806 1209 ideo
1849 1155 2036 1227 impo-

386 1239 563 1293 situm
599 1245 859 1308 censent,
893 1241 1046 1310 quod
1080 1241 1178 1295 illa
1228 1242 1315 1296 far
1373 1244 1686 1315 frugesque
1747 1244 2037 1300 invenisse

387 1327 781 1399 perhibeatur.
816 1328 927 1383 Alii
957 1345 1089 1384 vero
1139 1329 1452 1401 legendum
1514 1333 1741 1388 malunt
1797 1335 2034 1404 Pharia,

383 1433 486 1473 seu
520 1418 703 1483 Faria,
738 1417 999 1471 sicutiin
1060 1418 1211 1474 libro
1272 1422 1345 1476 ad
1401 1422 1679 1477 Nationes.
1738 1424 1816 1478 Eo
1876 1424 2033 1478 enim

382 1504 731 1575 cognomine
761 1511 1021 1561 Cererem
1054 1507 1405 1578 appellatam
1439 1516 1773 1583 autumant,
1806 1513 1944 1583 quia
1973 1514 2033 1567 in

382 1594 567 1649 Pharo
597 1593 825 1665 IEgypti
866 1595 1058 1651 insula
1091 1596 1411 1653 colebatur.
1448 1599 1527 1654 De
1568 1616 1636 1655 ea
1696 1617 1865 1671 porro
1925 1601 2029 1657 ali-

383 1683 519 1755 quid
553 1683 612 1738 in
646 1688 846 1739 nostra
878 1685 948 1739 de
980 1685 1212 1741 Minutii
1248 1686 1455 1742 Felicis
1486 1689 1720 1744 Octavio
1752 1689 2029 1745 disserta-

383 1772 543 1828 tione
573 1772 948 1828 observatum
983 1791 1015 1828 a
1047 1774 1215 1830 nobis
1250 1775 1360 1831 fuit
1388 1776 1699 1848 (Dissertat.
1734 1780 1793 1832 in
1833 1778 2025 1833 Minui.

382 1876 510 1932 cap.
548 1861 631 1917 14.
667 1866 777 1916 art.
808 1862 884 1932 4).

453 1971 577 2022 Non
601 1967 783 2023 semel
816 1973 1011 2023 autem
1033 1970 1089 2023 in
1112 1970 1241 2025 aliis
1273 1971 1786 2027 dissertationibus
1818 1974 1982 2044 (Tom
2010 1992 2028 2029 ι

389 2058 641 2128 Apparet.
696 2059 891 2129 p.755
935 2062 993 2113 et
1023 2076 1186 2130 seqq.
1246 2076 1312 2114 ac
1364 2062 1653 2116 Dissertat.
1710 2064 1767 2115 in
1825 2063 2025 2118 Arnob.

385 2162 516 2217 cap.
550 2148 641 2200 20.
691 2152 799 2201 art.
840 2148 891 2219 1)
940 2148 1352 2203 adnotavimus
1411 2156 1725 2221 antequam
1785 2151 2029 2221 gentiles

386 2236 626 2291 deorum
670 2252 911 2291 suorum
963 2236 1277 2291 simulacra
1335 2240 1405 2292 ad
1462 2238 1719 2294 hominis
1773 2240 2026 2311 efﬁgiem

386 2324 750 2394 ﬁnxissent,a
769 2325 1123 2396 quibusdam
1153 2326 1471 2397 acinacem,
1496 2329 1566 2382 ab
1582 2327 1713 2384 aliis
1741 2328 2023 2399 gladium,

381 2429 601 2484 ensem,
637 2413 895 2484 hastam,
926 2432 959 2469 a
985 2415 1287 2470 nonnullis
1316 2415 1593 2488 lapidem,
1626 2418 1699 2473 ab
1723 2416 1853 2473 aliis
1886 2418 2027 2473 rude

381 2502 606 2575 lignum
640 2509 697 2559 et
730 2504 987 2574 stipitem
1010 2520 1123 2558 non
1183 2504 1545 2561 elaboratum
1602 2524 1705 2578 pro
1763 2507 1876 2562 diis
1921 2507 2025 2561 ha-

390 2592 514 2647 bita
575 2591 755 2647 fuisse
804 2597 860 2647 et
918 2593 1180 2649 adorata.
1219 2594 1327 2658 Qui
1387 2595 1625 2666 quidem
1680 2612 1807 2651 mos
1870 2597 2021 2667 apud

380 2682 667 2753 quasdam
700 2688 902 2753 gentes
934 2683 1156 2739 diutius
1188 2684 1593 2755 perseveravit.
1628 2684 2025 2740 Tertullianus

379 2776 574 2827 autem
608 2771 939 2843 signiﬁcare
962 2772 1190 2827 videtur
1216 2789 1320 2826 suo
1344 2772 1537 2828 adhuc
1561 2778 1819 2845 tempore
1850 2772 2025 2829 exsti-

381 2862 525 2916 tisse
556 2860 797 2932 aliquod
828 2860 1087 2916 Palladis
1119 2861 1175 2915 in
1207 2861 1395 2916 Attica
1418 2862 1652 2934 regione
1701 2868 1758 2917 et
1806 2862 2027 2918 Cereris

381 2952 441 3007 in
476 2951 659 3006 Pharo
690 2950 889 3005 insula
919 2950 1327 3017 simulacrum,
1361 2953 1516 3023 quod
1542 2951 1707 3007 rudis
1743 2952 2029 3007 duntaxat

382 3040 574 3112 palus,
606 3046 664 3095 et
696 3039 943 3093 informe
984 3056 1050 3095 ac
1082 3039 1207 3095 sine
1242 3039 1362 3094 ulla
1400 3039 1589 3111 effigie
1621 3039 1847 3111 lignum
1880 3044 2024 3095 erat.

383 3133 453 3184 At
482 3129 537 3183 id
565 3130 820 3201 profecto
851 3145 917 3182 ex
952 3128 1065 3199 his,
1101 3145 1228 3200 quas
1255 3129 1312 3182 in
1346 3128 1539 3184 citatis
1573 3129 1789 3184 nostris
1809 3129 2024 3185 disser-

2156 539 2407 608 cap.16,
2441 556 2494 610 p.
2527 541 2673 609 569).
2726 546 2798 598 At
2855 545 3183 618 sipharum,
3243 550 3363 605 sive
3428 553 3797 624 sypharium,

2154 641 2449 697 supparus
2480 634 2903 702 etsupparum,
2964 638 3279 693 vocabatur
3330 643 3555 697 varium
3617 646 3795 700 vesti-

2154 718 2331 769 menti
2364 722 2419 771 et
2445 720 2551 773 veli
2583 736 2785 789 genus,
2823 728 2964 794 puta
2996 726 3227 781 navium
3270 734 3326 783 et
3378 729 3628 787 theatri:
3691 735 3792 789 sed

2151 803 2231 892 ibi
2266 822 2296 858 a
2328 806 2708 871 Tertulliani),
2747 812 2823 864 uti
2859 813 3001 868 satis
3032 814 3235 885 liquet,
3269 819 3525 873 sumitur
3564 838 3666 892 pro
3697 837 3792 877 vs-

2150 890 2405 949 lameuto
2438 897 2739 967 signorum
2772 901 3140 967 militarium,
3190 907 3370 974 cruci,
3420 908 3505 962 vel
3564 890 3795 981 ligneae,

2150 980 2240 1036 vel
2275 982 2517 1039 alterius
2550 989 2804 1042 materias
2840 990 3131 1061 imposito.
3175 996 3551 1052 Continenter
3609 980 3788 1066 enim,

2149 1069 2268 1125 haec
2297 1073 2555 1144 siphara,
2590 1075 2802 1145 inquit,
2834 1080 2981 1133 stolae
3010 1096 3236 1135 crucum
3283 1092 3411 1138 sunt
3466 1086 3679 1156 (lbid.),
3732 1088 3791 1143 id

2146 1165 2255 1229 est,
2288 1162 2541 1217 amictus
2573 1170 2712 1218 sunt
2751 1171 2807 1219 et
2838 1167 3181 1235 velamenta,
3216 1173 3431 1242 quibus
3463 1192 3603 1230 crux
3635 1178 3791 1232 vela-

2147 1247 2337 1317 batur,
2373 1250 2457 1305 vel
2490 1254 2814 1323 tegebatur.
2877 1258 3107 1327 Siphari
3166 1259 3347 1331 igitur
3397 1264 3633 1319 nomine
3689 1265 3787 1319 de-

2144 1336 2339 1409 signat
2366 1339 2556 1395 velum
2592 1341 2735 1397 illud
2762 1359 2832 1397 ex
2868 1350 3197 1401 transversa
3228 1350 3419 1403 crucis
3461 1356 3621 1420 parte
3679 1370 3785 1423 ap-

2145 1442 2415 1495 pensum.
2458 1447 2572 1501 quo
2631 1431 2839 1487 vexilla
2896 1437 2953 1488 et
3009 1436 3288 1491 cantabra
3336 1438 3784 1496 decorabantur.

2142 1515 2527 1579 Quamobrem
2560 1519 2825 1575 ethnicos
2857 1522 3014 1578 hisce
3044 1526 3234 1580 verbis
3266 1526 3502 1582 irridet:
3540 1548 3567 1579 e
3589 1527 3787 1585 Laudo

2143 1604 2527 1677 diligentiam.
2570 1608 2852 1665 Noluistis
2912 1612 3103 1667 nudas
3162 1618 3217 1669 et
3276 1614 3526 1671 incultas
3583 1633 3788 1674 cruces

2141 1710 2480 1751 consecrare
2516 1719 2542 1744 »
2577 1698 2781 1770 (Μία.)
2816 1704 2880 1753 In
2915 1700 3093 1757 altero
3151 1702 3325 1758 etiam
3389 1704 3537 1761 libro
3569 1724 3583 1761 :
3648 1730 3675 1755 «ι
3697 1706 3785 1761 Si-

2139 1783 2323 1855 phara
2354 1785 2453 1841 illa
2482 1792 2673 1843 vestes
2698 1806 2936 1844 crucum
2962 1797 3119 1846 sunt.
3155 1793 3534 1863 Erubescitis,
3558 1794 3783 1867 opinor,

2142 1872 2393 1929 incultas
2414 1879 2469 1931 et
2500 1876 2688 1933 nudas
2721 1894 2923 1935 cruces
2963 1880 3199 1936 colere»
3247 1882 3453 1953 (Idem.
3516 1882 3661 1939 lib.1
3705 1885 3785 1941 ad

2139 1962 2361 2019 Nation.
2391 1982 2518 2033 cap.
2555 1968 2639 2032 12,
2674 1983 2730 2037 p.
2761 1968 2907 2039 579).

2211 2054 2397 2107 Instat
2428 2054 2618 2110 adhuc
2640 2055 2824 2110 ille:«
2866 2058 3147 2114 Victorias
3204 2061 3482 2127 adoratis,
3532 2078 3667 2118 cum
3720 2064 3781 2119 in

2138 2141 2371 2211 tropaeis
2402 2159 2602 2198 cruces
2635 2144 2917 2200 intestina
2944 2153 3086 2202 sunt
3110 2155 3457 2220 tropaeorum
3486 2173 3513 2199 »
3571 2152 3776 2220 (Idem,

2137 2230 2413 2301 Apotoget,
2446 2230 2551 2285 loc.
2590 2232 2731 2303 cit.).
2768 2234 2822 2287 id
2855 2240 2963 2304 est,
2996 2239 3229 2307 tropaeis
3279 2239 3556 2309 subjectae
3615 2246 3773 2295 sunt.

2138 2317 2312 2373 Paulo
2346 2336 2474 2375 vero
2499 2319 2742 2376 aliterin
2766 2322 2877 2377 alio
2900 2322 3084 2379 libro:
3146 2348 3173 2373 «
3207 2326 3493 2381 Victorias
3544 2332 3609 2382 ut
3666 2345 3775 2383 nu-

2139 2408 2318 2475 mina,
2350 2413 2406 2464 et
2436 2409 2672 2477 quidem
2714 2412 3076 2483 augustiora,
3111 2420 3326 2483 quanto
3356 2415 3577 2470 laetiora
3606 2432 3777 2471 vene-

2136 2498 2349 2552 ramini
2377 2515 2553 2553 con...
2588 2516 2696 2554 one
2747 2500 2885 2571 quid
2946 2502 3158 2558 melius
3214 2503 3514 2573 extollant,
3574 2521 3777 2561 cruces

2135 2592 2307 2644 erunt
2335 2588 2613 2643 intestina
2636 2590 3069 2660 quodammodo
3099 2596 3451 2664 tr0paeorum
3483 2617 3504 2643 ι
3566 2594 3774 2666 (Idem,

2134 2677 2201 2731 ad
2230 2678 2447 2732 Nation.
2483 2676 2591 2732 loc.
2628 2678 2771 2749 cit.).
2831 2680 3070 2735 Constat
3127 2698 3267 2738 sane
3324 2681 3643 2738 Victoriam
3705 2683 3779 2738 ab

2135 2766 2251 2821 illis
2293 2766 2350 2821 in
2390 2766 2632 2821 dearum
2694 2768 2943 2839 positam
2992 2770 3176 2826 fuisse
3251 2783 3534 2828 numero:
3622 2773 3779 2843 quod

2137 2856 2398 2926 quidem,
2430 2855 2522 2910 vix
2554 2854 2657 2910 ulli
2682 2856 3068 2929 incognitum,
3099 2860 3379 2930 probasse
3401 2861 3657 2917 sufﬁciat
3685 2860 3779 2917 bis

2136 2943 2309 3001 T'Jllii
2340 2944 2567 2999 verbis:
2602 2968 2628 2992 «
2680 2945 2827 3010 Quid
2877 2948 3196 3003 concordiis
3228 2949 3538 3021 templum,
3598 2948 3774 3005 liber-

2136 3031 2294 3099 tatis,
2327 3036 2382 3087 et
2412 3032 2684 3098 victorias,
2735 3049 2985 3104 quarum
3046 3036 3309 3091 omnium
3370 3053 3588 3103 rerum,
3640 3036 3782 3107 quia

2134 3120 2220 3176 vis
2245 3126 2368 3175 erat
2398 3124 2580 3189 tanta,
2616 3125 2680 3176 ut
2710 3121 2838 3176 sine
2888 3123 2995 3178 deo
3063 3124 3181 3195 regi
3238 3142 3355 3180 non
3398 3130 3615 3197 posset,
3652 3125 3781 3197 ipsa

385 3196 706 3274 tationibus
766 3196 1492 3285 retulimus,_conﬁrmari
1550 3218 1750 3289 utique
1811 3224 2023 3290 potest.

2147 3227 2231 3264 res
2285 3210 2529 3265 deorum
2593 3226 2803 3266 nomen
2872 3212 3129 3267 obtinuit
3179 3236 3205 3262 »
3265 3196 3413 3281 (Cic;
3460 3214 3561 3271 lib.
3622 3196 3780 3269 uide

382 3307 614 3362 Ethnici
644 3323 803 3379 ergo,
833 3306 1031 3378 palum
1060 3307 1398 3378 hujuamodi
1432 3312 1594 3362 terrae
1622 3308 1875 3363 deﬁxum
1897 3313 2025 3362 tan-

382 3412 562 3467 quam
584 3412 752 3451 sacra
786 3395 1029 3450 numina
1060 3396 1393 3466 adorantes,
1428 3401 1650 3467 partem
1677 3396 1867 3452 crucis
1901 3413 2026 3469 pro-

380 3486 531 3540 feoto
560 3484 912 3540 adorabant.

453 3576 719 3647 lntegras
752 3579 948 3629 autem
982 3590 1186 3629 eruces
1220 3574 1648 3629 venerabantur
1684 3574 1741 3629 in
1784 3576 2027 3630 deorum

378 3681 619 3719 suorum
655 3662 1008 3729 simulacris,
1047 3663 1367 3718 humanam
1418 3664 1671 3735 efﬁgiem
1711 3682 2027 3736 repraesen-

380 3753 670 3809 tantibus.
701 3752 993 3807 Fabricari
1026 3753 1315 3823 siquidem
1341 3770 1373 3806 a
1397 3751 1604 3823 plastis
1633 3758 1688 3806 et
1709 3752 2030 3809 artiﬁcibus

388 3858 505 3897 non
542 3844 830 3912 poterant,
866 3840 978 3894 nisi
1010 3840 1173 3910 prius
1204 3839 1409 3910 argilla
1441 3844 1542 3893 aut
1591 3838 1703 3893 alia
1762 3840 2028 3910 quaedam

388 3928 654 3998 materia,
688 3928 1107 3983 sustentaculis
1143 3928 1200 3981 in
1250 3927 1441 3983 crucis
1499 3928 1736 3997 integros
1789 3929 2027 3983 modum

382 4018 691 4090 appositis,
727 4034 925 4073 revera
957 4023 1469 4089 superponeretur.
1495 4016 1857 4088 QuaprOpter
1880 4022 2032 4072 recte

383 4106 818 4162 Tertullianus:
857 4128 885 4157 ‹‹
917 4106 1199 4170 Diximus,
1231 4106 1445 4176 inquit,
1468 4106 1753 4177 originem
1786 4106 2029 4161 deorum

384 4201 776 4251 vestroruma
827 4194 1031 4265 plastis
1091 4196 1160 4249 de
1218 4210 1389 4249 cruce
1452 4194 1709 4249 induci»
1765 4194 2028 4266 (Tertull.

380 4285 661 4355 Apotoget.
696 4300 818 4354 cap.
866 4282 957 4353 16,
1018 4301 1073 4355 ρ.
1133 4284 1286 4353 366).
1345 4288 1527 4339 Antea
1584 4300 1716 4338 vero
1765 4284 2031 4340 dixerat:

383 4395 412 4422 ‹‹
462 4372 859 4427 Simulacrum
919 4372 1087 4443 prius
1146 4372 1353 4443 argilla
1420 4372 1706 4426 deformat
1760 4395 1787 4421 »
1870 4374 2032 4443 (Ibid.

383 4478 509 4532 cap.
548 4462 631 4514 12.
662 4478 719 4532 p.
745 4461 895 4528 340),
946 4461 1003 4514 id
1062 4465 1148 4515 est
1197 4461 1445 4515 formare
1492 4460 1717 4529 incipit,
1769 4462 1925 4515 cruci
1979 4466 2036 4516 et

2135 3300 2325 3354 Natur.
2359 3299 2514 3354 deor.
2550 3315 2678 3370 pag.
2710 3300 2836 3369 223,
2870 3298 3068 3367 lin.5).
3097 3301 3175 3356 De
3204 3301 3305 3357 illa
3334 3320 3469 3358 vero
3526 3302 3776 3373 ejusque

2135 3388 2327 3459 efﬁgie
2358 3388 2716 3444 Claudianus
2743 3388 2848 3444 hos
2880 3389 3013 3444 fecit
3034 3407 3237 3446 versus
3269 3408 3282 3445 :

2298 3494 2407 3550 Ipsa
2434 3492 2541 3538 duci
2569 3505 2739 3538 sacras
2769 3494 2982 3539 Victoria
3009 3495 3237 3550 panderet
3263 3497 3414 3543 sedes.

2296 3559 2336 3603 Ο
2367 3558 2526 3615 palma
2552 3559 2695 3601 viridi
2724 3557 2952 3615 gaudens.
2984 3564 3031 3604 et
3049 3560 3225 3605 amicta
3252 3562 3464 3619 tropaeis.

2297 3624 2473 3669 Custos
2498 3623 2681 3679 imperii
2706 3623 2859 3679 virgo,
2884 3636 2981 3680 qum
3016 3623 3125 3668 sola
3156 3625 3357 3670 mederis

2298 3686 2602 3735 Vulneribus.
2634 3686 2911 3741 nullumque
2939 3685 3088 3732 doces
3117 3686 3294 3731 sentire
3321 3687 3550 3732 laborem.

2137 3758 2410 3809 (Claudiam.
2428 3756 2510 3801 lib.
2540 3768 2606 3806 ιιι,
2636 3757 2687 3798 de
2713 3757 2899 3802 Laudib.
2928 3758 3139 3803 Stilicon.
3171 3771 3214 3803 ν.
3238 3758 3316 3803 204
3345 3763 3393 3803 et
3430 3760 3583 3816 seqq.)

2211 3857 2446 3928 Efﬁgies
2478 3855 2658 3927 igitur
2710 3855 2871 3910 illius
2923 3855 3183 3926 fulgebat
3231 3858 3289 3911 in
3350 3857 3606 3930 tropzeis,
3666 3858 3787 3913 sive

2140 3948 2325 4018 captis
2357 3946 2614 4000 hostium
2649 3942 2873 4014 spoliis,
2902 3960 3031 4014 quas
3072 3960 3302 3999 summo
3359 3947 3570 4015 stipiti,
3620 3953 3675 4000 et
3724 3946 3785 4000 in

2140 4035 2329 4092 crucis
2360 4035 2607 4105 ﬁguram
2641 4036 2851 4099 erecto,
2911 4034 3305 4103 superposita,
3366 4033 3633 4088 solebant
3685 4048 3785 4087 so-

2138 4126 2312 4180 lemni
2347 4138 2557 4194 pompa
2586 4122 2815 4176 deferri.
2849 4120 3077 4175 Ethnici
3102 4121 3299 4192 itaque
3326 4121 3636 4177 Victoriam
3668 4137 3786 4176 non

2141 4214 2328 4269 solum
2363 4212 2420 4266 in
2458 4227 2562 4266 suo
2596 4209 2835 4281 templo,
2882 4211 2981 4264 sed
3036 4210 3095 4263 in
3153 4210 3247 4264 his
3302 4210 3474 4265 etiam
3528 4210 3785 4281 tropa-ie,

2143 4304 2476 4365 adorantes,
2511 4316 2739 4354 crucem
2775 4315 3006 4370 quoque
3030 4299 3371 4353 adorabant.
3407 4299 3552 4355 Nam
3581 4307 3789 4369 tropaea

2140 4393 2421 4454 victricia,
2456 4390 2647 4460 inquit
2676 4386 2957 4443 Minutius
3006 4387 3161 4442 Felix
3222 4387 3453 4457 (Minut.
3519 4404 3574 4459 p.
3634 4388 3787 4458 287),

2142 4474 2501 4537 non'tantum
2531 4475 2816 4548 simplicis
2848 4476 3059 4543 crucis,
3091 4492 3293 4530 verum
3328 4475 3503 4531 etiam
3537 4475 3695 4530 afﬁxi
3727 4475 3788 4529 in

385 4550 575 4619 stipiti
607 4552 998 4621 :uperstructa.
1042 4549 1269 4604 Rursus
1318 4554 1513 4604 autem
1564 4548 1675 4604 alio
1734 4550 1790 4603 in
1843 4550 2027 4606 libro:
2063 4563 2108 4626 D
2144 4588 2213 4626 ea
2240 4568 2499 4623 hominis
2522 4567 2768 4638 ﬁguram
2792 4565 3116 4619 imitantur,

391 4638 581 4692 «Huic
613 4639 848 4693 exordio
880 4643 936 4693 et
965 4638 1125 4693 velut
1151 4638 1459 4692 statumini
1493 4638 1719 4709 argilla,
1780 4639 2034 4710 desuper

382 4728 631 4790 intexta,
656 4727 939 4798 paulatim
957 4727 1220 4782 membra
1249 4727 1809 4800 complet,etcorpus
1833 4730 2032 4796 struit,

387 4820 446 4870 et
476 4814 767 4886 habitum,
796 4832 970 4885 quem
1006 4815 1243 4887 placuit,
1277 4815 1491 4885 argilla}
1522 4816 1681 4869 intus
1730 4817 1883 4871 cruci
1947 4818 2031 4872 in-

385 4904 653 4975 gerit.....
689 4904 956 4959 a1038
999 4921 1169 4959 cruce
1220 4903 1445 4975 argilla,
1497 4904 1567 4958 ab
1626 4904 1834 4975 argilla
1890 4906 2035 4962 deus

387 4993 825 5063 quodammodo
858 4993 1089 5062 transit,
1122 5009 1262 5048 crux
1294 4994 1351 5047 in
1384 4994 1559 5048 deum
1594 5011 1694 5064 per
1742 4994 2031 5065 argillam.

386 5081 633 5136 Crucem
658 5081 837 5152 igitur
866 5082 1246 5149 consecratis,
1280 5099 1314 5137 a
1344 5098 1460 5153 qua
1492 5082 1771 5153 incipitur
1829 5100 2033 5140 conse-

385 5171 536 5225 crari
578 5194 604 5219 ››
628 5170 777 5242 (Lib.
804 5189 822 5225 ι
852 5172 921 5225 ad
949 5172 1168 5226 Nation.
1201 5187 1329 5241 cap.
1374 5172 1459 5237 12,
1494 5189 1551 5242 p.
1582 5172 1731 5241 578).

464 5282 538 5332 De
569 5277 663 5332 his
696 5281 891 5332 autem
918 5278 1040 5347 jam
1060 5277 1289 5348 egimus
1322 5276 1379 5330 in
1424 5281 1623 5332 nostra
1677 5278 1748 5333 de
1807 5279 2035 5336 Minutii

388 5366 597 5422 Felicis
686 5366 834 5421 libro
881 5366 1291 5421 dissertatione
1348 5365 1651 5438 (οἰκεῖται.
1728 5370 1789 5422 in
1840 5370 2034 5426 Minui.

391 5456 575 5513 Octav.
613 5472 739 5526 cap.
775 5455 827 5523 4,
860 5460 969 5510 art.
1006 5456 1115 5527 12),
1150 5472 1254 5511 nec
1283 5473 1395 5511 non
1428 5456 1601 5510 etiam
1655 5456 1724 5511 de
1778 5461 2036 5530 tropaeis,

386 5544 685 5600 cantabris
709 5548 765 5599 et
794 5544 1039 5599 vexillis.
1073 5545 1287 5599 Eadem
1321 5561 1455 5599 vero
1506 5544 1727 5600 ratione
1771 5546 1863 5601 his
1913 5566 2040 5604 om-

389 5634 567 5693 nibus
598 5638 670 5692 ab
728 5637 975 5692 Auctore
1035 5638 1233 5691 nostro
1284 5633 1673 5705 adjiciuntur:
1740 5636 2040 5711 cSiphara

2212 4659 2318 4712 Sed
2354 4657 2545 4712 acrius
2562 4654 2753 4709 adhuc
2787 4658 3090 4724 urgentem
3123 4652 3551 4708 Tertullianum
3582 4653 3788 4709 subse-

2144 4762 2433 4819 quamur:
2472 4770 2489 4793 -
2528 4742 2745 4814 Religio
2801 4743 3224 4809 Romanorum,
3286 4742 3498 4813 inquit,
3542 4746 3663 4797 tota
3693 4758 3788 4797 ca-

2143 4835 2390 4890 strensis
2423 4833 2586 4904 signa
2616 4834 2945 4899 veneratur,
2980 4830 3148 4901 signa
3170 4831 3356 4900 jurat,
3392 4830 3561 4902 signa
3602 4827 3790 4884 omni-

2145 4926 2253 4979 bus
2286 4924 2397 4977 diis
2432 4922 2726 4993 praeponit
2763 4920 2975 4975 Omnes
3010 4918 3089 4972 illi
3128 4919 3452 4990 imaginum
3472 4922 3788 4991 suggestus

2144 5014 2406 5085 insignes
2440 5010 2680 5066 monilia
2710 5026 2949 5063 crucum
2972 5014 3129 5062 sunt.
3157 5032 3176 5055 ι
3215 5008 3481 5076 (Tertull.
3512 5008 3785 5079 Apologet.

2146 5120 2270 5175 cap.
2308 5103 2391 5171 16,
2425 5116 2558 5172 pag.
2588 5100 2734 5171 367).
2767 5101 2851 5153 Ita
2880 5097 3113 5169 quidem
3148 5097 3207 5151 in
3240 5098 3458 5153 nostris
3488 5097 3791 5152 codicibus

2148 5208 2323 5247 manu
2357 5190 2628 5256 exaratis,
2662 5195 2720 5243 et
2760 5186 2930 5242 editis
2961 5186 3417 5258 antiquioribus.
3450 5186 3666 5241 Verum
3700 5184 3793 5240 Ri-

2148 5281 2364 5357 galtius
2394 5278 2471 5333 ibi
2499 5294 2709 5333 nomen
2743 5280 3129 5334 Romanorum.
3175 5277 3379 5331 1039
3441 5274 3603 5330 nulla
3657 5273 3789 5328 red-

2148 5373 2271 5427 dita
2326 5367 2573 5434 ratione,
2633 5365 2892 5422 sustulit.
2962 5364 3351 5436 Suspicamur
3403 5369 3601 5419 tamen
3661 5375 3790 5415 eam

2149 5460 2352 5524 fuisse,
2385 5456 2525 5526 quia
2554 5456 2612 5509 in
2646 5453 2795 5509 libro
2814 5453 2888 5508 ad
2919 5455 3173 5509 Nationes
3202 5455 3429 5520 eadem,
3450 5451 3549 5507 sed
3576 5448 3795 5505 omisso

2151 5549 2249 5605 illo
2285 5550 2655 5603 Romanorum
2688 5542 2944 5609 nomine,
2986 5542 3079 5598 bis
3107 5542 3300 5597 verbis
3359 5540 3607 5611 repetit:
3668 5557 3697 5585 «
3732 5536 3799 5590 In

2150 5636 2408 5698 victoriis
2440 5641 2496 5691 et
2532 5651 2733 5691 cruces
2793 5630 2931 5689 colit
2978 5630 3300 5688 castrensis
3346 5627 3570 5702 religio,
3630 5624 3800 5698 signa
