4134 6184
457 345 609 405 1135

978 343 1498 406 TERTULLIANI
1547 340 1865 407 OPERUM
1919 345 2114 405 PARS
2160 343 2205 405 Ι.
2252 379 2313 390 -
2348 342 2619 405 SEIIIES
2665 342 2709 415 Ι,
2759 340 3319 403 APOLOGETICA.

3646 346 3770 405 H36

453 479 679 547 adorat,
712 479 883 551 signa
913 479 1152 549 dejeral,
1187 478 1354 550 signa
1377 478 1487 550 ipsi
1515 478 1642 533 Jovi
1673 478 1943 549 praefert:
1987 479 2084 533 sed
2119 486 2171 550 Α
2206 478 2281 533 ibi
2318 478 2555 549 quidam
2591 476 2841 532 monitos
2857 491 2984 531 esse
3003 474 3309 529 voluerunt
3329 474 3776 533 innonnullisma-

449 566 552 621 ille
582 567 908 638 imaginum
942 570 1279 638 suggestus,
1314 572 1369 620 et
1400 572 1556 621 totus
1589 566 1714 621 auri
1746 566 1937 621 cultus
1968 583 2092 621 mo-

449 654 592 710 nilia
621 672 864 711 crucum
893 661 1030 711 sunt
1062 678 1088 703 ››
1116 657 1314 721 (Idem.
1350 655 1451 710 lib.
1486 673 1502 709 ι
1533 657 1611 710 ad
1661 657 1887 710 Nation.
1947 672 2078 727 cap.

451 744 534 798 12.
567 761 700 816 pag.
732 744 879 815 579).
930 746 1001 798 At
1059 744 1349 815 Rigaltius
1403 744 1887 799 animadvertisse
1945 744 2087 799 satis

445 850 561 888 non
584 833 812 887 videtur
843 833 984 887 illud
1026 835 1393 888 Romanorum
1450 850 1659 887 nomen
1715 833 1969 904 potuisse
2028 832 2083 887 in

445 921 553 975 hoc
586 920 754 990 libro,
790 922 858 976 ad
893 938 1095 976 omnes
1145 922 1462 993 generatim
1526 923 1787 976 nationes
1844 922 2086 991 directo,

438 1010 831 1082 prietermitti,
884 1028 1001 1065 non
1045 1015 1238 1066 autem
1310 1010 1367 1065 in
1426 1012 1792 1083 Apologetico,
1846 1011 1944 1081 qui
2013 1012 2082 1065 ad

438 1117 644 1155 omnes
667 1099 960 1155 antistites
982 1117 1048 1155 ac
1079 1100 1370 1171 imprimis
1399 1101 1691 1156 Romanos
1709 1100 1929 1155 missus
1952 1100 2079 1154 fuit.

436 1189 561 1244 Mos
594 1194 788 1245 autem
824 1189 1101 1244 militaria
1132 1189 1299 1261 signa
1331 1190 1609 1245 adorandi
1646 1190 1798 1261 apud
1836 1191 1975 1244 istos
2005 1189 2084 1244 ita

433 1277 779 1346 invaluerat,
816 1282 879 1333 ut
902 1280 1235 1333 Artabanus
1262 1278 1609 1334 Parthorum
1659 1296 1756 1334 rex
1801 1279 1870 1333 ad
1931 1277 2083 1333 Cali-

432 1366 599 1437 gulae,
630 1367 822 1439 inquit
854 1367 1190 1432 Suetonius,
1225 1367 1482 1439 legatum
1505 1368 1764 1438 veniens,
1805 1393 1823 1417 ει
1854 1366 2083 1438 aquilas

433 1461 489 1510 et
526 1456 694 1527 signa
761 1458 1022 1511 Romana
1070 1456 1483 1526 Cmsarumque
1532 1457 1819 1528 imagines
1878 1457 2081 1511 adora-

434 1545 634 1600 verit»
667 1545 927 1615 (Sucton.
961 1548 1001 1599 Ι.
1034 1563 1108 1616 1v,
1144 1547 1199 1599 in
1238 1547 1338 1600 Vit.
1373 1546 1549 1615 Calig.
1586 1548 1611 1613 §
1648 1548 1749 1613 14).

506 1636 620 1690 Cur
653 1639 846 1689 autem
892 1633 1093 1705 religio
1127 1634 1443 1689 castrensis
1503 1640 1757 1703 vocetur,
1805 1652 1871 1689 ac
1915 1633 2082 1705 signa

438 1741 543 1780 sua
570 1724 809 1794 iuraret.
836 1722 930 1778 his
964 1722 1290 1794 intelligere
1323 1728 1411 1778 est
1440 1723 1667 1778 Senecae
1700 1724 1888 1779 verbis
1935 1722 2080 1778 :Pri-

438 1828 595 1866 mum
633 1833 660 1862 «
686 1810 904 1867 militiae
939 1810 1234 1867 vinculum
1269 1816 1358 1867 est
1405 1811 1626 1882 religio,
1671 1816 1727 1865 et
1776 1810 2078 1883 signorum

437 1918 623 1968 amor,
656 1906 713 1955 et
734 1900 1038 1956 deserendi
1069 1901 1267 1969 nefas;
1303 1906 1443 1956 tunc
1494 1901 1703 1956 deinde
1732 1899 1918 1954 ‘facile
1975 1917 2080 1955 cas-

436 1995 561 2044 tera
604 1988 938 2061 exiguntur,
992 1989 1465 2060 mandanturque
1518 1990 1586 2043 ad
1662 1989 2078 2059 jusjurandum

443 2077 720 2133 adactis»
761 2079 979 2149 (Eenec.
1034 2078 1203 2148 epist.
1262 2077 1352 2146 93,
1413 2095 1545 2150 pag.
1608 2078 1754 2149 305).
1821 2078 2081 2131 Primum

442 2168 639 2238 itaque
671 2165 816 2222 illud
841 2172 965 2221 erat
997 2166 1248 2221 militum
1268 2168 1716 2238 jusjurandum,
1742 2184 1856 2237 quo
1889 2183 1949 2221 se
1975 2167 2082 2221 mi-

434 2255 573 2310 litias
606 2255 975 2321 addicebant,
1011 2256 1080 2310 de
1112 2272 1226 2326 quo
1263 2255 1426 2327 plura
1447 2256 1715 2310 Schelius
1748 2256 1803 2309 in
1836 2256 1960 2310 suis
2012 2255 2079 2309 ad

442 2344 743 2416 Polybium
778 2344 932 2400 notis
953 2345 1101 2416 (cap.
1148 2346 1172 2399 1
1231 2345 1295 2401 de
1352 2347 1695 2412 sacramen.),
1751 2345 2086 2400 Brissonius

445 2433 593 2503 (init.
629 2432 732 2487 lib.
770 2451 824 2488 1v
856 2433 920 2488 dc
961 2434 1246 2505 Formul)
1305 2434 1511 2488 Justus
1571 2434 1803 2505 Lipsius
1860 2434 1920 2503 (Ι.
1956 2452 1970 2488 1
2024 2434 2089 2489 de

449 2524 609 2579 Milit.
644 2525 899 2591 Romam,
931 2524 1216 2596 dialog.6,
1251 2542 1381 2597 pag.
1412 2526 1524 2597 26),
1548 2530 1603 2580 et
1626 2524 1742 2579 alii.
1778 2530 1851 2578 At
1882 2529 2089 2596 praeter

452 2612 562 2667 hoc
593 2620 1022 2669 sacramentum
1058 2613 1272 2669 milites
1294 2613 1466 2669 etiam
1500 2632 1606 2669 sua
1638 2631 1740 2685 per
1777 2614 1946 2687 signa
1986 2615 2087 2685 ju-

448 2702 679 2757 rabant.
712 2706 857 2757 Nam
891 2702 1157 2758 Lucanus
1190 2703 1588 2759 centurionem
1615 2703 1820 2758 Caesari
1882 2721 1984 2775 per
2021 2719 2089 2758 ea

438 2790 738 2861 jurantem
773 2790 857 2847 sic
889 2790 1155 2847 induxit:

603 2956 616 2969 .
675 2956 686 2969 .
746 2956 759 2969 .
816 2926 904 2968 Per
935 2924 1074 2980 signa
1099 2923 1267 2968 decem
1284 2924 1441 2968 felicia
1469 2925 1664 2969 castris.

573 2989 757 3046 Perque
784 2993 893 3033 tuos
917 2989 1029 3045 juro
1057 3002 1353 3046 quocumque
1377 3003 1437 3034 ex
1471 2991 1609 3034 hoste
1639 2990 1922 3046 triumphos.

1180 3061 1382 3108 (Lucan.
1416 3060 1492 3105 :ib.
1515 3072 1625 3104 n.v.
1658 3060 1774 3105 278.)

441 3191 556 3241 Nec
588 3186 804 3241 mirum
836 3203 1015 3252 sane;
1054 3186 1530 3257 quandoquidem
1571 3186 1811 3257 (Lucan.
1854 3186 1956 3239 lib.
2020 3202 2081 3254 ιι,

434 3292 488 3329 ν.
521 3276 642 3338 370)
670 3274 839 3347 signa
870 3292 976 3329 sua
1004 3281 1060 3329 et
1089 3274 1312 3344 aquilas
1338 3275 1644 3345 putabant,
1700 3279 1762 3328 ut
1818 3290 1886 3328 ex
1943 3279 2080 3327 Cor-

431 3364 584 3418 nelio
612 3364 817 3418 Tacito
843 3363 1153 3431 discimus,
1182 3364 1413 3433 propria
1470 3361 1749 3432 legionum
1795 3378 1922 3416 esse
1970 3379 2079 3416 nu-

430 3458 587 3508 mina
619 3456 820 3521 (Tacit.
846 3454 946 3507 lib.
984 3470 1022 3507 n
1057 3454 1255 3507 Annal.
1291 3457 1411 3519 post
1443 3455 1571 3508 init.
1604 3468 1735 3524 pag.
1763 3453 1875 3519 20).
1926 3451 2077 3506 Alibi

431 3561 563 3599 vero
585 3547 654 3600 de
684 3544 938 3598 Antonio
987 3545 1332 3598 seditionem
1388 3550 1829 3614 compescente:
1867 3566 1892 3592 «
1949 3543 2079 3598 Mox

431 3649 769 3699 conversus,
831 3632 1043 3701 inquit,
1094 3633 1161 3685 ad
1213 3633 1381 3703 signa
1438 3637 1495 3685 et
1574 3630 1860 3686 bellorum
1936 3632 2075 3687 deos

432 3719 762 3791 [hostium],
794 3720 989 3791 potius
1018 3719 1369 3775 exercitibus
1406 3719 1570 3774 illum
1603 3720 1879 3787 furorem,
1911 3721 2072 3775 illam

431 3809 785 3865 discordiam
818 3809 1145 3879 injicerent,
1171 3810 1393 3879 orabat,
1436 3811 1618 3864 donec
1652 3809 1942 3865 fatisceret
1985 3828 2072 3865 se-

428 3898 621 3952 ditio»
656 3899 860 3969 (Idem,
902 3898 1076 3953 lib.m
1108 3902 1316 3953 Histor.
1359 3905 1491 3970 post
1533 3898 1658 3952 init.
1704 3918 1757 3969 p.
1806 3899 1949 3968 l80).
2010 3902 2076 3955 At

425 3988 642 4043 clarius
689 3994 842 4043 certe
896 3989 1207 4057 Dionysius
1258 3988 1737 4043 Halicarnasseus
1791 4005 1802 4041 2
1860 3993 2073 4058 Σημεῖα

421 4077 725 4146 τιμιώτατα
775 4076 1069 4148 Ῥωμαίοις
1119 4079 1285 4129 ταῦτα
1331 4074 1415 4129 ἐπί
1468 4075 1742 4151 στρατείας
1802 4075 1890 4129 καὶ
1964 4075 2069 4129 ὥσ-

421 4184 521 4239 περ
587 4163 858 4239 ἱδρύματα
918 4166 1052 4217 Θεῶν
1114 4165 1232 4235 ἱερά
1286 4164 1623 4235 νομὲζονται.
1674 4167 1827 4222 Nihil
1868 4168 1927 4219 in
1973 4168 2072 4222 R0-

418 4274 586 4313 mana
623 4260 834 4313 militia
857 4260 1034 4325 signis
1068 4258 1303 4313 habetur
1320 4259 1713 4327 venerabilius,
1736 4274 1834 4313 nec
1887 4260 2070 4315 minus

422 4363 583 4401 sacra
604 4347 951 4417 judicantur.
984 4363 1149 4417 quam
1175 4348 1401 4401 deorum
1465 4348 1769 4401 simulacra
1807 4347 2064 4419 (Dionys.

425 4432 611 4501 Halic,
643 4435 744 4491 lib.
776 4452 853 4489 v1.
888 4435 1155 4506 Antiquit.
1190 4437 1419 4490 Roman.
1456 4451 1584 4505 pag.
1620 4435 1767 4505 375).

492 4524 855 4593 Quapropter
888 4525 1103 4593 adjecit
1129 4522 1551 4592 Tertullianus,
1599 4525 1759 4593 signa
1815 4525 2067 4580 omnibus

2200 567 2519 638 nuscriptis
2550 565 2660 638 legi
2694 568 2753 621 in
2782 566 2958 633 signis
2989 580 3102 619 non
3132 563 3389 634 insignes,
3433 580 3525 618 nec
3575 582 3779 636 prorsus

2199 656 2434 728 quidem
2466 656 2737 711 absurde.
2772 654 2851 709 De
2884 652 3136 708 militum
3162 652 3373 723 quippe
3401 653 3570 724 signis
3596 654 3779 711 ibidem

2198 747 2408 818 agitur.
2440 750 2651 801 Verum
2687 744 2824 816 quia
2855 744 2911 797 in
2945 742 3115 814 longe
3146 741 3410 814 pluribus
3458 742 3783 815 meliorisque

2198 842 2346 891 nota:
2378 830 2806 908 exemplaribus
2826 835 3072 889 habetur
3096 834 3502 903 insignes,hanc
3518 833 3782 891 lectionem

2196 926 2503 998 explodere
2535 943 2646 981 non
2672 928 2979 980 audemus.
3002 922 3160 977 Nihil
3188 938 3323 977 vero
3371 923 3438 977 ad
3484 921 3642 993 hujus
3695 940 3781 995 po-

2194 1014 2334 1082 tius,
2371 1033 2547 1087 quam
2584 1015 2825 1070 alterius
2858 1013 3125 1068 lectionis
3155 1012 3637 1067 confirmationem
3680 1014 3785 1067 erui

2198 1110 2389 1176 potest
2418 1123 2485 1160 ex
2514 1104 2661 1159 libro
2693 1104 2762 1159 ad
2784 1103 3067 1166 Nationes,
3120 1100 3218 1156 ubi
3279 1101 3385 1156 hoc
3440 1118 3629 1156 nomen
3674 1102 3786 1157 Ter-

2193 1193 2478 1248 tullianus
2525 1192 2922 1265 praetermisit,
2984 1192 3218 1261 haecque
3270 1190 3440 1245 verba
3494 1190 3790 1261 subjunxit:

2194 1306 2218 1332 ‹‹
2243 1282 2344 1338 Ille
2384 1282 2708 1355 imaginum
2769 1284 3085 1354 suggestus
3134 1286 3189 1333 et
3238 1278 3417 1335 totius
3471 1279 3587 1334 auri
3632 1278 3792 1335 cultus

2192 1373 2432 1429 monilia
2470 1388 2709 1428 crucum
2743 1376 2883 1427 sunt
2919 1392 2945 1419 »
3001 1369 3146 1440 (Ibid
3175 1369 3213 1439 ).
3260 1367 3531 1425 Nonnulli
3585 1368 3787 1440 quidem

2191 1462 2509 1533 Opinantur
2538 1477 2747 1516 nomen
2776 1469 3064 1530 suggestus
3092 1458 3171 1512 ibi
3225 1458 3406 1528 accipi
3464 1473 3562 1529 pro
3610 1458 3789 1512 vestitu

2190 1556 2247 1605 et
2278 1551 2792 1618 ornamento;sed
2853 1550 2907 1603 id
2971 1548 3215 1620 probare
3266 1547 3617 1602 debuissent.
3668 1546 3791 1613 Quid

2190 1639 2346 1695 enim
2383 1638 2431 1694 si
2463 1644 2737 1694 sumatur
2794 1655 2898 1710 pro
2933 1638 3058 1708 ipso
3118 1641 3246 1691 actu
3311 1633 3662 1706 suggerendi,
3712 1650 3792 1688 seu

2191 1731 2399 1784 subtus
2428 1729 2662 1800 gerendi
2698 1728 2873 1785 hasce
2907 1726 3216 1798 imagines,
3252 1741 3377 1797 quae
3410 1724 3717 1796 pendebant
3742 1738 3798 1778 ex

2193 1817 2382 1872 altiori
2417 1818 2619 1882 hastae,
2649 1816 2768 1873 sive
2800 1816 2941 1889 ligni
2979 1814 3216 1886 oblongi
3249 1818 3434 1886 parte,
3487 1816 3542 1867 et
3594 1827 3798 1866 crucum

2193 1906 2437 1961 monilia
2465 1898 2521 1962 ét
2552 1911 2900 1961 ornamenta
2930 1908 3118 1974 erant,
3168 1904 3309 1973 quia
3364 1903 3436 1957 ab
3492 1900 3605 1956 illis
3652 1916 3802 1971 supra

2194 2013 2254 2051 se
2283 1996 2487 2066 positis
2510 1996 2861 2051 velabantur
2902 2000 2960 2049 et
3018 1990 3496 2048 decorabantur?
3551 1990 3797 2045 Caeterum

2193 2086 2263 2140 de
2298 2086 2387 2140 bis
2427 2085 2703 2140 omnibus
2743 2086 2867 2155 jam
2914 2081 3348 2153 disputavimus
3396 2081 3454 2134 in
3512 2086 3695 2134 nostra
3742 2078 3799 2133 de

2194 2173 2429 2228 Minutii
2456 2174 2659 2229 Felicis
2704 2172 2940 2229 Octavio
2998 2171 3417 2225 dissertatione
3482 2169 3707 2235 (Dissert.
3756 2168 3803 2220 in

2196 2265 2402 2319 Minui.
2443 2279 2568 2333 cap.
2624 2263 2710 2329 12,
2763 2267 2872 2317 art.
2926 2261 3002 2328 4),
3066 2259 3161 2314 ubi
3221 2258 3415 2314 adhuc
3472 2255 3801 2313 ostendimus

2196 2352 2490 2417 hominem,
2525 2352 2696 2406 sicuti
2734 2352 2967 2406 tandem
3003 2354 3220 2403 Auctor
3236 2353 3436 2404 noster
3465 2345 3804 2415 ait,[manibm

2193 2444 2472 2511 expansis,
2506 2457 2621 2510 prae
2651 2456 2712 2495 se
2764 2439 2908 2494 ferre
2946 2438 3141 2492 crucis
3202 2437 3519 2507 imaginem
3574 2432 3798 2505 (Tertull.

2195 2530 2296 2584 lib.
2333 2548 2349 2583 ι
2407 2530 2481 2584 ad
2514 2529 2719 2583 Nation
2771 2544 2897 2598 cap.
2938 2528 3023 2589 12,
3058 2542 3191 2597 pag.
3223 2523 3377 2595 578).

2268 2619 2376 2674 Sed
2410 2618 2666 2689 aliquem
2702 2616 2904 2672 audire
2935 2616 3105 2671 nobis
3137 2614 3428 2677 videmur,
3460 2612 3557 2684 qui
3603 2610 3802 2680 objiciet

2195 2708 2489 2763 infirmam
2524 2706 2762 2762 omnino
2793 2721 2922 2760 esse
2940 2703 3091 2758 hanc
3120 2701 3466 2758 Tertulliani
3525 2715 3803 2773 argumen-

2196 2796 2494 2851 tationem.
2527 2795 2785 2849 Gentiles
2808 2794 2987 2863 enim,
3021 2792 3269 2863 inquiet,
3304 2792 3548 2847 deorum
3594 2804 3799 2844 suorum

2197 2884 2531 2954 simulacra,
2574 2884 2762 2955 signa,
2821 2887 3058 2953 trepma,
3113 2879 3397 2935 victorias
3453 2896 3519 2935 ac
3573 2877 3806 2949 quaelibet

2196 2974 2486 3045 ejusmodi
2510 2973 2624 3029 alia
2653 2974 2980 3041 adorantes,
3015 2970 3160 3026 nihil
3186 2970 3361 3042 plane
3387 2971 3709 3042 cogitabant
3751 2967 3808 3021 de

2195 3064 2487 3133 crucibus,
2529 3080 2658 3133 quae
2686 3061 2805 3116 illis
2837 3067 3001 3117 erant
3032 3059 3377 3132 suppositas,
3409 3064 3511 3114 aut
3538 3074 3630 3113 eas
3670 3055 3803 3110 vela-

2194 3153 2356 3207 bant.
2389 3152 2601 3206 Verum
2637 3151 3098 3204 animadvertere
3128 3149 3179 3204 is
3210 3150 3389 3204 debat
3420 3148 3572 3203 haud
3616 3143 3807 3201 Tertul-

2113 3229 2155 3295 C
2193 3242 2331 3296 liani
2365 3241 2730 3311 aliorumque
2762 3238 3063 3311 religionis
3094 3237 3444 3293 Christianis
3468 3238 3802 3292 defensorum

2191 3328 2757 3401 argumentationem
2814 3326 2915 3381 illa
2974 3326 3080 3380 niti
3128 3326 3505 3381 ethnicorum
3568 3324 3807 3394 opinione

2189 3435 2315 3490 quas
2347 3420 2587 3473 deorum
2622 3430 2863 3471 suorum
2900 3414 3219 3470 simulacra
3248 3420 3307 3469 et
3333 3415 3672 3488 signaveras
3690 3412 3804 3465 deos

2186 3522 2316 3561 esse
2356 3506 2812 3561 arbitrabantur.
2848 3507 2927 3557 Ea
2959 3503 3140 3574 igitur
3167 3507 3312 3569 tota,
3347 3508 3403 3557 et
3448 3518 3646 3557 omnes
3696 3497 3804 3553 illo-

2186 3612 2316 3649 rum
2340 3600 2547 3666 partes,
2579 3609 2827 3665 quarum
2866 3592 3168 3662 praecipuas
3201 3607 3412 3647 cruces
3434 3597 3617 3658 erant,
3647 3588 3805 3657 reipsa

2184 3684 2525 3739 adorabant.
2558 3683 2682 3737 Non
2728 3682 2881 3736 enim
2938 3680 3358 3735 existimabant
3411 3697 3481 3735 ex
3538 3676 3807 3735 simulacri

2182 3777 2409 3827 tantum
2446 3770 2861 3837 forma,habitu
2891 3769 3391 3840 etqualitate,sed
3417 3786 3485 3824 ex
3513 3770 3636 3839 ejus
3656 3766 3803 3821 etiam

2183 3861 2425 3916 materia
2456 3860 2669 3915 factum
2702 3875 2831 3914 esse
2861 3859 3060 3923 deum,
3094 3874 3266 3930 quem
3321 3859 3594 3914 solebant
3643 3860 3803 3911 totum

2182 3951 2574 4021 omnibusque
2604 3949 2728 4004 suis
2771 3948 3037 4020 partibus
3095 3948 3494 4018 compositum
3553 3940 3801 4000 venerari.

2180 4039 2501 4094 Dicendum
2561 4054 2693 4108 ergo
2744 4042 2865 4092 tam
2926 4052 3131 4090 cruces
3187 4036 3335 4091 velis
3393 4042 3454 4092 et
3516 4030 3804 4091 monilibus

2179 4129 2481 4199 signorum
2518 4125 2862 4180 militarium
2919 4124 3280 4195 suppositas,
3324 4139 3509 4195 quam
3551 4123 3687 4178 alias
3727 4133 3804 4173 co-

2178 4219 2448 4271 rumdem
2480 4216 2781 4285 signorum
2815 4217 3034 4284 partes,
3067 4214 3139 4267 de
3165 4213 3390 4283 quibus
3425 4213 3671 4267 fortasse
3696 4214 3803 4262 tum

2178 4305 2323 4359 nihil
2358 4319 2630 4375 expresse
2663 4302 3019 4375 cogitabant,
3083 4302 3155 4356 ab
3200 4301 3273 4356 iis
3335 4301 3612 4373 religioso
3664 4297 3799 4352 cultu

2177 4393 2513 4448 honoratas.

2795 4503 3025 4562 CAPUT
3063 4507 3208 4562 XXI.

422 4610 533 4665 diis
570 4614 842 4681 prmponit
879 4613 1146 4681 (Tertull.
1178 4615 1449 4683 ApOIOget.
1477 4630 1603 4683 cap.
1650 4615 1727 4676 16,
1764 4631 1892 4685 pag.
1918 4615 2063 4686 368),
2102 4596 2144 4659 ί)
2176 4617 2248 4671 De
2299 4615 2447 4670 lmsae
2506 4613 2817 4686 majestatis
2868 4614 3123 4669 humane
3176 4612 3543 4679 criminibus,
3600 4621 3801 4686 quorum

421 4699 688 4755 videlicet
716 4702 1030 4755 castrensis
1072 4702 1173 4757 illa
1232 4703 1468 4770 religio;
1511 4702 1649 4773 quia
1705 4703 1923 4759 milites
1976 4721 2063 4774 ea,

423 4790 923 4858 quemadmodum
958 4790 1185 4861 vexilla,
1232 4792 1438 4859 majori
1488 4794 1645 4847 cultu
1683 4808 1859 4862 quam
1918 4793 2064 4849 alios

423 4894 629 4932 omnes
659 4879 798 4933 deos
828 4896 966 4934 suos
988 4881 1432 4934 venerabantur.
1465 4882 1588 4934 Non
1607 4882 1790 4935 deerit
1822 4884 2064 4938 fortasse

421 4967 838 5038 quiexistimet
866 4969 955 5022 his
1004 4970 1196 5024 verbis
1227 4969 1653 5023 Tertullianum
1701 4969 2064 5041 significasse

419 5058 589 5127 signa
616 5055 893 5111 militaria
924 5058 982 5111 ln
1016 5062 1269 5113 exercitu
1304 5065 1360 5113 et
1399 5061 1665 5113 acieante
1698 5060 1937 5113 deorum
1979 5061 2060 5115 si—

418 5147 753 5200 mulacraet
782 5145 1068 5217 imagines
1092 5149 1162 5201 ab
1194 5149 1595 5217 antesignanis
1639 5148 1819 5201 fuisse
1856 5166 2059 5219 aspor-

2248 4702 2361 4741 reos
2383 4682 2542 4757 agere
2575 4681 2919 4741 Christianos
2949 4686 3156 4741 ethnici
3192 4703 3496 4759 perperam
3554 4681 3800 4738 tonaban-

2246 4766 2353 4814 tur.

2688 4881 2997 4921 ARTICULUS
3057 4881 3299 4921 PRIMUS.

2175 4957 2349 5027 Quam
2402 4954 2682 5010 evidenter
2716 4954 3085 5027 Tertullianus
3150 4953 3403 5009 ostendat
3480 4950 3801 5027 Christianos

2248 5026 2394 5083 [ανεξδ
2425 5028 2726 5097 majestatis
2758 5025 3026 5082 humanae
3065 5027 3340 5080 immerito
3393 5024 3664 5088 accusari,
3720 5024 3799 5097 qui

2244 5104 2351 5152 toto
2386 5094 2589 5152 mentis
2618 5099 2814 5168 affectu
2844 5113 2952 5153 non
2984 5098 3152 5167 falsos
3184 5099 3339 5161 deos,
3379 5097 3479 5151 sed
3535 5110 3717 5151 verum
3757 5094 3803 5143 et

2241 5172 2663 5240 omnipotentem
2688 5170 2858 5225 Deum
2912 5170 3148 5224 orabant
3192 5186 3295 5238 pro
3351 5170 3535 5223 salute
3589 5168 3798 5240 impera-

2241 5236 2404 5303 toris,
2427 5241 2697 5312 illiusque
2740 5242 3127 5312 prosperi/ale,
3184 5236 3235 5295 et
3290 5240 3654 5312 diuturnitate
3707 5236 3794 5287 Ro-

2239 5316 2395 5368 mani
2426 5311 2663 5383 imperii,
2698 5311 2837 5383 quod
2873 5312 3243 5366 Tertullianus
3273 5314 3324 5366 et
3350 5312 3459 5365 alii
3481 5311 3668 5381 plures
3687 5320 3794 5360 cum

2239 5390 2347 5441 toto
2378 5382 2578 5439 mundo
2607 5382 2780 5454 ﬁnom
2810 5388 3165 5455 accepturum
3194 5383 3592 5455 opinabantur.

411 5228 565 5291 tata;
599 5228 699 5281 sed
734 5227 891 5297 prior
923 5244 1133 5281 sensus
1167 5229 1337 5282 dictis
1360 5229 1519 5282 illius
1553 5244 1616 5281 ac
1652 5229 1826 5281 menti
1872 5230 2059 5301 magis

411 5331 730 5387 congruere
760 5316 1012 5371 videtur.
1060 5320 1118 5370 In
1153 5316 1267 5371 alio
1300 5320 1453 5370 enim
1482 5316 1631 5371 libro
1664 5316 1840 5371 dixit:
1888 5320 2059 5388 Signa

409 5406 515 5476 ipsi
542 5407 689 5473 ,1ουί,
722 5404 831 5460 etsi
891 5407 1136 5459 deorum
1198 5422 1441 5459 suorum
1492 5405 1769 5477 maximo,
1826 5410 2057 5479 pris/ert

410 5493 615 5563 (Idem.
639 5494 739 5547 lib.
768 5511 786 5548 ι
809 5493 879 5548 ad
902 5494 1022 5548 Nat.
1058 5510 1181 5561 cap.
1218 5494 1302 5560 12,
1339 5510 1468 5565 pag.
1509 5493 1659 5563 579).

485 5582 694 5637 1040
716 5582 1094 5651 Atquiomnes
1120 5581 1213 5635 illi
1264 5584 1591 5652 imaginum,
1653 5582 1865 5655 inquit,
1923 5603 2053 5658 sug-

414 5674 593 5746 gestus
641 5670 886 5740 insignes
932 5669 1164 5727 monilia
1212 5686 1435 5729 crucum
1482 5674 1629 5727 sunt.
1690 5676 1802 5728 Nos
1855 5679 2049 5731 autem

2237 5502 2445 5558 Omnia
2476 5502 2761 5557 hactenus
2810 5499 3191 5571 exposuimus
3238 5504 3415 5571 atque
3476 5487 3793 5567 explanavi-

2166 5607 2299 5645 mus
2332 5594 2698 5663 argumenta,
2733 5588 2948 5660 quibus
3008 5587 3409 5643 Tertullianus
3470 5579 3793 5641 luculentis-

2166 5678 2309 5737 sime
2342 5679 2705 5736 demonstrat
2743 5674 2944 5733 1041
2980 5676 3339 5735 Christianos
3389 5674 3538 5733 false
3574 5667 3794 5727 omnino
