4134 6184
402 351 552 411 1137

1320 352 1390 409 D.
1438 350 1534 409 LE
1581 352 1908 413 NOURHY
1956 353 2599 415 UBSERVATIONES
2646 354 2907 416 NOV/E.

3654 350 3807 411 “38

400 487 459 539 et
490 480 1000 555 impudentissime
1023 481 1096 536 ab
1119 480 1371 537 ethnicis
1392 480 1540 537 laesa
1562 482 1819 538 incusari
1846 483 2053 538 divinas
2083 485 2136 550 Α
2163 486 2315 556 cepit
2345 486 2520 556 Deus,
2545 504 2690 558 pura
2719 503 2902 559 prece.
2922 492 3047 542 Non
3072 485 3226 541 enim
3252 489 3379 558 eget
3403 487 3573 551 Deus,
3601 485 3803 541 condi-

400 571 751 643 majestatis,
802 571 971 640 cujus
1018 570 1102 625 illi
1152 571 1388 642 ipsimet
1440 576 1808 628 accusatores
1843 572 2044 628 multis

399 660 735 741 nominibus
766 658 846 714 rei
896 676 1135 731 prorsus
1186 665 1370 715 erant.
1421 660 1552 715 Jam
1593 659 1789 732 itaque
1819 661 2042 715 exami-

400 750 660 805 nandum
694 752 783 803 est
813 749 1029 820 quibus
1060 748 1154 803 ille
1184 750 1477 804 rationum
1512 750 1845 813 momentis,
1875 750 2039 804 simi-

394 839 556 909 lique
587 838 759 893 modo
790 838 1061 892 ostendat
1099 838 1365 893 ethnicos
1414 837 1561 893 laesa:
1613 838 1884 893 humanae
1920 856 2038 894 ma-

386 928 622 997 jcstatis
644 944 770 983 esse
794 943 994 982 revera
1022 928 1308 993 conscios,
1337 928 1568 982 tametsi
1593 944 1823 983 summa
1844 929 2037 983 adhuc

394 1015 719 1071 temeritate
749 1015 1113 1070 Christianos
1172 1016 1349 1087 hujus
1381 1016 1647 1071 criminis
1694 1017 2037 1073 insimulare

393 1122 504 1162 non
526 1109 888 1161 vererentur.
911 1105 1058 1160 Nam
1087 1109 1151 1159 ut
1171 1106 1296 1175 ejus
1317 1105 1510 1161 verbis
1537 1111 1775 1161 utamur
1799 1124 1810 1161 :
1838 1130 1863 1157 «
1890 1109 2033 1163 Ven-

389 1200 514 1250 tum
537 1202 626 1250 est
655 1195 726 1250 ad
752 1194 1074 1249 secundum
1100 1194 1336 1249 titulum
1361 1194 1507 1250 laesis
1531 1196 1888 1267 augustioris
1915 1214 2031 1252 ma-

381 1284 617 1355 jestatis
650 1306 677 1334 ››
710 1283 974 1353 (Tertull.
1027 1284 1309 1354 Apologet.
1363 1301 1490 1356 cap.
1535 1285 1626 1353 28,
1673 1303 1727 1355 p.
1774 1286 1917 1356 436),
1950 1286 2030 1339 vi-

388 1372 596 1427 delicet
624 1372 1065 1444 imperatorum.
1102 1374 1421 1443 Augustior
1449 1378 1643 1428 autem
1674 1390 1873 1429 eorum
1911 1392 2030 1429 ma-

378 1463 568 1531 jestas
600 1461 817 1519 idcirco
864 1467 1127 1525 vocatur,
1181 1462 1318 1532 quia
1365 1462 1611 1533 gentiles
1662 1462 2031 1534 imperatoris

387 1551 633 1606 viventis
661 1549 831 1622 longe
855 1550 1065 1620 magis,
1096 1566 1271 1620 quam
1292 1551 1449 1605 Jovis
1482 1550 1848 1622 aliorumque
1872 1570 2029 1605 mor—

383 1642 621 1694 tuorum
656 1640 898 1694 deorum
948 1638 1335 1707 majestatem,
1388 1645 1451 1693 ut
1490 1638 1660 1711 paulo
1712 1644 1843 1710 post
1874 1640 2028 1695 dice-

384 1744 542 1797 mus,
572 1728 779 1784 lmdere
808 1728 1287 1783 reformidabant.
1326 1732 1389 1782 At
1423 1728 1738 1784 Christiani
1773 1728 2028 1799 impera-

377 1820 562 1873 torem
596 1817 793 1872 debita
827 1815 1154 1872 reverentia
1185 1815 1461 1883 colentes,
1494 1834 1597 1889 pro
1627 1817 1784 1871 illius
1817 1817 2024 1883 salute,

382 1921 499 1960 non
554 1912 815 1962 mortuos
872 1905 1225 1975 fictitiosque
1283 1906 1421 1960 deos
1480 1908 1887 1978 precabantur,
1924 1908 2024 1961 sed

381 2009 581 2048 verum
613 1993 930 2066 vivumque
962 1994 1167 2059 Deum,
1202 2011 1234 2047 a
1266 2011 1381 2065 quo
1434 1996 1611 2050 iidem
1644 1994 2026 2067 imperatores

379 2099 715 2153 supremam
748 2088 805 2138 et
854 2083 1173 2138 secundam
1224 2083 1295 2137 ab
1328 2082 1423 2138 illo
1475 2090 1844 2155 potestatem,
1878 2084 2025 2139 lucis

377 2187 644 2241 usuram,
676 2176 733 2226 et
763 2173 1049 2243 quidquid
1085 2170 1195 2242 ipsi
1227 2178 1413 2244 erant,
1459 2173 1653 2245 reipsa
1685 2179 2026 2245 acceperant

370 2260 534 2331 (Ibid.
569 2276 697 2332 cap.
730 2261 818 2331 30,
859 2278 913 2333 p.
950 2262 1095 2333 441).

440 2384 526 2439 Ab
557 2384 665 2440 hoc
693 2385 850 2440 enim
885 2385 1008 2441 solo
1040 2387 1555 2458 omnipotenteque
1592 2387 1702 2441 Deo
1734 2387 2023 2456 quotidia-

371 2472 547 2528 nist
559 2473 783 2529 ristiani
801 2475 1074 2545 precibus
1087 2475 1679 2547 efﬂagitabantvilam
1693 2477 2024 2531 eorumdem

373 2561 824 2633 imperatorum,
848 2563 931 2617 uti
956 2563 1037 2617 ait
1063 2564 1485 2630 Tertullianus,
1511 2565 1816 2635 prolixam,
1849 2566 2021 2635 impe-

373 2652 529 2705 rium
553 2667 822 2715 securum,
874 2652 1098 2707 domum
1152 2660 1350 2718 tutam,
1402 2654 1673 2708 exercitus
1714 2656 1900 2723 fortes,
1936 2671 2021 2708 se-

372 2748 565 2795 natum
594 2740 829 2810 ﬁdelem,
872 2741 1137 2811 populum
1180 2742 1431 2812 probum,
1489 2744 1759 2812 quietum,
1790 2747 1839 2797 et
1869 2759 2024 2813 quae-

374 2845 604 2899 cumque
633 2828 874 2884 hominis
892 2833 942 2884 et
976 2831 1211 2886 Caesaris
1231 2839 1352 2885 vota
1372 2839 1501 2885 sunt
1523 2831 1706 2901 (Ibid)
1730 2848 1750 2891 ,·
1782 2830 1889 2885 hoc
1912 2837 2020 2900 est,

377 2933 758 2988 quascumque
814 2917 1197 2987 imperatores
1231 2935 1332 2989 pro
1392 2919 1613 2990 privata
1662 2936 1769 2973 sua
1798 2920 1933 2985 vita,
1969 2924 2025 2975 et

379 3004 669 3078 imperiali
703 3006 990 3077 dignitate
1021 3010 1289 3076 poterant
1306 3007 1623 3062 secundum
1657 3008 1948 3078 aequitatis
1969 3014 2025 3063 et

366 3094 622 3165 justitie
650 3094 807 3166 leges
838 3099 1053 3165 optare.
1088 3095 1204 3149 Nec
1243 3096 1440 3149 minus
1489 3101 1889 3151 asseveranter
1917 3096 2023 3151 hoc

374 3182 764 3253 prmdicarunt
810 3182 905 3237 alii
956 3182 1152 3237 eximii
1202 3183 1542 3239 Christianae
1592 3183 1890 3255 religionis
1920 3186 2019 3239 de-
2053 3222 2095 3289 C

374 3269 1050 3289 .-,,,,....,
1227 3273 1719 3289 .
1874 3275 1927 3289 ι,

373 3272 654 3327 tonsores.
687 3269 813 3325 Θεὸν
851 3270 946 3342 μὶν
983 3270 1170 3342 μόνον,
1224 3273 1531 3344 inquiebat
1572 3276 1842 3330 Justinus
1874 3275 2022 3329 Mar-

370 3365 480 3432 tyr,
513 3363 947 3433 προσκυνοῦμεν,
1009 3359 1136 3431 ὑμῖν
1196 3357 1253 3414 δὲ
1308 3362 1445 3435 πρὸς
1493 3362 1562 3414 τὰ
1620 3358 1765 3416 ἄλλα
1805 3360 2025 3434 χαίρον-

366 3468 456 3508 τες
504 3448 900 3521 ὑπηρετοῦμςν,
960 3446 1203 3522 βασιλεῖς
1264 3448 1353 3503 καὶ
1404 3446 1671 3523 ἄρχοντας
1721 3450 2018 3522 ἀνθρώπων

370 3534 792 3609 ὁμολογοῦντις,
845 3536 934 3590 καὶ
989 3535 1283 3611 εὐχόμενοι
1362 3538 1495 3609 μετὰ
1562 3545 1661 3606 τῆς
1734 3537 2021 3613 βασιλικῆς

372 3621 675 3697 δυνάμεως,
723 3623 813 3679 καὶ
868 3626 1120 3700 σώφρονα
1175 3627 1266 3680 τὸν
1326 3626 1589 3702 λογισμὸν
1650 3621 1877 3700 ἔχοντας
1935 3627 2017 3681 εὐ-

372 3714 611 3784 ρεθῆναι.
643 3714 841 3771 Solum
872 3716 1041 3770 Deum
1089 3716 1415 3787 adoramus,
1457 3725 1509 3772 et
1558 3719 1710 3771 vobis
1760 3719 1817 3771 in
1860 3717 2020 3771 rebus

372 3803 506 3857 aliis
549 3805 896 3870 inservimus,
933 3806 1285 3874 imperatores
1314 3822 1379 3859 ac
1410 3806 1687 3875 principes
1734 3806 2021 3860 hominum

367 3906 488 3946 esse
512 3892 853 3961 proﬁtentes,
885 3896 938 3946 et
964 3894 1136 3947 simul
1162 3900 1469 3963 precantes,
1495 3902 1553 3947 ut
1582 3909 1703 3946 cum
1736 3894 2023 3963 imperiali

362 3983 627 4050 potestate
697 3997 891 4035 sanam
966 3992 1209 4036 mentem
1284 3983 1532 4037 obtinere
1603 3984 2023 4051 comperiamini

366 4068 608 4137 (Justin.
642 4070 863 4139 Apolog.
915 4069 985 4123 ad
1024 4071 1221 4124 Anton.
1280 4086 1411 4141 pag.
1470 4070 1582 4139 64).
1618 4070 2020 4140 Athenagoras

366 4174 503 4212 vero
535 4157 594 4212 in
627 4158 743 4212 ﬁne
775 4175 896 4213 suae
935 4176 1038 4230 pro
1090 4158 1437 4214 Christianis
1485 4157 1793 4229 legationis
1824 4158 2017 4229 palam

364 4245 627 4301 declarat
655 4248 892 4302 eosdem
948 4247 1312 4303 Christianos
1362 4247 1544 4302 Deum
1597 4253 1862 4318 precatos
1890 4263 2018 4302 esse

369 4351 475 4407 pro
507 4337 756 4406 Augusti
787 4335 1051 4406 imperio,
1088 4340 1267 4406 utque
1308 4335 1447 4390 illud
1501 4337 1687 4407 magis
1738 4353 1803 4391 ac
1832 4335 2018 4406 magis

368 4428 678 4495 augeatur,
711 4423 912 4479 omnia
940 4423 1025 4478 illi
1057 4424 1327 4478 eveniant
1373 4440 1440 4478 ex
1471 4423 1650 4479 animi
1702 4426 2014 4493 sententia,

366 4529 437 4567 ac
496 4511 653 4567 filius
682 4513 813 4583 ejus
871 4519 928 4567 et
979 4512 1165 4567 haeres
1226 4512 1281 4565 in
1330 4514 1459 4583 ejus
1516 4514 1792 4568 succedat
1820 4512 2015 4568 locum

2160 577 2252 627 tor
2284 574 2704 639 universitatis,
2761 575 2955 631 odoris
3013 579 3115 630 aut
3173 574 3480 647 sanguinis
3530 574 3801 643 alicujus.

2158 662 2285 717 Haac
2319 666 2472 719 enim
2507 664 2927 719 dminuniorum
2961 665 3173 737 pabula
3205 670 3345 719 sunt
3376 686 3402 714 »
3440 663 3698 735 (Tertull.
3732 664 3805 719 ad

2154 753 2380 823 Scapul.
2416 770 2542 825 cap.
2578 754 2657 824 2).

2231 861 2429 916 I042
2490 860 2603 915 Nec
2659 861 3010 931 respondere
3069 864 3337 933 poterant
3394 859 3612 917 ethnici
3659 859 3802 915 falsa

2151 964 2279 1004 esse
2310 965 2375 1004 ac
2431 950 2735 1005 mendacia
2784 950 2903 1004 hinc
2953 950 3419 1007 Christianorum
3474 966 3576 1021 pro
3611 949 3800 1004 salute

2149 1036 2519 1107 imperatoris
2553 1045 2701 1105 vota,
2736 1043 2835 1093 aut
2886 1038 3121 1094 fallaces
3173 1038 3402 1093 illorum
3448 1055 3666 1110 preces,
3700 1041 3794 1109 qui

2147 1143 2219 1181 ne
2252 1127 2477 1181 debitos
2508 1130 2803 1181 cruciatus
2852 1129 3277 1198 experirentur,
3324 1144 3421 1182 eas
3472 1144 3569 1183 ore
3621 1132 3795 1181 tenus

2146 1215 2483 1270 fundebant.
2522 1221 2658 1269 Nam
2691 1216 2797 1269 hac
2831 1216 2982 1269 futili
3016 1217 3391 1287 responsione
3423 1216 3668 1281 ethnici,
3708 1218 3791 1270 uti

2144 1303 2223 1358 ait
2252 1303 2669 1373 Tcrtullianus,
2703 1306 3101 1361 concedebant
3130 1306 3496 1361 Christianos
3536 1306 3652 1360 Deo
3685 1321 3790 1359 suo

2142 1409 2245 1463 pro
2305 1393 2492 1448 salute
2552 1394 2973 1465 imperatorum
3052 1411 3252 1465 preces
3310 1411 3510 1449 revera
3566 1394 3790 1449 fudisse

2142 1482 2319 1552 (Idem
2356 1484 2606 1553 Apologet
2637 1527 2649 1547 ,
2676 1500 2802 1552 cap.
2835 1484 2924 1545 31,
2959 1499 3093 1554 pag.
3122 1484 3265 1551 446).
3294 1483 3433 1548 Quis
3460 1488 3655 1538 autem
3682 1500 3789 1536 un-

2140 1587 2317 1640 quam
2352 1573 2681 1642 probaverit
2714 1572 2844 1627 illas
2876 1589 2987 1626 non
3028 1588 3093 1626 ex
3126 1572 3332 1626 intimo
3365 1572 3555 1627 cordis
3585 1588 3784 1639 sensu,

2139 1659 2237 1713 sed
2257 1676 2352 1713 ore
2372 1665 2599 1714 tantum
2626 1662 2911 1731 profectas
2929 1660 2956 1714 ?
2976 1663 3045 1715 At
3064 1661 3323 1715 sinceras
3342 1660 3580 1715 omnino
3602 1660 3785 1715 fuisse

2139 1748 2271 1802 hinc
2307 1748 2399 1803 ille
2432 1748 2601 1819 plane
2628 1750 2939 1819 convincit,
2975 1750 3127 1820 quod
3162 1751 3219 1805 in
3254 1750 3456 1815 sacris,
3492 1766 3640 1820 quas
3663 1751 3784 1804 eth-

2136 1837 2282 1891 nicis
2330 1838 2475 1907 ipsis
2528 1856 2638 1892 non
2695 1855 2822 1893 esse
2872 1839 3200 1910 incognitas
3252 1838 3636 1907 ostendimus,
3673 1856 3778 1891 no-

2136 1926 2275 1981 stris
2331 1926 2650 1997 Scripturis
2698 1927 3073 1998 preecipiatur
3120 1927 3369 2000 singulis
3400 1933 3456 1981 et
3504 1927 3777 1982 omnibus

2134 2015 2505 2079 Christianis,
2540 2038 2565 2064 ‹‹
2619 2016 2689 2068 ad
2734 2016 3177 2071 redundantiam
3229 2017 3464 2088 (inquit)
3508 2017 3774 2087 benigni-

2134 2104 2294 2167 tatis,
2327 2104 2500 2158 etiam
2538 2121 2638 2173 pro
2669 2104 2926 2160 inimicis
2969 2106 3151 2160 Deum
3202 2123 3387 2174 orare,
3420 2111 3475 2160 et
3505 2123 3779 2173 persecu-

2132 2194 2360 2247 toribus
2392 2194 2517 2247 suis
2576 2194 2726 2247 bona
2776 2195 2999 2265 precari
3049 2216 3073 2244 π
3138 2196 3343 2265 (Ibid).
3402 2195 3541 2259 Quis
3582 2202 3772 2249 autem

2134 2297 2248 2335 non
2282 2281 2432 2335 videt
2464 2281 2557 2334 his
2585 2282 2779 2335 verbis
2810 2283 2882 2336 ab
2912 2282 3011 2337 illo
3045 2284 3338 2353 designari
3388 2282 3531 2337 illud
3563 2283 3779 2337 Christi

2133 2374 2485 2442 praeceptum
2543 2386 2556 2424 :
2631 2371 2875 2426 Audistis
2931 2373 3062 2441 quia
3118 2372 3323 2426 dictum
3378 2381 3458 2425 est
3505 2390 3525 2426 :
3578 2374 3780 2441 Diliges

2128 2460 2450 2530 proximum
2482 2464 2643 2513 tuum
2674 2468 2724 2512 et
2745 2460 2870 2514 odio
2895 2459 3121 2515 habebis
3145 2460 3435 2514 inimicum
3464 2467 3619 2513 tuum
3638 2479 3657 2523 ;
3685 2476 3781 2527 ego

2133 2551 2318 2602 autem
2344 2548 2468 2603 dico
2500 2548 2683 2603 vobis:
2718 2547 2946 2618 Diligite
2999 2550 3254 2603 inimicos
3304 2553 3528 2610 vestros.
3561 2548 3783 2619 benefa-

2133 2640 2236 2691 cite
2268 2637 2352 2689 bis
2383 2639 2481 2705 qui
2508 2637 2737 2692 oderunt
2770 2654 2878 2703 vos,
2912 2641 2965 2691 et
3014 2643 3168 2692 orate
3195 2654 3293 2707 pro
3340 2639 3783 2708 persequentibus

2133 2737 2183 2780 et
2212 2726 2689 2779 calumniantibus
2746 2742 2833 2781 vos
2890 2726 3097 2797 (Matth.
3152 2728 3214 2793 V,
3272 2744 3323 2782 υ.
3384 2729 3451 2781 43
3508 2736 3559 2782 et
3587 2728 3778 2800 seqq).

2132 2814 2403 2869 Christus
2434 2815 2587 2869 enim
2624 2814 3111 2884 hisverbisjubet
3142 2820 3203 2869 ut
3235 2815 3546 2870 Christiani
3580 2816 3775 2869 inimi-

2133 2920 2231 2957 cos
2264 2920 2404 2957 suos
2438 2920 2549 2957 non
2586 2902 2863 2972 amplius.
2897 2904 3049 2957 sicut
3076 2903 3285 2968 Judaai,
3334 2903 3466 2958 odio
3498 2904 3774 2969 habeant,

2134 2994 2232 3046 sed
2266 2992 2335 3045 ad
2380 2991 2812 3046 redundantiam
2859 2993 3221 3059 benignitatis
3269 2992 3611 3046 Christianas
3646 2991 3777 3047 illos

2133 3080 2402 3150 diligant,
2455 3081 2572 3135 illis
2626 3081 2991 3135 benefaciant
3041 3098 3143 3151 pro
3202 3082 3688 3151 persequentibus
3722 3086 3778 3136 et

2135 3169 2637 3223 calumniantibus
2686 3170 2891 3223 intimo
2941 3173 3288 3240 sinceroque
3328 3170 3520 3224 cordis
3566 3171 3775 3223 afl‘ectu

2138 3265 2315 3312 Deum
2352 3264 2682 3328 precentur.

2206 3350 2269 3399 At
2302 3348 2395 3415 qui
2426 3348 2598 3413 magis
2656 3346 2840 3417 pergit
2874 3344 2993 3410 ille,
3022 3346 3244 3400 inimici
3291 3352 3346 3400 et
3377 3350 3778 3416 persecutores

2131 3435 2621 3495 Christianorum,
2654 3451 2817 3504 quam
2848 3435 3254 3505 imperatores,
3286 3435 3351 3489 de
3380 3451 3612 3505 quorum
3644 3433 3781 3488 lac-sa

2132 3526 2435 3591 majestate
2468 3525 2847 3577 convenimur
2878 3525 2933 3576 in
2965 3526 3194 3589 crimen,
3228 3524 3283 3577 id
3318 3530 3406 3577 est
3432 3540 3781 3578 accusamur

2130 3612 2393 3683 (Tertull.
2431 3613 2534 3665 loc.
2570 3610 2735 3678 cit)?
2767 3611 2916 3666 Alibi
2952 3628 3082 3666 vero
3117 3628 3221 3667 nec
3252 3612 3431 3667 semel
3464 3613 3570 3667 hoc
3602 3614 3775 3666 verbo

2131 3702 2317 3755 utitur
2348 3700 2503 3769 (Ibid.
2538 3717 2586 3753 c.
2620 3701 2709 3759 35.
2745 3717 2798 3770 p.
2844 3701 2989 3769 454).
3042 3702 3321 3768 Superius
3370 3701 3586 3771 quippe
3616 3701 3773 3755 dixe-

2130 3794 2238 3852 rat,
2275 3788 2565 3857 Sacritegii
2621 3794 2671 3843 et
2726 3790 3029 3857 majestatis
3073 3792 3155 3844 rei
3208 3790 3581 3845 convenimur.
3620 3789 3774 3844 Infra

2129 3884 2324 3931 autem
2353 3895 2366 3931 :
2403 3884 2477 3929 De
2509 3880 2787 3940 secunda,
2818 3885 2950 3948 post
2976 3886 3152 3932 “eum
3179 3879 3419 3948 scilicet,
3449 3882 3771 3948 majestate.

2128 3968 2191 4018 in
2219 3965 2518 4020 secundum
2560 3966 2913 4035 sacrilegium
2960 3971 3337 4021 convenimur.
3388 3970 3547 4030 Quod
3584 3968 3774 4035 juris-

2130 4054 2529 4109 consultorum
2577 4060 2666 4108 est
2710 4056 2977 4117 verbum,
3029 4070 3143 4125 quo
3198 4055 3349 4108 idem
3384 4055 3771 4123 significatur,

2130 4143 2387 4211 atquein
2438 4144 2541 4211 jus
2601 4143 2812 4195 vorari.
2880 4145 3011 4197 Lata
3072 4143 3312 4211 igitura
3369 4141 3597 4195 Christo
3649 4140 3775 4210 lege

2128 4230 2445 4285 Christiani
2477 4232 2824 4284 tenebantur
2845 4248 2946 4301 pro
2968 4230 3441 4299 imperatoribus,
3465 4234 3777 4299 quantum-

2126 4319 2269 4374 libet
2297 4319 2554 4373 inimicis
2598 4336 2663 4373 ac
2716 4320 3185 4387 persecutoribus
3245 4318 3390 4383 suis,
3424 4316 3775 4386 illorumque

2128 4410 2313 4462 salute
2348 4414 2458 4461 Deo
2491 4408 2839 4479 supplicare.

2200 4514 2345 4578 Quid
2379 4532 2533 4579 vero,
2567 4516 2716 4585 quod
2774 4514 3091 4569 Christiani
3143 4514 3256 4567 alia
3312 4512 3504 4567 adhuc
3533 4512 3671 4566 data
3702 4516 3774 4566 ab

366 4600 674 4672 (Athenag.
704 4602 877 4673 Legat
926 4617 1022 4671 pro
1081 4601 1381 4656 Christian.
1443 4619 1497 4671 p.
1562 4602 1671 4672 40).
1732 4603 1836 4657 Sed
1894 4602 2013 4657 hanc
2046 4589 2091 4651 D
2129 4602 2397 4674 Apostolo
2430 4603 2577 4675 lege,
2621 4604 2799 4657 Deum
2858 4618 3059 4673 rogare
3108 4602 3398 4656 debebant
3444 4603 3773 4656 nominatim

364 4708 493 4761 quae
524 4689 801 4744 omnibus
824 4691 968 4744 satis
990 4694 1127 4745 nota
1158 4696 1317 4755 sunt,
1348 4691 1538 4744 fusius
1570 4690 1842 4761 prosequi
1872 4690 2017 4745 nihil

370 4794 609 4833 necesse
638 4783 747 4835 est.
785 4778 1149 4833 Manifestum
1186 4794 1419 4848 quoque
1460 4780 1737 4833 omnibus
1771 4779 2017 4833 fecimus

364 4868 555 4937 (supr.
590 4882 639 4921 ο.
677 4867 763 4934 14,
794 4870 899 4921 art.
934 4867 989 4931 3)
1034 4882 1212 4936 quam
1264 4866 1490 4920 sincero
1540 4866 1753 4920 mentis
1784 4868 2015 4936 affectu,

364 4972 547 5028 quam
579 4956 888 5011 innocente
947 4956 1165 5021 anima,
1221 4972 1392 5027 quam
1447 4954 1657 5010 humili
1706 4961 1761 5010 et
1792 4956 2016 5023 abjecto

360 5045 629 5117 corporis
663 5049 824 5099 motu
858 5044 978 5099 haec
1042 5044 1184 5100 tusis
1243 5050 1299 5100 et
1360 5044 1621 5115 privatis,
1679 5050 1734 5100 et
1768 5045 2016 5115 publicis

361 5134 640 5206 precibus
671 5135 742 5189 ab
775 5133 1175 5205 omnipotente
1209 5138 1320 5188 Deo
1368 5151 1473 5189 suo
1523 5134 1836 5204 impetrare
1870 5134 2015 5188 nite-

362 5228 588 5278 rentur.
623 5223 1012 5288 Quamobrem
1047 5222 1194 5276 nihil
1221 5222 1475 5294 amplius
1509 5222 1875 5291 adjiciemus,
1901 5223 2015 5277 nisi

365 5312 526 5383 quod
551 5310 648 5366 ille
671 5312 741 5366 ad
762 5311 1073 5383 Scapulam
1102 5313 1396 5367 ethnicum
1419 5312 1722 5383 praesidem
1744 5312 2012 5383 scripsit:

365 5420 389 5449 ι
426 5400 683 5455 Colimus
714 5404 769 5455 et
800 5400 1216 5471 imperatorem
1268 5401 1372 5464 sic,
1418 5400 1710 5472 quomodo
1759 5405 1816 5455 et
1848 5401 2015 5455 nobis

357 5489 516 5553 licet,
552 5493 607 5543 et
637 5488 751 5560 ipsi
784 5490 1036 5560 expedit,
1095 5494 1159 5544 ut
1212 5490 1509 5544 hominem
1547 5505 1579 5542 a
1632 5488 1768 5556 Deo,
1803 5506 2014 5543 secun-

363 5578 511 5633 dum
546 5616 558 5629 .
606 5619 619 5632 .
664 5619 676 5632 .
723 5619 735 5632 .
768 5578 971 5650 Itaque
993 5578 1394 5634 sacriﬁcamus
1417 5594 1518 5647 pro
1551 5576 1738 5632 salute
1770 5578 2017 5649 impera-

361 5665 533 5734 toris,
567 5666 669 5721 eed
702 5669 813 5722 Deo
844 5672 1044 5724 nostro
1076 5672 1133 5722 et
1171 5667 1379 5739 ipsius,
1414 5666 1514 5722 sed
1546 5666 1837 5737 quomodo
1868 5683 2011 5737 pras-

2123 4708 2224 4761 pro
2267 4694 2503 4761 regibus,
2544 4697 2593 4745 et
2622 4692 2961 4762 principibus
2993 4701 3041 4745 et
3072 4691 3445 4762 potestatibus.
3496 4694 3555 4743 ut
3583 4692 3773 4744 omnia

2127 4782 2434 4852 tranquilla
2463 4783 2573 4834 sint
2604 4781 2757 4851 (Ibid.
2797 4797 2921 4851 cap.
2956 4781 3044 4843 31,
3078 4796 3209 4851 pag.
3244 4778 3410 4849 446)?
3432 4778 3638 4833 Paucis
3670 4796 3771 4832 au-

2126 4875 2243 4924 tem
2278 4868 2357 4923 ibi
2389 4870 2601 4929 verbis,
2636 4885 2700 4921 ac
2732 4869 2910 4923 tacito
2933 4868 3197 4936 ejusdem
3233 4867 3393 4921 Pauli
3428 4868 3683 4935 nomine,
3707 4884 3771 4922 ea

2126 4955 2554 5026 complectitur,
2581 4971 2705 5024 quis
2729 4956 2800 5008 ab
2826 4952 2924 5008 illo
2948 4955 3015 5008 ad
3038 4954 3407 5009 Timotheum
3433 4955 3515 5009 sic
3533 4955 3772 5025 scripta,

2126 5048 2183 5099 et
2214 5061 2247 5098 a
2279 5043 2447 5097 nobis
2476 5045 2599 5111 jam
2633 5043 2813 5097 citata
2853 5047 2993 5097 sunt
3043 5060 3205 5115 supr.
3258 5060 3384 5114 cap.
3437 5042 3526 5113 l2,
3557 5048 3664 5097 art.
3700 5044 3773 5115 1).

2127 5134 2358 5191 Obsecro
2402 5134 2644 5203 primum
2702 5134 2952 5185 omnium
3010 5132 3135 5200 ﬁeri
3182 5132 3599 5202 obsecrationes,
3647 5150 3776 5201 gra-

2130 5224 2342 5276 tiarum.
2379 5222 2617 5275 actiones
2644 5238 2741 5290 pro
2771 5223 3025 5275 omnibus
3058 5222 3393 5287 hominibus,
3426 5237 3525 5292 pro
3556 5224 3778 5292 regibus

2125 5321 2175 5365 et
2207 5310 2461 5364 omnibus
2509 5311 2606 5380 qui
2637 5313 2693 5363 in
2754 5312 3091 5364 sublimitate
3148 5315 3274 5363 sunt
3294 5328 3312 5371 ,·
3354 5313 3412 5363 ut
3460 5312 3697 5380 quietam
3730 5319 3780 5365 ct

2125 5399 2486 5469 tranquillam
2522 5400 2688 5452 vitam
2737 5416 2969 5466 agamus
3018 5402 3077 5454 in
3126 5402 3280 5454 omni
3320 5402 3524 5470 pietate
3571 5406 3621 5453 ct
3653 5416 3774 5451 ras-

2125 5490 2283 5543 titate
2314 5488 2357 5559 (l
2396 5490 2527 5542 Tim.
2564 5505 2625 5553 ιι,
2664 5490 2780 5557 1,θῐ
2808 5490 2979 5559 seq.).

2198 5576 2318 5631 Non
2355 5576 2477 5631 sola
2510 5582 2703 5631 autem
2761 5579 3071 5650 Scriptura?
3105 5594 3290 5632 sucraa
3320 5576 3681 5633 auctoritate.
3715 5582 3773 5630 et

2123 5664 2242 5719 lata
2262 5664 2605 5720 Christianis
2628 5668 2770 5739 lege,
2793 5667 2846 5721 id
2875 5670 3081 5739 probat
3106 5664 3630 5733 Tertullianus,sed
3660 5663 3768 5720 hac
