4134 6184
394 345 549 406 1139

915 346 1448 408 TERTULLIAVI
1495 347 1822 410 OPERUM
1870 349 2069 408 PARS
2116 348 2162 406 Ι.
2197 381 2273 390 -—
2305 346 2579 407 SERIES
2625 350 2669 421 l,
2720 343 3278 408 APOLOGETICA.

3621 348 3753 405 H40

392 480 571 535 etiam
605 479 846 551 ratione,
882 485 1079 535 contra
1112 498 1289 552 quam
1326 498 1494 537 nemo
1535 499 1675 537 sane
1727 500 1797 537 ne
1830 483 2041 537 mutire
2069 483 2124 548 Α
2156 481 2319 536 falsis
2352 482 2587 537 illorum
2621 481 2737 537 diis
2768 480 3098 537 sacriﬁcare
3128 480 3214 535 vel
3244 496 3339 535 eos
3369 480 3575 551 precari
3604 482 3755 552 perti-

278 576 293 581 ’
396 570 630 641 quidem
665 574 926 642 poterat:
962 594 989 621 «
1024 573 1166 625 Cum
1209 571 1564 637 concutitur,
1612 570 1825 642 inquit,
1863 571 2044 640 impe-

394 658 569 725 rium,
604 660 906 714 concussis
935 659 1107 714 etiam
1129 660 1351 715 caeteris
1374 658 1654 714 membris
1685 657 2045 729 ejus,utique

396 754 453 804 et
483 765 610 815 nos,
644 747 776 803 licet
803 748 1058 803 extranei
1109 766 1142 802 a
1186 748 1376 808 turbis
1425 748 1806 813 aestimemur,
1841 747 1900 801 in
1932 746 2039 800 ali-

395 854 511 910 quo
545 837 667 893 loco
702 852 872 891 casus
905 837 1237 891 invenimur
1267 858 1293 887 ››
1330 835 1587 903 (Tertull.
1627 837 1902 906 Apologct.
1932 835 2042 890 loc.

395 927 540 993 cit.).
575 930 650 980 At
681 925 760 980 ibi
811 930 1013 981 contra
1059 926 1325 980 codicum
1383 930 1717 979 nostrorum
1768 928 1825 979 et
1855 925 2043 978 edito-

396 1031 524 1069 rum
562 1014 733 1069 fidem
766 1013 825 1067 in
874 1014 1106 1085 Rigaltii
1149 1013 1400 1068 editione
1452 1012 1749 1067 sublatum
1803 1017 1893 1067 est
1920 1028 2044 1065 ver-

395 1104 534 1157 bum
568 1105 928 1159 .z’stimemur.
963 1104 1087 1167 Qua
1114 1108 1311 1157 autem
1366 1103 1573 1156 1043
1608 1119 1679 1155 an
1734 1101 2048 1156 oscitantia

391 1191 912 1264 typographorum,
966 1191 1049 1246 vel
1106 1191 1342 1261 Rigaltii
1395 1191 1631 1262 propria
1682 1190 2049 1260 auctoritate,

393 1280 565 1335 sicuti
600 1280 920 1347 nescimus,
953 1279 1035 1334 ita
1094 1284 1247 1333 certe
1302 1278 1447 1333 nulli
1506 1278 1864 1343 dubitamus,
1901 1278 2044 1332 illud

394 1374 550 1424 recte
581 1370 654 1423 ab
684 1371 934 1424 Auctore
966 1373 1165 1423 nostro
1222 1368 1509 1422 additum.
1544 1367 1716 1421 Prius
1767 1381 2044 1437 namque,

396 1458 480 1513 uti
511 1458 785 1528 vidimus,
822 1457 1075 1512 asseruit
1101 1456 1463 1511 Christianos
1489 1472 1621 1510 cum
1646 1455 1898 1509 ethnicis
1922 1456 2046 1509 ubi-

396 1562 508 1618 que
539 1547 595 1601 in
631 1546 806 1602 rebus
852 1546 1106 1617 publicis
1160 1546 1436 1600 omnibus
1488 1544 1669 1599 fuisse
1704 1544 2043 1615 permixtos.

394 1638 810 1691 Verumtamen
852 1636 1298 1691 aestimabantur
1327 1636 1580 1689 extranei
1619 1652 1653 1688 a
1683 1632 1870 1687 turbis
1900 1647 2043 1703 gen-

393 1723 610 1790 tilium,
643 1724 783 1797 quia
831 1724 901 1779 ab
949 1741 1148 1779 eorum
1211 1724 1505 1795 mysteriis
1536 1727 1593 1777 et
1636 1721 2044 1793 superstitioso

2156 571 2378 625 naciter
2407 571 2779 626 recusabant.
2809 570 2920 624 Sed
2957 570 3333 639 quibusnam,
3387 567 3466 623 ait
3490 566 3762 623 Tertullia-

2156 676 2288 728 nus,
2325 660 2403 714 ita
2435 659 2892 714 sacriﬁcandum
2940 664 3028 713 est
3059 657 3322 729 (Tertull.
3356 658 3609 728 Ap010get.
3640 673 3755 728 cap.

2152 748 2242 815 29,
2279 766 2331 819 p.
2367 749 2538 816 438)Ῡ
2570 749 2772 803 Nonne
2804 747 2898 813 iis,
2930 747 3031 817 qui
3075 755 3319 817 possunt
3350 745 3583 800 salutem
3614 744 3760 799 cuili-

2156 838 2252 892 bet
2290 836 2535 905 homini,
2568 840 2744 907 atque
2774 836 2947 890 etiam
2980 834 3427 906 imperatoribus
3457 834 3764 905 Impertiri?

2156 926 2330 997 Atqui
2363 926 2698 981 eorumdem
2734 924 3100 980 ethnicorum
3136 924 3236 993 dii,
3274 939 3457 994 neque
3487 922 3765 993 imperato-

2156 1015 2317 1071 ribus
2352 1031 2538 1086 neque
2593 1014 2694 1069 ulli
2746 1014 2969 1069 homini
3017 1012 3182 1068 illam
3232 1012 3487 1068 conferre
3527 1016 3765 1083 possunt.

2156 1104 2300 1159 Nam
2335 1104 2393 1157 hi
2425 1102 2504 1157 dii
2537 1102 2620 1157 vel
2656 1104 2952 1158 daemones
2992 1106 3152 1167 sunt,
3187 1107 3381 1173 atque,
3418 1105 3477 1155 ut
3524 1100 3768 1170 superius

2156 1193 2401 1257 dictum,
2436 1192 2670 1265 pessimi
2705 1192 2969 1263 spiritus,
3022 1191 3230 1263 perditi
3281 1208 3348 1245 ac
3398 1190 3666 1255 damnati,
3695 1188 3767 1242 vel

2155 1282 2351 1350 potius
2402 1281 2612 1337 mortui
2674 1282 2963 1349 homines,
3026 1280 3520 1351 quemadmodum
3585 1278 3768 1331 1044

2156 1370 2371 1424 ethnici
2406 1370 2639 1441 propria
2671 1369 3023 1424 conscientia
3071 1373 3435 1440 compertum
3486 1367 3769 1433 habebant,

2156 1463 2213 1513 et
2246 1474 2351 1513 nos
2384 1458 2534 1511 intra
2569 1458 2966 1513 ostendemus.
3018 1457 3331 1513 Christiani
3368 1456 3544 1528 igitur
3587 1471 3617 1508 a
3647 1470 3767 1509 neu-

2154 1548 2261 1602 tris
2302 1546 2552 1601 salutem
2604 1547 3024 1617 imperatorum
3075 1562 3181 1601 nec
3231 1549 3496 1617 poterant
3543 1560 3769 1615 sperare,

2156 1653 2260 1691 nec
2294 1640 2485 1707 petere
2516 1636 2824 1690 debebant.

2225 1742 2346 1804 Quo
2378 1740 2531 1794 enim
2565 1739 2737 1794 modo
2772 1739 2901 1795 falsi
2932 1738 3020 1793 illi
3055 1739 3137 1793 dii
3168 1756 3294 1794 eam
3348 1739 3483 1793 dare
3512 1742 3771 1809 poterant,

392 1813 553 1907 0P“?
587 1815 825 1869 οωηίηο
884 1818 1083 1907 θηηξ
1107 1813 1302 1907 alieni-
1355 1812 1569 1867 Οδθίθνε
1626 1828 1759 1907 σιξῐη
1792 1810 2041 1907 enim“?
2072 1843 2116 1907 Β
2147 1830 2247 1903 qui
2278 1845 2583 1900 nunquam
2604 1832 2945 1899 potuerunt,
2973 1833 3075 1883 aut
3096 1846 3158 1885 se
3189 1828 3372 1899 ipsos,
3397 1832 3499 1882 aut
3527 1844 3628 1882 sua
3646 1829 3771 1880 tem—

391 1902 709 1969 vivebant,
779 1908 954 1973 atque
1029 1902 1243 1957 idcirco
1316 1917 1602 1956 concusso
1678 1900 1924 1970 imperio
1984 1901 2040 1952 at

402 1989 564 2063 ipsos
618 1991 844 2047 concuti
901 2007 1138 2045 necesse
1194 1994 1362 2045 erat.
1418 1994 1526 2044 Pro
1578 1987 1810 2060 imperii
1860 1987 2043 2059 igitur

402 2079 803 2151 tranquilitate
833 2082 891 2133 et
936 2078 1337 2133 incolumitate
1380 2077 1823 2149 imperatorum,
1855 2077 2039 2131 Deum

403 2185 567 2241 aequo
597 2172 835 2240 totoque
865 2168 1061 2223 animo
1110 2185 1225 2222 non
1275 2168 1464 2221 solum
1524 2166 1816 2237 privatim,
1851 2166 1950 2220 sed
1982 2164 2039 2218 in

401 2258 527 2316 suis
585 2257 782 2320 etiam,
843 2256 1336 2328 quemadmodum
1389 2255 1659 2327 superius
1707 2254 2041 2310 observavi-

401 2362 557 2417 mus,
601 2345 919 2420 synaxibus
967 2344 1197 2417 publice
1247 2345 1637 2417 precabantur
1687 2346 1867 2416 (supr.
1912 2360 2040 2415 cap.

401 2437 487 2507 15,
525 2440 632 2492 art.
662 2435 736 2507 1).

469 2524 616 2588 Quid
649 2540 806 2589 vero,
839 2524 992 2595 quod
1022 2523 1209 2593 major
1232 2521 1573 2585 necessitas,
1606 2520 1657 2576 si
1685 2520 2044 2575 Tertulliano

401 2614 717 2679 credimus,
767 2613 1069 2683 ﬂagitabat
1119 2615 1184 2664 ut
1230 2610 1545 2666 Christiani
1591 2609 1698 2663 has
1748 2625 1946 2680 preces
1978 2625 2042 2663 ex

401 2702 600 2758 animo
632 2699 987 2755 funderent?
1015 2698 1281 2769 (Tertull.
1318 2700 1598 2769 Apologet.
1632 2714 1758 2768 cap.
1786 2698 1874 2761 32,
1911 2713 2041 2768 pag.

405 2792 548 2861 447).
583 2794 695 2845 Per
723 2805 923 2845 eorum
958 2788 1173 2860 quippe
1206 2788 1432 2843 animos
1485 2787 1681 2859 opinio
1717 2790 2046 2857 pervaserat

403 2880 665 2952 proxime
713 2880 974 2933 futurum
1037 2877 1241 2931 mundi
1303 2877 1476 2930 finem
1535 2875 1711 2931 variis
1760 2873 2044 2946 portentis

405 2973 528 3024 tum
562 2966 939 3040 prmnuntiari
967 2984 980 3021 :
1032 2967 1131 3020 sed
1166 2982 1297 3020 cum
1345 2971 1565 3030 tamen,
1599 2964 1752 3020 sicut
1793 2967 1915 3033 jam
1944 2963 2044 3016 ob-

403 3056 767 3112 servavimus
797 3056 987 3125 (Supr.
1037 3071 1162 3125 cap.
1200 3054 1287 3117 15,
1337 3058 1444 3107 art.
1481 3054 1551 3121 1),
1586 3069 1699 3106 non
1750 3056 1919 3106 antea
1948 3052 2045 3103 de-

402 3146 774 3210 struendum,
796 3160 970 3213 quam
991 3143 1320 3197 Romanum
1338 3141 1652 3213 imperium
1671 3144 2042 3196 everteretur.

2153 1919 2252 1992 pla
2282 1923 2339 1974 et
2364 1916 2683 1973 simulacra
2719 1934 2752 1971 a
2780 1917 3032 1986 furibus,
3060 1920 3162 1971 aut
3207 1921 3538 1988 temporum
3570 1913 3774 1985 injuriis

2149 2005 2329 2078 tutari
2351 2007 2378 2061 ?
2406 2009 2775 2078 Quapropter
2806 2007 2879 2061 ad
2909 2022 2977 2061 ea
3009 2006 3295 2061 servanda
3327 2005 3659 2077 indigebant
3686 2003 3774 2056 mi-

2150 2072 2345 2162 1itum,
2406 2095 2491 2150 uti
2535 2072 2665 2149 .ait-
2695 2098 2913 2149 Auctor
2964 2097 3182 2161 noster,
3242 2072 3525 2160 excubiis,
3581 2092 3634 2146 id
3678 2095 3772 2157 est,

2153 2186 2433 2241 diuturna
2456 2189 2859 2254 nocturnaque
2884 2182 3117 2238 illorum
3141 2184 3427 2238 custodia.
3450 2179 3774 2237 Tertulliano

2153 2278 2350 2329 autem
2388 2272 2557 2345 plane
2606 2273 2966 2344 suffragatur
3008 2276 3209 2327 auctor
3257 2271 3518 2342 epistola
3565 2269 3631 2324 ad
3663 2270 3773 2323 Dio-

2153 2361 2542 2434 gnetum,haac
2574 2360 2974 2429 ethnicisjure
3005 2376 3071 2415 ac
3104 2359 3310 2414 merito
3344 2359 3429 2414 sic
3459 2358 3774 2429 exprobran-

2154 2457 2295 2520 tem,
2345 2447 2480 2510 Τούς
2540 2448 2633 2519 μὲν
2702 2445 2943 2510 λιθίνους
3002 2447 3090 2502 καὶ
3150 2446 3501 2521 ὀστρακίνους
3557 2439 3773 2503 σέϐοντες

2153 2536 2530 2615 ἀφυλάκτους,
2583 2535 2710 2598 τοὺς
2783 2534 2840 2589 δὲ
2897 2536 3191 2611 ἀργυρέους
3267 2536 3360 2590 καὶ
3424 2538 3648 2610 χρυσοῦς
3698 2534 3773 2606 ἐγ-

2153 2623 2428 2685 κλείοντες
2484 2628 2600 2683 ταῖς
2634 2623 2770 2692 νυξὶ,
2820 2622 2907 2677 καὶ
2956 2628 3073 2684 ταῖς
3125 2624 3362 2695 ἡμέραις
3415 2622 3647 2700 φύλακας
3682 2640 3772 2673 πα-

2157 2712 2535 2787 ρακαθίσαντες
2576 2708 2665 2764 ἵνα
2725 2712 2800 2783 μή
2831 2710 3113 2766 κλαπῶσιν
3156 2732 3174 2769 :
3224 2715 3360 2769 Deos
3417 2713 3644 2785 lapideos
3687 2712 3769 2781 qui

2154 2806 2276 2861 dem
2321 2812 2374 2859 et
2414 2807 2673 2858 testaceo:
2724 2805 3088 2872 veneramini,
3142 2804 3468 2858 custodibus
3514 2806 3771 2859 carentes;

2156 2897 2442 2963 argenteos
2474 2896 2655 2946 autem
2684 2895 2734 2946 et
2763 2908 2956 2947 aureos
2986 2891 3276 2947 includitis
3308 2901 3491 2958 noctu,
3522 2907 3582 2946 ac
3618 2892 3774 2944 inter-

2155 2984 2252 3038 diu
2282 2981 2535 3036 custodes
2584 2983 2881 3051 apponitis,
2927 2998 2997 3035 ne
3039 2984 3190 3051 furto
3238 2983 3569 3051 auferantur
3606 2979 3772 3049 (Epist.

2156 3071 2226 3126 ad
2254 3073 2411 3141 Diog.
2441 3072 2558 3140 post
2588 3070 2711 3123 init.
2749 3087 2879 3140 pag.
2915 3070 3059 3139 495).
3104 3070 3276 3125 Recte
3325 3086 3460 3140 ergo
3494 3066 3773 3124 Tertullia-

2158 3177 2270 3216 nus
2301 3159 2474 3214 hasce
2496 3158 2770 3213 excubias
2800 3159 3127 3214 Christiano
3153 3157 3327 3213 militi
3348 3160 3553 3213 vetitas
3574 3173 3688 3212 esse
3707 3154 3777 3210 sic

404 3233 713 3305 Rogabant
741 3206 923 3303 igitur
951 3248 1054 3302 pro
1088 3231 1266 3299 hujus
1318 3206 1722 3291 diuturnitate,
1756 3233 1812 3283 et
1858 3232 1923 3282 ut
1952 3243 2045 3281 re-

2160 3248 2503 3321 pronuntiat
2527 3265 2540 3302 :
2582 3269 2608 3300 ι
2628 3248 2947 3303 Excubabit
2968 3266 3071 3320 pro
3093 3247 3332 3319 templis
3362 3249 3573 3320 quibus
3595 3261 3777 3301 renun-

402 3323 736 3377 tardaretur
767 3320 970 3374 mundi
1002 3319 1157 3382 linis,
1192 3335 1361 3388 quem
1394 3319 1640 3390 experiri
1665 3318 2048 3373 nolebant.At

402 3409 670 3481 quamvis
701 3407 804 3462 illa
829 3407 1295 3462 Christianorum
1332 3407 1549 3477 opinio,
1584 3412 1648 3461 ut
1691 3421 1871 3477 supra
1902 3405 2046 3458 vidi-

405 3514 539 3552 mus
571 3499 883 3569 (Dissertat.
920 3499 979 3551 in
1010 3498 1256 3550 Lactant.
1291 3512 1415 3566 cap.
1446 3496 1536 3560 29,
1572 3490 1731 3549 artﬁt
1753 3501 1809 3549 et
1838 3495 2046 3566 seqq.),

402 3601 539 3641 vera
568 3602 684 3640 non
718 3584 817 3653 sit,
854 3602 968 3639 non
1003 3585 1137 3638 inde
1168 3590 1361 3639 tamen
1398 3584 1595 3639 minus
1625 3590 1781 3638 certo
1812 3584 2052 3639 confici-

406 3678 504 3729 tur
533 3673 665 3727 illos
698 3673 941 3728 sinceris
997 3673 1269 3743 precibus
1322 3690 1356 3727 a
1400 3678 1511 3727 Deo
1561 3672 1968 3744 expoposcisse
1998 3678 2055 3727 et

409 3760 661 3818 salutem
691 3761 1132 3831 imperatorum,
1165 3766 1221 3816 et
1269 3761 1649 3833 tranquillam
1700 3762 1928 3833 imperii
1960 3778 2054 3817 eo-

409 3865 541 3905 rum
575 3849 1043 3905 diuturnitatem.

1020 3981 1339 4020 ARTICULUS
1381 3983 1441 4020 Π.

411 4055 753 4112 Christianos
782 4054 1052 4108 immerito
1088 4052 1242 4110 laesa?
1272 4056 1575 4124 maiestatis
1598 4055 1856 4110 humanae
1895 4070 2062 4109 accu-

480 4129 617 4191 sari,
651 4127 785 4198 quia
828 4124 1082 4198 nolebant
1128 4142 1226 4195 pro
1276 4128 1624 4195 imperatoris
1676 4127 1851 4180 salute
1879 4129 2026 4180 sacri
2039 4157 2056 4166 -

483 4197 789 4268 ﬁcarc’diis
815 4197 1132 4266 gentilium,
1164 4201 1257 4250 aut
1289 4214 1375 4252 eos
1422 4199 1660 4268 precari,
1708 4199 1805 4268 qui
1831 4213 1931 4251 nec
1959 4214 2059 4251 sua

481 4269 709 4340 templa,
742 4283 842 4322 nec
870 4284 926 4322 se
956 4269 1097 4338 ipsos
1142 4272 1321 4323 tutari
1364 4272 1635 4338 poterant,
1681 4286 1788 4340 inec
1818 4270 2057 4338 impera-

483 4339 616 4396 toris
645 4340 779 4393 dare
806 4347 903 4393 aut
929 4355 1251 4394 conservare
1295 4341 1549 4408 salutem,
1598 4339 1690 4394 sed
1737 4340 1885 4395 solus
1919 4341 2059 4394 Deus

485 4413 844 4481 omnipotens,
895 4428 927 4463 a
975 4426 1076 4480 quo
1128 4410 1429 4465 Christiani
1477 4414 1738 4483 poterant
1780 4428 1900 4466 eam
1942 4414 2059 4466 suis

486 4484 782 4553 impetrare
805 4483 1086 4552 precibus.

2154 3339 2341 3405 tiavit,
2374 3341 2430 3392 et
2459 3337 2711 3391 ccenabit
2740 3336 2861 3389 illic
2913 3338 3012 3391 ubi
3046 3336 3313 3409 apostolo
3367 3355 3485 3392 non
3516 3337 3707 3408 placet,
3730 3337 3777 3387 et

2157 3444 2304 3499 quos
2335 3425 2596 3481 interdiu
2628 3426 2966 3479 exorcismis
3001 3425 3223 3498 fugavit
3254 3426 3562 3501 [nimirum
3591 3426 3776 3480 daemo-

2164 3533 2262 3572 nes
2292 3519 2348 3571 et
2379 3514 2688 3586 gentilium
2723 3513 2882 3581 deos]
2912 3515 3181 3569 noctibus
3212 3515 3545 3571 defensabit
3576 3513 3776 3567 incum-

2161 3607 2306 3661 bens
2335 3607 2392 3658 et
2440 3603 2813 3674 requiescens
2864 3619 3041 3674 super
3088 3602 3322 3674 pilum?
3367 3624 3397 3655 »
3454 3600 3697 3675 (Tertull.
3725 3598 3780 3653 dc

2163 3695 2354 3750 Coron.
2389 3709 2516 3763 cap.
2550 3691 2656 3759 ll).
2690 3691 2828 3746 Alite
2866 3691 3155 3747 editiones
3205 3708 3377 3761 super
3434 3692 3642 3758 lunrho,
3682 3688 3780 3743 sive

2163 3782 2383 3848 lancea,
2447 3797 2549 3852 qua
2604 3782 2909 3852 perfossum
2964 3788 3043 3836 cst
3102 3781 3247 3835 latus
3306 3781 3558 3837 Christi.
3612 3775 3781 3833 Cernis

2164 3870 2420 3943 profecto
2451 3886 2566 3940 qua
2593 3868 2806 3924 ethnici
2838 3870 3062 3925 ratione
3112 3887 3213 3941 pro
3247 3870 3361 3925 diis
3408 3870 3531 3926 suis
3560 3867 3779 3924 excubao

2166 3964 2294 4015 rent
2320 3957 2762 4029 vigilarentque.
2795 3959 2902 4013 Sed
2943 3959 2999 4012 hi
3031 3960 3324 4028 custodes,
3379 3955 3780 4032 quantumlibet

2163 4047 2389 4119 vigiles,
2425 4047 2709 4118 impedire
2741 4064 2854 4102 non
2882 4052 3196 4119 potuerunt
3226 4050 3545 4121 quominus
3576 4046 3775 4101 illorum

2166 4136 2387 4208 templa
2418 4141 2475 4191 et
2522 4135 2838 4190 simulacra
2895 4136 3164 4208 spoliata,
3215 4144 3405 4209 rapta,
3448 4155 3511 4194 ac
3542 4130 3778 4209 plurimis

2168 4225 2424 4280 ludibrio
2462 4225 2880 4295 despectuiquc
2913 4225 3150 4280 fuerint.
3185 4226 3603 4282 Verumtamen
3625 4218 3784 4295 genti-

2165 4314 2250 4370 les
2311 4329 2660 4385 persuasum
2721 4313 2925 4385 utique
2982 4314 3278 4370 habebant
3335 4317 3459 4372 hazc
3506 4312 3781 4371 simulacra

2166 4402 2451 4474 ipsosmet
2472 4404 2611 4456 deos
2624 4419 2762 4457 suos
2776 4408 3032 4469 esse,aut
3045 4419 3244 4458 eorum
3261 4409 3417 4461 certe
3430 4400 3780 4460 domicilium.

2167 4492 2365 4548 sedem
2393 4495 2448 4546 et
2502 4491 2945 4545 habitationem.
3000 4492 3179 4547 Plura
3226 4499 3423 4549 autem
3475 4494 3543 4548 de
3572 4492 3638 4546 iis
3665 4483 3779 4543 alibi

486 4602 592 4653 Tot
622 4596 912 4652 rationum
949 4598 1262 4653 momentis
1292 4598 1436 4653 satis
1466 4599 1937 4655 demonstratum
1969 4604 2048 4654 est

2165 4580 2575 4636 annotavimus
2601 4580 2914 4647 (Dissertat.
2969 4582 3025 4635 in
3079 4582 3277 4637 Arnob.
3311 4600 3439 4655 cap.
3476 4584 3563 4645 20,
3612 4581 3704 4634 art.
3731 4574 3776 4639 5,

415 4684 799 4747 Christianos,
835 4686 933 4755 qui
966 4690 1083 4739 toto
1132 4686 1328 4741 animo
1370 4686 1553 4742 Deum
1587 4704 1687 4758 pro
1740 4688 2056 4759 imperato-

416 4791 545 4829 rum
579 4771 765 4828 salute
797 4772 1051 4843 quotidie
1089 4775 1351 4843 orabant,
1387 4774 1531 4830 lassae
1554 4792 1753 4829 eorum
1789 4778 2057 4847 majesta-

415 4861 486 4917 tis
516 4877 631 4916 non
662 4876 790 4915 esse
822 4877 970 4917 reos.
1002 4862 1161 4924 Quod
1195 4878 1331 4933 ergo
1362 4868 1563 4917 contra
1585 4880 1872 4935 opponere
1900 4873 2055 4937 pote-

414 4955 545 5005 rant
575 4948 841 5022 gentiles,
886 4949 995 5004 nisi
1052 4950 1367 5006 imbecillia
1400 4968 1639 5022 prorsus
1685 4958 2052 5024 argumenta,

413 5039 817 5110 absurdasque
856 5037 1275 5104 cavillationes,
1330 5056 1457 5110 quae
1509 5043 1685 5095 ruunt
1733 5057 1794 5095 se
1824 5040 1967 5112 ipsis
2000 5049 2057 5098 et

414 5128 678 5184 funditus
710 5127 1081 5183 concidunt?
1127 5127 1209 5181 Ne
1259 5129 1397 5199 quid
1448 5133 1662 5195 tamen,
1719 5128 1886 5184 sicuti
1919 5132 2051 5185 Ter-

410 5217 694 5272 tullianus
724 5220 938 5281 noster,
976 5216 1257 5271 intactum
1291 5218 1716 5288 relinquamus,
1745 5233 1813 5273 ea
1842 5220 2054 5274 exami-

412 5306 609 5362 nanda
635 5310 795 5375 sunt,
859 5310 924 5360 ut
956 5304 1327 5359 manifestius
1384 5306 1623 5361 cuilibet
1682 5307 1775 5361 flat
1835 5314 2055 5374 quanta

411 5397 723 5466 iniquitate
744 5396 915 5449 iidem
946 5393 1259 5450 Christiani
1282 5411 1446 5448 suam
1465 5395 2051 5469 propterreligionem

412 5490 761 5539 vexarentur
791 5487 967 5552 atque
997 5480 1485 5553 opprimerentur.

487 5571 851 5640 Objiciebant
879 5568 1078 5638 itaque
1106 5569 1323 5624 ethnici
1373 5569 1502 5624 illos
1547 5568 1693 5625 laesae
1725 5571 2053 5643 majestatis

418 5659 689 5713 humanas
748 5654 1012 5712 convinci
1068 5658 1201 5729 quia
1250 5674 1356 5731 pro
1384 5658 1803 5731 imperatorum
1863 5661 2054 5719 salute

2167 4674 2225 4726 et
2270 4670 2327 4723 in
2389 4672 2659 4739 Lactant,
2714 4686 2839 4740 cap.
2900 4671 2990 4735 35,
3051 4676 3161 4726 art.
3220 4672 3276 4742 5)
3337 4677 3394 4727 et
3424 4670 3607 4726 adhuc
3651 4663 3778 4719 intra

2166 4757 2452 4813 dicemus.

2234 4867 2341 4919 Fac
2373 4867 2590 4930 tamen,
2627 4862 2675 4917 si
2708 4862 2871 4932 velis,
2903 4863 3152 4936 gentiles
3185 4882 3299 4921 non
3332 4864 3639 4921 credidisse
3674 4859 3775 4913 haec

2165 4952 2482 5008 simulacra
2514 4967 2641 5006 esse
2671 4952 2831 5018 deos,
2866 4953 2965 5007 sed
3000 4952 3071 5008 iis
3121 4957 3348 5009 tantum
3384 4946 3774 5026 representari,

2165 5042 2302 5111 quid
2340 5041 2475 5095 inde
2525 5039 2841 5110 proficies?
2887 5044 3124 5096 Constat
3172 5045 3329 5097 enim
3386 5043 3491 5098 hos
3524 5038 3776 5113 ipsosmet

2164 5129 2472 5203 gentilium
2503 5129 2662 5194 deos,
2698 5128 3055 5201 quicumque
3090 5131 3328 5200 fuerint,
3359 5133 3425 5187 ad
3469 5134 3664 5186 nutum
3692 5140 3773 5179 ar-

2162 5219 2405 5274 bitrium
2466 5217 2811 5289 pependisse
2872 5218 3263 5290 imperatoris.
3328 5221 3393 5275 Et
3449 5221 3501 5274 id
3560 5216 3768 5289 quidem

2163 5307 2357 5373 multi,
2391 5312 2452 5360 ut
2484 5307 2756 5377 superius
2786 5308 3176 5373 ostendimus,
3199 5311 3415 5381 experti
3441 5314 3587 5363 sunt
3613 5302 3766 5369 Ouin-

2162 5398 2337 5453 etiam
2376 5396 2572 5467 plures
2603 5396 2707 5465 dii,
2742 5396 2915 5450 sicuti
2947 5397 3138 5453 aiebat
3157 5399 3562 5462 Tertullianus,
3596 5392 3769 5447 habue-

2162 5495 2296 5541 runt
2328 5486 2603 5542 Caesarem
2647 5486 2851 5539 iratum
2902 5486 3166 5555 (Tertull.
3222 5489 3493 5559 Apotoget.
3547 5501 3642 5554 cap
3690 5478 3765 5543 29,

2160 5591 2295 5648 pag.
2331 5576 2476 5646 439),
2508 5574 2604 5643 qui
2635 5574 2902 5629 videlicet
2936 5592 3049 5630 non
3082 5575 3274 5632 solum
3305 5576 3530 5632 illorum
3577 5574 3691 5627 fana
3717 5572 3765 5620 et

2164 5669 2390 5722 statuas
2425 5662 2725 5731 aediﬁcari,
2771 5663 2871 5719 sed
2901 5664 3061 5735 ipsos
3092 5681 3197 5737 pro
3235 5665 3349 5722 diis
3382 5661 3571 5720 haberi
3595 5652 3763 5730 probi-
