  <div class='ocr_page' id='page_1' title='image "/cluster/home/n/w/nwhite01/storage/ocr_20150623/1/hvd.32044096580337/578.png"; bbox 0 0 4134 6184; ppageno 0'>
   <div class='ocr_carea' id='block_1_1' title="bbox 376 329 524 388">
    <p class='ocr_par' dir='ltr' id='par_1_1' title="bbox 376 329 524 388">
     <span class='ocr_line' id='line_1_1' title="bbox 376 329 524 388; baseline 0.007 -1"><span class='ocrx_word' id='word_1_1' title='bbox 376 329 524 388; x_wconf 74' lang='grc'><strong>1141</strong></span> 
     </span>
    </p>
   </div>
   <div class='ocr_carea' id='block_1_2' title="bbox 1298 332 2881 394">
    <p class='ocr_par' dir='ltr' id='par_1_2' title="bbox 1298 332 2881 394">
     <span class='ocr_line' id='line_1_2' title="bbox 1298 332 2881 394; baseline 0 -5"><span class='ocrx_word' id='word_1_2' title='bbox 1298 332 1368 389; x_wconf 87' lang='lat' dir='ltr'>D.</span> <span class='ocrx_word' id='word_1_3' title='bbox 1416 332 1510 391; x_wconf 86' lang='lat' dir='ltr'>LE</span> <span class='ocrx_word' id='word_1_4' title='bbox 1554 332 1880 393; x_wconf 82' lang='lat' dir='ltr'>NOURRY</span> <span class='ocrx_word' id='word_1_5' title='bbox 1926 332 2578 392; x_wconf 73' lang='lat' dir='ltr'>()BSEHVATIUNES</span> <span class='ocrx_word' id='word_1_6' title='bbox 2622 333 2881 394; x_wconf 69' lang='grc' dir='ltr'>Νυνιλε.</span> 
     </span>
    </p>
   </div>
   <div class='ocr_carea' id='block_1_3' title="bbox 3637 326 3792 385">
    <p class='ocr_par' dir='ltr' id='par_1_3' title="bbox 3637 326 3792 385">
     <span class='ocr_line' id='line_1_3' title="bbox 3637 326 3792 385; baseline 0.006 -1"><span class='ocrx_word' id='word_1_7' title='bbox 3637 326 3792 385; x_wconf 76' lang='grc'><strong>1142</strong></span> 
     </span>
    </p>
   </div>
   <div class='ocr_carea' id='block_1_4' title="bbox 372 459 3788 537">
    <p class='ocr_par' dir='ltr' id='par_1_4' title="bbox 372 459 3788 537">
     <span class='ocr_line' id='line_1_4' title="bbox 372 459 3788 537; baseline -0.001 -19"><span class='ocrx_word' id='word_1_8' title='bbox 372 463 597 518; x_wconf 88' lang='lat' dir='ltr'>buerat.</span> <span class='ocrx_word' id='word_1_9' title='bbox 632 461 787 517; x_wconf 85' lang='lat' dir='ltr'>Nihil</span> <span class='ocrx_word' id='word_1_10' title='bbox 821 465 1017 518; x_wconf 89' lang='lat' dir='ltr'>autem</span> <span class='ocrx_word' id='word_1_11' title='bbox 1042 464 1381 533; x_wconf 75' lang='lat' dir='ltr'>absurdius,</span> <span class='ocrx_word' id='word_1_12' title='bbox 1412 482 1591 537; x_wconf 88' lang='lat' dir='ltr'>quam</span> <span class='ocrx_word' id='word_1_13' title='bbox 1624 483 1657 521; x_wconf 91' lang='lat' dir='ltr'>a</span> <span class='ocrx_word' id='word_1_14' title='bbox 1687 466 1801 522; x_wconf 91' lang='lat' dir='ltr'>diis</span> <span class='ocrx_word' id='word_1_15' title='bbox 1834 466 2020 537; x_wconf 89' lang='lat' dir='ltr'>impe-</span> <span class='ocrx_word' id='word_1_16' title='bbox 2053 466 2107 533; x_wconf 82' lang='grc' dir='ltr'><strong>Α</strong></span> <span class='ocrx_word' id='word_1_17' title='bbox 2137 466 2460 521; x_wconf 81' lang='lat' dir='ltr'>naturalem</span> <span class='ocrx_word' id='word_1_18' title='bbox 2511 468 2684 523; x_wconf 90' lang='lat' dir='ltr'>deum</span> <span class='ocrx_word' id='word_1_19' title='bbox 2734 466 3202 537; x_wconf 80' lang='lat' dir='ltr'>uniuscujusque</span> <span class='ocrx_word' id='word_1_20' title='bbox 3248 462 3377 529; x_wconf 92' lang='lat' dir='ltr'>loci,</span> <span class='ocrx_word' id='word_1_21' title='bbox 3424 460 3510 516; x_wconf 90' lang='lat' dir='ltr'>vel</span> <span class='ocrx_word' id='word_1_22' title='bbox 3564 459 3670 525; x_wconf 92' lang='lat' dir='ltr'>rei,</span> <span class='ocrx_word' id='word_1_23' title='bbox 3701 460 3788 514; x_wconf 92' lang='lat' dir='ltr'>vel</span> 
     </span>
    </p>
   </div>
   <div class='ocr_carea' id='block_1_5' title="bbox 367 552 2022 627">
    <p class='ocr_par' dir='ltr' id='par_1_5' title="bbox 367 552 2022 627">
     <span class='ocr_line' id='line_1_5' title="bbox 367 552 2022 627; baseline 0.002 -21"><span class='ocrx_word' id='word_1_24' title='bbox 367 552 544 607; x_wconf 92' lang='lat' dir='ltr'>ratori</span> <span class='ocrx_word' id='word_1_25' title='bbox 578 552 857 622; x_wconf 75' lang='lat' dir='ltr'>subjectis</span> <span class='ocrx_word' id='word_1_26' title='bbox 890 552 1141 608; x_wconf 83' lang='lat' dir='ltr'>salutem</span> <span class='ocrx_word' id='word_1_27' title='bbox 1176 553 1336 609; x_wconf 89' lang='lat' dir='ltr'>illius</span> <span class='ocrx_word' id='word_1_28' title='bbox 1364 562 1572 626; x_wconf 89' lang='lat' dir='ltr'>petere,</span> <span class='ocrx_word' id='word_1_29' title='bbox 1593 555 1689 627; x_wconf 88' lang='lat' dir='ltr'>qui</span> <span class='ocrx_word' id='word_1_30' title='bbox 1724 572 1893 609; x_wconf 89' lang='lat' dir='ltr'>suam</span> <span class='ocrx_word' id='word_1_31' title='bbox 1929 572 2022 626; x_wconf 89' lang='lat' dir='ltr'>po-</span> 
     </span>
    </p>
   </div>
   <div class='ocr_carea' id='block_1_6' title="bbox 369 639 2020 715">
    <p class='ocr_par' dir='ltr' id='par_1_6' title="bbox 369 639 2020 715">
     <span class='ocr_line' id='line_1_6' title="bbox 369 639 2020 715; baseline 0.001 -20"><span class='ocrx_word' id='word_1_32' title='bbox 369 641 487 695; x_wconf 89' lang='lat' dir='ltr'>tius</span> <span class='ocrx_word' id='word_1_33' title='bbox 520 640 589 695; x_wconf 88' lang='lat' dir='ltr'>ab</span> <span class='ocrx_word' id='word_1_34' title='bbox 634 639 756 705; x_wconf 92' lang='lat' dir='ltr'>illo,</span> <span class='ocrx_word' id='word_1_35' title='bbox 815 657 990 711; x_wconf 92' lang='lat' dir='ltr'>quam</span> <span class='ocrx_word' id='word_1_36' title='bbox 1046 642 1135 696; x_wconf 91' lang='lat' dir='ltr'>hic</span> <span class='ocrx_word' id='word_1_37' title='bbox 1175 642 1246 700; x_wconf 91' lang='lat' dir='ltr'>ab</span> <span class='ocrx_word' id='word_1_38' title='bbox 1300 642 1414 697; x_wconf 82' lang='lat' dir='ltr'>illis</span> <span class='ocrx_word' id='word_1_39' title='bbox 1465 648 1689 715; x_wconf 81' lang='lat' dir='ltr'>poterat</span> <span class='ocrx_word' id='word_1_40' title='bbox 1736 644 2020 699; x_wconf 82' lang='lat' dir='ltr'>obtinere.</span> 
     </span>
    </p>
   </div>
   <div class='ocr_carea' id='block_1_7' title="bbox 366 729 2022 800">
    <p class='ocr_par' dir='ltr' id='par_1_7' title="bbox 366 729 2022 800">
     <span class='ocr_line' id='line_1_7' title="bbox 366 729 2022 800; baseline 0.004 -19"><span class='ocrx_word' id='word_1_41' title='bbox 366 730 729 800; x_wconf 79' lang='lat' dir='ltr'>Quapmpter</span> <span class='ocrx_word' id='word_1_42' title='bbox 753 729 1149 785; x_wconf 84' lang='lat' dir='ltr'>Tertullianus</span> <span class='ocrx_word' id='word_1_43' title='bbox 1180 733 1413 787; x_wconf 86' lang='lat' dir='ltr'>eosdem</span> <span class='ocrx_word' id='word_1_44' title='bbox 1447 733 1710 788; x_wconf 85' lang='lat' dir='ltr'>ethnicos</span> <span class='ocrx_word' id='word_1_45' title='bbox 1743 732 1833 787; x_wconf 86' lang='lat' dir='ltr'>his</span> <span class='ocrx_word' id='word_1_46' title='bbox 1866 750 2022 788; x_wconf 92' lang='lat' dir='ltr'>com-</span> 
     </span>
    </p>
   </div>
   <div class='ocr_carea' id='block_1_8' title="bbox 366 816 2020 894">
    <p class='ocr_par' dir='ltr' id='par_1_8' title="bbox 366 816 2020 894">
     <span class='ocr_line' id='line_1_8' title="bbox 366 816 2020 894; baseline 0.002 -21"><span class='ocrx_word' id='word_1_47' title='bbox 366 818 543 890; x_wconf 80' lang='lat' dir='ltr'>pellat</span> <span class='ocrx_word' id='word_1_48' title='bbox 573 816 764 873; x_wconf 82' lang='lat' dir='ltr'>verbis</span> <span class='ocrx_word' id='word_1_49' title='bbox 798 835 809 871; x_wconf 93' lang='lat'>:</span> <span class='ocrx_word' id='word_1_50' title='bbox 846 842 872 868; x_wconf 88' lang='lat'><strong>«</strong></span> <span class='ocrx_word' id='word_1_51' title='bbox 908 820 1016 873; x_wconf 86' lang='lat' dir='ltr'>Sed</span> <span class='ocrx_word' id='word_1_52' title='bbox 1070 837 1167 874; x_wconf 91' lang='lat' dir='ltr'>vos</span> <span class='ocrx_word' id='word_1_53' title='bbox 1200 821 1533 892; x_wconf 84' lang='lat' dir='ltr'>irreligiosi,</span> <span class='ocrx_word' id='word_1_54' title='bbox 1568 822 1667 894; x_wconf 86' lang='lat' dir='ltr'>qui</span> <span class='ocrx_word' id='word_1_55' title='bbox 1699 839 1827 877; x_wconf 87' lang='lat' dir='ltr'>eam</span> <span class='ocrx_word' id='word_1_56' title='bbox 1861 821 2020 876; x_wconf 89' lang='lat' dir='ltr'>salu-</span> 
     </span>
    </p>
   </div>
   <div class='ocr_carea' id='block_1_9' title="bbox 365 906 2019 982">
    <p class='ocr_par' dir='ltr' id='par_1_9' title="bbox 365 906 2019 982">
     <span class='ocr_line' id='line_1_9' title="bbox 365 906 2019 982; baseline 0.002 -20"><span class='ocrx_word' id='word_1_57' title='bbox 365 912 482 963; x_wconf 86' lang='lat' dir='ltr'>tem</span> <span class='ocrx_word' id='word_1_58' title='bbox 516 906 776 977; x_wconf 69' lang='lat' dir='ltr'>quaaritis</span> <span class='ocrx_word' id='word_1_59' title='bbox 809 908 905 963; x_wconf 92' lang='lat' dir='ltr'>ubi</span> <span class='ocrx_word' id='word_1_60' title='bbox 960 926 1069 964; x_wconf 91' lang='lat' dir='ltr'>non</span> <span class='ocrx_word' id='word_1_61' title='bbox 1120 916 1244 976; x_wconf 90' lang='lat' dir='ltr'>est;</span> <span class='ocrx_word' id='word_1_62' title='bbox 1308 911 1505 982; x_wconf 83' lang='lat' dir='ltr'>petitis</span> <span class='ocrx_word' id='word_1_63' title='bbox 1554 928 1587 965; x_wconf 90' lang='lat' dir='ltr'>a</span> <span class='ocrx_word' id='word_1_64' title='bbox 1636 912 1851 982; x_wconf 85' lang='lat' dir='ltr'>quibus</span> <span class='ocrx_word' id='word_1_65' title='bbox 1892 912 2019 966; x_wconf 87' lang='lat' dir='ltr'>dari</span> 
     </span>
    </p>
   </div>
   <div class='ocr_carea' id='block_1_10' title="bbox 362 997 2018 1071">
    <p class='ocr_par' dir='ltr' id='par_1_10' title="bbox 362 997 2018 1071">
     <span class='ocr_line' id='line_1_10' title="bbox 362 997 2018 1071; baseline 0.004 -22"><span class='ocrx_word' id='word_1_66' title='bbox 362 1012 474 1050; x_wconf 91' lang='lat' dir='ltr'>non</span> <span class='ocrx_word' id='word_1_67' title='bbox 509 1000 755 1066; x_wconf 82' lang='lat' dir='ltr'>potest»</span> <span class='ocrx_word' id='word_1_68' title='bbox 787 997 950 1067; x_wconf 79' lang='lat' dir='ltr'>(Ibid.</span> <span class='ocrx_word' id='word_1_69' title='bbox 997 1016 1053 1069; x_wconf 91' lang='lat' dir='ltr'>p.</span> <span class='ocrx_word' id='word_1_70' title='bbox 1105 999 1250 1067; x_wconf 84' lang='grc'>440).</span> <span class='ocrx_word' id='word_1_71' title='bbox 1307 1001 1390 1054; x_wconf 79' lang='lat' dir='ltr'>lta</span> <span class='ocrx_word' id='word_1_72' title='bbox 1440 1000 1678 1071; x_wconf 89' lang='lat' dir='ltr'>quidem</span> <span class='ocrx_word' id='word_1_73' title='bbox 1712 1002 1769 1055; x_wconf 92' lang='lat' dir='ltr'>in</span> <span class='ocrx_word' id='word_1_74' title='bbox 1804 1000 2018 1055; x_wconf 87' lang='lat' dir='ltr'>nostris</span> 
     </span>
    </p>
   </div>
   <div class='ocr_carea' id='block_1_11' title="bbox 359 1085 2015 1162">
    <p class='ocr_par' dir='ltr' id='par_1_11' title="bbox 359 1085 2015 1162">
     <span class='ocr_line' id='line_1_11' title="bbox 359 1085 2015 1162; baseline 0.003 -23"><span class='ocrx_word' id='word_1_75' title='bbox 359 1085 658 1140; x_wconf 84' lang='lat' dir='ltr'>codicibus</span> <span class='ocrx_word' id='word_1_76' title='bbox 710 1090 766 1140; x_wconf 91' lang='lat' dir='ltr'>et</span> <span class='ocrx_word' id='word_1_77' title='bbox 837 1087 1195 1142; x_wconf 89' lang='lat' dir='ltr'>editionibus</span> <span class='ocrx_word' id='word_1_78' title='bbox 1253 1090 1535 1162; x_wconf 84' lang='lat' dir='ltr'>antiquis.</span> <span class='ocrx_word' id='word_1_79' title='bbox 1599 1092 1670 1145; x_wconf 87' lang='lat' dir='ltr'>At</span> <span class='ocrx_word' id='word_1_80' title='bbox 1726 1090 2015 1161; x_wconf 83' lang='lat' dir='ltr'>Rigaltius</span> 
     </span>
    </p>
   </div>
   <div class='ocr_carea' id='block_1_12' title="bbox 358 1173 2014 1263">
    <p class='ocr_par' dir='ltr' id='par_1_12' title="bbox 358 1173 2014 1263">
     <span class='ocr_line' id='line_1_12' title="bbox 358 1173 2014 1263; baseline 0.004 -37"><span class='ocrx_word' id='word_1_81' title='bbox 358 1178 562 1228; x_wconf 88' lang='lat' dir='ltr'>contra</span> <span class='ocrx_word' id='word_1_82' title='bbox 596 1173 829 1229; x_wconf 89' lang='lat' dir='ltr'>illorum</span> <span class='ocrx_word' id='word_1_83' title='bbox 864 1178 1128 1233; x_wconf 90' lang='lat' dir='ltr'>omnium</span> <span class='ocrx_word' id='word_1_84' title='bbox 1177 1180 1579 1235; x_wconf 86' lang='lat' dir='ltr'>auctoritatem</span> <span class='ocrx_word' id='word_1_85' title='bbox 1611 1179 1787 1234; x_wconf 89' lang='lat' dir='ltr'>scribi</span> <span class='ocrx_word' id='word_1_86' title='bbox 1812 1178 2014 1263; x_wconf 60' lang='lat' dir='ltr'>jussit,</span> 
     </span>
    </p>
   </div>
   <div class='ocr_carea' id='block_1_13' title="bbox 356 1263 2013 1340">
    <p class='ocr_par' dir='ltr' id='par_1_13' title="bbox 356 1263 2013 1340">
     <span class='ocr_line' id='line_1_13' title="bbox 356 1263 2013 1340; baseline 0.003 -24"><span class='ocrx_word' id='word_1_87' title='bbox 356 1263 624 1332; x_wconf 74' lang='lat' dir='ltr'>religiosi,</span> <span class='ocrx_word' id='word_1_88' title='bbox 653 1263 809 1318; x_wconf 91' lang='lat' dir='ltr'>haud</span> <span class='ocrx_word' id='word_1_89' title='bbox 846 1265 1021 1321; x_wconf 87' lang='lat' dir='ltr'>dubie</span> <span class='ocrx_word' id='word_1_90' title='bbox 1052 1267 1193 1339; x_wconf 90' lang='lat' dir='ltr'>quia</span> <span class='ocrx_word' id='word_1_91' title='bbox 1222 1269 1469 1339; x_wconf 85' lang='lat' dir='ltr'>putabat</span> <span class='ocrx_word' id='word_1_92' title='bbox 1500 1269 1633 1323; x_wconf 91' lang='lat' dir='ltr'>illos</span> <span class='ocrx_word' id='word_1_93' title='bbox 1670 1268 1747 1323; x_wconf 92' lang='lat' dir='ltr'>ibi</span> <span class='ocrx_word' id='word_1_94' title='bbox 1785 1267 2013 1340; x_wconf 85' lang='lat' dir='ltr'>religio-</span> 
     </span>
    </p>
   </div>
   <div class='ocr_carea' id='block_1_14' title="bbox 354 1352 2011 1427">
    <p class='ocr_par' dir='ltr' id='par_1_14' title="bbox 354 1352 2011 1427">
     <span class='ocr_line' id='line_1_14' title="bbox 354 1352 2011 1427; baseline 0.004 -22"><span class='ocrx_word' id='word_1_95' title='bbox 354 1368 453 1406; x_wconf 91' lang='lat' dir='ltr'>sos</span> <span class='ocrx_word' id='word_1_96' title='bbox 494 1352 716 1407; x_wconf 91' lang='lat' dir='ltr'>ironice</span> <span class='ocrx_word' id='word_1_97' title='bbox 748 1354 1051 1425; x_wconf 90' lang='lat' dir='ltr'>appellari.</span> <span class='ocrx_word' id='word_1_98' title='bbox 1089 1358 1196 1411; x_wconf 90' lang='lat' dir='ltr'>Sed</span> <span class='ocrx_word' id='word_1_99' title='bbox 1254 1356 1465 1411; x_wconf 88' lang='lat' dir='ltr'>licetne</span> <span class='ocrx_word' id='word_1_100' title='bbox 1513 1357 1665 1411; x_wconf 90' lang='lat' dir='ltr'>hanc</span> <span class='ocrx_word' id='word_1_101' title='bbox 1713 1358 1784 1411; x_wconf 92' lang='lat' dir='ltr'>ob</span> <span class='ocrx_word' id='word_1_102' title='bbox 1818 1357 2011 1427; x_wconf 87' lang='lat' dir='ltr'>conje-</span> 
     </span>
    </p>
   </div>
   <div class='ocr_carea' id='block_1_15' title="bbox 358 1443 2010 1516">
    <p class='ocr_par' dir='ltr' id='par_1_15' title="bbox 358 1443 2010 1516">
     <span class='ocr_line' id='line_1_15' title="bbox 358 1443 2010 1516; baseline 0.003 -22"><span class='ocrx_word' id='word_1_103' title='bbox 358 1444 588 1495; x_wconf 91' lang='lat' dir='ltr'>cturam</span> <span class='ocrx_word' id='word_1_104' title='bbox 622 1443 966 1499; x_wconf 83' lang='lat' dir='ltr'>auctoritate</span> <span class='ocrx_word' id='word_1_105' title='bbox 995 1446 1233 1516; x_wconf 89' lang='lat' dir='ltr'>propria</span> <span class='ocrx_word' id='word_1_106' title='bbox 1263 1452 1485 1501; x_wconf 86' lang='lat' dir='ltr'>textum</span> <span class='ocrx_word' id='word_1_107' title='bbox 1512 1446 1768 1501; x_wconf 88' lang='lat' dir='ltr'>auctoris</span> <span class='ocrx_word' id='word_1_108' title='bbox 1800 1446 2010 1500; x_wconf 91' lang='lat' dir='ltr'>immu-</span> 
     </span>
    </p>
   </div>
   <div class='ocr_carea' id='block_1_16' title="bbox 355 1533 2007 1608">
    <p class='ocr_par' dir='ltr' id='par_1_16' title="bbox 355 1533 2007 1608">
     <span class='ocr_line' id='line_1_16' title="bbox 355 1533 2007 1608; baseline 0.005 -26"><span class='ocrx_word' id='word_1_109' title='bbox 355 1533 504 1599; x_wconf 89' lang='lat' dir='ltr'>tare,</span> <span class='ocrx_word' id='word_1_110' title='bbox 537 1534 709 1601; x_wconf 89' lang='lat' dir='ltr'>atque</span> <span class='ocrx_word' id='word_1_111' title='bbox 742 1536 865 1587; x_wconf 90' lang='lat' dir='ltr'>tum</span> <span class='ocrx_word' id='word_1_112' title='bbox 902 1534 1150 1591; x_wconf 81' lang='lat' dir='ltr'>maxime</span> <span class='ocrx_word' id='word_1_113' title='bbox 1185 1536 1420 1608; x_wconf 90' lang='lat' dir='ltr'>quando</span> <span class='ocrx_word' id='word_1_114' title='bbox 1466 1536 1773 1607; x_wconf 87' lang='lat' dir='ltr'>utriusque</span> <span class='ocrx_word' id='word_1_115' title='bbox 1806 1536 2007 1590; x_wconf 84' lang='lat' dir='ltr'>lectio-</span> 
     </span>
    </p>
   </div>
   <div class='ocr_carea' id='block_1_17' title="bbox 355 1618 1895 1697">
    <p class='ocr_par' dir='ltr' id='par_1_17' title="bbox 355 1618 1895 1697">
     <span class='ocr_line' id='line_1_17' title="bbox 355 1618 1895 1697; baseline 0.008 -25"><span class='ocrx_word' id='word_1_116' title='bbox 355 1618 448 1673; x_wconf 88' lang='lat' dir='ltr'>nis</span> <span class='ocrx_word' id='word_1_117' title='bbox 481 1619 632 1673; x_wconf 90' lang='lat' dir='ltr'>idem</span> <span class='ocrx_word' id='word_1_118' title='bbox 666 1629 752 1675; x_wconf 91' lang='lat' dir='ltr'>est</span> <span class='ocrx_word' id='word_1_119' title='bbox 787 1628 1043 1678; x_wconf 78' lang='lat' dir='ltr'>sensus?</span> <span class='ocrx_word' id='word_1_120' title='bbox 1889 1692 1895 1697; x_wconf 54' lang='grc'>,</span> 
     </span>
    </p>
   </div>
   <div class='ocr_carea' id='block_1_18' title="bbox 428 1707 2001 1785">
    <p class='ocr_par' dir='ltr' id='par_1_18' title="bbox 428 1707 2001 1785">
     <span class='ocr_line' id='line_1_18' title="bbox 428 1707 2001 1785; baseline 0.003 -24"><span class='ocrx_word' id='word_1_121' title='bbox 428 1707 651 1764; x_wconf 84' lang='lat' dir='ltr'>Rursus</span> <span class='ocrx_word' id='word_1_122' title='bbox 669 1714 865 1766; x_wconf 89' lang='lat' dir='ltr'>autem</span> <span class='ocrx_word' id='word_1_123' title='bbox 893 1711 987 1766; x_wconf 94' lang='lat' dir='ltr'>ille</span> <span class='ocrx_word' id='word_1_124' title='bbox 1011 1714 1378 1768; x_wconf 86' lang='lat' dir='ltr'>demonstrat</span> <span class='ocrx_word' id='word_1_125' title='bbox 1400 1714 1762 1769; x_wconf 83' lang='lat' dir='ltr'>Christianos</span> <span class='ocrx_word' id='word_1_126' title='bbox 1796 1713 2001 1785; x_wconf 88' lang='lat' dir='ltr'>magis,</span> 
     </span>
    </p>
   </div>
   <div class='ocr_carea' id='block_1_19' title="bbox 2133 551 3785 626">
    <p class='ocr_par' dir='ltr' id='par_1_19' title="bbox 2133 551 3785 626">
     <span class='ocr_line' id='line_1_19' title="bbox 2133 551 3785 626; baseline -0.003 -15"><span class='ocrx_word' id='word_1_127' title='bbox 2133 556 2432 621; x_wconf 89' lang='lat' dir='ltr'>hominis;</span> <span class='ocrx_word' id='word_1_128' title='bbox 2461 567 2517 613; x_wconf 90' lang='lat' dir='ltr'>et</span> <span class='ocrx_word' id='word_1_129' title='bbox 2542 558 2703 619; x_wconf 81' lang='lat' dir='ltr'>alibi,</span> <span class='ocrx_word' id='word_1_130' title='bbox 2723 576 2921 612; x_wconf 90' lang='lat' dir='ltr'>manes</span> <span class='ocrx_word' id='word_1_131' title='bbox 2944 575 2976 612; x_wconf 92' lang='lat' dir='ltr'>a</span> <span class='ocrx_word' id='word_1_132' title='bbox 2994 554 3231 626; x_wconf 82' lang='lat' dir='ltr'>Virgilio</span> <span class='ocrx_word' id='word_1_133' title='bbox 3254 553 3532 625; x_wconf 88' lang='lat' dir='ltr'>appellari</span> <span class='ocrx_word' id='word_1_134' title='bbox 3558 551 3785 623; x_wconf 86' lang='lat' dir='ltr'>genios,</span> 
     </span>
    </p>
   </div>
   <div class='ocr_carea' id='block_1_20' title="bbox 2134 640 3781 718">
    <p class='ocr_par' dir='ltr' id='par_1_20' title="bbox 2134 640 3781 718">
     <span class='ocr_line' id='line_1_20' title="bbox 2134 640 3781 718; baseline -0.004 -17"><span class='ocrx_word' id='word_1_135' title='bbox 2134 663 2283 718; x_wconf 91' lang='lat' dir='ltr'>quos</span> <span class='ocrx_word' id='word_1_136' title='bbox 2326 664 2459 702; x_wconf 91' lang='lat' dir='ltr'>cum</span> <span class='ocrx_word' id='word_1_137' title='bbox 2507 649 2622 700; x_wconf 88' lang='lat' dir='ltr'>vita</span> <span class='ocrx_word' id='word_1_138' title='bbox 2670 664 2873 701; x_wconf 79' lang='lat' dir='ltr'>omnes</span> <span class='ocrx_word' id='word_1_139' title='bbox 2932 646 3260 700; x_wconf 86' lang='lat' dir='ltr'>sortiuntur</span> <span class='ocrx_word' id='word_1_140' title='bbox 3295 644 3473 711; x_wconf 88' lang='lat' dir='ltr'>(Serv.</span> <span class='ocrx_word' id='word_1_141' title='bbox 3527 643 3581 695; x_wconf 87' lang='lat' dir='ltr'>in</span> <span class='ocrx_word' id='word_1_142' title='bbox 3634 640 3781 694; x_wconf 82' lang='lat' dir='ltr'>lib.1</span> 
     </span>
    </p>
   </div>
   <div class='ocr_carea' id='block_1_21' title="bbox 2135 729 3778 807">
    <p class='ocr_par' dir='ltr' id='par_1_21' title="bbox 2135 729 3778 807">
     <span class='ocr_line' id='line_1_21' title="bbox 2135 729 3778 807; baseline -0.004 -18"><span class='ocrx_word' id='word_1_143' title='bbox 2135 734 2298 805; x_wconf 82' lang='lat' dir='ltr'>Georg</span> <span class='ocrx_word' id='word_1_144' title='bbox 2356 752 2485 807; x_wconf 86' lang='lat' dir='ltr'>pag.</span> <span class='ocrx_word' id='word_1_145' title='bbox 2518 737 2607 803; x_wconf 88' lang='lat'>85,</span> <span class='ocrx_word' id='word_1_146' title='bbox 2640 740 2694 789; x_wconf 89' lang='lat' dir='ltr'>et</span> <span class='ocrx_word' id='word_1_147' title='bbox 2726 738 2780 789; x_wconf 91' lang='lat' dir='ltr'>in</span> <span class='ocrx_word' id='word_1_148' title='bbox 2814 736 2909 789; x_wconf 87' lang='lat' dir='ltr'>lib.</span> <span class='ocrx_word' id='word_1_149' title='bbox 2937 752 2992 789; x_wconf 82' lang='lat' dir='ltr'>v1</span> <span class='ocrx_word' id='word_1_150' title='bbox 3024 732 3236 789; x_wconf 72' lang='lat' dir='ltr'>AEneid.</span> <span class='ocrx_word' id='word_1_151' title='bbox 3263 747 3394 803; x_wconf 86' lang='lat' dir='ltr'>pag.</span> <span class='ocrx_word' id='word_1_152' title='bbox 3422 729 3568 800; x_wconf 82' lang='grc'>440).</span> <span class='ocrx_word' id='word_1_153' title='bbox 3604 729 3778 783; x_wconf 89' lang='lat' dir='ltr'>Varro</span> 
     </span>
    </p>
   </div>
   <div class='ocr_carea' id='block_1_22' title="bbox 2131 817 3779 896">
    <p class='ocr_par' dir='ltr' id='par_1_22' title="bbox 2131 817 3779 896">
     <span class='ocr_line' id='line_1_22' title="bbox 2131 817 3779 896; baseline -0.004 -18"><span class='ocrx_word' id='word_1_154' title='bbox 2131 840 2383 896; x_wconf 90' lang='lat' dir='ltr'>quoque,</span> <span class='ocrx_word' id='word_1_155' title='bbox 2419 825 2489 878; x_wconf 90' lang='lat' dir='ltr'>ab</span> <span class='ocrx_word' id='word_1_156' title='bbox 2526 824 2853 896; x_wconf 71' lang='lat' dir='ltr'>Augustino</span> <span class='ocrx_word' id='word_1_157' title='bbox 2886 824 3097 877; x_wconf 85' lang='lat' dir='ltr'>citatus</span> <span class='ocrx_word' id='word_1_158' title='bbox 3128 824 3399 893; x_wconf 81' lang='lat' dir='ltr'>(August.</span> <span class='ocrx_word' id='word_1_159' title='bbox 3435 818 3537 873; x_wconf 90' lang='lat' dir='ltr'>lib.</span> <span class='ocrx_word' id='word_1_160' title='bbox 3587 834 3663 871; x_wconf 86' lang='lat' dir='ltr'>vn</span> <span class='ocrx_word' id='word_1_161' title='bbox 3714 817 3779 871; x_wconf 81' lang='lat' dir='ltr'>de</span> 
     </span>
    </p>
   </div>
   <div class='ocr_carea' id='block_1_23' title="bbox 2132 910 3771 987">
    <p class='ocr_par' dir='ltr' id='par_1_23' title="bbox 2132 910 3771 987">
     <span class='ocr_line' id='line_1_23' title="bbox 2132 910 3771 987; baseline -0.003 -20"><span class='ocrx_word' id='word_1_162' title='bbox 2132 913 2295 969; x_wconf 79' lang='lat' dir='ltr'>Civil.</span> <span class='ocrx_word' id='word_1_163' title='bbox 2329 932 2455 985; x_wconf 87' lang='lat' dir='ltr'>cap.</span> <span class='ocrx_word' id='word_1_164' title='bbox 2484 915 2568 985; x_wconf 88' lang='lat'>13,</span> <span class='ocrx_word' id='word_1_165' title='bbox 2596 933 2724 987; x_wconf 89' lang='lat' dir='ltr'>pag.</span> <span class='ocrx_word' id='word_1_166' title='bbox 2758 917 2896 983; x_wconf 77' lang='grc'><strong>192),</strong></span> <span class='ocrx_word' id='word_1_167' title='bbox 2918 915 3143 970; x_wconf 80' lang='lat' dir='ltr'>dixerat</span> <span class='ocrx_word' id='word_1_168' title='bbox 3172 913 3407 985; x_wconf 89' lang='lat' dir='ltr'>genium</span> <span class='ocrx_word' id='word_1_169' title='bbox 3441 926 3566 966; x_wconf 88' lang='lat' dir='ltr'>esse</span> <span class='ocrx_word' id='word_1_170' title='bbox 3597 910 3771 963; x_wconf 81' lang='lat' dir='ltr'>deum</span> 
     </span>
    </p>
   </div>
   <div class='ocr_carea' id='block_1_24' title="bbox 2129 998 3774 1075">
    <p class='ocr_par' dir='ltr' id='par_1_24' title="bbox 2129 998 3774 1075">
     <span class='ocr_line' id='line_1_24' title="bbox 2129 998 3774 1075; baseline -0.004 -18"><span class='ocrx_word' id='word_1_171' title='bbox 2129 1024 2158 1052; x_wconf 87' lang='lat'>«</span> <span class='ocrx_word' id='word_1_172' title='bbox 2192 1000 2292 1074; x_wconf 77' lang='lat' dir='ltr'>q&#39;ui</span> <span class='ocrx_word' id='word_1_173' title='bbox 2345 1005 2708 1075; x_wconf 58' lang='lat' dir='ltr'>praepositus,</span> <span class='ocrx_word' id='word_1_174' title='bbox 2758 1022 2823 1059; x_wconf 91' lang='lat' dir='ltr'>ac</span> <span class='ocrx_word' id='word_1_175' title='bbox 2874 1006 2987 1058; x_wconf 86' lang='lat' dir='ltr'>vim</span> <span class='ocrx_word' id='word_1_176' title='bbox 3042 1004 3218 1058; x_wconf 88' lang='lat' dir='ltr'>habet</span> <span class='ocrx_word' id='word_1_177' title='bbox 3267 1018 3460 1057; x_wconf 91' lang='lat' dir='ltr'>rerum</span> <span class='ocrx_word' id='word_1_178' title='bbox 3509 998 3774 1054; x_wconf 90' lang='lat' dir='ltr'>omnium</span> 
     </span>
    </p>
   </div>
   <div class='ocr_carea' id='block_1_25' title="bbox 2127 1087 3776 1165">
    <p class='ocr_par' dir='ltr' id='par_1_25' title="bbox 2127 1087 3776 1165">
     <span class='ocr_line' id='line_1_25' title="bbox 2127 1087 3776 1165; baseline -0.002 -20"><span class='ocrx_word' id='word_1_179' title='bbox 2127 1091 2573 1165; x_wconf 75' lang='lat' dir='ltr'>gignendarum.</span> <span class='ocrx_word' id='word_1_180' title='bbox 2619 1116 2645 1142; x_wconf 82' lang='lat'><strong>»</strong></span> <span class='ocrx_word' id='word_1_181' title='bbox 2698 1094 2871 1147; x_wconf 90' lang='lat' dir='ltr'>Plura</span> <span class='ocrx_word' id='word_1_182' title='bbox 2918 1097 3112 1148; x_wconf 88' lang='lat' dir='ltr'>autem</span> <span class='ocrx_word' id='word_1_183' title='bbox 3173 1093 3242 1147; x_wconf 86' lang='lat' dir='ltr'>de</span> <span class='ocrx_word' id='word_1_184' title='bbox 3298 1090 3483 1163; x_wconf 89' lang='lat' dir='ltr'>geniis</span> <span class='ocrx_word' id='word_1_185' title='bbox 3542 1087 3776 1159; x_wconf 89' lang='lat' dir='ltr'>Lipsius</span> 
     </span>
    </p>
   </div>
   <div class='ocr_carea' id='block_1_26' title="bbox 2126 1180 3771 1253">
    <p class='ocr_par' dir='ltr' id='par_1_26' title="bbox 2126 1180 3771 1253">
     <span class='ocr_line' id='line_1_26' title="bbox 2126 1180 3771 1253; baseline -0.002 -18"><span class='ocrx_word' id='word_1_186' title='bbox 2126 1180 2247 1251; x_wconf 90' lang='lat' dir='ltr'>(lib.</span> <span class='ocrx_word' id='word_1_187' title='bbox 2284 1182 2643 1251; x_wconf 78' lang='lat' dir='ltr'>iPhysiolog.</span> <span class='ocrx_word' id='word_1_188' title='bbox 2680 1200 2782 1252; x_wconf 87' lang='lat' dir='ltr'>cap</span> <span class='ocrx_word' id='word_1_189' title='bbox 2843 1184 2925 1246; x_wconf 87' lang='lat'>19,</span> <span class='ocrx_word' id='word_1_190' title='bbox 2982 1198 3111 1253; x_wconf 88' lang='lat' dir='ltr'>pag.</span> <span class='ocrx_word' id='word_1_191' title='bbox 3163 1181 3266 1236; x_wconf 62' lang='lat'>55/4</span> <span class='ocrx_word' id='word_1_192' title='bbox 3325 1186 3381 1233; x_wconf 81' lang='lat' dir='ltr'>et</span> <span class='ocrx_word' id='word_1_193' title='bbox 3430 1194 3594 1250; x_wconf 89' lang='lat' dir='ltr'>seqq.</span> <span class='ocrx_word' id='word_1_194' title='bbox 3629 1182 3771 1232; x_wconf 89' lang='lat' dir='ltr'>tom.</span> 
     </span>
    </p>
   </div>
   <div class='ocr_carea' id='block_1_27' title="bbox 2127 1265 3771 1343">
    <p class='ocr_par' dir='ltr' id='par_1_27' title="bbox 2127 1265 3771 1343">
     <span class='ocr_line' id='line_1_27' title="bbox 2127 1265 3771 1343; baseline -0.002 -18"><span class='ocrx_word' id='word_1_195' title='bbox 2127 1270 2220 1342; x_wconf 86' lang='lat' dir='ltr'>IV)</span> <span class='ocrx_word' id='word_1_196' title='bbox 2263 1289 2275 1339; x_wconf 93' lang='lat'><strong>;</strong></span> <span class='ocrx_word' id='word_1_197' title='bbox 2327 1271 2547 1327; x_wconf 83' lang='lat' dir='ltr'>Natalis</span> <span class='ocrx_word' id='word_1_198' title='bbox 2597 1272 2822 1339; x_wconf 87' lang='lat' dir='ltr'>Comes,</span> <span class='ocrx_word' id='word_1_199' title='bbox 2874 1271 2997 1343; x_wconf 89' lang='lat' dir='ltr'>(lib.</span> <span class='ocrx_word' id='word_1_200' title='bbox 3061 1288 3113 1324; x_wconf 84' lang='lat' dir='ltr'>IV</span> <span class='ocrx_word' id='word_1_201' title='bbox 3162 1268 3449 1341; x_wconf 79' lang='lat' dir='ltr'>Mytholog.</span> <span class='ocrx_word' id='word_1_202' title='bbox 3498 1284 3622 1339; x_wconf 91' lang='lat' dir='ltr'>cap.</span> <span class='ocrx_word' id='word_1_203' title='bbox 3674 1265 3771 1335; x_wconf 87' lang='lat'>3);</span> 
     </span>
    </p>
   </div>
   <div class='ocr_carea' id='block_1_28' title="bbox 2125 1355 3770 1430">
    <p class='ocr_par' dir='ltr' id='par_1_28' title="bbox 2125 1355 3770 1430">
     <span class='ocr_line' id='line_1_28' title="bbox 2125 1355 3770 1430; baseline -0.002 -19"><span class='ocrx_word' id='word_1_204' title='bbox 2125 1360 2368 1415; x_wconf 91' lang='lat' dir='ltr'>Vossius</span> <span class='ocrx_word' id='word_1_205' title='bbox 2396 1364 2583 1425; x_wconf 69' lang='lat' dir='ltr'>(Voss.</span> <span class='ocrx_word' id='word_1_206' title='bbox 2619 1360 2717 1414; x_wconf 89' lang='lat' dir='ltr'>lib.</span> <span class='ocrx_word' id='word_1_207' title='bbox 2752 1378 2767 1414; x_wconf 81' lang='grc' dir='ltr'>ι</span> <span class='ocrx_word' id='word_1_208' title='bbox 2802 1361 2949 1430; x_wconf 87' lang='lat' dir='ltr'>Orig.</span> <span class='ocrx_word' id='word_1_209' title='bbox 2984 1368 3034 1414; x_wconf 87' lang='lat' dir='ltr'>et</span> <span class='ocrx_word' id='word_1_210' title='bbox 3071 1375 3255 1430; x_wconf 88' lang='lat' dir='ltr'>progr.</span> <span class='ocrx_word' id='word_1_211' title='bbox 3305 1358 3435 1412; x_wconf 82' lang='lat' dir='ltr'>idol.</span> <span class='ocrx_word' id='word_1_212' title='bbox 3488 1372 3615 1426; x_wconf 90' lang='lat' dir='ltr'>cap.</span> <span class='ocrx_word' id='word_1_213' title='bbox 3660 1355 3770 1423; x_wconf 87' lang='grc'>18),</span> 
     </span>
    </p>
   </div>
   <div class='ocr_carea' id='block_1_29' title="bbox 2122 1444 3767 1519">
    <p class='ocr_par' dir='ltr' id='par_1_29' title="bbox 2122 1444 3767 1519">
     <span class='ocr_line' id='line_1_29' title="bbox 2122 1444 3767 1519; baseline -0.003 -17"><span class='ocrx_word' id='word_1_214' title='bbox 2122 1452 2180 1502; x_wconf 92' lang='lat' dir='ltr'>et</span> <span class='ocrx_word' id='word_1_215' title='bbox 2220 1449 2339 1511; x_wconf 78' lang='lat' dir='ltr'>alii,</span> <span class='ocrx_word' id='word_1_216' title='bbox 2377 1465 2597 1519; x_wconf 84' lang='lat' dir='ltr'>nosque</span> <span class='ocrx_word' id='word_1_217' title='bbox 2643 1451 2696 1502; x_wconf 91' lang='lat' dir='ltr'>in</span> <span class='ocrx_word' id='word_1_218' title='bbox 2754 1447 3153 1519; x_wconf 77' lang='lat' dir='ltr'>superioribus</span> <span class='ocrx_word' id='word_1_219' title='bbox 3214 1446 3429 1500; x_wconf 88' lang='lat' dir='ltr'>nostris</span> <span class='ocrx_word' id='word_1_220' title='bbox 3482 1444 3767 1499; x_wconf 85' lang='lat' dir='ltr'>disserta-</span> 
     </span>
    </p>
   </div>
   <div class='ocr_carea' id='block_1_30' title="bbox 2119 1537 2395 1592">
    <p class='ocr_par' dir='ltr' id='par_1_30' title="bbox 2119 1537 2395 1592">
     <span class='ocr_line' id='line_1_30' title="bbox 2119 1537 2395 1592; baseline 0 -2"><span class='ocrx_word' id='word_1_221' title='bbox 2119 1537 2395 1592; x_wconf 89' lang='lat' dir='ltr'>tionibus.</span> 
     </span>
    </p>
   </div>
   <div class='ocr_carea' id='block_1_31' title="bbox 2188 1624 3762 1697">
    <p class='ocr_par' dir='ltr' id='par_1_31' title="bbox 2188 1624 3762 1697">
     <span class='ocr_line' id='line_1_31' title="bbox 2188 1624 3762 1697; baseline -0.003 -17"><span class='ocrx_word' id='word_1_222' title='bbox 2188 1628 2321 1690; x_wconf 66' lang='lat' dir='ltr'>Quae</span> <span class='ocrx_word' id='word_1_223' title='bbox 2355 1643 2484 1680; x_wconf 90' lang='lat' dir='ltr'>vero</span> <span class='ocrx_word' id='word_1_224' title='bbox 2534 1626 2609 1680; x_wconf 91' lang='lat' dir='ltr'>ibi</span> <span class='ocrx_word' id='word_1_225' title='bbox 2657 1626 2857 1680; x_wconf 89' lang='lat' dir='ltr'>leviter</span> <span class='ocrx_word' id='word_1_226' title='bbox 2906 1626 3234 1697; x_wconf 85' lang='lat' dir='ltr'>attigimus,</span> <span class='ocrx_word' id='word_1_227' title='bbox 3284 1624 3427 1679; x_wconf 87' lang='lat' dir='ltr'>satis</span> <span class='ocrx_word' id='word_1_228' title='bbox 3471 1636 3762 1693; x_wconf 87' lang='lat' dir='ltr'>superque</span> 
     </span>
    </p>
   </div>
   <div class='ocr_carea' id='block_1_32' title="bbox 2115 1710 3759 1788">
    <p class='ocr_par' dir='ltr' id='par_1_32' title="bbox 2115 1710 3759 1788">
     <span class='ocr_line' id='line_1_32' title="bbox 2115 1710 3759 1788; baseline -0.003 -20"><span class='ocrx_word' id='word_1_229' title='bbox 2115 1715 2524 1769; x_wconf 86' lang='lat' dir='ltr'>demonstrant</span> <span class='ocrx_word' id='word_1_230' title='bbox 2552 1714 2812 1769; x_wconf 84' lang='lat' dir='ltr'>ethnicos</span> <span class='ocrx_word' id='word_1_231' title='bbox 2836 1730 3181 1788; x_wconf 87' lang='lat' dir='ltr'>persuasum</span> <span class='ocrx_word' id='word_1_232' title='bbox 3217 1712 3492 1767; x_wconf 89' lang='lat' dir='ltr'>habuisse</span> <span class='ocrx_word' id='word_1_233' title='bbox 3522 1710 3759 1783; x_wconf 90' lang='lat' dir='ltr'>genium</span> 
     </span>
    </p>
   </div>
   <div class='ocr_carea' id='block_1_33' title="bbox 353 1799 3763 1901">
    <p class='ocr_par' dir='ltr' id='par_1_33' title="bbox 353 1799 3763 1901">
     <span class='ocr_line' id='line_1_33' title="bbox 353 1799 3763 1901; baseline 0.001 -52"><span class='ocrx_word' id='word_1_234' title='bbox 353 1812 532 1867; x_wconf 89' lang='lat' dir='ltr'>quam</span> <span class='ocrx_word' id='word_1_235' title='bbox 601 1799 870 1870; x_wconf 79' lang='lat' dir='ltr'>gentiles,</span> <span class='ocrx_word' id='word_1_236' title='bbox 931 1802 1000 1856; x_wconf 91' lang='lat' dir='ltr'>de</span> <span class='ocrx_word' id='word_1_237' title='bbox 1054 1801 1430 1873; x_wconf 89' lang='lat' dir='ltr'>imperatoris</span> <span class='ocrx_word' id='word_1_238' title='bbox 1486 1803 1575 1857; x_wconf 91' lang='lat' dir='ltr'>sui</span> <span class='ocrx_word' id='word_1_239' title='bbox 1634 1802 1820 1857; x_wconf 87' lang='lat' dir='ltr'>salute</span> <span class='ocrx_word' id='word_1_240' title='bbox 1877 1818 2004 1857; x_wconf 85' lang='lat' dir='ltr'>esse</span> <span class='ocrx_word' id='word_1_241' title='bbox 2035 1838 2079 1901; x_wconf 81' lang='grc' dir='ltr'><strong>Β</strong></span> <span class='ocrx_word' id='word_1_242' title='bbox 2115 1802 2484 1872; x_wconf 90' lang='lat' dir='ltr'>imperatoris</span> <span class='ocrx_word' id='word_1_243' title='bbox 2514 1821 2641 1859; x_wconf 85' lang='lat' dir='ltr'>esse</span> <span class='ocrx_word' id='word_1_244' title='bbox 2668 1805 3021 1875; x_wconf 83' lang='lat' dir='ltr'>singularem</span> <span class='ocrx_word' id='word_1_245' title='bbox 3056 1803 3214 1857; x_wconf 87' lang='lat' dir='ltr'>illius</span> <span class='ocrx_word' id='word_1_246' title='bbox 3241 1802 3439 1870; x_wconf 90' lang='lat' dir='ltr'>deum,</span> <span class='ocrx_word' id='word_1_247' title='bbox 3470 1818 3503 1855; x_wconf 93' lang='lat' dir='ltr'>a</span> <span class='ocrx_word' id='word_1_248' title='bbox 3534 1816 3647 1871; x_wconf 93' lang='lat' dir='ltr'>quo</span> <span class='ocrx_word' id='word_1_249' title='bbox 3670 1799 3763 1870; x_wconf 92' lang='lat' dir='ltr'>ip-</span> 
     </span>
    </p>
   </div>
   <div class='ocr_carea' id='block_1_34' title="bbox 353 1884 2000 1963">
    <p class='ocr_par' dir='ltr' id='par_1_34' title="bbox 353 1884 2000 1963">
     <span class='ocr_line' id='line_1_34' title="bbox 353 1884 2000 1963; baseline 0.002 -22"><span class='ocrx_word' id='word_1_250' title='bbox 353 1884 634 1941; x_wconf 88' lang='lat' dir='ltr'>sollicitos</span> <span class='ocrx_word' id='word_1_251' title='bbox 685 1888 845 1959; x_wconf 88' lang='lat' dir='ltr'>(Ibid.</span> <span class='ocrx_word' id='word_1_252' title='bbox 881 1906 1004 1962; x_wconf 92' lang='lat' dir='ltr'>cap.</span> <span class='ocrx_word' id='word_1_253' title='bbox 1040 1893 1129 1957; x_wconf 92' lang='lat'>33,</span> <span class='ocrx_word' id='word_1_254' title='bbox 1168 1909 1300 1963; x_wconf 85' lang='lat' dir='ltr'>pag.</span> <span class='ocrx_word' id='word_1_255' title='bbox 1345 1892 1488 1960; x_wconf 90' lang='grc'>448),</span> <span class='ocrx_word' id='word_1_256' title='bbox 1542 1892 1745 1946; x_wconf 76' lang='grc'>1045</span> <span class='ocrx_word' id='word_1_257' title='bbox 1802 1897 2000 1961; x_wconf 87' lang='lat' dir='ltr'>utpote</span> 
     </span>
    </p>
   </div>
   <div class='ocr_carea' id='block_1_35' title="bbox 356 1976 1998 2047">
    <p class='ocr_par' dir='ltr' id='par_1_35' title="bbox 356 1976 1998 2047">
     <span class='ocr_line' id='line_1_35' title="bbox 356 1976 1998 2047; baseline 0.004 -19"><span class='ocrx_word' id='word_1_258' title='bbox 356 1977 457 2046; x_wconf 92' lang='lat' dir='ltr'>qui</span> <span class='ocrx_word' id='word_1_259' title='bbox 502 1976 871 2047; x_wconf 80' lang='lat' dir='ltr'>exploratum</span> <span class='ocrx_word' id='word_1_260' title='bbox 923 1980 1217 2036; x_wconf 89' lang='lat' dir='ltr'>habebant</span> <span class='ocrx_word' id='word_1_261' title='bbox 1264 1980 1429 2035; x_wconf 90' lang='lat' dir='ltr'>illum</span> <span class='ocrx_word' id='word_1_262' title='bbox 1492 1998 1522 2035; x_wconf 92' lang='lat' dir='ltr'>a</span> <span class='ocrx_word' id='word_1_263' title='bbox 1568 1998 1701 2035; x_wconf 90' lang='lat' dir='ltr'>vero</span> <span class='ocrx_word' id='word_1_264' title='bbox 1756 1982 1864 2034; x_wconf 81' lang='lat' dir='ltr'>Deo</span> <span class='ocrx_word' id='word_1_265' title='bbox 1893 1998 1998 2035; x_wconf 90' lang='lat' dir='ltr'>suo</span> 
     </span>
    </p>
   </div>
   <div class='ocr_carea' id='block_1_36' title="bbox 356 2064 1995 2138">
    <p class='ocr_par' dir='ltr' id='par_1_36' title="bbox 356 2064 1995 2138">
     <span class='ocr_line' id='line_1_36' title="bbox 356 2064 1995 2138; baseline 0.002 -21"><span class='ocrx_word' id='word_1_266' title='bbox 356 2064 539 2119; x_wconf 85' lang='lat' dir='ltr'>fuisse</span> <span class='ocrx_word' id='word_1_267' title='bbox 585 2065 856 2121; x_wconf 90' lang='lat' dir='ltr'>electum.</span> <span class='ocrx_word' id='word_1_268' title='bbox 905 2068 1128 2123; x_wconf 87' lang='lat' dir='ltr'>Etenim</span> <span class='ocrx_word' id='word_1_269' title='bbox 1170 2069 1315 2135; x_wconf 85' lang='lat' dir='ltr'>inde,</span> <span class='ocrx_word' id='word_1_270' title='bbox 1350 2070 1560 2138; x_wconf 87' lang='lat' dir='ltr'>inquit,</span> <span class='ocrx_word' id='word_1_271' title='bbox 1588 2078 1826 2138; x_wconf 79' lang='lat' dir='ltr'>potestas</span> <span class='ocrx_word' id='word_1_272' title='bbox 1873 2066 1995 2135; x_wconf 81' lang='lat' dir='ltr'>illi,</span> 
     </span>
    </p>
   </div>
   <div class='ocr_carea' id='block_1_37' title="bbox 352 2155 1996 2229">
    <p class='ocr_par' dir='ltr' id='par_1_37' title="bbox 352 2155 1996 2229">
     <span class='ocr_line' id='line_1_37' title="bbox 352 2155 1996 2229; baseline 0.002 -22"><span class='ocrx_word' id='word_1_273' title='bbox 352 2155 500 2208; x_wconf 80' lang='lat' dir='ltr'>unde</span> <span class='ocrx_word' id='word_1_274' title='bbox 528 2155 762 2224; x_wconf 79' lang='lat' dir='ltr'>spiritus</span> <span class='ocrx_word' id='word_1_275' title='bbox 792 2157 842 2211; x_wconf 87' lang='lat' dir='ltr'>el</span> <span class='ocrx_word' id='word_1_276' title='bbox 874 2162 990 2213; x_wconf 78' lang='lat' dir='ltr'>vita</span> <span class='ocrx_word' id='word_1_277' title='bbox 1022 2157 1204 2227; x_wconf 85' lang='lat' dir='ltr'>(Ibid.,</span> <span class='ocrx_word' id='word_1_278' title='bbox 1232 2175 1357 2228; x_wconf 91' lang='lat' dir='ltr'>cap.</span> <span class='ocrx_word' id='word_1_279' title='bbox 1384 2160 1473 2227; x_wconf 86' lang='lat'>30,</span> <span class='ocrx_word' id='word_1_280' title='bbox 1500 2176 1553 2229; x_wconf 91' lang='lat' dir='ltr'>p.</span> <span class='ocrx_word' id='word_1_281' title='bbox 1580 2158 1726 2227; x_wconf 82' lang='grc'>442).</span> <span class='ocrx_word' id='word_1_282' title='bbox 1754 2160 1821 2211; x_wconf 83' lang='lat' dir='ltr'>At</span> <span class='ocrx_word' id='word_1_283' title='bbox 1853 2156 1996 2211; x_wconf 91' lang='lat' dir='ltr'>illud</span> 
     </span>
    </p>
   </div>
   <div class='ocr_carea' id='block_1_38' title="bbox 351 2246 1994 2317">
    <p class='ocr_par' dir='ltr' id='par_1_38' title="bbox 351 2246 1994 2317">
     <span class='ocr_line' id='line_1_38' title="bbox 351 2246 1994 2317; baseline 0.002 -21"><span class='ocrx_word' id='word_1_284' title='bbox 351 2260 465 2297; x_wconf 89' lang='lat' dir='ltr'>non</span> <span class='ocrx_word' id='word_1_285' title='bbox 498 2248 726 2299; x_wconf 89' lang='lat' dir='ltr'>tantum</span> <span class='ocrx_word' id='word_1_286' title='bbox 760 2246 1012 2301; x_wconf 84' lang='lat' dir='ltr'>naturali</span> <span class='ocrx_word' id='word_1_287' title='bbox 1049 2247 1267 2301; x_wconf 85' lang='lat' dir='ltr'>lumine</span> <span class='ocrx_word' id='word_1_288' title='bbox 1317 2253 1645 2317; x_wconf 78' lang='lat' dir='ltr'>agnoverat,</span> <span class='ocrx_word' id='word_1_289' title='bbox 1680 2248 1779 2301; x_wconf 90' lang='lat' dir='ltr'>sed</span> <span class='ocrx_word' id='word_1_290' title='bbox 1829 2264 1861 2300; x_wconf 90' lang='lat' dir='ltr'>a</span> <span class='ocrx_word' id='word_1_291' title='bbox 1909 2246 1994 2300; x_wconf 91' lang='lat' dir='ltr'>di-</span> 
     </span>
    </p>
   </div>
   <div class='ocr_carea' id='block_1_39' title="bbox 345 2330 1991 2407">
    <p class='ocr_par' dir='ltr' id='par_1_39' title="bbox 345 2330 1991 2407">
     <span class='ocr_line' id='line_1_39' title="bbox 345 2330 1991 2407; baseline 0.003 -22"><span class='ocrx_word' id='word_1_292' title='bbox 345 2330 480 2387; x_wconf 91' lang='lat' dir='ltr'>vino</span> <span class='ocrx_word' id='word_1_293' title='bbox 510 2333 725 2403; x_wconf 81' lang='lat' dir='ltr'>Spiritu</span> <span class='ocrx_word' id='word_1_294' title='bbox 750 2334 965 2389; x_wconf 82' lang='lat' dir='ltr'>afflatis</span> <span class='ocrx_word' id='word_1_295' title='bbox 997 2335 1215 2391; x_wconf 88' lang='lat' dir='ltr'>nostris</span> <span class='ocrx_word' id='word_1_296' title='bbox 1247 2336 1632 2405; x_wconf 89' lang='lat' dir='ltr'>scriptoribus</span> <span class='ocrx_word' id='word_1_297' title='bbox 1654 2335 1991 2407; x_wconf 79' lang='lat' dir='ltr'>(Idem,lib.1</span> 
     </span>
    </p>
   </div>
   <div class='ocr_carea' id='block_1_40' title="bbox 344 2420 1987 2495">
    <p class='ocr_par' dir='ltr' id='par_1_40' title="bbox 344 2420 1987 2495">
     <span class='ocr_line' id='line_1_40' title="bbox 344 2420 1987 2495; baseline 0.002 -22"><span class='ocrx_word' id='word_1_298' title='bbox 344 2420 411 2474; x_wconf 80' lang='lat' dir='ltr'>de</span> <span class='ocrx_word' id='word_1_299' title='bbox 444 2424 758 2491; x_wconf 62' lang='lat' dir='ltr'>I’ra’script.</span> <span class='ocrx_word' id='word_1_300' title='bbox 791 2440 840 2477; x_wconf 92' lang='lat' dir='ltr'>c.</span> <span class='ocrx_word' id='word_1_301' title='bbox 873 2427 949 2489; x_wconf 89' lang='lat'>2).</span> <span class='ocrx_word' id='word_1_302' title='bbox 987 2424 1170 2495; x_wconf 83' lang='lat' dir='ltr'>Reges</span> <span class='ocrx_word' id='word_1_303' title='bbox 1202 2442 1457 2495; x_wconf 90' lang='lat' dir='ltr'>namque</span> <span class='ocrx_word' id='word_1_304' title='bbox 1487 2424 1648 2495; x_wconf 90' lang='lat' dir='ltr'>ipsos</span> <span class='ocrx_word' id='word_1_305' title='bbox 1695 2423 1987 2490; x_wconf 90' lang='lat' dir='ltr'>Salomon,</span> 
     </span>
    </p>
   </div>
   <div class='ocr_carea' id='block_1_41' title="bbox 342 2510 1985 2584">
    <p class='ocr_par' dir='ltr' id='par_1_41' title="bbox 342 2510 1985 2584">
     <span class='ocr_line' id='line_1_41' title="bbox 342 2510 1985 2584; baseline 0.004 -22"><span class='ocrx_word' id='word_1_306' title='bbox 342 2519 403 2562; x_wconf 91' lang='lat' dir='ltr'>1n</span> <span class='ocrx_word' id='word_1_307' title='bbox 434 2510 763 2581; x_wconf 70' lang='lat' dir='ltr'>Sapientiae,</span> <span class='ocrx_word' id='word_1_308' title='bbox 796 2512 951 2567; x_wconf 91' lang='lat' dir='ltr'>sicut</span> <span class='ocrx_word' id='word_1_309' title='bbox 1000 2513 1096 2567; x_wconf 90' lang='lat' dir='ltr'>ille</span> <span class='ocrx_word' id='word_1_310' title='bbox 1145 2516 1245 2584; x_wconf 89' lang='lat' dir='ltr'>ait,</span> <span class='ocrx_word' id='word_1_311' title='bbox 1279 2513 1427 2569; x_wconf 92' lang='lat' dir='ltr'>libro</span> <span class='ocrx_word' id='word_1_312' title='bbox 1478 2514 1562 2568; x_wconf 89' lang='lat' dir='ltr'>sic</span> <span class='ocrx_word' id='word_1_313' title='bbox 1619 2512 1940 2584; x_wconf 90' lang='lat' dir='ltr'>alloquitur</span> <span class='ocrx_word' id='word_1_314' title='bbox 1974 2530 1985 2568; x_wconf 95' lang='lat'>:</span> 
     </span>
    </p>
   </div>
   <div class='ocr_carea' id='block_1_42' title="bbox 343 2598 1990 2673">
    <p class='ocr_par' dir='ltr' id='par_1_42' title="bbox 343 2598 1990 2673">
     <span class='ocr_line' id='line_1_42' title="bbox 343 2598 1990 2673; baseline 0.003 -22"><span class='ocrx_word' id='word_1_315' title='bbox 343 2598 480 2651; x_wconf 88' lang='lat' dir='ltr'>Data</span> <span class='ocrx_word' id='word_1_316' title='bbox 527 2603 607 2652; x_wconf 77' lang='lat' dir='ltr'>est</span> <span class='ocrx_word' id='word_1_317' title='bbox 652 2617 685 2653; x_wconf 90' lang='lat' dir='ltr'>a</span> <span class='ocrx_word' id='word_1_318' title='bbox 734 2601 962 2657; x_wconf 87' lang='lat' dir='ltr'>Domino</span> <span class='ocrx_word' id='word_1_319' title='bbox 1010 2608 1241 2673; x_wconf 78' lang='lat' dir='ltr'>potestas</span> <span class='ocrx_word' id='word_1_320' title='bbox 1291 2603 1461 2668; x_wconf 88' lang='lat' dir='ltr'>vobis,</span> <span class='ocrx_word' id='word_1_321' title='bbox 1494 2606 1545 2657; x_wconf 85' lang='lat' dir='ltr'>et</span> <span class='ocrx_word' id='word_1_322' title='bbox 1591 2604 1764 2657; x_wconf 86' lang='lat' dir='ltr'>virtus</span> <span class='ocrx_word' id='word_1_323' title='bbox 1805 2603 1872 2655; x_wconf 90' lang='lat' dir='ltr'>ab</span> <span class='ocrx_word' id='word_1_324' title='bbox 1902 2603 1990 2656; x_wconf 84' lang='grc' dir='ltr'>Αι-</span> 
     </span>
    </p>
   </div>
   <div class='ocr_carea' id='block_1_43' title="bbox 341 2688 1987 2759">
    <p class='ocr_par' dir='ltr' id='par_1_43' title="bbox 341 2688 1987 2759">
     <span class='ocr_line' id='line_1_43' title="bbox 341 2688 1987 2759; baseline 0.004 -20"><span class='ocrx_word' id='word_1_325' title='bbox 341 2688 552 2741; x_wconf 84' lang='lat' dir='ltr'>tissimo</span> <span class='ocrx_word' id='word_1_326' title='bbox 581 2691 730 2759; x_wconf 88' lang='lat' dir='ltr'>(Sap.</span> <span class='ocrx_word' id='word_1_327' title='bbox 765 2706 844 2748; x_wconf 82' lang='lat' dir='ltr'>v1.</span> <span class='ocrx_word' id='word_1_328' title='bbox 878 2692 952 2757; x_wconf 80' lang='grc'>4).</span> <span class='ocrx_word' id='word_1_329' title='bbox 988 2690 1201 2746; x_wconf 88' lang='lat' dir='ltr'>Paulus</span> <span class='ocrx_word' id='word_1_330' title='bbox 1228 2707 1361 2746; x_wconf 86' lang='lat' dir='ltr'>vero</span> <span class='ocrx_word' id='word_1_331' title='bbox 1401 2692 1471 2745; x_wconf 87' lang='lat' dir='ltr'>ad</span> <span class='ocrx_word' id='word_1_332' title='bbox 1524 2694 1813 2745; x_wconf 78' lang='lat' dir='ltr'>Romanos</span> <span class='ocrx_word' id='word_1_333' title='bbox 1845 2689 1987 2745; x_wconf 90' lang='lat' dir='ltr'>scri-</span> 
     </span>
    </p>
   </div>
   <div class='ocr_carea' id='block_1_44' title="bbox 341 2775 1985 2850">
    <p class='ocr_par' dir='ltr' id='par_1_44' title="bbox 341 2775 1985 2850">
     <span class='ocr_line' id='line_1_44' title="bbox 341 2775 1985 2850; baseline 0.003 -22"><span class='ocrx_word' id='word_1_334' title='bbox 341 2775 461 2847; x_wconf 87' lang='lat' dir='ltr'>psit</span> <span class='ocrx_word' id='word_1_335' title='bbox 493 2792 505 2829; x_wconf 90' lang='lat'><strong>:</strong></span> <span class='ocrx_word' id='word_1_336' title='bbox 550 2776 665 2831; x_wconf 85' lang='lat' dir='ltr'>Non</span> <span class='ocrx_word' id='word_1_337' title='bbox 708 2782 787 2832; x_wconf 90' lang='lat' dir='ltr'>est</span> <span class='ocrx_word' id='word_1_338' title='bbox 832 2784 1086 2849; x_wconf 74' lang='lat' dir='ltr'>potestas,</span> <span class='ocrx_word' id='word_1_339' title='bbox 1118 2780 1230 2834; x_wconf 86' lang='lat' dir='ltr'>nisi</span> <span class='ocrx_word' id='word_1_340' title='bbox 1254 2798 1283 2835; x_wconf 90' lang='lat' dir='ltr'>a</span> <span class='ocrx_word' id='word_1_341' title='bbox 1319 2780 1443 2845; x_wconf 87' lang='lat' dir='ltr'>Deo,</span> <span class='ocrx_word' id='word_1_342' title='bbox 1476 2794 1601 2850; x_wconf 67' lang='lat' dir='ltr'>quae</span> <span class='ocrx_word' id='word_1_343' title='bbox 1626 2788 1807 2833; x_wconf 85' lang='lat' dir='ltr'>autem</span> <span class='ocrx_word' id='word_1_344' title='bbox 1835 2787 1985 2843; x_wconf 81' lang='lat' dir='ltr'>sunt,</span> 
     </span>
    </p>
   </div>
   <div class='ocr_carea' id='block_1_45' title="bbox 338 2866 1987 2939">
    <p class='ocr_par' dir='ltr' id='par_1_45' title="bbox 338 2866 1987 2939">
     <span class='ocr_line' id='line_1_45' title="bbox 338 2866 1987 2939; baseline 0.004 -22"><span class='ocrx_word' id='word_1_345' title='bbox 338 2879 375 2917; x_wconf 87' lang='lat' dir='ltr'>a</span> <span class='ocrx_word' id='word_1_346' title='bbox 434 2866 536 2919; x_wconf 89' lang='lat' dir='ltr'>Deo</span> <span class='ocrx_word' id='word_1_347' title='bbox 594 2866 868 2923; x_wconf 76' lang='lat' dir='ltr'>ordinatae</span> <span class='ocrx_word' id='word_1_348' title='bbox 918 2872 1044 2922; x_wconf 83' lang='lat' dir='ltr'>sunt</span> <span class='ocrx_word' id='word_1_349' title='bbox 1084 2869 1252 2939; x_wconf 84' lang='lat' dir='ltr'>(Rom.</span> <span class='ocrx_word' id='word_1_350' title='bbox 1284 2885 1442 2932; x_wconf 86' lang='lat' dir='ltr'>xvm,</span> <span class='ocrx_word' id='word_1_351' title='bbox 1480 2872 1551 2937; x_wconf 90' lang='lat'>1).</span> <span class='ocrx_word' id='word_1_352' title='bbox 1586 2867 1987 2924; x_wconf 89' lang='lat' dir='ltr'>Tertullianus</span> 
     </span>
    </p>
   </div>
   <div class='ocr_carea' id='block_1_46' title="bbox 338 2953 1987 3023">
    <p class='ocr_par' dir='ltr' id='par_1_46' title="bbox 338 2953 1987 3023">
     <span class='ocr_line' id='line_1_46' title="bbox 338 2953 1987 3023; baseline 0.003 -18"><span class='ocrx_word' id='word_1_353' title='bbox 338 2953 666 3023; x_wconf 89' lang='lat' dir='ltr'>igiturjure</span> <span class='ocrx_word' id='word_1_354' title='bbox 696 2972 837 3011; x_wconf 86' lang='lat' dir='ltr'>sane</span> <span class='ocrx_word' id='word_1_355' title='bbox 860 2958 1070 3012; x_wconf 91' lang='lat' dir='ltr'>merito</span> <span class='ocrx_word' id='word_1_356' title='bbox 1104 2957 1238 3012; x_wconf 91' lang='lat' dir='ltr'>hinc</span> <span class='ocrx_word' id='word_1_357' title='bbox 1267 2956 1563 3012; x_wconf 88' lang='lat' dir='ltr'>concludit</span> <span class='ocrx_word' id='word_1_358' title='bbox 1590 2973 1649 3010; x_wconf 84' lang='grc'>;‹‹</span> <span class='ocrx_word' id='word_1_359' title='bbox 1672 2962 1879 3011; x_wconf 88' lang='lat' dir='ltr'>Noster</span> <span class='ocrx_word' id='word_1_360' title='bbox 1898 2962 1987 3011; x_wconf 87' lang='lat' dir='ltr'>est</span> 
     </span>
    </p>
   </div>
   <div class='ocr_carea' id='block_1_47' title="bbox 338 3041 1979 3115">
    <p class='ocr_par' dir='ltr' id='par_1_47' title="bbox 338 3041 1979 3115">
     <span class='ocr_line' id='line_1_47' title="bbox 338 3041 1979 3115; baseline 0.004 -21"><span class='ocrx_word' id='word_1_361' title='bbox 338 3041 529 3111; x_wconf 89' lang='lat' dir='ltr'>magis</span> <span class='ocrx_word' id='word_1_362' title='bbox 574 3044 785 3108; x_wconf 77' lang='lat' dir='ltr'>Caesar,</span> <span class='ocrx_word' id='word_1_363' title='bbox 818 3062 853 3098; x_wconf 92' lang='lat' dir='ltr'>a</span> <span class='ocrx_word' id='word_1_364' title='bbox 883 3050 1080 3100; x_wconf 87' lang='lat' dir='ltr'>nostro</span> <span class='ocrx_word' id='word_1_365' title='bbox 1129 3046 1243 3101; x_wconf 91' lang='lat' dir='ltr'>Deo</span> <span class='ocrx_word' id='word_1_366' title='bbox 1273 3046 1631 3100; x_wconf 87' lang='lat' dir='ltr'>constitutus</span> <span class='ocrx_word' id='word_1_367' title='bbox 1662 3068 1689 3095; x_wconf 83' lang='lat'>»</span> <span class='ocrx_word' id='word_1_368' title='bbox 1719 3044 1979 3115; x_wconf 87' lang='lat' dir='ltr'>(Tertull.</span> 
     </span>
    </p>
   </div>
   <div class='ocr_carea' id='block_1_48' title="bbox 336 3129 1983 3205">
    <p class='ocr_par' dir='ltr' id='par_1_48' title="bbox 336 3129 1983 3205">
     <span class='ocr_line' id='line_1_48' title="bbox 336 3129 1983 3205; baseline 0.002 -22"><span class='ocrx_word' id='word_1_369' title='bbox 336 3129 615 3203; x_wconf 76' lang='lat' dir='ltr'>Apoloyet.</span> <span class='ocrx_word' id='word_1_370' title='bbox 649 3148 775 3202; x_wconf 87' lang='lat' dir='ltr'>cap.</span> <span class='ocrx_word' id='word_1_371' title='bbox 809 3132 898 3197; x_wconf 91' lang='lat'>33,</span> <span class='ocrx_word' id='word_1_372' title='bbox 934 3150 992 3204; x_wconf 93' lang='lat' dir='ltr'>p.</span> <span class='ocrx_word' id='word_1_373' title='bbox 1037 3134 1162 3203; x_wconf 83' lang='grc'>448)</span> <span class='ocrx_word' id='word_1_374' title='bbox 1194 3151 1369 3204; x_wconf 91' lang='lat' dir='ltr'>quam</span> <span class='ocrx_word' id='word_1_375' title='bbox 1404 3133 1508 3187; x_wconf 92' lang='lat' dir='ltr'>ulli</span> <span class='ocrx_word' id='word_1_376' title='bbox 1539 3134 1845 3205; x_wconf 91' lang='lat' dir='ltr'>gentilium</span> <span class='ocrx_word' id='word_1_377' title='bbox 1879 3134 1983 3199; x_wconf 89' lang='lat' dir='ltr'>dii,</span> 
     </span>
    </p>
   </div>
   <div class='ocr_carea' id='block_1_49' title="bbox 2113 1889 3762 1965">
    <p class='ocr_par' dir='ltr' id='par_1_49' title="bbox 2113 1889 3762 1965">
     <span class='ocr_line' id='line_1_49' title="bbox 2113 1889 3762 1965; baseline -0.002 -18"><span class='ocrx_word' id='word_1_378' title='bbox 2113 1910 2246 1947; x_wconf 91' lang='lat' dir='ltr'>sum</span> <span class='ocrx_word' id='word_1_379' title='bbox 2279 1895 2541 1964; x_wconf 82' lang='lat' dir='ltr'>genitum</span> <span class='ocrx_word' id='word_1_380' title='bbox 2575 1910 2639 1948; x_wconf 92' lang='lat' dir='ltr'>ac</span> <span class='ocrx_word' id='word_1_381' title='bbox 2662 1894 2778 1965; x_wconf 87' lang='lat' dir='ltr'>regi</span> <span class='ocrx_word' id='word_1_382' title='bbox 2808 1892 3389 1947; x_wconf 87' lang='lat' dir='ltr'>arbitrabantur.Non</span> <span class='ocrx_word' id='word_1_383' title='bbox 3416 1891 3629 1944; x_wconf 91' lang='lat' dir='ltr'>mirum</span> <span class='ocrx_word' id='word_1_384' title='bbox 3655 1889 3762 1943; x_wconf 88' lang='lat' dir='ltr'>ita-</span> 
     </span>
    </p>
   </div>
   <div class='ocr_carea' id='block_1_50' title="bbox 2116 1980 3761 2053">
    <p class='ocr_par' dir='ltr' id='par_1_50' title="bbox 2116 1980 3761 2053">
     <span class='ocr_line' id='line_1_50' title="bbox 2116 1980 3761 2053; baseline -0.002 -18"><span class='ocrx_word' id='word_1_385' title='bbox 2116 1998 2229 2052; x_wconf 92' lang='lat' dir='ltr'>que</span> <span class='ocrx_word' id='word_1_386' title='bbox 2260 1983 2307 2036; x_wconf 93' lang='lat' dir='ltr'>si</span> <span class='ocrx_word' id='word_1_387' title='bbox 2343 2000 2441 2053; x_wconf 90' lang='lat' dir='ltr'>per</span> <span class='ocrx_word' id='word_1_388' title='bbox 2473 2000 2605 2036; x_wconf 89' lang='lat' dir='ltr'>eum</span> <span class='ocrx_word' id='word_1_389' title='bbox 2633 1984 2921 2053; x_wconf 87' lang='lat' dir='ltr'>jurarent,</span> <span class='ocrx_word' id='word_1_390' title='bbox 2956 1999 3020 2037; x_wconf 88' lang='lat' dir='ltr'>ac</span> <span class='ocrx_word' id='word_1_391' title='bbox 3046 1981 3411 2037; x_wconf 88' lang='lat' dir='ltr'>Christianos</span> <span class='ocrx_word' id='word_1_392' title='bbox 3444 1980 3645 2050; x_wconf 87' lang='lat' dir='ltr'>jurare</span> <span class='ocrx_word' id='word_1_393' title='bbox 3676 1994 3761 2031; x_wconf 91' lang='lat' dir='ltr'>re-</span> 
     </span>
    </p>
   </div>
   <div class='ocr_carea' id='block_1_51' title="bbox 2116 2070 3298 2140">
    <p class='ocr_par' dir='ltr' id='par_1_51' title="bbox 2116 2070 3298 2140">
     <span class='ocr_line' id='line_1_51' title="bbox 2116 2070 3298 2140; baseline -0.002 -16"><span class='ocrx_word' id='word_1_394' title='bbox 2116 2078 2363 2124; x_wconf 88' lang='lat' dir='ltr'>nuentes</span> <span class='ocrx_word' id='word_1_395' title='bbox 2398 2070 2545 2125; x_wconf 61' lang='lat' dir='ltr'>lineae</span> <span class='ocrx_word' id='word_1_396' title='bbox 2577 2076 2920 2125; x_wconf 79' lang='lat' dir='ltr'>accusarent</span> <span class='ocrx_word' id='word_1_397' title='bbox 2952 2070 3298 2140; x_wconf 90' lang='lat' dir='ltr'>majestatis.</span> 
     </span>
    </p>
   </div>
   <div class='ocr_carea' id='block_1_52' title="bbox 2184 2173 3763 2247">
    <p class='ocr_par' dir='ltr' id='par_1_52' title="bbox 2184 2173 3763 2247">
     <span class='ocr_line' id='line_1_52' title="bbox 2184 2173 3763 2247; baseline 0.001 -21"><span class='ocrx_word' id='word_1_398' title='bbox 2184 2176 2397 2230; x_wconf 87' lang='lat' dir='ltr'>Verum</span> <span class='ocrx_word' id='word_1_399' title='bbox 2450 2176 2504 2229; x_wconf 92' lang='lat' dir='ltr'>hi</span> <span class='ocrx_word' id='word_1_400' title='bbox 2558 2178 2626 2230; x_wconf 88' lang='lat' dir='ltr'>ad</span> <span class='ocrx_word' id='word_1_401' title='bbox 2682 2177 2924 2247; x_wconf 88' lang='lat' dir='ltr'>impium</span> <span class='ocrx_word' id='word_1_402' title='bbox 2977 2177 3082 2231; x_wconf 93' lang='lat' dir='ltr'>hoc</span> <span class='ocrx_word' id='word_1_403' title='bbox 3122 2176 3556 2246; x_wconf 86' lang='lat' dir='ltr'>jusjurandum,</span> <span class='ocrx_word' id='word_1_404' title='bbox 3592 2173 3763 2228; x_wconf 83' lang='lat' dir='ltr'>modo</span> 
     </span>
    </p>
   </div>
   <div class='ocr_carea' id='block_1_53' title="bbox 2111 2263 3761 2329">
    <p class='ocr_par' dir='ltr' id='par_1_53' title="bbox 2111 2263 3761 2329">
     <span class='ocr_line' id='line_1_53' title="bbox 2111 2263 3761 2329; baseline -0.002 -10"><span class='ocrx_word' id='word_1_405' title='bbox 2111 2264 2447 2329; x_wconf 88' lang='lat' dir='ltr'>blanditiis,</span> <span class='ocrx_word' id='word_1_406' title='bbox 2484 2267 2687 2319; x_wconf 71' lang='lat'>1046</span> <span class='ocrx_word' id='word_1_407' title='bbox 2731 2267 2901 2319; x_wconf 91' lang='lat' dir='ltr'>modo</span> <span class='ocrx_word' id='word_1_408' title='bbox 2940 2265 3117 2319; x_wconf 88' lang='lat' dir='ltr'>minis</span> <span class='ocrx_word' id='word_1_409' title='bbox 3170 2282 3235 2319; x_wconf 89' lang='lat' dir='ltr'>ac</span> <span class='ocrx_word' id='word_1_410' title='bbox 3269 2263 3627 2319; x_wconf 89' lang='lat' dir='ltr'>cruciatibus</span> <span class='ocrx_word' id='word_1_411' title='bbox 3658 2279 3761 2317; x_wconf 69' lang='grc' dir='ltr'>δεε-</span> 
     </span>
    </p>
   </div>
   <div class='ocr_carea' id='block_1_54' title="bbox 2112 2352 3754 2425">
    <p class='ocr_par' dir='ltr' id='par_1_54' title="bbox 2112 2352 3754 2425">
     <span class='ocr_line' id='line_1_54' title="bbox 2112 2352 3754 2425; baseline -0.002 -18"><span class='ocrx_word' id='word_1_412' title='bbox 2112 2354 2352 2423; x_wconf 84' lang='lat' dir='ltr'>pissinie</span> <span class='ocrx_word' id='word_1_413' title='bbox 2382 2355 2454 2408; x_wconf 93' lang='lat' dir='ltr'>ab</span> <span class='ocrx_word' id='word_1_414' title='bbox 2486 2354 2736 2409; x_wconf 89' lang='lat' dir='ltr'>ethnicis</span> <span class='ocrx_word' id='word_1_415' title='bbox 2772 2354 3083 2425; x_wconf 87' lang='lat' dir='ltr'>provocati,</span> <span class='ocrx_word' id='word_1_416' title='bbox 3106 2355 3245 2408; x_wconf 90' lang='lat' dir='ltr'>dare</span> <span class='ocrx_word' id='word_1_417' title='bbox 3273 2352 3418 2407; x_wconf 88' lang='lat' dir='ltr'>illud</span> <span class='ocrx_word' id='word_1_418' title='bbox 3454 2367 3754 2421; x_wconf 88' lang='lat' dir='ltr'>nunquam</span> 
     </span>
    </p>
   </div>
   <div class='ocr_carea' id='block_1_55' title="bbox 2109 2440 3758 2515">
    <p class='ocr_par' dir='ltr' id='par_1_55' title="bbox 2109 2440 3758 2515">
     <span class='ocr_line' id='line_1_55' title="bbox 2109 2440 3758 2515; baseline -0.001 -21"><span class='ocrx_word' id='word_1_419' title='bbox 2109 2442 2437 2497; x_wconf 87' lang='lat' dir='ltr'>voluerunt.</span> <span class='ocrx_word' id='word_1_420' title='bbox 2464 2444 2714 2515; x_wconf 91' lang='lat' dir='ltr'>Cupisne</span> <span class='ocrx_word' id='word_1_421' title='bbox 2746 2445 2798 2497; x_wconf 90' lang='lat' dir='ltr'>id</span> <span class='ocrx_word' id='word_1_422' title='bbox 2836 2444 2937 2498; x_wconf 91' lang='lat' dir='ltr'>tibi</span> <span class='ocrx_word' id='word_1_423' title='bbox 2972 2443 3166 2514; x_wconf 92' lang='lat' dir='ltr'>aliquo</span> <span class='ocrx_word' id='word_1_424' title='bbox 3197 2440 3460 2512; x_wconf 85' lang='lat' dir='ltr'>exemplo</span> <span class='ocrx_word' id='word_1_425' title='bbox 3492 2456 3758 2509; x_wconf 89' lang='lat' dir='ltr'>compro-</span> 
     </span>
    </p>
   </div>
   <div class='ocr_carea' id='block_1_56' title="bbox 2109 2529 3749 2602">
    <p class='ocr_par' dir='ltr' id='par_1_56' title="bbox 2109 2529 3749 2602">
     <span class='ocr_line' id='line_1_56' title="bbox 2109 2529 3749 2602; baseline -0.002 -18"><span class='ocrx_word' id='word_1_426' title='bbox 2109 2530 2231 2584; x_wconf 91' lang='lat' dir='ltr'>bari</span> <span class='ocrx_word' id='word_1_427' title='bbox 2256 2530 2282 2583; x_wconf 86' lang='lat'><strong><em>?</em></strong></span> <span class='ocrx_word' id='word_1_428' title='bbox 2316 2531 2525 2586; x_wconf 60' lang='lat' dir='ltr'>Praesto</span> <span class='ocrx_word' id='word_1_429' title='bbox 2557 2533 2723 2587; x_wconf 88' lang='lat' dir='ltr'>adest</span> <span class='ocrx_word' id='word_1_430' title='bbox 2769 2532 3071 2597; x_wconf 86' lang='lat' dir='ltr'>Eusebius,</span> <span class='ocrx_word' id='word_1_431' title='bbox 3107 2530 3205 2602; x_wconf 90' lang='lat' dir='ltr'>qui</span> <span class='ocrx_word' id='word_1_432' title='bbox 3238 2530 3418 2585; x_wconf 74' lang='lat' dir='ltr'>semel</span> <span class='ocrx_word' id='word_1_433' title='bbox 3451 2538 3501 2584; x_wconf 87' lang='lat' dir='ltr'>et</span> <span class='ocrx_word' id='word_1_434' title='bbox 3538 2529 3749 2583; x_wconf 90' lang='lat' dir='ltr'>iterum</span> 
     </span>
    </p>
   </div>
   <div class='ocr_carea' id='block_1_57' title="bbox 2107 2619 3751 2691">
    <p class='ocr_par' dir='ltr' id='par_1_57' title="bbox 2107 2619 3751 2691">
     <span class='ocr_line' id='line_1_57' title="bbox 2107 2619 3751 2691; baseline -0.002 -17"><span class='ocrx_word' id='word_1_435' title='bbox 2107 2624 2307 2674; x_wconf 87' lang='lat' dir='ltr'>narrat</span> <span class='ocrx_word' id='word_1_436' title='bbox 2335 2621 2778 2675; x_wconf 86' lang='lat' dir='ltr'>sanctissimum</span> <span class='ocrx_word' id='word_1_437' title='bbox 2805 2627 3118 2691; x_wconf 85' lang='lat' dir='ltr'>martyrem</span> <span class='ocrx_word' id='word_1_438' title='bbox 3150 2619 3527 2691; x_wconf 82' lang='lat' dir='ltr'>Polycarpum</span> <span class='ocrx_word' id='word_1_439' title='bbox 3560 2635 3591 2671; x_wconf 91' lang='lat' dir='ltr'>a</span> <span class='ocrx_word' id='word_1_440' title='bbox 3624 2633 3751 2687; x_wconf 89' lang='lat' dir='ltr'>pro-</span> 
     </span>
    </p>
   </div>
   <div class='ocr_carea' id='block_1_58' title="bbox 2104 2706 3748 2779">
    <p class='ocr_par' dir='ltr' id='par_1_58' title="bbox 2104 2706 3748 2779">
     <span class='ocr_line' id='line_1_58' title="bbox 2104 2706 3748 2779; baseline -0.003 -14"><span class='ocrx_word' id='word_1_441' title='bbox 2104 2709 2345 2765; x_wconf 85' lang='lat' dir='ltr'>consule</span> <span class='ocrx_word' id='word_1_442' title='bbox 2376 2710 2706 2766; x_wconf 88' lang='lat' dir='ltr'>lacessitum</span> <span class='ocrx_word' id='word_1_443' title='bbox 2741 2711 2939 2778; x_wconf 75' lang='lat' dir='ltr'>fuisse,</span> <span class='ocrx_word' id='word_1_444' title='bbox 2976 2717 3039 2764; x_wconf 89' lang='lat' dir='ltr'>ut</span> <span class='ocrx_word' id='word_1_445' title='bbox 3086 2726 3184 2779; x_wconf 88' lang='lat' dir='ltr'>per</span> <span class='ocrx_word' id='word_1_446' title='bbox 3230 2708 3473 2763; x_wconf 63' lang='lat' dir='ltr'>Caesaris</span> <span class='ocrx_word' id='word_1_447' title='bbox 3511 2706 3748 2778; x_wconf 85' lang='lat' dir='ltr'>genium</span> 
     </span>
    </p>
   </div>
   <div class='ocr_carea' id='block_1_59' title="bbox 2094 2792 3746 2870">
    <p class='ocr_par' dir='ltr' id='par_1_59' title="bbox 2094 2792 3746 2870">
     <span class='ocr_line' id='line_1_59' title="bbox 2094 2792 3746 2870; baseline -0.003 -20"><span class='ocrx_word' id='word_1_448' title='bbox 2094 2797 2368 2867; x_wconf 84' lang='lat' dir='ltr'>juraret:</span> <span class='ocrx_word' id='word_1_449' title='bbox 2410 2799 2674 2870; x_wconf 56' lang='lat' dir='ltr'>&quot;Opocov,</span> <span class='ocrx_word' id='word_1_450' title='bbox 2726 2800 3049 2869; x_wconf 82' lang='lat' dir='ltr'>inquiebat,</span> <span class='ocrx_word' id='word_1_451' title='bbox 3107 2798 3205 2864; x_wconf 73' lang='grc' dir='ltr'>τὴν</span> <span class='ocrx_word' id='word_1_452' title='bbox 3257 2795 3517 2869; x_wconf 78' lang='grc' dir='ltr'>Καίσαρος</span> <span class='ocrx_word' id='word_1_453' title='bbox 3571 2792 3746 2867; x_wconf 76' lang='grc' dir='ltr'>τύχην</span> 
     </span>
    </p>
   </div>
   <div class='ocr_carea' id='block_1_60' title="bbox 2102 2885 3745 2957">
    <p class='ocr_par' dir='ltr' id='par_1_60' title="bbox 2102 2885 3745 2957">
     <span class='ocr_line' id='line_1_60' title="bbox 2102 2885 3745 2957; baseline -0.001 -18"><span class='ocrx_word' id='word_1_454' title='bbox 2102 2885 2335 2956; x_wconf 86' lang='lat' dir='ltr'>(Euseb.</span> <span class='ocrx_word' id='word_1_455' title='bbox 2385 2888 2481 2943; x_wconf 92' lang='lat' dir='ltr'>lib.</span> <span class='ocrx_word' id='word_1_456' title='bbox 2531 2906 2587 2943; x_wconf 81' lang='grc' dir='ltr'>ιν</span> <span class='ocrx_word' id='word_1_457' title='bbox 2640 2888 2852 2942; x_wconf 67' lang='lat' dir='ltr'>Iiccles.</span> <span class='ocrx_word' id='word_1_458' title='bbox 2888 2889 3082 2942; x_wconf 84' lang='lat' dir='ltr'>IIistor.</span> <span class='ocrx_word' id='word_1_459' title='bbox 3126 2903 3253 2957; x_wconf 89' lang='lat' dir='ltr'>cap.</span> <span class='ocrx_word' id='word_1_460' title='bbox 3306 2886 3394 2949; x_wconf 90' lang='lat'>15,</span> <span class='ocrx_word' id='word_1_461' title='bbox 3436 2901 3566 2957; x_wconf 87' lang='lat' dir='ltr'>pag.</span> <span class='ocrx_word' id='word_1_462' title='bbox 3608 2886 3745 2955; x_wconf 89' lang='lat' dir='ltr'>I52).</span> 
     </span>
    </p>
   </div>
   <div class='ocr_carea' id='block_1_61' title="bbox 2100 2971 3746 3048">
    <p class='ocr_par' dir='ltr' id='par_1_61' title="bbox 2100 2971 3746 3048">
     <span class='ocr_line' id='line_1_61' title="bbox 2100 2971 3746 3048; baseline -0.001 -21"><span class='ocrx_word' id='word_1_463' title='bbox 2100 2978 2170 3027; x_wconf 84' lang='lat' dir='ltr'>At</span> <span class='ocrx_word' id='word_1_464' title='bbox 2222 2993 2335 3030; x_wconf 90' lang='lat' dir='ltr'>non</span> <span class='ocrx_word' id='word_1_465' title='bbox 2394 2976 2576 3043; x_wconf 88' lang='lat' dir='ltr'>aliud,</span> <span class='ocrx_word' id='word_1_466' title='bbox 2613 2979 2802 3048; x_wconf 70' lang='lat' dir='ltr'>pergit</span> <span class='ocrx_word' id='word_1_467' title='bbox 2844 2976 3154 3041; x_wconf 85' lang='lat' dir='ltr'>Eusebius,</span> <span class='ocrx_word' id='word_1_468' title='bbox 3199 2976 3269 3029; x_wconf 92' lang='lat' dir='ltr'>ab</span> <span class='ocrx_word' id='word_1_469' title='bbox 3318 2991 3384 3029; x_wconf 94' lang='lat' dir='ltr'>eo</span> <span class='ocrx_word' id='word_1_470' title='bbox 3414 2971 3746 3044; x_wconf 80' lang='lat' dir='ltr'>proconsul,</span> 
     </span>
    </p>
   </div>
   <div class='ocr_carea' id='block_1_62' title="bbox 2100 3061 3747 3137">
    <p class='ocr_par' dir='ltr' id='par_1_62' title="bbox 2100 3061 3747 3137">
     <span class='ocr_line' id='line_1_62' title="bbox 2100 3061 3747 3137; baseline 0.001 -23"><span class='ocrx_word' id='word_1_471' title='bbox 2100 3061 2212 3117; x_wconf 91' lang='lat' dir='ltr'>nisi</span> <span class='ocrx_word' id='word_1_472' title='bbox 2248 3064 2352 3119; x_wconf 93' lang='lat' dir='ltr'>hoc</span> <span class='ocrx_word' id='word_1_473' title='bbox 2385 3066 2609 3137; x_wconf 90' lang='lat' dir='ltr'>accepit</span> <span class='ocrx_word' id='word_1_474' title='bbox 2639 3082 3017 3137; x_wconf 80' lang='lat' dir='ltr'>responsum:</span> <span class='ocrx_word' id='word_1_475' title='bbox 3046 3064 3241 3135; x_wconf 83' lang='lat' dir='ltr'>Fingis</span> <span class='ocrx_word' id='word_1_476' title='bbox 3271 3069 3326 3118; x_wconf 90' lang='lat' dir='ltr'>te</span> <span class='ocrx_word' id='word_1_477' title='bbox 3357 3062 3625 3135; x_wconf 88' lang='lat' dir='ltr'>ignorare</span> <span class='ocrx_word' id='word_1_478' title='bbox 3656 3077 3747 3116; x_wconf 89' lang='lat' dir='ltr'>me</span> 
     </span>
    </p>
   </div>
   <div class='ocr_carea' id='block_1_63' title="bbox 2098 3151 3743 3223">
    <p class='ocr_par' dir='ltr' id='par_1_63' title="bbox 2098 3151 3743 3223">
     <span class='ocr_line' id='line_1_63' title="bbox 2098 3151 3743 3223; baseline -0.001 -17"><span class='ocrx_word' id='word_1_479' title='bbox 2098 3167 2226 3207; x_wconf 90' lang='lat' dir='ltr'>esse</span> <span class='ocrx_word' id='word_1_480' title='bbox 2256 3153 2679 3221; x_wconf 87' lang='lat' dir='ltr'>Christianum,</span> <span class='ocrx_word' id='word_1_481' title='bbox 2706 3154 3236 3223; x_wconf 85' lang='lat' dir='ltr'>euijusjurandum</span> <span class='ocrx_word' id='word_1_482' title='bbox 3271 3151 3411 3205; x_wconf 92' lang='lat' dir='ltr'>illud</span> <span class='ocrx_word' id='word_1_483' title='bbox 3450 3151 3617 3222; x_wconf 85' lang='lat' dir='ltr'>plane</span> <span class='ocrx_word' id='word_1_484' title='bbox 3648 3168 3743 3220; x_wconf 85' lang='lat' dir='ltr'>pe-</span> 
     </span>
    </p>
   </div>
   <div class='ocr_carea' id='block_1_64' title="bbox 334 3204 2001 3314">
    <p class='ocr_par' dir='ltr' id='par_1_64' title="bbox 334 3219 1983 3293">
     <span class='ocr_line' id='line_1_64' title="bbox 334 3219 1983 3293; baseline 0.003 -22"><span class='ocrx_word' id='word_1_485' title='bbox 334 3219 437 3288; x_wconf 90' lang='lat' dir='ltr'>qni</span> <span class='ocrx_word' id='word_1_486' title='bbox 490 3219 715 3274; x_wconf 92' lang='lat' dir='ltr'>nullum</span> <span class='ocrx_word' id='word_1_487' title='bbox 748 3238 1019 3277; x_wconf 72' lang='lat' dir='ltr'>cessarem</span> <span class='ocrx_word' id='word_1_488' title='bbox 1052 3229 1153 3278; x_wconf 93' lang='lat' dir='ltr'>aut</span> <span class='ocrx_word' id='word_1_489' title='bbox 1188 3224 1594 3293; x_wconf 89' lang='lat' dir='ltr'>imperatorem</span> <span class='ocrx_word' id='word_1_490' title='bbox 1651 3224 1837 3277; x_wconf 90' lang='lat' dir='ltr'>facere</span> <span class='ocrx_word' id='word_1_491' title='bbox 1878 3240 1983 3276; x_wconf 90' lang='lat' dir='ltr'>un-</span> 
     </span>
    </p>
   </div>
   <div class='ocr_carea' id='block_1_65' title="bbox 2103 3204 3743 3314">
    <p class='ocr_par' dir='ltr' id='par_1_65' title="bbox 2103 3204 3743 3314">
     <span class='ocr_line' id='line_1_65' title="bbox 2103 3204 3743 3314; baseline -0.001 -19"><span class='ocrx_word' id='word_1_492' title='bbox 2103 3242 2378 3313; x_wconf 91' lang='lat' dir='ltr'>nitusque</span> <span class='ocrx_word' id='word_1_493' title='bbox 2412 3204 2769 3314; x_wconf 60' lang='lat' dir='ltr'>prohibeiur.</span> <span class='ocrx_word' id='word_1_494' title='bbox 2804 3204 3186 3314; x_wconf 49' lang='lat' dir='ltr'>lzlosdquidem</span> <span class='ocrx_word' id='word_1_495' title='bbox 3221 3258 3333 3295; x_wconf 90' lang='lat' dir='ltr'>non</span> <span class='ocrx_word' id='word_1_496' title='bbox 3370 3204 3517 3312; x_wconf 73' lang='lat' dir='ltr'>fugit</span> <span class='ocrx_word' id='word_1_497' title='bbox 3549 3204 3743 3294; x_wconf 55' lang='lat' dir='ltr'>Graeco</span> 
     </span>
    </p>
   </div>
   <div class='ocr_carea' id='block_1_66' title="bbox 332 3310 1977 3384">
    <p class='ocr_par' dir='ltr' id='par_1_66' title="bbox 332 3310 1977 3384">
     <span class='ocr_line' id='line_1_66' title="bbox 332 3310 1977 3384; baseline 0.004 -25"><span class='ocrx_word' id='word_1_498' title='bbox 332 3323 511 3377; x_wconf 90' lang='lat' dir='ltr'>quam</span> <span class='ocrx_word' id='word_1_499' title='bbox 545 3315 880 3379; x_wconf 86' lang='lat' dir='ltr'>potuerunt.</span> <span class='ocrx_word' id='word_1_500' title='bbox 916 3310 1057 3366; x_wconf 85' lang='lat' dir='ltr'>Plus</span> <span class='ocrx_word' id='word_1_501' title='bbox 1099 3313 1277 3384; x_wconf 88' lang='lat' dir='ltr'>igitur</span> <span class='ocrx_word' id='word_1_502' title='bbox 1306 3313 1376 3365; x_wconf 88' lang='lat' dir='ltr'>ad</span> <span class='ocrx_word' id='word_1_503' title='bbox 1410 3312 1784 3383; x_wconf 90' lang='lat' dir='ltr'>imperatoris</span> <span class='ocrx_word' id='word_1_504' title='bbox 1824 3311 1977 3365; x_wconf 89' lang='lat' dir='ltr'>salu-</span> 
     </span>
    </p>
   </div>
   <div class='ocr_carea' id='block_1_67' title="bbox 331 3398 1979 3472">
    <p class='ocr_par' dir='ltr' id='par_1_67' title="bbox 331 3398 1979 3472">
     <span class='ocr_line' id='line_1_67' title="bbox 331 3398 1979 3472; baseline 0.004 -24"><span class='ocrx_word' id='word_1_505' title='bbox 331 3400 447 3449; x_wconf 91' lang='lat' dir='ltr'>tem</span> <span class='ocrx_word' id='word_1_506' title='bbox 500 3398 723 3452; x_wconf 79' lang='lat' dir='ltr'>confert</span> <span class='ocrx_word' id='word_1_507' title='bbox 772 3400 1141 3456; x_wconf 91' lang='lat' dir='ltr'>Christianus</span> <span class='ocrx_word' id='word_1_508' title='bbox 1189 3403 1371 3456; x_wconf 91' lang='lat' dir='ltr'>Deum</span> <span class='ocrx_word' id='word_1_509' title='bbox 1420 3419 1617 3465; x_wconf 88' lang='lat' dir='ltr'>suum,</span> <span class='ocrx_word' id='word_1_510' title='bbox 1663 3419 1694 3456; x_wconf 91' lang='lat' dir='ltr'>a</span> <span class='ocrx_word' id='word_1_511' title='bbox 1739 3419 1850 3472; x_wconf 90' lang='lat' dir='ltr'>quo</span> <span class='ocrx_word' id='word_1_512' title='bbox 1884 3401 1979 3456; x_wconf 93' lang='lat' dir='ltr'>ille</span> 
     </span>
    </p>
   </div>
   <div class='ocr_carea' id='block_1_68' title="bbox 329 3483 1977 3560">
    <p class='ocr_par' dir='ltr' id='par_1_68' title="bbox 329 3483 1977 3560">
     <span class='ocr_line' id='line_1_68' title="bbox 329 3483 1977 3560; baseline 0.004 -23"><span class='ocrx_word' id='word_1_513' title='bbox 329 3483 641 3541; x_wconf 88' lang='lat' dir='ltr'>institutus</span> <span class='ocrx_word' id='word_1_514' title='bbox 695 3492 802 3553; x_wconf 89' lang='lat' dir='ltr'>est,</span> <span class='ocrx_word' id='word_1_515' title='bbox 863 3491 1142 3560; x_wconf 88' lang='lat' dir='ltr'>rogando,</span> <span class='ocrx_word' id='word_1_516' title='bbox 1196 3507 1370 3559; x_wconf 88' lang='lat' dir='ltr'>quam</span> <span class='ocrx_word' id='word_1_517' title='bbox 1430 3491 1700 3545; x_wconf 89' lang='lat' dir='ltr'>ethnicus</span> <span class='ocrx_word' id='word_1_518' title='bbox 1757 3491 1977 3545; x_wconf 85' lang='lat' dir='ltr'>orando</span> 
     </span>
    </p>
   </div>
   <div class='ocr_carea' id='block_1_69' title="bbox 327 3577 1977 3649">
    <p class='ocr_par' dir='ltr' id='par_1_69' title="bbox 327 3577 1977 3649">
     <span class='ocr_line' id='line_1_69' title="bbox 327 3577 1977 3649; baseline 0.004 -23"><span class='ocrx_word' id='word_1_519' title='bbox 327 3577 763 3632; x_wconf 90' lang='lat' dir='ltr'>commentitios</span> <span class='ocrx_word' id='word_1_520' title='bbox 793 3578 931 3634; x_wconf 89' lang='lat' dir='ltr'>deos</span> <span class='ocrx_word' id='word_1_521' title='bbox 975 3595 1134 3645; x_wconf 85' lang='lat' dir='ltr'>suos,</span> <span class='ocrx_word' id='word_1_522' title='bbox 1182 3580 1279 3649; x_wconf 89' lang='lat' dir='ltr'>qui</span> <span class='ocrx_word' id='word_1_523' title='bbox 1332 3595 1436 3633; x_wconf 91' lang='lat' dir='ltr'>nec</span> <span class='ocrx_word' id='word_1_524' title='bbox 1478 3578 1839 3649; x_wconf 83' lang='lat' dir='ltr'>imperatori,</span> <span class='ocrx_word' id='word_1_525' title='bbox 1873 3594 1977 3633; x_wconf 89' lang='lat' dir='ltr'>nec</span> 
     </span>
    </p>
   </div>
   <div class='ocr_carea' id='block_1_70' title="bbox 329 3659 1975 3738">
    <p class='ocr_par' dir='ltr' id='par_1_70' title="bbox 329 3659 1975 3738">
     <span class='ocr_line' id='line_1_70' title="bbox 329 3659 1975 3738; baseline 0.004 -24"><span class='ocrx_word' id='word_1_526' title='bbox 329 3659 435 3714; x_wconf 93' lang='lat' dir='ltr'>ulli</span> <span class='ocrx_word' id='word_1_527' title='bbox 469 3664 689 3718; x_wconf 90' lang='lat' dir='ltr'>homini</span> <span class='ocrx_word' id='word_1_528' title='bbox 724 3673 972 3737; x_wconf 91' lang='lat' dir='ltr'>possunt</span> <span class='ocrx_word' id='word_1_529' title='bbox 1016 3668 1103 3723; x_wconf 92' lang='lat' dir='ltr'>vel</span> <span class='ocrx_word' id='word_1_530' title='bbox 1141 3669 1451 3722; x_wconf 88' lang='lat' dir='ltr'>minimum</span> <span class='ocrx_word' id='word_1_531' title='bbox 1484 3668 1722 3738; x_wconf 90' lang='lat' dir='ltr'>quidem</span> <span class='ocrx_word' id='word_1_532' title='bbox 1757 3668 1975 3722; x_wconf 83' lang='lat' dir='ltr'>benefl-</span> 
     </span>
    </p>
   </div>
   <div class='ocr_carea' id='block_1_71' title="bbox 326 3750 789 3809">
    <p class='ocr_par' dir='ltr' id='par_1_71' title="bbox 326 3750 789 3809">
     <span class='ocr_line' id='line_1_71' title="bbox 326 3750 789 3809; baseline 0.013 -6"><span class='ocrx_word' id='word_1_533' title='bbox 326 3750 483 3805; x_wconf 89' lang='lat' dir='ltr'>cium</span> <span class='ocrx_word' id='word_1_534' title='bbox 514 3752 789 3809; x_wconf 87' lang='lat' dir='ltr'>tribuere.</span> 
     </span>
    </p>
   </div>
   <div class='ocr_carea' id='block_1_72' title="bbox 930 3915 1370 3954">
    <p class='ocr_par' dir='ltr' id='par_1_72' title="bbox 930 3915 1370 3954">
     <span class='ocr_line' id='line_1_72' title="bbox 930 3915 1370 3954; baseline 0 -1"><span class='ocrx_word' id='word_1_535' title='bbox 930 3915 1248 3954; x_wconf 79' lang='lat' dir='ltr'>ARTICULUS</span> <span class='ocrx_word' id='word_1_536' title='bbox 1285 3915 1370 3953; x_wconf 79' lang='lat' dir='ltr'>III.</span> 
     </span>
    </p>
   </div>
   <div class='ocr_carea' id='block_1_73' title="bbox 326 4000 1975 4075">
    <p class='ocr_par' dir='ltr' id='par_1_73' title="bbox 326 4000 1975 4075">
     <span class='ocr_line' id='line_1_73' title="bbox 326 4000 1975 4075; baseline 0.004 -22"><span class='ocrx_word' id='word_1_537' title='bbox 326 4000 508 4075; x_wconf 10' lang='lat' dir='ltr'>Quum,</span> <span class='ocrx_word' id='word_1_538' title='bbox 548 4003 756 4069; x_wconf 80' lang='lat' dir='ltr'>frustra</span> <span class='ocrx_word' id='word_1_539' title='bbox 798 4006 1034 4071; x_wconf 78' lang='lat' dir='ltr'>gentiles</span> <span class='ocrx_word' id='word_1_540' title='bbox 1080 4007 1377 4075; x_wconf 84' lang='lat' dir='ltr'>objicerent</span> <span class='ocrx_word' id='word_1_541' title='bbox 1436 4005 1773 4060; x_wconf 83' lang='lat' dir='ltr'>Christianos</span> <span class='ocrx_word' id='word_1_542' title='bbox 1823 4006 1975 4060; x_wconf 64' lang='lat' dir='ltr'>laesae</span> 
     </span>
    </p>
   </div>
   <div class='ocr_carea' id='block_1_74' title="bbox 397 4074 1975 4147">
    <p class='ocr_par' dir='ltr' id='par_1_74' title="bbox 397 4074 1975 4147">
     <span class='ocr_line' id='line_1_74' title="bbox 397 4074 1975 4147; baseline 0.003 -23"><span class='ocrx_word' id='word_1_543' title='bbox 397 4074 695 4147; x_wconf 83' lang='lat' dir='ltr'>majestatis</span> <span class='ocrx_word' id='word_1_544' title='bbox 750 4076 1002 4131; x_wconf 57' lang='lat' dir='ltr'>humanm</span> <span class='ocrx_word' id='word_1_545' title='bbox 1047 4074 1159 4131; x_wconf 79' lang='lat' dir='ltr'>esse</span> <span class='ocrx_word' id='word_1_546' title='bbox 1214 4095 1353 4139; x_wconf 80' lang='lat' dir='ltr'>reos,</span> <span class='ocrx_word' id='word_1_547' title='bbox 1386 4080 1516 4147; x_wconf 83' lang='lat' dir='ltr'>quia</span> <span class='ocrx_word' id='word_1_548' title='bbox 1558 4094 1663 4147; x_wconf 80' lang='lat' dir='ltr'>per</span> <span class='ocrx_word' id='word_1_549' title='bbox 1692 4078 1975 4146; x_wconf 85' lang='lat' dir='ltr'>imperato-</span> 
     </span>
    </p>
   </div>
   <div class='ocr_carea' id='block_1_75' title="bbox 395 4146 1973 4219">
    <p class='ocr_par' dir='ltr' id='par_1_75' title="bbox 395 4146 1973 4219">
     <span class='ocr_line' id='line_1_75' title="bbox 395 4146 1973 4219; baseline 0.003 -24"><span class='ocrx_word' id='word_1_550' title='bbox 395 4146 474 4197; x_wconf 86' lang='lat' dir='ltr'>ris</span> <span class='ocrx_word' id='word_1_551' title='bbox 505 4148 727 4212; x_wconf 85' lang='lat' dir='ltr'>genium</span> <span class='ocrx_word' id='word_1_552' title='bbox 748 4150 945 4217; x_wconf 87' lang='lat' dir='ltr'>jurare</span> <span class='ocrx_word' id='word_1_553' title='bbox 978 4150 1340 4215; x_wconf 85' lang='lat' dir='ltr'>recusabant,</span> <span class='ocrx_word' id='word_1_554' title='bbox 1372 4146 1465 4203; x_wconf 73' lang='lat' dir='ltr'>sed</span> <span class='ocrx_word' id='word_1_555' title='bbox 1488 4146 1761 4219; x_wconf 72' lang='lat' dir='ltr'>jurabant</span> <span class='ocrx_word' id='word_1_556' title='bbox 1787 4157 1973 4201; x_wconf 84' lang='lat' dir='ltr'>tamen</span> 
     </span>
    </p>
   </div>
   <div class='ocr_carea' id='block_1_76' title="bbox 389 4219 1974 4291">
    <p class='ocr_par' dir='ltr' id='par_1_76' title="bbox 389 4219 1974 4291">
     <span class='ocr_line' id='line_1_76' title="bbox 389 4219 1974 4291; baseline 0.003 -22"><span class='ocrx_word' id='word_1_557' title='bbox 389 4231 492 4284; x_wconf 82' lang='lat' dir='ltr'>per</span> <span class='ocrx_word' id='word_1_558' title='bbox 548 4219 703 4291; x_wconf 84' lang='lat' dir='ltr'>illius</span> <span class='ocrx_word' id='word_1_559' title='bbox 750 4219 1009 4287; x_wconf 82' lang='lat' dir='ltr'>salutem,</span> <span class='ocrx_word' id='word_1_560' title='bbox 1064 4225 1311 4291; x_wconf 79' lang='lat' dir='ltr'>quamvis</span> <span class='ocrx_word' id='word_1_561' title='bbox 1369 4223 1481 4275; x_wconf 83' lang='lat' dir='ltr'>alia</span> <span class='ocrx_word' id='word_1_562' title='bbox 1528 4236 1752 4290; x_wconf 82' lang='lat' dir='ltr'>prorsus</span> <span class='ocrx_word' id='word_1_563' title='bbox 1808 4235 1974 4290; x_wconf 84' lang='lat' dir='ltr'>quam</span> 
     </span>
    </p>
   </div>
   <div class='ocr_carea' id='block_1_77' title="bbox 395 4290 905 4357">
    <p class='ocr_par' dir='ltr' id='par_1_77' title="bbox 395 4290 905 4357">
     <span class='ocr_line' id='line_1_77' title="bbox 395 4290 905 4357; baseline 0.014 -17"><span class='ocrx_word' id='word_1_564' title='bbox 395 4290 627 4357; x_wconf 83' lang='lat' dir='ltr'>gentiles</span> <span class='ocrx_word' id='word_1_565' title='bbox 664 4292 905 4347; x_wconf 80' lang='lat' dir='ltr'>ratione.</span> 
     </span>
    </p>
   </div>
   <div class='ocr_carea' id='block_1_78' title="bbox 398 4414 1968 4472">
    <p class='ocr_par' dir='ltr' id='par_1_78' title="bbox 398 4414 1968 4472">
     <span class='ocr_line' id='line_1_78' title="bbox 398 4414 1968 4472; baseline 0.001 -6"><span class='ocrx_word' id='word_1_566' title='bbox 398 4414 701 4467; x_wconf 78' lang='lat' dir='ltr'>[astabant</span> <span class='ocrx_word' id='word_1_567' title='bbox 748 4415 964 4470; x_wconf 87' lang='lat' dir='ltr'>ethnici</span> <span class='ocrx_word' id='word_1_568' title='bbox 1030 4416 1392 4472; x_wconf 90' lang='lat' dir='ltr'>Christianos</span> <span class='ocrx_word' id='word_1_569' title='bbox 1444 4433 1783 4471; x_wconf 68' lang='lat' dir='ltr'>caasareanm</span> <span class='ocrx_word' id='word_1_570' title='bbox 1844 4431 1968 4467; x_wconf 90' lang='lat' dir='ltr'>ma-</span> 
     </span>
    </p>
   </div>
   <div class='ocr_carea' id='block_1_79' title="bbox 307 4501 1969 4576">
    <p class='ocr_par' dir='ltr' id='par_1_79' title="bbox 307 4501 1969 4576">
     <span class='ocr_line' id='line_1_79' title="bbox 307 4501 1969 4576; baseline 0.002 -23"><span class='ocrx_word' id='word_1_571' title='bbox 307 4501 551 4569; x_wconf 88' lang='lat' dir='ltr'>jestatis</span> <span class='ocrx_word' id='word_1_572' title='bbox 580 4519 707 4556; x_wconf 86' lang='lat' dir='ltr'>reos</span> <span class='ocrx_word' id='word_1_573' title='bbox 734 4502 863 4557; x_wconf 88' lang='lat' dir='ltr'>ideo</span> <span class='ocrx_word' id='word_1_574' title='bbox 898 4505 1189 4575; x_wconf 85' lang='lat' dir='ltr'>redargui,</span> <span class='ocrx_word' id='word_1_575' title='bbox 1241 4506 1379 4575; x_wconf 87' lang='lat' dir='ltr'>quia</span> <span class='ocrx_word' id='word_1_576' title='bbox 1408 4522 1509 4576; x_wconf 91' lang='lat' dir='ltr'>per</span> <span class='ocrx_word' id='word_1_577' title='bbox 1533 4521 1730 4558; x_wconf 90' lang='lat' dir='ltr'>eorum</span> <span class='ocrx_word' id='word_1_578' title='bbox 1766 4503 1969 4574; x_wconf 90' lang='lat' dir='ltr'>genios</span> 
     </span>
    </p>
   </div>
   <div class='ocr_carea' id='block_1_80' title="bbox 305 4590 1966 4657">
    <p class='ocr_par' dir='ltr' id='par_1_80' title="bbox 305 4590 1966 4657">
     <span class='ocr_line' id='line_1_80' title="bbox 305 4590 1966 4657; baseline 0.001 -14"><span class='ocrx_word' id='word_1_579' title='bbox 305 4590 515 4657; x_wconf 86' lang='lat' dir='ltr'>jurare</span> <span class='ocrx_word' id='word_1_580' title='bbox 546 4591 969 4653; x_wconf 87' lang='lat' dir='ltr'>detractabant,</span> <span class='ocrx_word' id='word_1_581' title='bbox 1004 4594 1087 4648; x_wconf 90' lang='lat' dir='ltr'>vel</span> <span class='ocrx_word' id='word_1_582' title='bbox 1122 4594 1291 4649; x_wconf 89' lang='lat' dir='ltr'>sicuti</span> <span class='ocrx_word' id='word_1_583' title='bbox 1340 4597 1553 4647; x_wconf 83' lang='lat' dir='ltr'>Auctor</span> <span class='ocrx_word' id='word_1_584' title='bbox 1601 4598 1799 4648; x_wconf 91' lang='lat' dir='ltr'>noster</span> <span class='ocrx_word' id='word_1_585' title='bbox 1828 4592 1966 4646; x_wconf 89' lang='lat' dir='ltr'>alibi</span> 
     </span>
    </p>
   </div>
   <div class='ocr_carea' id='block_1_81' title="bbox 317 4677 1964 4753">
    <p class='ocr_par' dir='ltr' id='par_1_81' title="bbox 317 4677 1964 4753">
     <span class='ocr_line' id='line_1_81' title="bbox 317 4677 1964 4753; baseline 0.002 -22"><span class='ocrx_word' id='word_1_586' title='bbox 317 4677 584 4748; x_wconf 88' lang='lat' dir='ltr'>loquitur</span> <span class='ocrx_word' id='word_1_587' title='bbox 618 4696 628 4733; x_wconf 95' lang='lat'>:</span> <span class='ocrx_word' id='word_1_588' title='bbox 666 4703 692 4729; x_wconf 85' lang='grc'>‹‹</span> <span class='ocrx_word' id='word_1_589' title='bbox 726 4680 1047 4753; x_wconf 87' lang='lat' dir='ltr'>Inreligiosi</span> <span class='ocrx_word' id='word_1_590' title='bbox 1080 4683 1333 4737; x_wconf 91' lang='lat' dir='ltr'>dicimur</span> <span class='ocrx_word' id='word_1_591' title='bbox 1372 4682 1429 4737; x_wconf 90' lang='lat' dir='ltr'>in</span> <span class='ocrx_word' id='word_1_592' title='bbox 1464 4683 1742 4737; x_wconf 63' lang='lat' dir='ltr'>Caesares.</span> <span class='ocrx_word' id='word_1_593' title='bbox 1777 4697 1964 4752; x_wconf 91' lang='lat' dir='ltr'>neque</span> 
     </span>
    </p>
   </div>
   <div class='ocr_carea' id='block_1_82' title="bbox 316 4766 1961 4843">
    <p class='ocr_par' dir='ltr' id='par_1_82' title="bbox 316 4766 1961 4843">
     <span class='ocr_line' id='line_1_82' title="bbox 316 4766 1961 4843; baseline 0.002 -24"><span class='ocrx_word' id='word_1_594' title='bbox 316 4766 607 4837; x_wconf 88' lang='lat' dir='ltr'>imagines</span> <span class='ocrx_word' id='word_1_595' title='bbox 651 4785 849 4823; x_wconf 90' lang='lat' dir='ltr'>eorum</span> <span class='ocrx_word' id='word_1_596' title='bbox 900 4772 1288 4842; x_wconf 89' lang='lat' dir='ltr'>propitiando,</span> <span class='ocrx_word' id='word_1_597' title='bbox 1334 4789 1521 4843; x_wconf 88' lang='lat' dir='ltr'>neque</span> <span class='ocrx_word' id='word_1_598' title='bbox 1568 4771 1766 4843; x_wconf 78' lang='lat' dir='ltr'>genios</span> <span class='ocrx_word' id='word_1_599' title='bbox 1809 4771 1961 4839; x_wconf 85' lang='lat' dir='ltr'>deje-</span> 
     </span>
    </p>
   </div>
   <div class='ocr_carea' id='block_1_83' title="bbox 315 4857 1958 4931">
    <p class='ocr_par' dir='ltr' id='par_1_83' title="bbox 315 4857 1958 4931">
     <span class='ocr_line' id='line_1_83' title="bbox 315 4857 1958 4931; baseline 0 -20"><span class='ocrx_word' id='word_1_600' title='bbox 315 4857 503 4909; x_wconf 84' lang='lat' dir='ltr'>rando</span> <span class='ocrx_word' id='word_1_601' title='bbox 538 4879 564 4905; x_wconf 83' lang='grc'>››</span> <span class='ocrx_word' id='word_1_602' title='bbox 598 4857 861 4927; x_wconf 88' lang='lat' dir='ltr'>(Tertull.</span> <span class='ocrx_word' id='word_1_603' title='bbox 902 4859 999 4913; x_wconf 93' lang='lat' dir='ltr'>lib.</span> <span class='ocrx_word' id='word_1_604' title='bbox 1036 4879 1051 4913; x_wconf 82' lang='grc' dir='ltr'><strong>ι</strong></span> <span class='ocrx_word' id='word_1_605' title='bbox 1082 4860 1152 4914; x_wconf 83' lang='lat' dir='ltr'>ad</span> <span class='ocrx_word' id='word_1_606' title='bbox 1184 4863 1406 4916; x_wconf 76' lang='lat' dir='ltr'>Nation.</span> <span class='ocrx_word' id='word_1_607' title='bbox 1443 4878 1570 4931; x_wconf 87' lang='lat' dir='ltr'>cap.</span> <span class='ocrx_word' id='word_1_608' title='bbox 1609 4860 1695 4927; x_wconf 91' lang='grc'>17,</span> <span class='ocrx_word' id='word_1_609' title='bbox 1730 4877 1785 4930; x_wconf 83' lang='grc' dir='ltr'>ρ.</span> <span class='ocrx_word' id='word_1_610' title='bbox 1812 4860 1958 4928; x_wconf 85' lang='grc'>583).</span> 
     </span>
    </p>
   </div>
   <div class='ocr_carea' id='block_1_84' title="bbox 314 4944 1959 5021">
    <p class='ocr_par' dir='ltr' id='par_1_84' title="bbox 314 4944 1959 5021">
     <span class='ocr_line' id='line_1_84' title="bbox 314 4944 1959 5021; baseline 0.004 -24"><span class='ocrx_word' id='word_1_611' title='bbox 314 4944 547 4998; x_wconf 88' lang='lat' dir='ltr'>Ethnici</span> <span class='ocrx_word' id='word_1_612' title='bbox 582 4951 775 5001; x_wconf 90' lang='lat' dir='ltr'>autem</span> <span class='ocrx_word' id='word_1_613' title='bbox 809 4948 1068 5017; x_wconf 84' lang='lat' dir='ltr'>genium,</span> <span class='ocrx_word' id='word_1_614' title='bbox 1114 4955 1261 5005; x_wconf 89' lang='lat' dir='ltr'>teste</span> <span class='ocrx_word' id='word_1_615' title='bbox 1311 4951 1478 5005; x_wconf 88' lang='lat' dir='ltr'>Festo</span> <span class='ocrx_word' id='word_1_616' title='bbox 1509 4949 1632 5021; x_wconf 90' lang='lat' dir='ltr'>(lib.</span> <span class='ocrx_word' id='word_1_617' title='bbox 1667 4967 1759 5016; x_wconf 84' lang='lat' dir='ltr'>xx,</span> <span class='ocrx_word' id='word_1_618' title='bbox 1793 4948 1855 5002; x_wconf 82' lang='lat' dir='ltr'>de</span> <span class='ocrx_word' id='word_1_619' title='bbox 1884 4950 1959 5003; x_wconf 87' lang='lat' dir='ltr'>si-</span> 
     </span>
    </p>
   </div>
   <div class='ocr_carea' id='block_1_85' title="bbox 309 5034 1960 5111">
    <p class='ocr_par' dir='ltr' id='par_1_85' title="bbox 309 5034 1960 5111">
     <span class='ocr_line' id='line_1_85' title="bbox 309 5034 1960 5111; baseline 0.002 -25"><span class='ocrx_word' id='word_1_620' title='bbox 309 5034 507 5106; x_wconf 78' lang='lat' dir='ltr'>gni/io.</span> <span class='ocrx_word' id='word_1_621' title='bbox 542 5038 687 5089; x_wconf 82' lang='lat' dir='ltr'>verb.</span> <span class='ocrx_word' id='word_1_622' title='bbox 724 5037 794 5091; x_wconf 88' lang='lat' dir='ltr'>ad</span> <span class='ocrx_word' id='word_1_623' title='bbox 829 5054 879 5090; x_wconf 83' lang='grc' dir='ltr'>ν.</span> <span class='ocrx_word' id='word_1_624' title='bbox 917 5037 1161 5109; x_wconf 77' lang='lat' dir='ltr'>Genius),</span> <span class='ocrx_word' id='word_1_625' title='bbox 1212 5038 1587 5111; x_wconf 84' lang='lat' dir='ltr'>appellabant</span> <span class='ocrx_word' id='word_1_626' title='bbox 1637 5055 1750 5093; x_wconf 93' lang='lat' dir='ltr'>non</span> <span class='ocrx_word' id='word_1_627' title='bbox 1788 5038 1960 5091; x_wconf 91' lang='lat' dir='ltr'>modo</span> 
     </span>
    </p>
   </div>
   <div class='ocr_carea' id='block_1_86' title="bbox 310 5124 1955 5199">
    <p class='ocr_par' dir='ltr' id='par_1_86' title="bbox 310 5124 1955 5199">
     <span class='ocr_line' id='line_1_86' title="bbox 310 5124 1955 5199; baseline 0.002 -23"><span class='ocrx_word' id='word_1_628' title='bbox 310 5124 783 5195; x_wconf 73' lang='lat' dir='ltr'>uniuscujusque</span> <span class='ocrx_word' id='word_1_629' title='bbox 812 5125 921 5181; x_wconf 92' lang='lat' dir='ltr'>loci</span> <span class='ocrx_word' id='word_1_630' title='bbox 956 5128 1151 5191; x_wconf 86' lang='lat' dir='ltr'>deum,</span> <span class='ocrx_word' id='word_1_631' title='bbox 1180 5130 1276 5183; x_wconf 88' lang='lat' dir='ltr'>sed</span> <span class='ocrx_word' id='word_1_632' title='bbox 1312 5145 1443 5183; x_wconf 90' lang='lat' dir='ltr'>eum</span> <span class='ocrx_word' id='word_1_633' title='bbox 1479 5128 1677 5195; x_wconf 85' lang='lat' dir='ltr'>etiam,</span> <span class='ocrx_word' id='word_1_634' title='bbox 1712 5127 1810 5199; x_wconf 88' lang='lat' dir='ltr'>qui</span> <span class='ocrx_word' id='word_1_635' title='bbox 1843 5128 1955 5180; x_wconf 90' lang='lat' dir='ltr'>vim</span> 
     </span>
    </p>
   </div>
   <div class='ocr_carea' id='block_1_87' title="bbox 307 5212 1955 5283">
    <p class='ocr_par' dir='ltr' id='par_1_87' title="bbox 307 5212 1955 5283">
     <span class='ocr_line' id='line_1_87' title="bbox 307 5212 1955 5283; baseline 0.003 -19"><span class='ocrx_word' id='word_1_636' title='bbox 307 5212 612 5267; x_wconf 90' lang='lat' dir='ltr'>obtinebat</span> <span class='ocrx_word' id='word_1_637' title='bbox 644 5231 837 5270; x_wconf 90' lang='lat' dir='ltr'>rerum</span> <span class='ocrx_word' id='word_1_638' title='bbox 872 5218 1136 5271; x_wconf 89' lang='lat' dir='ltr'>omnium</span> <span class='ocrx_word' id='word_1_639' title='bbox 1189 5219 1614 5283; x_wconf 68' lang='lat' dir='ltr'>gerendarum;</span> <span class='ocrx_word' id='word_1_640' title='bbox 1654 5216 1851 5283; x_wconf 91' lang='lat' dir='ltr'>ibique</span> <span class='ocrx_word' id='word_1_641' title='bbox 1901 5216 1955 5269; x_wconf 93' lang='lat' dir='ltr'>in</span> 
     </span>
    </p>
   </div>
   <div class='ocr_carea' id='block_1_88' title="bbox 307 5300 1956 5371">
    <p class='ocr_par' dir='ltr' id='par_1_88' title="bbox 307 5300 1956 5371">
     <span class='ocr_line' id='line_1_88' title="bbox 307 5300 1956 5371; baseline 0.003 -17"><span class='ocrx_word' id='word_1_642' title='bbox 307 5300 605 5371; x_wconf 86' lang='lat' dir='ltr'>Opinionis</span> <span class='ocrx_word' id='word_1_643' title='bbox 637 5320 754 5357; x_wconf 72' lang='lat' dir='ltr'>sua:</span> <span class='ocrx_word' id='word_1_644' title='bbox 806 5305 1308 5360; x_wconf 73' lang='lat' dir='ltr'>confirmationem</span> <span class='ocrx_word' id='word_1_645' title='bbox 1344 5306 1518 5361; x_wconf 87' lang='lat' dir='ltr'>refert</span> <span class='ocrx_word' id='word_1_646' title='bbox 1556 5306 1674 5361; x_wconf 69' lang='lat' dir='ltr'>haec</span> <span class='ocrx_word' id='word_1_647' title='bbox 1705 5304 1956 5360; x_wconf 87' lang='lat' dir='ltr'>Aufustii</span> 
     </span>
    </p>
   </div>
   <div class='ocr_carea' id='block_1_89' title="bbox 306 5389 1956 5467">
    <p class='ocr_par' dir='ltr' id='par_1_89' title="bbox 306 5389 1956 5467">
     <span class='ocr_line' id='line_1_89' title="bbox 306 5389 1956 5467; baseline 0.005 -27"><span class='ocrx_word' id='word_1_648' title='bbox 306 5389 484 5444; x_wconf 91' lang='lat' dir='ltr'>verba</span> <span class='ocrx_word' id='word_1_649' title='bbox 518 5407 531 5444; x_wconf 86' lang='lat'><strong>:</strong></span> <span class='ocrx_word' id='word_1_650' title='bbox 563 5415 590 5439; x_wconf 90' lang='grc'>‹‹</span> <span class='ocrx_word' id='word_1_651' title='bbox 625 5392 841 5449; x_wconf 89' lang='lat' dir='ltr'>Genius</span> <span class='ocrx_word' id='word_1_652' title='bbox 870 5400 959 5449; x_wconf 89' lang='lat' dir='ltr'>est</span> <span class='ocrx_word' id='word_1_653' title='bbox 987 5396 1227 5450; x_wconf 91' lang='lat' dir='ltr'>deorum</span> <span class='ocrx_word' id='word_1_654' title='bbox 1262 5395 1415 5450; x_wconf 83' lang='lat' dir='ltr'>filius</span> <span class='ocrx_word' id='word_1_655' title='bbox 1446 5401 1503 5450; x_wconf 90' lang='lat' dir='ltr'>et</span> <span class='ocrx_word' id='word_1_656' title='bbox 1528 5412 1737 5467; x_wconf 90' lang='lat' dir='ltr'>parens</span> <span class='ocrx_word' id='word_1_657' title='bbox 1768 5395 1956 5451; x_wconf 87' lang='lat' dir='ltr'>homi-</span> 
     </span>
    </p>
   </div>
   <div class='ocr_carea' id='block_1_90' title="bbox 309 5483 1955 5557">
    <p class='ocr_par' dir='ltr' id='par_1_90' title="bbox 309 5483 1955 5557">
     <span class='ocr_line' id='line_1_90' title="bbox 309 5483 1955 5557; baseline 0.004 -26"><span class='ocrx_word' id='word_1_658' title='bbox 309 5495 477 5548; x_wconf 92' lang='lat' dir='ltr'>num,</span> <span class='ocrx_word' id='word_1_659' title='bbox 510 5498 577 5535; x_wconf 81' lang='lat' dir='ltr'>ex</span> <span class='ocrx_word' id='word_1_660' title='bbox 610 5499 724 5554; x_wconf 88' lang='lat' dir='ltr'>quo</span> <span class='ocrx_word' id='word_1_661' title='bbox 757 5483 1027 5539; x_wconf 92' lang='lat' dir='ltr'>homines</span> <span class='ocrx_word' id='word_1_662' title='bbox 1055 5484 1397 5556; x_wconf 87' lang='lat' dir='ltr'>gignuntur,</span> <span class='ocrx_word' id='word_1_663' title='bbox 1430 5490 1488 5540; x_wconf 83' lang='lat' dir='ltr'>et</span> <span class='ocrx_word' id='word_1_664' title='bbox 1518 5490 1823 5557; x_wconf 86' lang='lat' dir='ltr'>propterea</span> <span class='ocrx_word' id='word_1_665' title='bbox 1853 5501 1955 5556; x_wconf 91' lang='lat' dir='ltr'>ge-</span> 
     </span>
    </p>
   </div>
   <div class='ocr_carea' id='block_1_91' title="bbox 309 5571 1956 5645">
    <p class='ocr_par' dir='ltr' id='par_1_91' title="bbox 309 5571 1956 5645">
     <span class='ocr_line' id='line_1_91' title="bbox 309 5571 1956 5645; baseline 0.004 -23"><span class='ocrx_word' id='word_1_666' title='bbox 309 5571 445 5623; x_wconf 89' lang='lat' dir='ltr'>nius</span> <span class='ocrx_word' id='word_1_667' title='bbox 492 5586 658 5625; x_wconf 89' lang='lat' dir='ltr'>meus</span> <span class='ocrx_word' id='word_1_668' title='bbox 707 5572 1067 5628; x_wconf 83' lang='lat' dir='ltr'>nominatur-</span> <span class='ocrx_word' id='word_1_669' title='bbox 1101 5572 1239 5644; x_wconf 92' lang='lat' dir='ltr'>quia</span> <span class='ocrx_word' id='word_1_670' title='bbox 1270 5590 1361 5627; x_wconf 92' lang='lat' dir='ltr'>me</span> <span class='ocrx_word' id='word_1_671' title='bbox 1400 5574 1619 5645; x_wconf 90' lang='lat' dir='ltr'>genuit.</span> <span class='ocrx_word' id='word_1_672' title='bbox 1662 5597 1682 5621; x_wconf 77' lang='grc' dir='ltr'>ι</span> <span class='ocrx_word' id='word_1_673' title='bbox 1719 5573 1956 5628; x_wconf 91' lang='lat' dir='ltr'>Servius</span> 
     </span>
    </p>
   </div>
   <div class='ocr_carea' id='block_1_92' title="bbox 307 5656 1954 5733">
    <p class='ocr_par' dir='ltr' id='par_1_92' title="bbox 307 5656 1954 5733">
     <span class='ocr_line' id='line_1_92' title="bbox 307 5656 1954 5733; baseline 0.002 -22"><span class='ocrx_word' id='word_1_674' title='bbox 307 5672 444 5713; x_wconf 88' lang='lat' dir='ltr'>vero</span> <span class='ocrx_word' id='word_1_675' title='bbox 494 5656 709 5714; x_wconf 84' lang='lat' dir='ltr'>alicubi</span> <span class='ocrx_word' id='word_1_676' title='bbox 769 5660 1043 5716; x_wconf 85' lang='lat' dir='ltr'>observat</span> <span class='ocrx_word' id='word_1_677' title='bbox 1085 5662 1323 5733; x_wconf 87' lang='lat' dir='ltr'>genium</span> <span class='ocrx_word' id='word_1_678' title='bbox 1364 5662 1435 5717; x_wconf 91' lang='lat' dir='ltr'>ab</span> <span class='ocrx_word' id='word_1_679' title='bbox 1466 5662 1723 5733; x_wconf 86' lang='lat' dir='ltr'>antiquis</span> <span class='ocrx_word' id='word_1_680' title='bbox 1766 5662 1954 5717; x_wconf 85' lang='lat' dir='ltr'>vocari</span> 
     </span>
    </p>
   </div>
   <div class='ocr_carea' id='block_1_93' title="bbox 2089 3329 3739 3405">
    <p class='ocr_par' dir='ltr' id='par_1_93' title="bbox 2089 3329 3739 3405">
     <span class='ocr_line' id='line_1_93' title="bbox 2089 3329 3739 3405; baseline -0.002 -21"><span class='ocrx_word' id='word_1_681' title='bbox 2089 3331 2325 3387; x_wconf 88' lang='lat' dir='ltr'>nomine</span> <span class='ocrx_word' id='word_1_682' title='bbox 2374 3330 2519 3405; x_wconf 60' lang='grc' dir='ltr'>τνόχη</span> <span class='ocrx_word' id='word_1_683' title='bbox 2554 3332 2870 3402; x_wconf 78' lang='lat' dir='ltr'>significari</span> <span class='ocrx_word' id='word_1_684' title='bbox 2924 3332 3237 3393; x_wconf 82' lang='lat' dir='ltr'>fortunam,</span> <span class='ocrx_word' id='word_1_685' title='bbox 3265 3331 3363 3385; x_wconf 90' lang='lat' dir='ltr'>sed</span> <span class='ocrx_word' id='word_1_686' title='bbox 3399 3348 3465 3383; x_wconf 77' lang='lat' dir='ltr'>ea</span> <span class='ocrx_word' id='word_1_687' title='bbox 3497 3329 3739 3383; x_wconf 73' lang='lat' dir='ltr'>Caesaris</span> 
     </span>
    </p>
   </div>
   <div class='ocr_carea' id='block_1_94' title="bbox 2090 3418 3736 3492">
    <p class='ocr_par' dir='ltr' id='par_1_94' title="bbox 2090 3418 3736 3492">
     <span class='ocr_line' id='line_1_94' title="bbox 2090 3418 3736 3492; baseline -0.001 -21"><span class='ocrx_word' id='word_1_688' title='bbox 2090 3418 2324 3473; x_wconf 80' lang='lat' dir='ltr'>fortuna</span> <span class='ocrx_word' id='word_1_689' title='bbox 2356 3422 2430 3473; x_wconf 74' lang='grc' dir='ltr'><strong>ἱιιί</strong></span> <span class='ocrx_word' id='word_1_690' title='bbox 2467 3423 3013 3492; x_wconf 69' lang='lat' dir='ltr'>designatur,quam</span> <span class='ocrx_word' id='word_1_691' title='bbox 3039 3420 3256 3474; x_wconf 90' lang='lat' dir='ltr'>ethnici</span> <span class='ocrx_word' id='word_1_692' title='bbox 3283 3420 3352 3473; x_wconf 90' lang='lat' dir='ltr'>ab</span> <span class='ocrx_word' id='word_1_693' title='bbox 3387 3418 3545 3473; x_wconf 91' lang='lat' dir='ltr'>illius</span> <span class='ocrx_word' id='word_1_694' title='bbox 3566 3418 3736 3489; x_wconf 83' lang='lat' dir='ltr'>genio</span> 
     </span>
    </p>
   </div>
   <div class='ocr_carea' id='block_1_95' title="bbox 2088 3506 3735 3578">
    <p class='ocr_par' dir='ltr' id='par_1_95' title="bbox 2088 3506 3735 3578">
     <span class='ocr_line' id='line_1_95' title="bbox 2088 3506 3735 3578; baseline 0 -18"><span class='ocrx_word' id='word_1_695' title='bbox 2088 3506 2397 3578; x_wconf 84' lang='lat' dir='ltr'>gubernari</span> <span class='ocrx_word' id='word_1_696' title='bbox 2434 3512 2872 3565; x_wconf 72' lang='lat' dir='ltr'>existimabant.</span> <span class='ocrx_word' id='word_1_697' title='bbox 2915 3516 2985 3563; x_wconf 81' lang='lat' dir='ltr'>At</span> <span class='ocrx_word' id='word_1_698' title='bbox 3016 3510 3085 3563; x_wconf 91' lang='lat' dir='ltr'>de</span> <span class='ocrx_word' id='word_1_699' title='bbox 3118 3508 3223 3563; x_wconf 88' lang='lat' dir='ltr'>hoc</span> <span class='ocrx_word' id='word_1_700' title='bbox 3253 3507 3642 3563; x_wconf 84' lang='lat' dir='ltr'>ethnicorum.</span> <span class='ocrx_word' id='word_1_701' title='bbox 3678 3511 3735 3561; x_wconf 90' lang='lat' dir='ltr'>et</span> 
     </span>
    </p>
   </div>
   <div class='ocr_carea' id='block_1_96' title="bbox 2088 3596 3732 3669">
    <p class='ocr_par' dir='ltr' id='par_1_96' title="bbox 2088 3596 3732 3669">
     <span class='ocr_line' id='line_1_96' title="bbox 2088 3596 3732 3669; baseline 0.001 -20"><span class='ocrx_word' id='word_1_702' title='bbox 2088 3601 2295 3666; x_wconf 86' lang='lat' dir='ltr'>negato</span> <span class='ocrx_word' id='word_1_703' title='bbox 2345 3616 2378 3651; x_wconf 90' lang='lat' dir='ltr'>a</span> <span class='ocrx_word' id='word_1_704' title='bbox 2423 3598 2771 3653; x_wconf 85' lang='lat' dir='ltr'>Christianis</span> <span class='ocrx_word' id='word_1_705' title='bbox 2814 3598 3200 3669; x_wconf 87' lang='lat' dir='ltr'>jurejurando</span> <span class='ocrx_word' id='word_1_706' title='bbox 3251 3598 3308 3652; x_wconf 93' lang='lat' dir='ltr'>in</span> <span class='ocrx_word' id='word_1_707' title='bbox 3342 3596 3629 3669; x_wconf 90' lang='lat' dir='ltr'>superiori</span> <span class='ocrx_word' id='word_1_708' title='bbox 3662 3599 3732 3651; x_wconf 90' lang='lat' dir='ltr'>de</span> 
     </span>
    </p>
   </div>
   <div class='ocr_carea' id='block_1_97' title="bbox 2086 3683 3729 3758">
    <p class='ocr_par' dir='ltr' id='par_1_97' title="bbox 2086 3683 3729 3758">
     <span class='ocr_line' id='line_1_97' title="bbox 2086 3683 3729 3758; baseline 0.002 -21"><span class='ocrx_word' id='word_1_709' title='bbox 2086 3683 2314 3737; x_wconf 89' lang='lat' dir='ltr'>Minutii</span> <span class='ocrx_word' id='word_1_710' title='bbox 2348 3686 2549 3741; x_wconf 84' lang='lat' dir='ltr'>Otavio</span> <span class='ocrx_word' id='word_1_711' title='bbox 2580 3687 2988 3741; x_wconf 70' lang='lat' dir='ltr'>dissertatione</span> <span class='ocrx_word' id='word_1_712' title='bbox 3020 3687 3448 3756; x_wconf 88' lang='lat' dir='ltr'>disputavimus</span> <span class='ocrx_word' id='word_1_713' title='bbox 3481 3687 3729 3758; x_wconf 78' lang='lat' dir='ltr'>(Dtssert.</span> 
     </span>
    </p>
   </div>
   <div class='ocr_carea' id='block_1_98' title="bbox 2085 3771 3113 3846">
    <p class='ocr_par' dir='ltr' id='par_1_98' title="bbox 2085 3771 3113 3846">
     <span class='ocr_line' id='line_1_98' title="bbox 2085 3771 3113 3846; baseline 0.003 -22"><span class='ocrx_word' id='word_1_714' title='bbox 2085 3771 2144 3826; x_wconf 84' lang='lat' dir='ltr'>in</span> <span class='ocrx_word' id='word_1_715' title='bbox 2172 3773 2366 3827; x_wconf 67' lang='lat' dir='ltr'>Minui.</span> <span class='ocrx_word' id='word_1_716' title='bbox 2400 3775 2584 3831; x_wconf 75' lang='lat' dir='ltr'>Oetae.</span> <span class='ocrx_word' id='word_1_717' title='bbox 2619 3792 2740 3846; x_wconf 85' lang='lat' dir='ltr'>cap.</span> <span class='ocrx_word' id='word_1_718' title='bbox 2778 3774 2865 3845; x_wconf 87' lang='lat'>12,</span> <span class='ocrx_word' id='word_1_719' title='bbox 2898 3780 3007 3830; x_wconf 90' lang='lat' dir='ltr'>art.</span> <span class='ocrx_word' id='word_1_720' title='bbox 3039 3775 3113 3846; x_wconf 90' lang='lat'>3).</span> 
     </span>
    </p>
   </div>
   <div class='ocr_carea' id='block_1_99' title="bbox 2155 3879 3729 3952">
    <p class='ocr_par' dir='ltr' id='par_1_99' title="bbox 2155 3879 3729 3952">
     <span class='ocr_line' id='line_1_99' title="bbox 2155 3879 3729 3952; baseline 0.001 -19"><span class='ocrx_word' id='word_1_721' title='bbox 2155 3879 2470 3935; x_wconf 86' lang='lat' dir='ltr'>Christiani</span> <span class='ocrx_word' id='word_1_722' title='bbox 2502 3882 2696 3952; x_wconf 90' lang='lat' dir='ltr'>itaque</span> <span class='ocrx_word' id='word_1_723' title='bbox 2750 3881 3193 3936; x_wconf 86' lang='lat' dir='ltr'>detestabantur</span> <span class='ocrx_word' id='word_1_724' title='bbox 3222 3895 3394 3935; x_wconf 89' lang='lat' dir='ltr'>omne</span> <span class='ocrx_word' id='word_1_725' title='bbox 3430 3881 3729 3950; x_wconf 83' lang='lat' dir='ltr'>jusjuran-</span> 
     </span>
    </p>
   </div>
   <div class='ocr_carea' id='block_1_100' title="bbox 2084 3968 3729 4039">
    <p class='ocr_par' dir='ltr' id='par_1_100' title="bbox 2084 3968 3729 4039">
     <span class='ocr_line' id='line_1_100' title="bbox 2084 3968 3729 4039; baseline -0.001 -16"><span class='ocrx_word' id='word_1_726' title='bbox 2084 3969 2224 4023; x_wconf 93' lang='lat' dir='ltr'>dum</span> <span class='ocrx_word' id='word_1_727' title='bbox 2278 3986 2378 4038; x_wconf 89' lang='lat' dir='ltr'>per</span> <span class='ocrx_word' id='word_1_728' title='bbox 2422 3974 2838 4039; x_wconf 87' lang='lat' dir='ltr'>imperatorum</span> <span class='ocrx_word' id='word_1_729' title='bbox 2883 3971 3107 4039; x_wconf 84' lang='lat' dir='ltr'>genios,</span> <span class='ocrx_word' id='word_1_730' title='bbox 3150 3968 3623 4039; x_wconf 86' lang='lat' dir='ltr'>quandoquidem</span> <span class='ocrx_word' id='word_1_731' title='bbox 3671 3968 3729 4023; x_wconf 92' lang='lat' dir='ltr'>hi</span> 
     </span>
    </p>
   </div>
   <div class='ocr_carea' id='block_1_101' title="bbox 2084 4056 3727 4127">
    <p class='ocr_par' dir='ltr' id='par_1_101' title="bbox 2084 4056 3727 4127">
     <span class='ocr_line' id='line_1_101' title="bbox 2084 4056 3727 4127; baseline 0 -16"><span class='ocrx_word' id='word_1_732' title='bbox 2084 4060 2185 4111; x_wconf 89' lang='lat' dir='ltr'>aut</span> <span class='ocrx_word' id='word_1_733' title='bbox 2216 4058 2385 4121; x_wconf 90' lang='lat' dir='ltr'>nulli,</span> <span class='ocrx_word' id='word_1_734' title='bbox 2421 4062 2516 4111; x_wconf 88' lang='lat' dir='ltr'>aut</span> <span class='ocrx_word' id='word_1_735' title='bbox 2538 4060 2827 4111; x_wconf 64' lang='lat' dir='ltr'>daemones</span> <span class='ocrx_word' id='word_1_736' title='bbox 2851 4063 3034 4127; x_wconf 76' lang='lat' dir='ltr'>erant,</span> <span class='ocrx_word' id='word_1_737' title='bbox 3063 4058 3265 4111; x_wconf 76' lang='lat' dir='ltr'>iisdem</span> <span class='ocrx_word' id='word_1_738' title='bbox 3291 4057 3534 4125; x_wconf 89' lang='lat' dir='ltr'>subjecti</span> <span class='ocrx_word' id='word_1_739' title='bbox 3563 4056 3727 4111; x_wconf 88' lang='lat' dir='ltr'>Chri-</span> 
     </span>
    </p>
   </div>
   <div class='ocr_carea' id='block_1_102' title="bbox 2084 4145 3724 4214">
    <p class='ocr_par' dir='ltr' id='par_1_102' title="bbox 2084 4145 3724 4214">
     <span class='ocr_line' id='line_1_102' title="bbox 2084 4145 3724 4214; baseline 0.001 -14"><span class='ocrx_word' id='word_1_740' title='bbox 2084 4145 2315 4207; x_wconf 85' lang='lat' dir='ltr'>stianis,</span> <span class='ocrx_word' id='word_1_741' title='bbox 2349 4147 2442 4214; x_wconf 83' lang='lat' dir='ltr'>qni</span> <span class='ocrx_word' id='word_1_742' title='bbox 2496 4146 2613 4201; x_wconf 86' lang='lat' dir='ltr'>illis</span> <span class='ocrx_word' id='word_1_743' title='bbox 2661 4147 2874 4201; x_wconf 71' lang='lat' dir='ltr'>Christi</span> <span class='ocrx_word' id='word_1_744' title='bbox 2927 4145 3160 4200; x_wconf 90' lang='lat' dir='ltr'>nomine</span> <span class='ocrx_word' id='word_1_745' title='bbox 3192 4146 3491 4214; x_wconf 85' lang='lat' dir='ltr'>adjuratos</span> <span class='ocrx_word' id='word_1_746' title='bbox 3520 4145 3590 4199; x_wconf 90' lang='lat' dir='ltr'>de</span> <span class='ocrx_word' id='word_1_747' title='bbox 3622 4146 3724 4201; x_wconf 89' lang='lat' dir='ltr'>ob-</span> 
     </span>
    </p>
   </div>
   <div class='ocr_carea' id='block_1_103' title="bbox 2082 4233 3722 4306">
    <p class='ocr_par' dir='ltr' id='par_1_103' title="bbox 2082 4233 3722 4306">
     <span class='ocr_line' id='line_1_103' title="bbox 2082 4233 3722 4306; baseline 0 -17"><span class='ocrx_word' id='word_1_748' title='bbox 2082 4251 2375 4290; x_wconf 84' lang='lat' dir='ltr'>sessorum</span> <span class='ocrx_word' id='word_1_749' title='bbox 2405 4237 2749 4306; x_wconf 89' lang='lat' dir='ltr'>corporibus</span> <span class='ocrx_word' id='word_1_750' title='bbox 2779 4236 3089 4305; x_wconf 91' lang='lat' dir='ltr'>ejiciebant</span> <span class='ocrx_word' id='word_1_751' title='bbox 3117 4233 3385 4305; x_wconf 89' lang='lat' dir='ltr'>(Tertull.</span> <span class='ocrx_word' id='word_1_752' title='bbox 3446 4233 3722 4304; x_wconf 82' lang='lat' dir='ltr'>Apologet.</span> 
     </span>
    </p>
   </div>
   <div class='ocr_carea' id='block_1_104' title="bbox 2082 4323 3721 4396">
    <p class='ocr_par' dir='ltr' id='par_1_104' title="bbox 2082 4323 3721 4396">
     <span class='ocr_line' id='line_1_104' title="bbox 2082 4323 3721 4396; baseline -0.001 -17"><span class='ocrx_word' id='word_1_753' title='bbox 2082 4340 2212 4394; x_wconf 86' lang='lat' dir='ltr'>cap.</span> <span class='ocrx_word' id='word_1_754' title='bbox 2250 4326 2359 4395; x_wconf 68' lang='lat'>3!).</span> <span class='ocrx_word' id='word_1_755' title='bbox 2398 4326 2505 4379; x_wconf 84' lang='lat' dir='ltr'>Fas</span> <span class='ocrx_word' id='word_1_756' title='bbox 2545 4342 2681 4396; x_wconf 88' lang='lat' dir='ltr'>ergo</span> <span class='ocrx_word' id='word_1_757' title='bbox 2714 4324 2827 4377; x_wconf 87' lang='lat' dir='ltr'>illis</span> <span class='ocrx_word' id='word_1_758' title='bbox 2864 4342 2974 4378; x_wconf 91' lang='lat' dir='ltr'>non</span> <span class='ocrx_word' id='word_1_759' title='bbox 3007 4328 3132 4379; x_wconf 87' lang='lat' dir='ltr'>erat</span> <span class='ocrx_word' id='word_1_760' title='bbox 3162 4340 3262 4394; x_wconf 89' lang='lat' dir='ltr'>per</span> <span class='ocrx_word' id='word_1_761' title='bbox 3290 4339 3390 4378; x_wconf 92' lang='lat' dir='ltr'>eos</span> <span class='ocrx_word' id='word_1_762' title='bbox 3421 4323 3635 4394; x_wconf 80' lang='lat' dir='ltr'>iurare,</span> <span class='ocrx_word' id='word_1_763' title='bbox 3664 4323 3721 4378; x_wconf 92' lang='lat' dir='ltr'>in</span> 
     </span>
    </p>
   </div>
   <div class='ocr_carea' id='block_1_105' title="bbox 2081 4412 3724 4483">
    <p class='ocr_par' dir='ltr' id='par_1_105' title="bbox 2081 4412 3724 4483">
     <span class='ocr_line' id='line_1_105' title="bbox 2081 4412 3724 4483; baseline 0.001 -16"><span class='ocrx_word' id='word_1_764' title='bbox 2081 4429 2228 4483; x_wconf 90' lang='lat' dir='ltr'>quos</span> <span class='ocrx_word' id='word_1_765' title='bbox 2258 4431 2550 4469; x_wconf 88' lang='lat' dir='ltr'>summam</span> <span class='ocrx_word' id='word_1_766' title='bbox 2582 4414 2875 4469; x_wconf 83' lang='lat' dir='ltr'>habebant</span> <span class='ocrx_word' id='word_1_767' title='bbox 2907 4416 3270 4481; x_wconf 83' lang='lat' dir='ltr'>potestatem.</span> <span class='ocrx_word' id='word_1_768' title='bbox 3296 4414 3577 4467; x_wconf 67' lang='lat' dir='ltr'>Praeterea</span> <span class='ocrx_word' id='word_1_769' title='bbox 3602 4412 3724 4468; x_wconf 91' lang='lat' dir='ltr'>eth-</span> 
     </span>
    </p>
   </div>
   <div class='ocr_carea' id='block_1_106' title="bbox 2080 4503 3724 4576">
    <p class='ocr_par' dir='ltr' id='par_1_106' title="bbox 2080 4503 3724 4576">
     <span class='ocr_line' id='line_1_106' title="bbox 2080 4503 3724 4576; baseline 0 -17"><span class='ocrx_word' id='word_1_770' title='bbox 2080 4504 2194 4559; x_wconf 91' lang='lat' dir='ltr'>nici</span> <span class='ocrx_word' id='word_1_771' title='bbox 2229 4521 2327 4575; x_wconf 92' lang='lat' dir='ltr'>per</span> <span class='ocrx_word' id='word_1_772' title='bbox 2357 4504 2590 4576; x_wconf 87' lang='lat' dir='ltr'>genium</span> <span class='ocrx_word' id='word_1_773' title='bbox 2645 4504 2887 4559; x_wconf 66' lang='lat' dir='ltr'>Caesaris</span> <span class='ocrx_word' id='word_1_774' title='bbox 2928 4505 3199 4572; x_wconf 85' lang='lat' dir='ltr'>jurantes</span> <span class='ocrx_word' id='word_1_775' title='bbox 3250 4503 3724 4574; x_wconf 88' lang='lat' dir='ltr'>frequentissime</span> 
     </span>
    </p>
   </div>
   <div class='ocr_carea' id='block_1_107' title="bbox 2004 4579 3724 4665">
    <p class='ocr_par' dir='ltr' id='par_1_107' title="bbox 2004 4579 3724 4665">
     <span class='ocr_line' id='line_1_107' title="bbox 2004 4579 3724 4665; baseline 0.001 -18"><span class='ocrx_word' id='word_1_776' title='bbox 2004 4579 2046 4641; x_wconf 79' lang='grc' dir='ltr'>Π</span> <span class='ocrx_word' id='word_1_777' title='bbox 2082 4594 2433 4664; x_wconf 82' lang='lat' dir='ltr'>pejerabant.</span> <span class='ocrx_word' id='word_1_778' title='bbox 2456 4594 2787 4648; x_wconf 81' lang='lat' dir='ltr'>Perduelles</span> <span class='ocrx_word' id='word_1_779' title='bbox 2805 4593 3097 4647; x_wconf 89' lang='lat' dir='ltr'>enimvero</span> <span class='ocrx_word' id='word_1_780' title='bbox 3119 4608 3185 4646; x_wconf 92' lang='lat' dir='ltr'>ac</span> <span class='ocrx_word' id='word_1_781' title='bbox 3212 4592 3424 4662; x_wconf 90' lang='lat' dir='ltr'>perjuri</span> <span class='ocrx_word' id='word_1_782' title='bbox 3458 4592 3724 4665; x_wconf 90' lang='lat' dir='ltr'>frangere</span> 
     </span>
    </p>
   </div>
   <div class='ocr_carea' id='block_1_108' title="bbox 2074 4681 3717 4751">
    <p class='ocr_par' dir='ltr' id='par_1_108' title="bbox 2074 4681 3717 4751">
     <span class='ocr_line' id='line_1_108' title="bbox 2074 4681 3717 4751; baseline 0.001 -16"><span class='ocrx_word' id='word_1_783' title='bbox 2074 4682 2341 4737; x_wconf 78' lang='lat' dir='ltr'>solebant</span> <span class='ocrx_word' id='word_1_784' title='bbox 2367 4684 2559 4737; x_wconf 87' lang='lat' dir='ltr'>datam</span> <span class='ocrx_word' id='word_1_785' title='bbox 2596 4682 2701 4737; x_wconf 93' lang='lat' dir='ltr'>hoc</span> <span class='ocrx_word' id='word_1_786' title='bbox 2729 4688 3095 4737; x_wconf 86' lang='lat' dir='ltr'>sacramento</span> <span class='ocrx_word' id='word_1_787' title='bbox 3118 4682 3324 4737; x_wconf 65' lang='lat' dir='ltr'>Casari</span> <span class='ocrx_word' id='word_1_788' title='bbox 3352 4681 3523 4736; x_wconf 79' lang='lat' dir='ltr'>fidem</span> <span class='ocrx_word' id='word_1_789' title='bbox 3544 4681 3717 4751; x_wconf 89' lang='lat' dir='ltr'>(idem</span> 
     </span>
    </p>
   </div>
   <div class='ocr_carea' id='block_1_109' title="bbox 2075 4769 3721 4843">
    <p class='ocr_par' dir='ltr' id='par_1_109' title="bbox 2075 4769 3721 4843">
     <span class='ocr_line' id='line_1_109' title="bbox 2075 4769 3721 4843; baseline 0 -18"><span class='ocrx_word' id='word_1_790' title='bbox 2075 4771 2171 4825; x_wconf 92' lang='lat' dir='ltr'>lib.</span> <span class='ocrx_word' id='word_1_791' title='bbox 2212 4770 2325 4824; x_wconf 79' lang='lat' dir='ltr'>iud</span> <span class='ocrx_word' id='word_1_792' title='bbox 2355 4774 2577 4825; x_wconf 85' lang='lat' dir='ltr'>Nation.</span> <span class='ocrx_word' id='word_1_793' title='bbox 2613 4788 2736 4842; x_wconf 83' lang='lat' dir='ltr'>cap.</span> <span class='ocrx_word' id='word_1_794' title='bbox 2790 4772 2872 4841; x_wconf 67' lang='grc'><strong>17,</strong></span> <span class='ocrx_word' id='word_1_795' title='bbox 2931 4787 3065 4843; x_wconf 87' lang='lat' dir='ltr'>pag.</span> <span class='ocrx_word' id='word_1_796' title='bbox 3125 4772 3269 4840; x_wconf 81' lang='lat'>583).</span> <span class='ocrx_word' id='word_1_797' title='bbox 3326 4769 3537 4840; x_wconf 90' lang='lat' dir='ltr'>Ecquis</span> <span class='ocrx_word' id='word_1_798' title='bbox 3585 4785 3721 4842; x_wconf 86' lang='lat' dir='ltr'>ergo</span> 
     </span>
    </p>
   </div>
   <div class='ocr_carea' id='block_1_110' title="bbox 2072 4857 3718 4930">
    <p class='ocr_par' dir='ltr' id='par_1_110' title="bbox 2072 4857 3718 4930">
     <span class='ocr_line' id='line_1_110' title="bbox 2072 4857 3718 4930; baseline 0.001 -18"><span class='ocrx_word' id='word_1_799' title='bbox 2072 4858 2219 4915; x_wconf 60' lang='lat' dir='ltr'>laesis</span> <span class='ocrx_word' id='word_1_800' title='bbox 2251 4860 2573 4930; x_wconf 81' lang='lat' dir='ltr'>majestatis</span> <span class='ocrx_word' id='word_1_801' title='bbox 2606 4858 2920 4914; x_wconf 88' lang='lat' dir='ltr'>conscius?</span> <span class='ocrx_word' id='word_1_802' title='bbox 2964 4876 3102 4914; x_wconf 92' lang='lat' dir='ltr'>num</span> <span class='ocrx_word' id='word_1_803' title='bbox 3140 4858 3188 4913; x_wconf 92' lang='lat' dir='ltr'>is</span> <span class='ocrx_word' id='word_1_804' title='bbox 3220 4858 3319 4929; x_wconf 91' lang='lat' dir='ltr'>qui</span> <span class='ocrx_word' id='word_1_805' title='bbox 3352 4857 3532 4929; x_wconf 88' lang='lat' dir='ltr'>impio</span> <span class='ocrx_word' id='word_1_806' title='bbox 3554 4858 3718 4929; x_wconf 88' lang='lat' dir='ltr'>jure-</span> 
     </span>
    </p>
   </div>
   <div class='ocr_carea' id='block_1_111' title="bbox 2064 4947 3714 5021">
    <p class='ocr_par' dir='ltr' id='par_1_111' title="bbox 2064 4947 3714 5021">
     <span class='ocr_line' id='line_1_111' title="bbox 2064 4947 3714 5021; baseline -0.002 -19"><span class='ocrx_word' id='word_1_807' title='bbox 2064 4949 2319 5019; x_wconf 84' lang='lat' dir='ltr'>jurando</span> <span class='ocrx_word' id='word_1_808' title='bbox 2352 4956 2450 5003; x_wconf 86' lang='lat' dir='ltr'>aut</span> <span class='ocrx_word' id='word_1_809' title='bbox 2480 4948 2681 5002; x_wconf 82' lang='lat' dir='ltr'>infami</span> <span class='ocrx_word' id='word_1_810' title='bbox 2717 4948 2966 5021; x_wconf 83' lang='lat' dir='ltr'>perjurio</span> <span class='ocrx_word' id='word_1_811' title='bbox 2989 4952 3256 5015; x_wconf 89' lang='lat' dir='ltr'>tenetur;</span> <span class='ocrx_word' id='word_1_812' title='bbox 3291 4952 3392 5002; x_wconf 89' lang='lat' dir='ltr'>aut</span> <span class='ocrx_word' id='word_1_813' title='bbox 3413 4947 3590 5013; x_wconf 89' lang='lat' dir='ltr'>alius,</span> <span class='ocrx_word' id='word_1_814' title='bbox 3614 4947 3714 5018; x_wconf 89' lang='lat' dir='ltr'>qui</span> 
     </span>
    </p>
   </div>
   <div class='ocr_carea' id='block_1_112' title="bbox 2072 5036 3718 5109">
    <p class='ocr_par' dir='ltr' id='par_1_112' title="bbox 2072 5036 3718 5109">
     <span class='ocr_line' id='line_1_112' title="bbox 2072 5036 3718 5109; baseline 0 -18"><span class='ocrx_word' id='word_1_815' title='bbox 2072 5036 2507 5109; x_wconf 88' lang='lat' dir='ltr'>iniquissimum</span> <span class='ocrx_word' id='word_1_816' title='bbox 2557 5036 2701 5091; x_wconf 87' lang='lat' dir='ltr'>illud</span> <span class='ocrx_word' id='word_1_817' title='bbox 2743 5038 3165 5107; x_wconf 87' lang='lat' dir='ltr'>jusjurandum</span> <span class='ocrx_word' id='word_1_818' title='bbox 3219 5038 3354 5091; x_wconf 85' lang='lat' dir='ltr'>dare</span> <span class='ocrx_word' id='word_1_819' title='bbox 3383 5039 3718 5091; x_wconf 88' lang='lat' dir='ltr'>constanter</span> 
     </span>
    </p>
   </div>
   <div class='ocr_carea' id='block_1_113' title="bbox 2070 5128 2884 5198">
    <p class='ocr_par' dir='ltr' id='par_1_113' title="bbox 2070 5128 2884 5198">
     <span class='ocr_line' id='line_1_113' title="bbox 2070 5128 2884 5198; baseline 0.002 -18"><span class='ocrx_word' id='word_1_820' title='bbox 2070 5131 2301 5180; x_wconf 85' lang='lat' dir='ltr'>recusat</span> <span class='ocrx_word' id='word_1_821' title='bbox 2331 5130 2487 5197; x_wconf 87' lang='lat' dir='ltr'>(Sup.</span> <span class='ocrx_word' id='word_1_822' title='bbox 2521 5144 2651 5198; x_wconf 88' lang='lat' dir='ltr'>cap.</span> <span class='ocrx_word' id='word_1_823' title='bbox 2695 5128 2829 5198; x_wconf 89' lang='lat' dir='ltr'>art.)</span> <span class='ocrx_word' id='word_1_824' title='bbox 2857 5128 2884 5181; x_wconf 81' lang='lat' dir='ltr'>‘I</span> 
     </span>
    </p>
   </div>
   <div class='ocr_carea' id='block_1_114' title="bbox 2140 5212 3714 5287">
    <p class='ocr_par' dir='ltr' id='par_1_114' title="bbox 2140 5212 3714 5287">
     <span class='ocr_line' id='line_1_114' title="bbox 2140 5212 3714 5287; baseline -0.001 -16"><span class='ocrx_word' id='word_1_825' title='bbox 2140 5216 2452 5271; x_wconf 88' lang='lat' dir='ltr'>Christiani</span> <span class='ocrx_word' id='word_1_826' title='bbox 2486 5233 2620 5287; x_wconf 90' lang='lat' dir='ltr'>ergo</span> <span class='ocrx_word' id='word_1_827' title='bbox 2664 5217 2769 5272; x_wconf 90' lang='lat' dir='ltr'>hoc</span> <span class='ocrx_word' id='word_1_828' title='bbox 2820 5220 3184 5287; x_wconf 88' lang='lat' dir='ltr'>respuentes,</span> <span class='ocrx_word' id='word_1_829' title='bbox 3225 5232 3291 5269; x_wconf 89' lang='lat' dir='ltr'>eo</span> <span class='ocrx_word' id='word_1_830' title='bbox 3333 5212 3531 5268; x_wconf 89' lang='lat' dir='ltr'>minus</span> <span class='ocrx_word' id='word_1_831' title='bbox 3564 5213 3714 5269; x_wconf 71' lang='lat' dir='ltr'>lassae</span> 
     </span>
    </p>
   </div>
   <div class='ocr_carea' id='block_1_115' title="bbox 2069 5302 3714 5377">
    <p class='ocr_par' dir='ltr' id='par_1_115' title="bbox 2069 5302 3714 5377">
     <span class='ocr_line' id='line_1_115' title="bbox 2069 5302 3714 5377; baseline -0.003 -18"><span class='ocrx_word' id='word_1_832' title='bbox 2069 5302 2395 5375; x_wconf 69' lang='lat' dir='ltr'>maiestatis</span> <span class='ocrx_word' id='word_1_833' title='bbox 2417 5304 2686 5359; x_wconf 65' lang='lat' dir='ltr'>humana:</span> <span class='ocrx_word' id='word_1_834' title='bbox 2712 5306 2790 5360; x_wconf 94' lang='lat' dir='ltr'>rel</span> <span class='ocrx_word' id='word_1_835' title='bbox 2814 5310 3122 5377; x_wconf 79' lang='lat' dir='ltr'>erant,quo</span> <span class='ocrx_word' id='word_1_836' title='bbox 3148 5304 3714 5375; x_wconf 83' lang='lat' dir='ltr'>libentiusjurabant</span> 
     </span>
    </p>
   </div>
   <div class='ocr_carea' id='block_1_116' title="bbox 2068 5392 3715 5466">
    <p class='ocr_par' dir='ltr' id='par_1_116' title="bbox 2068 5392 3715 5466">
     <span class='ocr_line' id='line_1_116' title="bbox 2068 5392 3715 5466; baseline -0.002 -18"><span class='ocrx_word' id='word_1_837' title='bbox 2068 5409 2170 5464; x_wconf 90' lang='lat' dir='ltr'>per</span> <span class='ocrx_word' id='word_1_838' title='bbox 2199 5393 2566 5464; x_wconf 88' lang='lat' dir='ltr'>imperatoris</span> <span class='ocrx_word' id='word_1_839' title='bbox 2606 5394 2875 5461; x_wconf 85' lang='lat' dir='ltr'>salutem,</span> <span class='ocrx_word' id='word_1_840' title='bbox 2912 5410 3035 5466; x_wconf 68' lang='lat' dir='ltr'>quae</span> <span class='ocrx_word' id='word_1_841' title='bbox 3069 5397 3355 5463; x_wconf 86' lang='lat' dir='ltr'>augustior</span> <span class='ocrx_word' id='word_1_842' title='bbox 3393 5402 3490 5459; x_wconf 83' lang='lat' dir='ltr'>est,</span> <span class='ocrx_word' id='word_1_843' title='bbox 3522 5392 3715 5462; x_wconf 91' lang='lat' dir='ltr'>inquit</span> 
     </span>
    </p>
   </div>
   <div class='ocr_carea' id='block_1_117' title="bbox 2065 5481 3710 5557">
    <p class='ocr_par' dir='ltr' id='par_1_117' title="bbox 2065 5481 3710 5557">
     <span class='ocr_line' id='line_1_117' title="bbox 2065 5481 3710 5557; baseline -0.002 -20"><span class='ocrx_word' id='word_1_844' title='bbox 2065 5485 2282 5537; x_wconf 82' lang='lat' dir='ltr'>Auctor</span> <span class='ocrx_word' id='word_1_845' title='bbox 2329 5488 2547 5549; x_wconf 90' lang='lat' dir='ltr'>noster,</span> <span class='ocrx_word' id='word_1_846' title='bbox 2604 5485 2881 5540; x_wconf 91' lang='lat' dir='ltr'>omnibus</span> <span class='ocrx_word' id='word_1_847' title='bbox 2947 5484 3155 5557; x_wconf 88' lang='lat' dir='ltr'>geniis,</span> <span class='ocrx_word' id='word_1_848' title='bbox 3214 5481 3710 5555; x_wconf 90' lang='lat' dir='ltr'>quemadmodum</span> 
     </span>
    </p>
   </div>
   <div class='ocr_carea' id='block_1_118' title="bbox 2065 5568 3707 5644">
    <p class='ocr_par' dir='ltr' id='par_1_118' title="bbox 2065 5568 3707 5644">
     <span class='ocr_line' id='line_1_118' title="bbox 2065 5568 3707 5644; baseline -0.002 -18"><span class='ocrx_word' id='word_1_849' title='bbox 2065 5572 2239 5643; x_wconf 91' lang='lat' dir='ltr'>paulo</span> <span class='ocrx_word' id='word_1_850' title='bbox 2272 5576 2405 5627; x_wconf 89' lang='lat' dir='ltr'>ante</span> <span class='ocrx_word' id='word_1_851' title='bbox 2452 5574 2831 5644; x_wconf 83' lang='lat' dir='ltr'>exposuimus</span> <span class='ocrx_word' id='word_1_852' title='bbox 2861 5574 3076 5644; x_wconf 64' lang='lat' dir='ltr'>(Ibid)</span> <span class='ocrx_word' id='word_1_853' title='bbox 3108 5573 3339 5628; x_wconf 86' lang='lat' dir='ltr'>Testem</span> <span class='ocrx_word' id='word_1_854' title='bbox 3370 5586 3501 5625; x_wconf 87' lang='lat' dir='ltr'>vero</span> <span class='ocrx_word' id='word_1_855' title='bbox 3528 5568 3707 5639; x_wconf 90' lang='lat' dir='ltr'>hujus</span> 
     </span>
    </p>
   </div>
   <div class='ocr_carea' id='block_1_119' title="bbox 2057 5658 3706 5733">
    <p class='ocr_par' dir='ltr' id='par_1_119' title="bbox 2057 5658 3706 5733">
     <span class='ocr_line' id='line_1_119' title="bbox 2057 5658 3706 5733; baseline -0.002 -16"><span class='ocrx_word' id='word_1_856' title='bbox 2057 5660 2445 5733; x_wconf 83' lang='lat' dir='ltr'>jurisjbrandi</span> <span class='ocrx_word' id='word_1_857' title='bbox 2478 5662 2765 5719; x_wconf 89' lang='lat' dir='ltr'>habemus</span> <span class='ocrx_word' id='word_1_858' title='bbox 2789 5661 3297 5731; x_wconf 82' lang='lat' dir='ltr'>Athanasium,qui</span> <span class='ocrx_word' id='word_1_859' title='bbox 3330 5660 3399 5715; x_wconf 87' lang='lat' dir='ltr'>ad</span> <span class='ocrx_word' id='word_1_860' title='bbox 3424 5658 3706 5715; x_wconf 89' lang='lat' dir='ltr'>Constan-</span> 
     </span>
    </p>
   </div>
  </div>
