4134 6184
451 287 607 348 1143

910 370 916 376 ι
982 278 1509 342 TERTULLIANI
1556 276 1877 337 OPERUM
1918 275 2117 337 PARS
2161 278 2209 337 Ι.
2242 310 2319 320 -
2350 278 2623 338 SERIES
2670 281 2717 353 l,
2761 279 3320 344 APOLOGE'I‘ICA.

3674 288 3808 350 1141

445 420 595 475 tium
643 419 1056 490 imperatorem
1107 417 1177 470 de
1224 413 1463 485 Syriano
1506 410 1660 465 haud
1711 410 1887 465 dubie
1927 409 2092 465 Chri-
2122 414 2177 480 Α
2274 419 2583 482 peratorem
2638 422 2767 469 ante
2822 423 3051 470 mortem
3104 424 3155 471 et
3212 416 3537 487 apotheosim
3570 418 3713 474 deum
3743 400 3813 475 di.

448 511 639 566 stiano
667 508 788 563 htec
822 506 1059 578 scripsit
1094 521 1106 560 :
1143 500 1569 576 Μαρτυρόμενος
1618 498 1717 566 τὴν
1766 497 1865 565 σὴν
1916 518 2097 567 σωτη-

451 598 589 670 ρίαν,
624 607 775 653 tuam
803 600 1135 651 contestatus
1189 596 1421 647 satutem
1468 590 1767 657 (Athanas.
1831 588 1987 658 Apol.
2020 589 2100 644 ad

452 689 627 743 Const.
651 702 783 758 pag.
817 687 940 739 310.
972 690 1113 738 tom.
1143 682 1203 753 Ι),
1252 679 1545 752 pollicitus
1579 683 1667 732 est
1699 694 1760 731 se
1792 676 1937 731 nihil
1962 694 2097 731 con-

448 778 817 833 turbaturum
855 773 1132 844 amplius,
1166 772 1265 825 sed
1301 772 1466 839 longe
1493 766 1698 835 majori
1730 765 2099 821 solemnitate

450 883 572 923 rem
606 866 675 920 ad
712 866 837 934 ejus
859 863 1186 917 delaturum
1213 858 1634 929 religionemJn
1654 855 2097 925 (larthaginensi

448 960 642 1012 autem
667 953 984 1010 Collatione
1003 949 1375 1005 Marcellinus
1408 963 1603 1002 comes
1635 947 1867 1000 eosdem
1901 962 2095 1000 sacra-

449 1050 643 1101 mento
673 1059 800 1098 sese
832 1042 922 1096 his
957 1041 1150 1094 verbis
1181 1037 1491 1093 obstrinxit
1526 1053 1537 1090 :
1574 1057 1601 1085 «
1634 1035 1762 1089 Sive
1795 1051 1926 1088 cum
1960 1034 2095 1102 alio,

444 1136 562 1189 sive
594 1134 754 1188 solus
786 1132 845 1185 in
880 1131 988 1184 hoc
1022 1128 1250 1201 negotio
1276 1126 1649 1196 judicaturus
1682 1124 1922 1187 intereo,
1947 1122 2094 1177 nihil

441 1223 600 1279 aliud
626 1220 869 1291 ωε,ζηὶΒὶ
895 1221 1047 1291 quod
1074 1216 1453 1287 allegationes
1478 1214 1727 1284 partium
1752 1215 2095 1267 examinatis

442 1313 739 1383 potuerint
770 1310 1263 1373 demonstrare,et
1290 1304 1445 1375 quod
1476 1302 1592 1356 veri
1622 1303 1903 1356 invenerit
1929 1302 2094 1367 fides,

445 1418 546 1473 per
576 1398 923 1456 admirabile
953 1396 1296 1468 mysterium
1328 1393 1651 1461 Trinitatis,
1687 1408 1789 1463 per
1822 1392 2093 1445 incarna-

446 1489 624 1546 tionis
657 1487 966 1544 Dominicas
1000 1487 1453 1549 sacramentum,
1487 1490 1539 1535 et
1580 1497 1682 1551 per
1713 1480 1963 1535 salutem
1992 1496 2095 1533 su-

450 1596 554 1652 pra
586 1582 1044 1633 memoratorum
1078 1572 1407 1645 principum
1459 1570 1715 1642 [Honorii
1749 1575 1806 1623 et
1832 1568 2096 1623 Theodo-

450 1668 544 1741 sii]
592 1666 988 1737 iudicaturum
1037 1680 1127 1717 me
1160 1677 1288 1715 esse
1326 1660 1599 1731 promitto
1632 1681 1659 1707 ››
1700 1658 1918 1728 (Collat.
1959 1661 2095 1712 Car-

446 1759 609 1829 thag.
642 1760 783 1825 post.
819 1754 994 1824 Optat.
1034 1751 1133 1806 lib.
1165 1766 1297 1821 pag,
1331 1749 1478 1820 481).
1516 1748 1684 1845 Vides
1708 1764 1857 1845 sane
1889 1746 2094 1845 quanti
2128 1782 2175 1845 Β

448 1846 726 1901 momenti
761 1844 839 1898 sit
874 1843 983 1897 hoc
1014 1843 1468 1896 sacramentum.
1502 1837 1656 1909 quod
1689 1836 1918 1890 duobus
1944 1835 2096 1903 aliis,

445 1935 662 2007 quibus
696 1931 841 1987 nihil
875 1930 1165 1985 sacratius
1196 1944 1322 1983 esse
1356 1931 1601 1999 poterat,
1637 1927 1693 1979 in
1727 1924 1942 1980 celebri
1976 1924 2099 1996 epi-

443 2039 755 2095 scoporum
778 2026 930 2076 coetu
962 2018 1360 2089 conjungitur.
1388 2016 1558 2069 Plura
1582 2019 1775 2069 autem
1810 2013 2098 2084 huiusju-

439 2112 757 2183 riejurandi
790 2110 909 2165 sive
958 2108 1017 2162 in
1053 2106 1323 2179 publicis,
1379 2105 1497 2158 sive
1528 2104 1585 2157 in
1622 2103 1862 2174 privatis
1898 2104 2097 2172 rebus,

442 2206 500 2257 et
530 2201 948 2271 imperatorum
976 2197 1204 2268 legibus
1235 2192 1586 2261 conﬁrmati,
1619 2191 1882 2262 exempla
1915 2192 2104 2246 omni-

442 2292 555 2345 bus
586 2289 732 2344 satis
763 2287 933 2342 obvia
963 2285 1177 2356 saepius
1202 2287 1517 2338 occurrunt
1539 2281 1957 2352 (Cod.1‘heodos.
1987 2281 2095 2350 leg.

442 2396 544 2434 νιιι
573 2378 640 2433 de
668 2379 821 2432 Paci.
871 2384 923 2429 et
956 2373 1278 2443 Transact.).
1311 2372 1465 2425 Nihil
1502 2371 1699 2440 itaque
1732 2387 1764 2424 a
1795 2370 1964 2424 nobis
1998 2371 2103 2424 ad-

438 2467 788 2539 jiciendum,
832 2464 943 2520 nisi
991 2461 1472 2534 antiquissimum
1524 2461 1724 2514 1047
1759 2474 1882 2513 esse
1923 2458 2099 2512 dandi

445 2558 621 2627 hujus
655 2554 1007 2609 sacramenti
1040 2568 1280 2619 morem,
1315 2554 1377 2602 In
1413 2550 1597 2603 sacris
1630 2548 1925 2618 siquidem
1956 2546 2100 2602 Scri-

445 2645 638 2716 pturis
669 2644 823 2713 (Gen.
884 2659 1011 2712 cap.
1058 2658 1197 2709 XLII,
1253 2640 1340 2706 15,
1376 2638 1486 2708 16),
1518 2638 1732 2707 Joseph
1767 2636 2101 2694 Patriarcha

444 2750 547 2805 per
576 2732 824 2788 salutem
860 2729 1183 2785 Pharaonis
1231 2729 1318 2783 bis
1364 2728 1600 2797 jurasse
1657 2732 1947 2780 narratur.
1986 2725 2098 2780 Nos

439 2826 636 2878 tamen
688 2821 940 2876 Basilius
992 2820 1242 2874 monitos
1283 2834 1409 2872 esse
1463 2815 1643 2870 voluit
1690 2814 1830 2869 illud
1866 2814 2099 2869 etiamsi

448 2912 767 2984 quamdam
801 2927 916 2981 prm
961 2925 1021 2963 se
1074 2909 1221 2962 ferat
1251 2904 1643 2976 jurisjurandi
1675 2903 1951 2975 speciem,
1984 2919 2098 2957 non

446 3002 681 3073 proprie
729 2998 951 3053 dictum
975 2996 1558 3066 essejusjurandum,
1607 2994 1706 3047 sed
1732 2992 1962 3063 aliquod
1996 3008 2102 3062 po-

444 3090 561 3143 tius
590 3088 937 3153 remedium,
970 3102 1116 3157 quos
1148 3102 1239 3139 res
1271 3084 1467 3155 aliqua
1508 3083 1695 3153 possit
1726 3081 2097 3137 auditoribus

447 3177 676 3231 facilius
727 3147 1064 3246 persuaderi
1108 3172 1306 3244 (Basil.
1341 3147 1549 3226 Homil.
1584 3173 1643 3226 in
1672 3170 1809 3241 psal.
1845 3170 1984 3233 XIV,
2016 3170 2094 3239 3).

2209 3153 2309 3209 Καὶ
2344 3152 2515 3227 λέγων
2548 3150 2725 3224 τούτῳ
2752 3153 2887 3227 πρός
2918 3173 2976 3207 τε
3006 3151 3121 3215 οὖς’

444 3268 513 3320 At
540 3263 942 3318 Tertullianus
974 3268 1169 3334 aperte
1201 3261 1542 3332 pronuntiat
1573 3262 1701 3315 ideo
1733 3259 2102 3315 Christianos

440 3354 676 3423 jurasse
736 3368 836 3422 per
883 3351 1135 3405 salutem
1186 3348 1580 3417 imperatoris,
1614 3348 1752 3418 quia
1782 3370 1809 3397 ‹‹
1845 3347 2097 3416 salvum,

450 3441 667 3511 inquit,
698 3440 969 3495 volumus
997 3455 1145 3507 esse,
1179 3438 1331 3506 quod
1364 3438 1516 3492 Deus
1540 3435 1742 3503 voluit,
1774 3442 1832 3490 et
1862 3452 1961 3506 pro
1986 3452 2104 3489 ma-

452 3544 567 3600 gno
599 3530 1013 3599 idjuramento
1047 3528 1328 3581 habemus
1362 3547 1390 3574 »
1413 3524 1677 3595 (Tertull.
1710 3524 2019 3591 Apologet.,
2048 3541 2098 3579 ο.

450 3616 540 3685 32,
577 3634 631 3685 p.
666 3617 813 3686 447).
850 3615 1136 3686 Intelligis
1193 3615 1371 3685 igitur
1402 3619 1689 3684 quantum
1721 3614 1871 3667 inter
1899 3613 2102 3667 Chris-

451 3703 645 3759 tianos
694 3711 750 3759 et
797 3704 1081 3770 ethnicos,
1118 3705 1203 3758 sic
1238 3706 1530 3772 jurantes,
1581 3708 1705 3757 erat
1761 3702 2099 3757 discrimen.

448 3792 765 3848 Christiani
785 3793 1001 3863 quippe
1033 3800 1139 3847 hac
1163 3791 1396 3863 publica
1414 3792 1801 3861 jurisjurandi
1824 3790 2100 3862 religione

448 3880 826 3935 affirmabant
866 3882 1095 3935 sincero
1130 3898 1191 3935 se
1240 3882 1437 3935 animo
1471 3880 1861 3951 imperatoris,
1912 3880 2103 3950 quiaa

449 3974 559 4024 Deo
592 3970 738 4040 ipsis
770 3977 1097 4041 prmpostus
1122 3978 1269 4035 erat,
1296 3978 1496 4041 Optare
1521 3986 1586 4024 ac
1611 3973 1803 4040 petere
1829 3968 2100 4025 salutem.

450 4059 681 4115 Ethnici
710 4076 844 4116 vero
877 4060 1061 4130 impia
1091 4060 1429 4115 adulatione
1461 4061 1897 4130 imperatorem,
1931 4075 2105 4130 quem

452 4155 751 4204 mortuum
801 4148 1104 4219 optabant,
1138 4148 1621 4204 contestabantur
1651 4164 1780 4202 esse
1827 4148 2001 4203 deum
2048 4151 2106 4203 et

452 4254 595 4293 verae
644 4237 968 4293 divinitatis
1020 4238 1383 4309 participem.
1437 4237 1579 4291 Tam
1626 4236 1854 4291 nefarias
1906 4243 2100 4292 autem

452 4326 866 4382 aesentationis
915 4326 1081 4381 testis
1130 4328 1386 4397 profecto
1439 4330 1496 4379 et
1545 4325 1819 4380 conscius
1858 4326 1966 4381 fuit
1997 4329 2103 4380 Ho-

450 4415 658 4479 ratius,
691 4416 791 4484 qui
825 4416 895 4469 ad
930 4419 1208 4471 Cmsarem
1241 4418 1595 4484 Augustum,
1632 4413 1714 4468 uti
1746 4413 1882 4467 alibi
1914 4430 2099 4469 anno-

448 4503 704 4558 tavimus
735 4505 1042 4573 (Dissertat.
1098 4506 1159 4558 in
1209 4506 1409 4560 Minui.
1442 4518 1570 4572 cap.
1605 4502 1695 4568 12,
1726 4506 1832 4557 art.
1865 4502 1942 4572 3),
1977 4503 2098 4559 haec
2128 4514 2174 4579 Ι)

449 4590 685 4662 scripsit
714 4593 975 4647 carmina
1008 4612 1019 4648 :

606 4747 854 4809 Prmsenti
886 4747 982 4795 tibi
1013 4751 1251 4796 maturos
1279 4746 1502 4809 largitur
1531 4746 1782 4804 honores,

601 4808 971 4872 Jurandasque
1000 4814 1151 4859 tuum
1179 4823 1275 4871 per
1302 4808 1500 4858 nomen
1530 4810 1779 4871 ponimus
1808 4822 1942 4857 aras.

1067 4889 1266 4945 (Horat.
1297 4889 1385 4938 lib.
1418 4902 1452 4948 ι,
1484 4890 1637 4953 epist.
1677 4892 1719 4947 1,
1750 4902 1801 4936 v.
1835 4891 1889 4938 15
1916 4892 1969 4938 et
1998 4891 2095 4951 16.)

1060 5083 1373 5123 ARTICULUS
1406 5084 1482 5122 IV.

453 5189 797 5246 Christianos
816 5207 1106 5262 perperam
1130 5194 1204 5246 ab
1226 5191 1465 5247 ethnicis
1494 5193 1637 5249 laesis
1666 5192 1970 5262 majestatis
1991 5193 2093 5246 hu-

519 5280 695 5317 manae
727 5263 927 5319 idcirco
960 5264 1295 5328 insimulari,
1346 5264 1484 5333 quod
1514 5265 1873 5333 imperatores
1902 5280 2095 5320 vocare

519 5334 641 5389 deos
669 5336 877 5390 nollent
915 5354 936 5389 ,ι
971 5338 1151 5399 ipsum
1182 5337 1575 5401 imperatorem
1604 5352 1714 5389 suae
1747 5336 2094 5404 inﬁrmitatis

520 5407 867 5461 admonitum
930 5408 1102 5473 fuisse
1149 5408 1209 5459 in
1256 5408 1504 5460 maxima
1556 5407 1829 5475 triumphi
1868 5408 2090 5475 glaria:

521 5488 831 5533 recusatum
878 5479 952 5532 ab
997 5478 1192 5546 Augsto
1240 5478 1455 5533 Ctesare
1498 5476 1590 5531 dei
1636 5493 1699 5531 ac
1740 5478 1957 5532 domini
2001 5493 2091 5532 co-

522 5567 755 5616 gnomen
787 5569 804 5603 :
838 5551 1197 5617 imperatores
1243 5566 1277 5603 a
1327 5548 1657 5603 Christianis
1698 5552 1944 5605 dominos
1972 5565 2096 5605 voce

523 5622 800 5676 communi
828 5618 1134 5691 appellatos
1186 5637 1196 5675 :
1248 5622 1402 5691 nefas
1448 5619 1742 5690 gentilibus
1781 5619 1958 5692 fuisse
1985 5622 2092 5675 im-

2280 499 2408 538 οενε
2417 524 2430 538 .

2278 590 2449 645 Nulla
2487 595 2642 646 certe
2691 594 2877 663 major
2905 597 3028 648 erat
3058 594 3424 664 perversitas,
3456 612 3617 667 quam
3648 598 3812 668 genti-

2206 677 2372 747 lium,
2391 680 2491 749 qui
2513 679 2860 735 Christianis
2883 682 3073 737 dicam
3106 681 3252 737 laesae
3288 685 3597 756 majestatis
3623 684 3812 740 idcirco

2207 768 2561 832 scribebant,
2614 771 2767 840 quod
2830 770 3215 842 imperatores
3281 774 3419 828 deos
3473 790 3682 838 vocare,
3731 780 3817 830 aut

2207 857 2420 911 divinis
2469 859 2698 913 afficere
2747 859 3067 914 honoribus
3119 860 3289 932 plane
3320 868 3660 917 recusarent.
3690 867 3813 917 Nam

2208 951 2270 999 ut
2300 946 2442 1001 scite
2473 946 2873 1003 Tertullianus
2906 950 3098 1021 arguit
3131 967 3144 1005 :
3185 971 3206 997 α
3242 951 3422 1023 Negat
3450 951 3605 1006 illum
3637 952 3817 1024 [impe-

2204 1039 2501 1106 ratorem],
2562 1036 2661 1107 qui
2704 1038 2876 1092 deum
2936 1039 3094 1093 dicit.
3156 1039 3278 1095 Nisi
3336 1042 3528 1106 homo,
3590 1057 3693 1094 non
3748 1047 3821 1095 est

2206 1124 2526 1195 imperator
2579 1147 2605 1174 ‹‹
2640 1126 2903 1197 (Tertull.
2955 1128 3229 1198 Apotoget.
3264 1146 3390 1201 cap.
3438 1130 3527 1195 33,
3582 1147 3635 1201 p.
3686 1130 3813 1195 449).

2207 1212 2456 1268 lnliciari
2480 1214 2632 1269 enim
2661 1216 2793 1286 quis
2818 1220 3028 1287 potest,
3048 1233 3115 1271 ex
3138 1222 3299 1289 patre
3324 1235 3390 1272 ac
3409 1222 3589 1273 matre
3617 1218 3821 1273 homine

2206 1302 2467 1373 genitum
2522 1304 2929 1374 imperatorem
2975 1322 3102 1361 esse
3151 1322 3263 1360 non
3317 1323 3488 1377 posse
3518 1308 3703 1372 deum,
3734 1307 3816 1379 qui

2205 1398 2458 1445 aeternus
2489 1393 2565 1446 sit
2594 1392 2832 1446 omnino
2864 1394 3134 1463 oportet?
3182 1394 3499 1451 Christiani
3538 1412 3681 1467 ergo,
3739 1389 3821 1465 qui

2207 1480 2588 1535 fcedissimam
2640 1480 3026 1549 ethnicorum,
3082 1482 3466 1554 imperatores
3514 1502 3646 1539 suos
3707 1485 3823 1540 deos

2205 1567 2650 1640 appellantium,
2684 1571 3083 1625 adulationem
3135 1573 3343 1628 merito
3393 1574 3820 1639 detestabantur,

2205 1674 2320 1712 non
2372 1663 2640 1729 poterant
2690 1658 2836 1714 lisste
2898 1662 3228 1731 majestatie
3283 1661 3555 1717 humanis
3602 1662 3737 1717 hanc
3763 1662 3821 1717 ob

2206 1762 2442 1801 causam
2476 1747 2547 1801 ab
2583 1746 2700 1801 ullo
2732 1748 3041 1817 postulari.

2277 1836 2426 1899 Quin
2454 1836 2629 1890 etiam
2660 1836 3059 1893 Tertullianus
3084 1838 3464 1894 celeberrimo
3494 1838 3825 1911 triumphan-

2205 1924 2282 1979 tis
2312 1924 2685 1996 imperatoris
2714 1926 2977 1997 exemplo
3010 1928 3296 1993 ethnicos,
3331 1929 3431 1999 qui
3460 1928 3619 1983 illum
3651 1945 3825 1983 vocare

2208 2014 2383 2069 deum
2432 2019 2873 2084 consueverant,
2906 2017 3234 2087 turpissimi
3288 2018 3578 2072 mendacii
3616 2018 3824 2087 apertis-

2209 2104 2357 2158 sime
2413 2104 2723 2158 convincit.
2786 2104 3015 2159 Etenim
3071 2105 3132 2159 in
3180 2105 3289 2161 hoc
3334 2123 3567 2162 summo
3596 2106 3829 2161 humane

2209 2191 2406 2264 glorias
2439 2191 2621 2263 apice,
2655 2192 2775 2247 sive
2808 2198 2871 2247 ut
2900 2192 2997 2248 ille
3026 2193 3313 2265 loquitur,
3365 2218 3394 2244 «
3429 2195 3488 2249 in
3533 2194 3828 2266 [triumphi]

2210 2281 2298 2335 sui
2361 2279 2793 2335 sublimissimo
2846 2298 3045 2347 curru,
3078 2282 3448 2338 infirmitatis
3492 2300 3608 2339 sua;
3656 2284 3825 2339 admo-

2210 2374 2398 2426 netur.
2423 2370 2768 2441 Suggeritur
2792 2372 2946 2425 enim
2980 2372 3029 2426 ei
3063 2388 3096 2426 a
3124 2376 3285 2443 tergo
3312 2390 3325 2427 :
3356 2373 3596 2444 Respice
3625 2378 3742 2442 post
3763 2376 3826 2434 te,

2208 2458 2506 2513 hominem
2542 2464 2596 2514 te
2630 2466 2919 2515 memento
2964 2482 2991 2509 »
3036 2460 3251 2531 (Ibid)
3294 2462 3474 2517 Tacet
3506 2467 3689 2516 autem
3719 2460 3827 2532 quis

2209 2548 2381 2602 fuerit
2411 2547 2526 2613 ille,
2560 2549 2654 2618 qui
2704 2548 2829 2603 haeb
2863 2549 3256 2621 subgerebat;
3316 2550 3477 2606 haud
3523 2550 3687 2605 dubie
3716 2548 3829 2619 quia

2209 2640 2350 2690 tunc
2392 2641 2512 2690 tam
2564 2640 2791 2692 cunctis
2838 2644 3012 2692 notus
3059 2644 3201 2707 erat,
3251 2656 3433 2708 quam
3466 2638 3659 2710 paucis
3688 2636 3829 2692 hodie

2209 2725 2494 2797 cognitus.
2539 2728 2611 2779 At
2658 2726 2708 2780 is
2748 2726 2963 2781 Tzetzaa
3015 2732 3255 2782 vocatur
3313 2727 3595 2796 famulus,
3637 2741 3830 2789 servus,

2210 2814 2414 2869 1048
2447 2818 2503 2869 et
2537 2815 2807 2869 minister
2854 2816 3145 2887 publicus.
3190 2821 3264 2870 De
3299 2816 3645 2887 triumphali
3671 2814 3826 2871 enim-

2211 2920 2339 2958 vero
2371 2920 2567 2969 curru,
2602 2904 2817 2975 illoque
2848 2906 3133 2960 monitore
3166 2905 3287 2959 haec
3322 2906 3537 2961 cecinit
3568 2922 3581 2961 :

2210 3008 2312 3098 ξξεκὶ
2343 3012 2457 3070 πῶς
2487 3008 2700 3091 ἐπὶντοῦ
2714 3007 2972 3097 α,ἅρματος
2996 3007 3276 3098 ,δημόισιος
3308 3009 3531 3098 οἶδεέξης

2209 3082 2464 3143 "Ome-05v
2497 3080 2686 3134 τοῦτον
2714 3080 2925 3135 innatat
2957 3083 3048 3136 τὸν
3079 3080 3605 3150 ὰτὲφανονιάνὲχων,

3156 3103 3166 3135 ε
3212 3103 3463 3137 ανονιανε
3512 3103 3605 3150 ων,

3156 3103 3253 3207 [fati
3276 3155 3345 3209 τὸ
3376 3103 3599 3210 κατᾷπιν
3631 3151 3792 3229 βλέπε.

2334 3263 2396 3311 Et.
2420 3263 2692 3325 quomodo
2724 3263 2776 3310 in
2810 3276 2968 3310 curru
2996 3262 3242 3323 publicus
3266 3264 3520 3313 minister

2334 3325 2479 3374 Pone
2510 3326 2655 3374 hunc
2687 3329 2808 3383 stat,
2840 3339 3092 3374 coronam
3123 3327 3422 3388 sustinens,

2331 3389 2394 3437 Et
2423 3388 2606 3436 dicens
2637 3388 2759 3437 huic
2790 3389 2843 3435 in
2877 3389 3155 3450 autem,“
3175 3388 3305 3452 quid
3326 3404 3357 3437 a
3382 3384 3525 3452 tergo
3545 3390 3631 3445 est,
3648 3384 3828 3450 respice.

2971 3461 3159 3517 ('l‘zetz.
3193 3460 3417 3510 chiliad.
3450 3462 3527 3518 43,
3556 3465 3579 3519 5
3613 3462 3728 3514 161.)

2210 3566 2435 3622 Plinius
2457 3583 2588 3622 vero
2615 3566 2782 3622 illum
2818 3566 3075 3639 appellat
3105 3567 3337 3623 invidiae
3369 3573 3426 3623 et
3455 3567 3645 3639 gloria:
3677 3563 3828 3620 medi-

2211 3673 2345 3711 cum
2398 3674 2410 3710 :
2451 3656 2748 3723 «Currus,
2798 3656 3013 3727 inquit,
3065 3656 3567 3726 triumphantium
3619 3654 3717 3709 sub
3757 3652 3830 3707 bis

2210 3746 2491 3817 pendens,
2526 3745 2784 3799 defendit
2817 3745 3077 3800 medicus
3109 3745 3341 3800 invidiae
3371 3763 3386 3814 ;
3425 3746 3699 3817 jubetque
3725 3758 3829 3797 eos-

2210 3834 2342 3889 dem
2376 3834 2664 3905 respicere
2695 3833 2908 3888 similis
2940 3833 3233 3888 medicina
3264 3834 3503 3904 linguze,
3537 3851 3605 3889 ne
3630 3833 3699 3887 sit
3720 3846 3825 3886 exo-

2212 3928 2338 3979 rata
2369 3941 2401 3979 a
2433 3928 2595 3994 tergo
2646 3923 2895 3989 fortuna,
2930 3922 3127 3995 gloriae
3188 3923 3449 3978 carnifex
3484 3946 3510 3971 ››
3543 3921 3698 3993 (Plin.
3745 3919 3825 3972 lib.

2210 4030 2387 4067 xxvm
2425 4017 2622 4069 Natur.
2675 4014 2805 4067 Hist.
2857 4028 2906 4068 c.
2961 4012 3010 4067 4,
3065 4029 3121 4083 p.
3177 4013 3327 4077 570).
3384 4018 3458 4067 At
3508 4012 3552 4068 si
3604 4024 3762 4065 sanus
3788 4008 3833 4060 et

2211 4102 2437 4174 integer
2465 4102 2542 4156 sit
2570 4102 2665 4156 hic
2713 4100 2879 4156 Plinii
2908 4100 3093 4170 locus,
3125 4100 3203 4155 ibi
3236 4100 3537 4172 signiﬁcat
3568 4098 3827 4162 invidiam,

2213 4206 2390 4263 quam
2422 4189 2854 4262 triumphantes
2883 4189 3069 4245 facere
3099 4188 3233 4244 aliis
3255 4189 3551 4258 solebant,
3575 4192 3668 4245 aut
3694 4199 3827 4241 vanae

2210 4283 2405 4356 glorias
2438 4282 2664 4349 vitium,
2701 4299 2815 4355 quo
2840 4281 3109 4337 fascinari
3144 4287 3441 4354 poterant,
3472 4281 3657 4340 sanari
3684 4276 3827 4333 medi-

2209 4374 2335 4428 cina
2366 4372 2571 4441 linguae
2602 4370 2890 4426 adstantis
2922 4371 3093 4438 servi,
3128 4372 3226 4442 qui
3263 4372 3715 4445 triumphantem
3736 4366 3822 4420 hu-

2212 4479 2395 4517 manze
2428 4479 2545 4517 suae
2578 4460 2928 4517 conditionis
2960 4460 3335 4517 admonebat.
3380 4461 3528 4517 Nam
3559 4460 3701 4514 idem
3729 4453 3823 4508 Pli-

2206 4552 2342 4606 nius
2372 4550 2508 4605 alibi
2540 4556 2737 4622 aperte
2767 4549 2912 4604 dixit
2941 4566 3213 4604 coronam
3235 4547 3703 4621 triumphantisa
3724 4556 3825 4597 ser-

2206 4656 2274 4694 vo
2306 4638 2583 4693 sustineri
2618 4637 2774 4703 (Ibid.
2811 4637 2913 4692 lib.
2946 4655 3149 4707 χχχιιι,
3182 4655 3306 4709 cap.
3344 4638 3421 4709 1).

2276 4729 2485 4784 Verum
2520 4727 2657 4799 quia
2688 4726 2863 4798 priori
2917 4725 3041 4781 loco
3092 4726 3325 4799 fortuna
3384 4730 3621 4783 vocatur
3661 4719 3822 4794 gloria!

2201 4819 2448 4888 cani/ex,
2500 4817 2638 4871 hinc
2676 4815 2920 4871 fortasse
2952 4815 3209 4870 Isidorus
3244 4816 3303 4871 in
3334 4816 3597 4870 animum
3630 4806 3827 4866 induxit

2204 4908 2546 4963 monitorem
2592 4904 2759 4959 illum
2820 4922 2933 4960 non
2984 4921 3219 4959 servum
3254 4905 3460 4969 fuisse,
3494 4903 3591 4959 sed
3622 4894 3825 4955 carniﬁ-

2202 5013 2327 5051 cem
2378 5014 2389 5051 :
2446 4994 2905 5067 Triumphantes
2949 5011 2982 5048 a
3029 4996 3309 5065 carniﬁce,
3340 4993 3549 5062 inquit,
3581 4989 3827 5057 contingr

2203 5085 2420 5149 bantur,
2454 5093 2513 5138 ut
2541 5084 2609 5138 ad
2641 5087 2855 5138 tantum
2885 5084 3175 5153 fastigium
3226 5086 3420 5147 evecti,
3465 5074 3827 5136 mediocritatis

2202 5177 2462 5231 humanm
2508 5178 2986 5230 commonerentur
3036 5173 3265 5244 (Isidor.
3304 5173 3404 5230 lib.
3449 5188 3585 5226 xvm
3638 5166 3806 5235 Origil

2203 5283 2328 5337 cap.
2361 5266 2416 5331 2,
2453 5282 2508 5337 p.
2546 5264 2689 5335 156).
2747 5263 2857 5317 Sed
2910 5262 3123 5317 melius
3174 5262 3373 5334 procul
3412 5262 3585 5314 dubio
3616 5257 3682 5311 ab
3714 5252 3821 5308 Hie-

2203 5371 2444 5425 ronymo
2476 5353 2825 5424 simpliciter
2855 5356 3232 5423 nuncupatur
3271 5368 3467 5413 comes,
3504 5347 3598 5420 qui
3630 5341 3823 5400 medias

2202 5442 2356 5497 inter
2403 5440 2753 5513 populorum
2810 5439 3262 5495 acclamationes
3308 5439 3364 5493 in
3412 5453 3605 5493 aurem
3638 5432 3817 5487 trium-

2205 5531 2403 5604 phanti
2440 5535 2761 5584 memorata
2811 5546 2844 5582 a
2889 5529 3245 5586 Tertullisno
3278 5529 3457 5584 verba
3486 5519 3815 5597 suggerebat.

2207 5620 2275 5677 ad
2308 5618 2546 5677 Paulam
2580 5619 2796 5692 quippe
2830 5618 3067 5691 scripsit
3102 5637 3113 5674 :
3176 5643 3197 5669 ι
3231 5612 3739 5690 Triumphantibus
3766 5604 3813 5658 in
