4134 6184
323 351 474 410 1145

325 572 615 626 mationes
662 570 874 625 civium
908 571 1108 626 dicens
1143 590 1155 627 :
1190 572 1494 627 Hominem
1525 576 1583 626 te
1615 576 1910 627 memento
1945 593 1973 621 »

324 661 684 732 (Hieronym,
716 660 889 731 epist.
921 660 1010 727 22,
1044 660 1114 714 ad
1145 662 1353 730 Paul.),
1391 666 1569 733 Atqui
1600 661 1666 728 “si
1718 661 1974 733 impera-

326 751 416 803 tor
446 747 503 802 in
528 748 688 803 ianta
714 749 1001 821 triumphi
1036 766 1253 821 pompa
1282 750 1535 805 debebat
1584 749 1976 805 humanitatis

329 854 447 892 sua)
499 838 817 904 reminisci,
867 842 1085 909 quanto
1139 839 1474 912 magisiper
1503 844 1690 894 totum
1722 840 1825 893 VlEB
1857 856 1977 895 sum

328 926 588 982 cursum!
612 927 735 982 Non
771 932 1039 998 poterant
1068 944 1199 999 ergo
1229 927 1545 984 Christiani
1578 927 1767 983 ullum
1800 929 1980 1001 impe-

330 1020 580 1071 ratorem
632 1033 835 1071 vocare
903 1017 1108 1083 deum;
1164 1017 1663 1088 quandoquidem,
1717 1022 1781 1072 ut
1830 1022 1979 1073 recte

329 1104 410 1159 ait
441 1104 859 1169 Tertullianus,
898 1107 1234 1161 nesciebant
1267 1106 1522 1174 mentiri,
1556 1112 1655 1161 aut
1685 1106 1852 1161 illum
1888 1108 1982 1161 de-

330 1193 520 1249 ridere
553 1211 665 1249 non
700 1195 995 1250 audebant
1023 1194 1288 1267 (Tertull.
1321 1196 1597 1267 Apologet.
1633 1212 1759 1267 cap.
1796 1197 1886 1265 33,
1920 1213 1977 1268 p.

332 1283 477 1352 449).

402 1373 586 1427 Instat
614 1372 807 1427 adhuc
841 1389 854 1427 :
890 1372 1420 1443 Augustus,tametsi
1456 1373 1703 1430 Romani
1734 1374 1980 1445 imperii,

323 1463 447 1533 jam
481 1478 513 1516 a
543 1461 699 1517 Julio
728 1465 951 1517 Caesare
984 1462 1232 1531 fundati,
1263 1465 1555 1534 formator,
1586 1479 1653 1518 ne
1692 1462 1984 1519 dominum

328 1549 571 1621 quidem,
608 1548 792 1603 multo
825 1549 1026 1606 minus
1056 1551 1257 1617 deum,
1287 1551 1397 1606 dici
1425 1568 1484 1607 se
1512 1552 1722 1607 volebat
1753 1551 1975 1622 (Ibide

325 1640 414 1703 34,
462 1656 517 1710 p.
565 1638 710 1710 450).
772 1639 1005 1693 Testem
1064 1655 1197 1695 vero
1259 1640 1506 1711 hujusce
1562 1640 1983 1695 moderationis

328 1728 377 1783 si
412 1727 733 1787 desideres.
762 1728 1109 1783 Suetonium
1138 1729 1578 1797 advocabimus,
1610 1730 1710 1801 qui
1746 1730 1864 1785 hac
1912 1728 1983 1784 de

1233 352 1302 410 ι).
1352 350 1450 410 LE
1492 350 1818 412 NOURRY
1861 349 2515 410 OBSERVATIONES
2556 349 2811 409 NOV/E.

318 497 490 538 curru
523 485 677 537 retro
706 497 902 539 comes
931 482 1280 553 adhaerebat,
1315 500 1418 554 per
1454 482 1722 555 singulas
1771 481 1958 537 accla-
1990 484 2044 550 Α
2074 498 2247 553 cogor
2300 486 2363 536 ut
2410 482 2739 536 dominum.
2798 479 2897 536 Dei
2936 480 3080 548 vice,
3133 480 3323 536 dicam

3567 347 3726 408 1146

3378 505 3399 532 ι
3454 478 3721 548 (Tertull.

2084 570 2265 641 ibid.).
2301 571 2410 626 Sed
2446 570 2732 641 Rigaltius
2766 570 2886 625 haec
2916 570 3032 625 duo
3072 569 3269 637 verba,
3300 586 3429 624 voce
3455 570 3735 624 communi

2084 660 2347 730 abstulit,
2380 666 2503 715 tum
2538 660 2676 731 quia
2704 664 3005 731 acceperat
3034 676 3100 714 ea
3129 659 3185 713 in
3220 660 3415 714 conice
3454 657 3733 714 Fuldensi

2089 767 2201 804 non
2253 749 2500 815 haberi‘,
2552 755 2677 804 tum
2730 748 2868 820 quia
2915 754 3153 814 notam,
3206 752 3271 803 ut
3318 748 3428 819 ipsi
3479 748 3731 814 videtur,

2090 839 2330 911 sapiunt
2360 840 2430 893 de
2463 839 2726 911 margine
2775 841 3127 910 excerptum.
3180 840 3251 891 At
3302 836 3403 891 illa
3450 837 3627 892 verba
3678 836 3737 892 in

2089 928 2368 982 omnibus
2419 930 2635 983 nostris
2688 933 2743 982 et
2794 926 2944 997 aliis,
2998 928 3117 982 sive
3149 926 3341 991 editis,
3372 926 3491 981 sive
3523 942 3741 980 manu-

2091 1017 2327 1089 scriptis
2378 1017 2814 1088 exemplaribus
2868 1021 3224 1071 occurrunt.
3275 1014 3487 1070 Nullus
3536 1018 3741 1069 autem

2091 1107 2401 1162 dubitandi
2433 1106 2594 1161 locus
2639 1111 2747 1171 est,
2800 1106 2938 1177 quin
2992 1105 3188 1177 plures
3237 1104 3583 1176 antiquitate
3633 1120 3743 1159 sua

2093 1194 2441 1249 Fuldensem
2473 1200 2770 1266 superent.
2805 1196 3102 1262 Quomodo
3134 1194 3317 1266 igitur
3364 1210 3432 1248 ex
3480 1193 3743 1265 margine

2092 1283 2147 1338 in
2198 1288 2423 1339 textum
2473 1284 2577 1338 illa
2623 1284 2845 1338 intrudi
2898 1283 3257 1355 potuerunt?
3306 1283 3509 1340 Nonne
3561 1282 3738 1337 etiam

2093 1375 2380 1446 Optimum
2413 1390 2651 1429 sensum
2681 1377 2737 1428 et
2766 1373 3032 1427 Auctoris
3067 1372 3363 1444 proposito
3390 1372 3742 1427 convenien-

2091 1467 2206 1518 tem
2242 1462 2546 1519 etﬁciunt?
2578 1466 3014 1534 Imperatorem,
3047 1462 3262 1531 inquit,
3295 1460 3525 1532 appello
3560 1460 3747 1515 domi-

2093 1568 2257 1621 num,
2290 1552 2524 1622 quando
2558 1568 2673 1606 non
2726 1567 2901 1622 cogor
2946 1550 3183 1605 nomine
3226 1549 3395 1604 illum
3446 1552 3733 1621 tanquam

2093 1640 2267 1695 deum
2300 1655 2634 1712 agnoscere,
2669 1639 2769 1694 sed
2804 1640 3040 1711 quando
3068 1656 3279 1694 nomen
3312 1638 3455 1693 illud
3503 1637 3735 1710 profero

2092 1745 2215 1785 voce
2239 1731 2542 1797 oommuni,
2575 1745 2676 1783 seu
2725 1726 2949 1801 vulgari
3001 1728 3359 1797 significatu,
3411 1744 3526 1799 quo
3577 1726 3741 1782 filius

329 1818 535 1873 eodem
587 1822 853 1889 Augusto
886 1818 1182 1873 memoriis
1215 1819 1474 1888 prodidit
1505 1837 1521 1873 :
1557 1840 1584 1868 «
1618 1818 1846 1873 Domini
1878 1834 1978 1889 ap-
2015 1866 2061 1891 η
2094 1822 2316 1891 patrem
2341 1862 2357 1888 ,
2417 1818 2623 1873 herum
2684 1834 2887 1873 servus
2911 1860 2925 1885 ,
2982 1816 3195 1888 aliique
3249 1816 3395 1872 alios
3469 1816 3743 1872 homines

332 1866 535 1873 ""‘""
587 1866 850 1889 '——O"""'
887 1866 1179 1873 '“"'"""
1216 1866 1474 1888 r"“'“"
1505 1866 1515 1873 '
1563 1866 1569 1868 ⁷
1621 1866 1846 1873 ’⁷⁷“’”’““
1879 1866 1947 1889 "r
2095 1866 2357 1891 ι’-“’·’”ι
2418 1866 2623 1873 ”“““”“’“
2684 1866 2765 1873 ’ν’
2793 1866 2925 1885 ’⁷⁷1
2984 1866 3193 1888 ’””“Ί”’⁷
3251 1866 3393 1872 “’“””
3470 1866 3741 1872 "'—"""

328 1906 731 1980 pellationem,
760 1910 822 1960 ut
853 1907 1226 1962 maledictum
1261 1911 1318 1962 et
1346 1907 1987 1979 opprobrium,ssmper
2015 1866 2062 1931 B
2091 1922 2297 1962 vocare
2329 1905 2727 1970 solent.Quam
2761 1906 3093 1961 communis
3122 1910 3317 1960 autem
3345 1922 3412 1960 ac
3439 1903 3741 1977 popularis

332 1996 653 2052 exhorruit.
688 1997 852 2061 Cum,
888 2000 1186 2067 spectante
1218 2012 1283 2051 eo
1314 1995 1508 2061 ludos,
1540 1995 1984 2068 pronuntiatum

332 2090 487 2141 esset
521 2086 577 2139 in
613 2086 795 2157 mimo
828 2102 840 2141 :
875 2085 918 2140 Ο
949 2085 1255 2140 dominum
1290 2102 1519 2154 aequum
1551 2089 1609 2141 et
1636 2084 1894 2141 bonum!
1930 2089 1988 2140 et

332 2173 790 2245 universi,quasi
823 2174 895 2227 de
921 2174 1049 2245 ipso
1082 2173 1307 2228 dictum
1333 2173 1693 2230 exsultantes
1725 2191 1985 2246 compro-

331 2264 593 2333 bassent,
627 2268 684 2318 et
711 2262 911 2317 statim
952 2279 1153 2317 manu.
1180 2262 1467 2334 vultuque
1514 2262 1821 2318 indecoras
1870 2262 1984 2318 sal-

332 2353 584 2407 tationes
632 2353 934 2423 repressit,
983 2356 1039 2406 et
1087 2350 1419 2422 insequenti
1483 2351 1575 2406 die
1623 2351 1987 2423 {gravissimo

334 2440 615 2513 corripuit
644 2442 853 2507 edicto,
886 2441 1314 2512 dominumque
1347 2456 1408 2497 se
1440 2446 1572 2512 post
1620 2440 1741 2495 haec
1790 2439 1988 2512 appel-

335 2530 465 2595 lari,
520 2547 591 2585 ne
641 2547 674 2585 a
721 2530 918 2585 liberis
965 2531 1225 2602 quidem,
1269 2534 1370 2585 aut
1404 2530 1715 2602 nepotibus
1748 2530 1873 2585 suis
1901 2529 1989 2585 vel

335 2620 487 2675 serio
518 2619 603 2675 vel
629 2621 762 2691 joco
798 2637 1009 2691 passus
1040 2624 1146 2688 est,
1180 2624 1355 2690 atque
1385 2620 1723 2689 hujusmodi
1754 2618 1989 2675 blandi-

339 2709 456 2764 tias
486 2709 661 2763 etiam
695 2708 849 2762 inter
880 2708 1040 2781 ipsos
1075 2707 1377 2780 prohibuit
1407 2730 1433 2757 «
1472 2708 1738 2777 (Sueton.
1776 2708 1832 2763 in
1886 2709 1986 2764 Vit.

344 2799 572 2869 August.
610 2797 638 2870 §
666 2798 779 2867 53).

412 2904 521 2960 Sed
554 2911 755 2959 contra
786 2904 1054 2976 insurget
1085 2904 1322 2974 aliquis,
1359 2903 1644 2975 nobisque
1676 2903 1857 2959 alium
1910 2904 1990 2959 ci-

338 2993 488 3047 tabit
516 2996 723 3048 testem
757 2991 1091 3048 Cornelium
1110 2993 1507 3065 Tacitum,qui
1530 2993 1742 3049 litteris
1762 3008 1992 3065 quoque

340 3082 643 3137 mandavit
693 3082 882 3137 varios
932 3086 1067 3154 post
1114 3082 1377 3153 ejusdem
1429 3083 1677 3154 Augusti
1743 3087 1991 3139 mortem

337 3189 578 3243 sparsos
627 3171 808 3226 fuisse
841 3188 1126 3239 rumores,
1162 3175 1335 3242 atque
1358 3171 1429 3226 ab
1461 3171 1559 3227 illo
1588 3171 1741 3227 nihil
1768 3172 1991 3227 deorum

338 3234 635 3314 honoribus
668 3259 871 3314 1049
904 3234 1180 3329 relictum,
1230 3234 1353 3314 cum
1403 3275 1458 3314 se
1507 3261 1725 3331 templis
1771 3268 1825 3315 et
1860 3261 1989 3330 efﬁ-
2021 3234 2065 3300 C

334 3350 426 3419 gie
466 3350 763 3403 numinum
811 3364 906 3419 per
950 3349 1210 3418 flamine:
1248 3358 1303 3404 et
1354 3349 1663 3404 sacerdotes
1691 3350 1797 3403 coli
1824 3350 1997 3404 voluit

336 3437 586 3507 (Cornel.
637 3437 819 3492 Tacit.
872 3437 972 3492 lib.
1030 3455 1046 3491 ι
1099 3437 1302 3492 Annal.
1356 3442 1489 3509 post
1545 3438 1724 3509 init.).
1776 3441 1994 3494 Verum

336 3527 475 3582 huic
512 3526 713 3598 utique
739 3527 1072 3597 responderi
1111 3532 1301 3598 potest
1332 3528 1463 3582 aliis
1487 3527 1748 3582 Suetonii
1780 3528 1993 3583 verbis:

343 3640 371 3668 ‹‹
404 3616 645 3688 Templa
677 3616 947 3686 quamvis
978 3616 1153 3671 sciret
1184 3616 1359 3671 etiam
1395 3616 1846 3688 proconsulibus
1892 3618 1997 3672 de-

339 3705 497 3761 cerni
548 3704 755 3772 solere,
807 3705 865 3758 in
916 3704 1079 3759 nulla
1106 3709 1302 3760 tamen
1337 3704 1654 3777 provincia,
1692 3705 1803 3761 nisi
1836 3723 1995 3761 com-

346 3794 515 3849 muni
548 3810 656 3849 suo
686 3794 997 3865 Romaeque
1029 3792 1264 3848 nomine
1298 3794 1535 3864 recepit.
1569 3799 1710 3848 Nam
1742 3794 1802 3848 in
1855 3796 1996 3851 urbe

341 3884 583 3956 quidem
657 3882 1125 3954 pertinacissime
1178 3882 1463 3937 abstinuit
1533 3882 1640 3938 hoc
1697 3883 1913 3939 honore
1964 3907 1992 3935 »

343 3972 588 4044 (Sueten
643 3973 700 4025 in
760 3972 871 4027 Vita
915 3973 1138 4043 August.
1186 3971 1215 4043 §
1260 3971 1371 4043 52).
1424 3972 1623 4042 Itaque
1672 3971 1901 4027 etiamsi
1933 3972 1992 4027 id

340 4064 412 4116 de
444 4079 560 4133 quo
594 4068 792 4133 postea
823 4061 1139 4133 agendum,
1174 4060 1271 4115 ille
1294 4077 1502 4131 passus
1552 4062 1664 4127 sit;
1716 4078 1829 4116 non
1883 4062 1993 4116 mi-

340 4170 453 4208 nus
487 4157 684 4207 tamen
717 4156 947 4207 constat
981 4153 1255 4222 rejectam
1288 4152 1360 4209 ab
1388 4152 1514 4224 ipso
1546 4153 1766 4209 domini
1791 4152 1994 4225 appel-

336 4241 641 4302 lationem.
675 4257 848 4313 quam
882 4241 1011 4311 ejus
1044 4258 1412 4297 successores
1444 4241 1780 4297 avidissime
1812 4241 1993 4296 corri-

343 4335 620 4402 puerunt.
645 4334 787 4385 Nam
813 4328 1036 4385 Plinius
1067 4331 1669 4402 Secundus,quamvis
1700 4331 1992 4401 ethnicus,

336 4419 397 4474 in
432 4436 539 4474 suo
561 4420 631 4474 ad
649 4419 967 4490 Trajanum
987 4419 1401 4491 imperatorem
1423 4420 1777 4492 Panegyrico
1798 4419 1990 4492 palam

339 4508 595 4564 asseruit
642 4508 908 4579 elapsum
961 4525 1085 4564 esse
1134 4513 1409 4579 tempus,
1459 4525 1574 4580 quo
1626 4509 1991 4582 imperatori,

2094 2002 2249 2054 esset
2279 1996 2401 2051 haec
2429 1994 2764 2067 appellatio,
2798 1995 2885 2050 vel
2917 2012 2985 2050 ex
3016 1994 3139 2050 solo
3182 1993 3443 2050 Martiale
3484 1994 3674 2050 disces
3726 2010 3742 2061 ς

2249 2113 2288 2162 Ε
2317 2125 2470 2161 serva
2498 2112 2601 2159 scis
2631 2114 2682 2161 te
2711 2110 2970 2173 genitum,
2993 2109 3259 2174 landeque
3288 2110 3494 2172 fateris,

2311 2176 2439 2224 Cum
2473 2175 2605 2224 dicis
2640 2174 2939 2232 dominum,
2972 2173 3267 2233 Sosibiane,
3300 2178 3521 2237 patrem.

2096 2281 2247 2337 Alibi
2280 2298 2411 2337 vero
2445 2299 2458 2337 :

2252 2398 2381 2447 Cum
2410 2411 2543 2447 voco
2576 2400 2627 2446 te
2658 2396 2957 2454 dominum,
2991 2396 3098 2445 noli
3128 2397 3242 2457 tibi,
3272 2396 3457 2456 Cinna,
3510 2395 3746 2459 placere,

2314 2460 2465 2523 Saepe
2500 2461 2658 2509 etiam
2685 2473 2898 2509 servum
2930 2460 3003 2508 sic
3032 2460 3265 2509 resaluto
3298 2472 3493 2507 meum.

2808 2538 3058 2592 (Martial.
3088 2540 3182 2589 lib.
3216 2554 3252 2598 ι,
3281 2539 3539 2603 epigram.
3578 2538 3687 2601 82.)

2099 2657 2209 2713 Sed
2240 2658 2363 2713 hac
2390 2658 2548 2722 trita,
2596 2657 2991 2729 omnibusque
3042 2656 3260 2728 passim
3311 2654 3501 2725 obvia,
3556 2654 3747 2710 fusius

2098 2748 2345 2819 probare
2394 2764 2634 2819 prorsus
2683 2747 2936 2801 taederet.
2993 2746 3071 2801 Eo
3103 2745 3283 2817 igitur
3314 2761 3492 2801 sensu
3524 2743 3754 2815 vulgari
3844 2736 3847 2739 ’

2099 2844 2156 2892 et
2205 2836 2504 2891 communi
2549 2837 2982 2906 imperatorem,
3034 2835 3220 2907 pergit
3269 2839 3488 2890 Auctor
3534 2838 3753 2901 noster,

2101 2924 2331 2997 appello
2360 2923 2683 2992 domidum,
2718 2925 2819 2980 sed
2851 2928 3112 2981 caeterum
3146 2924 3294 2979 liber
3314 2940 3437 2979 sum
3486 2923 3596 2989 illi,
3648 2937 3753 2977 nec

2101 3014 2281 3084 illius}
2303 3031 2526 3070 servus.
2579 3015 2725 3069 Nam
2768 3015 3029 3069 Dominus
3057 3030 3225 3081 meus,
3258 3012 3471 3084 inquit,
3498 3027 3640 3066 unus
3670 3014 3752 3066 est

2101 3106 2279 3174 Deus,
2327 3106 2665 3174 omnipotens
2710 3108 2763 3157 et
2806 3113 3087 3171 sciemus,
3140 3104 3284 3159 idem
3330 3103 3425 3173 qui
3473 3106 3526 3157 et
3572 3102 3747 3172 ipsius

2102 3192 2473 3264 imperatoris
2540 3193 2839 3258 Dominus,
2891 3198 2947 3246 et
2988 3193 3079 3246 cui
3149 3193 3390 3262 proinde
3456 3201 3577 3246 tam
3628 3190 3748 3255 ille,

2105 3297 2279 3354 quam
2339 3282 2526 3336 caeteri
2590 3280 2861 3336 homines
2928 3282 3142 3336 servire
3210 3281 3426 3335 debent
3482 3278 3749 3350 (Tertull.

2104 3371 2377 3442 Apologet.
2410 3386 2535 3440 cap.
2570 3370 2658 3439 3-4,
2690 3386 2819 3441 pag.
2853 3369 2999 3441 440).

2176 3459 2364 3515 Patris
2391 3474 2560 3529 porro
2595 3475 2805 3514 nomen
2836 3463 3055 3515 Auctor
3089 3462 3285 3514 noster
3313 3457 3485 3529 longe
3529 3457 3756 3529 gratius

2105 3550 2313 3606 1050
2342 3564 2470 3603 esse
2500 3548 2734 3616 fatetur,
2765 3564 2939 3617 quam
2994 3547 3247 3613 domini;
3299 3548 3438 3618 quia
3486 3547 3594 3601 hoc
3650 3563 3751 3617 po-

2103 3638 2354 3703 testatis,
2385 3637 2524 3692 illud
2562 3637 2793 3707 pietatis
2827 3653 3032 3692 nomen
3066 3642 3174 3692 est.
3208 3639 3573 3708 Quapropter
3604 3635 3756 3691 hanc

2103 3728 2200 3785 ille
2244 3743 2312 3782 ex
2347 3728 2466 3797 jam
2521 3725 2690 3781 dictis
2738 3725 2893 3781 elicit
2935 3726 3370 3782 conclusionem
3422 3743 3434 3781 :
3482 3748 3510 3775 ‹‹
3565 3726 3753 3780 Tanto

2106 3820 2268 3874 abest
2302 3822 2364 3871 ut
2394 3816 2712 3887 imperator
2735 3816 2900 3885 ,deus
2950 3816 3155 3871 debeat
3207 3816 3344 3883 dici,
3396 3815 3551 3887 quod
3596 3814 3755 3871 credi

2105 3923 2218 3961 non
2253 3910 2460 3977 potest.
2488 3922 2601 3960 non
2635 3905 2807 3960 modo
2839 3905 3308 3977 turpissima,sed
3341 3908 3395 3959 et
3427 3903 3757 3975 perniciosa

2104 3994 2459 4058 adulatione,
2489 3994 2587 4047 sed
2622 3999 2903 4064 tanquam
2942 3995 2990 4048 si
3042 3994 3266 4047 habens
3318 3992 3756 4064 imperatorem,

2104 4085 2349 4141 alterum
2404 4081 2659 4155 appelles
2712 4102 2739 4134 ιι
2804 4082 3020 4153 (Ibid).
3088 4082 3305 4136 Verum
3374 4081 3495 4136 haec
3561 4080 3757 4147 verba,

2103 4175 2247 4247 quod
2266 4172 2413 4228 credi
2444 4188 2552 4228 non
2582 4174 2777 4243 potest,
2803 4170 3031 4226 inutilia
3064 4171 3217 4226 haud
3253 4170 3430 4226 dubie
3461 4169 3585 4225 visa
3617 4173 3761 4225 sunt

2104 4262 2376 4337 Rigaltio,
2427 4261 2525 4333 qui
2580 4260 2679 4315 illa
2733 4265 2935 4315 contra
2985 4260 3248 4316 omnium
3293 4260 3585 4329 codicum,
3635 4257 3758 4315 sive

2102 4354 2390 4409 editorum
2425 4351 2543 4406 sive
2592 4349 2971 4415 ineditorum,
3025 4350 3194 4405 fidem
3244 4348 3477 4405 excidit.
3525 4347 3756 4404 Siccine

2103 4442 2283 4514 igitur
2330 4440 2416 4495 fas
2468 4439 2548 4494 illi
2600 4440 2707 4494 fuit
2754 4456 2861 4494 sua
2908 4439 3247 4494 auctoritate
3295 4455 3363 4493 ex
3408 4437 3753 4494 Tertulliani

2100 4536 2259 4587 textu
2287 4546 2355 4585 ea
2384 4529 2581 4585 omnia
2613 4533 2914 4601 amputare
2945 4545 3073 4599 quae
3104 4527 3400 4598 superflua
3431 4527 3541 4583 sibi
3592 4527 3750 4583 vide-

337 4602 621 4668 tanquam
656 4598 761 4653 deo
793 4601 850 4652 et
882 4596 1474 4663 numini,adulatores
1504 4597 1698 4671 ignavi
1730 4598 1988 4654 blandie-

2104 4622 2355 4676 bantur?
2406 4625 2604 4673 Nonne
2653 4596 2746 4673 hic
2792 4622 2883 4673 est
2932 4596 3092 4672 illius
3141 4596 3350 4673 sensus
3385 4635 3397 4673 :
3432 4616 3753 4689 imperator

343 4689 610 4743 bantur:
647 4709 675 4736 «
704 4687 829 4741 Non
861 4686 1014 4742 enim
1067 4687 1138 4742 de
1185 4691 1453 4758 tyranno,
1506 4687 1718 4758 inquit,
1771 4689 1870 4742 sed
1919 4689 1991 4744 de

344 4777 484 4843 cive,
536 4792 650 4830 non
704 4776 776 4829 de
825 4775 1084 4845 domino,
1118 4777 1217 4831 sed
1252 4777 1323 4831 de
1356 4781 1595 4847 parente
1630 4775 1931 4846 loquimur
1963 4800 1984 4825 υ

338 4864 513 4936 (Plin.
572 4866 849 4935 Panegyr.
917 4865 1135 4936 Trajan.
1192 4864 1367 4935 init.).
1423 4863 1739 4919 Christiani
1811 4864 1992 4937 igitur

341 4954 552 5027 potiori
591 4955 727 5024 jure
776 4954 1053 5009 nolebant
1103 4954 1511 5026 imperatorem
1546 4970 1747 5008 vocare
1778 4954 1989 5021 deum;

336 5044 501 5116 quia,
534 5043 690 5098 sicut
720 5043 796 5097 ait
830 5045 1042 5098 Auctor
1090 5049 1308 5113 noster,
1356 5049 1456 5099 hoc
1502 5042 1683 5097 solius
1730 5044 1848 5097 veri
1895 5044 1995 5098 Dei

332 5138 414 5188 est
463 5148 755 5203 cognomen
803 5131 1067 5203 (Tertull.
1125 5133 1399 5203 Apologet.
1452 5149 1577 5202 cap.
1630 5132 1719 5197 34,
1756 5149 1810 5201 p.
1846 5133 1990 5204 449),

335 5222 839 5293 quemadmodum
902 5220 1041 5276 alibi
1094 5221 1623 5277 animadvertimus
1686 5222 1988 5292 (Dissertat.

329 5314 393 5367 in
421 5313 670 5366 Lactant.
707 5327 835 5382 cap.
872 5310 959 5375 12,
993 5316 1100 5365 art.
1137 5312 1208 5382 1).

405 5419 555 5484 Quia
611 5435 742 5475 vero
793 5419 917 5488 jam
984 5418 1156 5488 longo
1219 5436 1329 5473 usu
1389 5421 1685 5489 receptum
1736 5425 1875 5483 erat,
1928 5421 1995 5473 ut

333 5507 561 5565 domini
592 5523 805 5562 nomen
840 5508 1297 5578 imperatoribus
1328 5507 1577 5577 aliisque
1613 5506 1990 5576 tribueretur,

332 5599 474 5654 hinc
505 5595 905 5652 Tertullianus
941 5615 952 5652 :
988 5619 1016 5647 «
1049 5596 1250 5652 Dicam
1301 5597 1493 5667 plane,
1546 5595 1755 5667 inquit,
1808 5596 1991 5668 impe-

334 5693 591 5744 ratorem
626 5686 956 5757 dominum,
980 5687 1080 5743 sed
1113 5701 1249 5744 voce
1279 5684 1844 5756 communi,quando
1876 5702 1990 5741 non

2102 4714 2265 4781 pater
2296 4708 2494 4780 patriae
2531 4723 2658 4761 esse
2692 4708 2885 4773 debet,
2921 4712 2979 4762 at
3009 4708 3119 4763 hoc
3148 4724 3355 4762 nomen
3406 4707 3577 4779 longe
3622 4723 3757 4780 gra-

2103 4801 2222 4854 tius
2252 4802 2362 4864 est,
2397 4813 2573 4868 quam
2608 4796 2851 4851 domini.
2902 4797 3317 4868 Imperatorem
3369 4812 3505 4868 ergo
3555 4796 3754 4864 deum,

2102 4887 2239 4958 quod
2271 4903 2402 4941 eum
2436 4902 2564 4941 esse
2595 4884 2742 4939 credi
2768 4900 2875 4940 non
2907 4890 3096 4956 potest,
3150 4885 3341 4940 dicere
3389 4902 3503 4939 non
3555 4884 3753 4939 debes.

2100 4976 2246 5031 Nam
2296 4976 2405 5030 hac
2455 4973 2805 5043 turpissima
2853 4979 2909 5030 et
2942 4974 3273 5046 perniciosa
3305 4973 3639 5029 adulatione
3672 4972 3754 5029 si-

2103 5066 2350 5136 gniﬁcas
2384 5069 2438 5119 te
2469 5063 2719 5118 alterum
2754 5062 2966 5118 habere
2998 5063 3434 5135 imperatorem,
3467 5062 3563 5134 qui
3602 5064 3751 5118 Deus

2104 5171 2218 5210 non
2252 5153 2347 5221 sit,
2380 5153 2477 5207 sed
2513 5150 2709 5217 homo,
2745 5152 2843 5222 qui
2873 5152 2976 5206 tibi
3016 5151 3234 5208 homini
3267 5151 3534 5223 imperet.

2176 5245 2431 5313 Denique
2463 5242 2510 5296 si
2543 5240 2793 5312 gentiles
2820 5241 3046 5313 legibus
3078 5242 3457 5313 moribusque
3487 5241 3611 5296 suis
3643 5247 3751 5296 ste-

2101 5331 2426 5397 tissent,fas
2460 5328 2576 5383 illis
2608 5346 2719 5383 non
2753 5335 2878 5384 erat
2903 5330 3088 5384 ullum
3113 5330 3523 5402 imperatorem
3549 5344 3752 5384 vocare

2103 5421 2297 5485 deum,
2333 5418 2445 5474 nisi
2480 5422 2608 5490 post
2637 5420 2764 5489 ejus
2797 5425 3041 5474 mortem
3093 5424 3151 5473 et
3197 5418 3582 5489 npotheosim,
3613 5417 3753 5488 [sive

2104 5509 2160 5563 in
2195 5509 2334 5563 deos
2367 5508 2899 5576 senatusconsulto,
2936 5513 2995 5561 ut
3046 5525 3224 5578 supra
3274 5507 3550 5576 vidimus,
3600 5505 3748 5561 rela-

2101 5597 2343 5653 tionem.
2395 5596 2619 5652 Etenim
2670 5598 3023 5653 maledictum
3070 5602 3167 5665 esl,
3214 5596 3294 5651 ait
3322 5594 3745 5663 Tertullianus,

2103 5695 2229 5743 ante
2274 5686 2609 5760 apotheosim
2658 5686 2817 5743 deum
2868 5687 3140 5745 Caesarem
3194 5699 3517 5757 nuncupare
3562 5684 3747 5757 (Ibid)
