4134 6184
445 349 598 409 1147

970 344 1501 406 TERTULLIANI
1548 343 1866 404 OPERUM
1916 342 2128 421 PARS.
2161 341 2312 399 l.—
2341 339 2612 399 S‘ERIES
2660 339 2703 407 I,
2752 334 3317 396 APOLOGETICA.

3657 334 3791 393 1148

445 479 776 535 Solemnem
815 496 944 533 vero
977 478 1153 549 hujus
1184 476 1518 548 apotheosis
1551 491 1826 547 pompam
1880 477 2088 546 praeter
2118 474 2171 539 Α
2274 471 2471 542 Neque
2504 474 2699 525 tamen
2734 467 2876 523 illud
2900 466 3240 522 eorumdem
3263 464 3692 520 Christianorum
3710 470 3796 520 aut

446 573 680 624 caeteros
731 571 999 622 accurate
1046 566 1359 637 descripsit
1410 564 1810 630 Herodianus,
1865 577 2085 633 nosque

446 654 607 727 prius
658 657 932 709 admonet
980 654 1038 708 in
1090 655 1482 709 Romanorum
1532 668 1689 706 more
1735 649 1989 721 positum
2022 653 2089 702 ut

446 745 828 816 imperatores
863 762 893 798 a
927 744 1366 798 successoribus
1414 741 1535 796 suis
1584 743 2085 809 consecrarentur,

446 840 620 905 atque
651 833 728 887 ita
762 832 1198 888 declararentur
1228 832 1378 886 inter
1408 832 1544 886 deos
1570 830 1727 885 relati
1757 828 2083 897 (Herodian.

444 926 655 977 Hister.
689 925 780 976 sui
808 927 1037 993 lempor.
1073 940 1127 993 p.
1161 922 1306 990 540).
1350 923 1527 975 Antea
1576 920 1756 991 igitur
1807 919 1891 972 fas
1943 916 2084 971 nulli

354 1052 355 1055 η
444 1016 567 1067 erat
610 1010 743 1066 illos
794 1027 992 1065 vocare
1021 1011 1176 1065 deos.
1215 1010 1493 1074 Quocirca
1523 1007 1820 1063 Cornelius
1852 1005 2088 1060 Tacitus

443 1100 682 1155 decimo
714 1100 919 1171 quinto
950 1098 1263 1154 Annalium
1296 1115 1536 1154 suorum
1573 1096 1719 1151 libro
1769 1096 1944 1150 ﬁnem
1996 1092 2089 1148 his

446 1190 635 1244 verbis
666 1189 916 1260 imponit
950 1206 961 1242 :
998 1212 1023 1237 ‹‹
1062 1194 1238 1243 Deum
1271 1189 1459 1243 honor
1492 1185 1739 1258 principi
1792 1202 1904 1239 non
1958 1187 2090 1238 ante

446 1279 711 1346 habetur,
764 1295 938 1349 quam
992 1294 1163 1350 agere
1213 1279 1364 1332 inter
1435 1274 1707 1331 mortales
1776 1272 2012 1328 desierit
2064 1293 2091 1319 ››

447 1367 631 1422 Tacit.
667 1366 767 1421 lib.
801 1384 873 1421 xv
906 1367 1103 1422 Annal.
1142 1367 1197 1421 in
1232 1367 1373 1436 fin.).
1410 1369 1579 1420 Recte
1610 1381 1744 1435 ergo
1784 1359 2093 1416 Tertullia-

446 1474 558 1511 nus
592 1456 702 1511 alio
735 1456 790 1510 in
829 1456 973 1511 libro
1007 1474 1018 1509 :
1059 1479 1085 1505 ‹‹
1121 1460 1228 1510 Sed
1264 1472 1375 1509 non
1412 1450 2092 1523 dicimus,inquit,deum

446 1546 879 1615 imperatorem.
916 1546 1102 1616 Super
1132 1545 1241 1599 hoc
1272 1544 1451 1610 enim,
1487 1543 1641 1614 quod
1686 1540 1858 1611 vulgo
1910 1537 2095 1606 aiunt,

447 1650 695 1690 sannam
730 1634 940 1689 facitis.
980 1635 1097 1688 [mo
1131 1634 1227 1705 qui
1261 1634 1432 1689 deum
1467 1633 1748 1687 Caesarem
1785 1628 2003 1691 dicitis,
2048 1632 2100 1679 et

448 1725 728 1779 deridetis
759 1724 1003 1779 dicendo
1048 1725 1198 1794 quod
1252 1740 1363 1778 non
1417 1726 1524 1789 est,
1576 1726 1631 1776 et
1678 1718 1828 1773 male
1877 1716 2103 1772 dicitis:

451 1813 589 1884 quia
640 1830 753 1867 non
804 1813 927 1867 vult
975 1830 1101 1867 esse
1166 1813 1317 1885 quod
1388 1810 1617 1877 dicitis;
1673 1806 1897 1863 mavult
1945 1804 2101 1859 enim

449 1901 678 1970 vivere,
713 1919 889 1974 quam
923 1903 1069 1957 deus
1100 1902 1224 1956 fieri
1261 1926 1286 1951 ››
1320 1900 1581 1971 (Tertull.
1618 1899 1759 1953 lib.1
1794 1896 1862 1951 ad
1888 1896 2106 1951 Nation-

451 2006 578 2060 cap.
624 1992 706 2059 18,
761 2008 814 2061 p.
866 1991 1014 2063 583).
1069 1991 1214 2054 Quia
1262 1990 1415 2044 enim
1468 1992 1599 2061 post
1646 2003 1815 2042 suam
1865 1988 2093 2040 tantum

452 2084 697 2134 mortem
732 2080 875 2135 deus
902 2096 1029 2135 esse
1063 2085 1307 2152 poterat,
1340 2079 1591 2134 malebat
1640 2077 1839 2147 utique
1881 2074 2091 2139 vivere,

452 2184 628 2239 quam
677 2170 853 2224 vitam
906 2186 1149 2240 ponere,
1208 2185 1272 2224 ac
1323 2175 1521 2240 postea
1568 2166 1690 2221 fieri
1741 2167 1922 2230 deus,
1974 2161 2094 2216 sive

450 2256 646 2329 potius
696 2257 803 2313 hoc
847 2258 1111 2313 mendaci
1145 2275 1387 2329 prorsus
1417 2256 1584 2311 titulo
1617 2254 1897 2310 decorari.
1930 2251 2091 2305 Chri-

448 2346 622 2401 stiani
654 2363 790 2420 ergo
820 2346 967 2402 laesae
1000 2348 1323 2419 majestatis
1355 2347 1623 2401 humanae
1656 2342 1851 2410 rei,vel
1875 2340 2092 2413 publici

446 2434 647 2490 hostes
678 2454 910 2492 summa
942 2438 1066 2493 sine
1095 2436 1389 2507 injustitia
1418 2436 1531 2489 dici
1582 2435 1711 2488 ideo
1761 2449 1875 2487 non
1926 2435 2090 2503 pote-

449 2530 602 2589 rant,
634 2526 784 2595 quod
821 2525 1042 2581 nollent
1089 2526 1501 2597 imperatorem
1553 2521 1846 2595 appellare
1895 2521 2087 2575 deum.

447 2614 591 2669 Nam
624 2614 745 2669 ϋηο
767 2615 1079 2686 appellatio
1100 2614 1182 2669 illi
1206 2614 1312 2670 soli
1334 2612 1739 2684 competit,qui
1757 2627 1871 2666 non
1892 2610 2087 2678 homo,

450 2704 549 2758 sed
583 2708 834 2759 aeternus
865 2708 920 2759 et
949 2703 1296 2759 immortalis
1324 2708 1436 2760 est.

1046 2837 1278 2892 CAPUT
1308 2837 1485 2890 XXII.

448 2926 802 2983 Christianos
832 2943 928 2983 nec
970 2927 1215 2998 publicos
1262 2942 1373 2981 esse
1423 2925 1618 2986 hostes,
1668 2940 1765 2979 nec
1807 2925 2086 2992 factiosos,

512 2999 609 3125 ἱρά
657 3000 914 3072 genlzles,
959 3001 1055 3069 qui
1103 3000 1226 3053 illos
1276 2999 1474 3053 horum
1518 3000 1820 3052 criminum
1861 3012 2087 3050 accusa—

552 3078 666 3125 ant.

552 3087 666 3125 ant.

965 3193 1284 3233 ARTICULUS
1324 3192 1563 3232 PRIMUS.

2196 559 2556 627 inﬁrmitati,
2616 563 2719 614 aut
2776 554 3136 628 impotentiae
3192 558 3313 609 erat
3368 554 3793 610 adscribendum.

2199 654 2474 705 Poterant
2503 648 2657 703 enim
2693 649 2877 703 factas
2907 645 3017 700 sibi
3043 662 3076 698 a
3107 644 3419 715 gentilibus
3447 642 3671 713 injurias
3699 661 3795 697 non

2198 738 2389 794 solum
2421 738 2570 792 clam
2604 753 2669 792 ac
2692 736 2861 791 tectis
2892 733 3305 800 cuniculis,sed
3335 732 3522 802 palam
3549 736 3601 785 et
3627 736 3797 802 aperto

2199 831 2383 884 marte
2418 827 2639 882 ulcisci.
2677 831 2743 880 Et
2773 823 2995 879 occulte
3036 822 3274 892 quidem
3321 839 3333 876 :
3385 843 3412 869 «
3462 822 3682 885 Quando
3724 819 3797 874 vel

2198 935 2315 973 una
2347 935 2477 981 nox,
2509 916 2682 972 sicuti
2727 914 2807 971 ait
2851 910 3275 975 Tertullianus,
3324 909 3578 980 pauculis
3625 907 3800 963 faculis

2198 1005 2437 1075 largiter
2486 1004 2726 1059 ultions
2777 1005 2974 1074 posset
3024 999 3248 1072 operari
3294 1022 3319 1047 n
3352 998 3603 1069 (Tertull.
3635 997 3799 1067 Apolo-

2197 1100 2302 1166 get.
2338 1111 2463 1165 cap.
2496 1095 2587 1160 37,
2620 1110 2750 1166 pag.
2786 1092 2945 1162 462);
2976 1090 3033 1144 id
3067 1092 3176 1153 est,
3214 1092 3475 1159 poterant
3506 1103 3599 1157 per
3628 1086 3802 1140 obscu-

2200 1200 2277 1239 ras
2309 1184 2494 1238 noctis
2525 1181 2758 1237 silentia
2789 1177 3164 1251 paucissimis
3207 1176 3434 1243 faculis,
3485 1174 3803 1243 minimoque

2201 1272 2388 1345 pretio
2418 1271 2651 1342 emptis,
2687 1269 2862 1324 urbes
2890 1266 3218 1321 incendere.
3253 1266 3459 1319 Verum
3488 1261 3803 1332 absit,pergit

2204 1360 2321 1422 ille,
2354 1370 2415 1415 ut
2444 1365 2540 1415 aut
2571 1362 2696 1427 igni
2726 1359 2963 1412 humano
2993 1355 3299 1409 vindicetur
3326 1352 3513 1407 divina
3540 1353 3686 1418 secta,
3731 1357 3807 1403 aut

2204 1450 2384 1505 doleat
2413 1451 2532 1520 pati
2564 1450 2623 1502 in
2652 1463 2752 1518 quo
2781 1447 3045 1514 probetur
3072 1442 3281 1513 (Ibid)
3317 1441 3436 1496 sive
3482 1444 3543 1493 ut
3590 1439 3701 1510 ipse
3749 1438 3802 1490 ad

2206 1538 2515 1609 Scapulam
2548 1536 2840 1591 scribebat
2872 1552 2883 1587 :
2918 1558 2945 1583 ‹‹
2980 1532 3142 1588 Absit
3192 1536 3253 1585 ut
3301 1528 3538 1599 indigne
3585 1527 3806 1582 feramus

2210 1645 2278 1683 ea
2328 1643 2433 1681 nos
2482 1625 2622 1697 pati,
2673 1641 2799 1695 qua?
2847 1627 3144 1693 Optamus,
3195 1627 3257 1673 ut
3312 1618 3587 1672 ultionem
3618 1613 3810 1668 anobis

2212 1716 2470 1786 aliquam
2514 1713 2943 1775 machinemur,
2975 1726 3149 1780 quam
3182 1725 3215 1762 a
3249 1713 3360 1760 Deo
3389 1709 3763 1776 exspectamus
3790 1724 3810 1749 η

2213 1806 2418 1875 (Idem,
2452 1808 2525 1858 ad
2548 1802 2766 1873 Scapul.
2801 1818 2929 1871 cap.
2960 1799 3035 1870 2).
3069 1803 3206 1853 Tres
3239 1796 3422 1867 igitur
3468 1794 3623 1848 affert
3668 1792 3808 1846 ratio-

2215 1856 2418 1875 \"“*"
2877 1856 2890 1871 .
3000 1856 3012 1870 ,
3264 1856 3298 1867 υ

2137 1856 2185 1920 Β
2216 1911 2342 1959 nes,
2395 1894 2627 1964 prOpter
2675 1907 2818 1962 quas
2862 1887 3176 1945 Christiani
3224 1886 3478 1939 oli‘ensas
3510 1899 3658 1948 suas,
3688 1880 3812 1935 sicut

2204 1988 2542 2055 promptum
2592 1980 2708 2034 illis
2775 1984 2919 2045 erat,
2971 1976 3121 2032 clam
3177 1976 3472 2030 vindicare
3536 1971 3806 2027 noluerint.

2204 2073 2399 2127 Primo
2430 2070 2689 2143 quidem,
2724 2068 2862 2139 quia
2892 2067 3084 2121 divina
3112 2069 3200 2119 est
3228 2063 3465 2118 illorum
3495 2069 3648 2128 secta,
3670 2059 3808 2128 cujus

2202 2161 2452 2233 legibus,
2479 2159 2762 2213 ultionem
2798 2153 3395 2228 prohibentibus,non
3427 2150 3651 2206 obedire
3678 2148 3809 2201 nefas

2203 2252 2508 2324 putabant.
2541 2247 2832 2309 Secundo,
2888 2243 3050 2297 illam
3102 2241 3389 2296 ultionem
3445 2237 3813 2309 exspectabant

2201 2341 2272 2395 ab
2322 2339 2722 2408 omnipotente
2782 2334 2895 2388 Deo
2945 2348 3088 2395 suo,
3159 2329 3499 2401 aequissimo
3564 2325 3808 2381 scelerum

2199 2430 2447 2483 vindice.
2477 2425 2691 2491 Tertio,
2726 2437 2929 2478 omnes
2975 2418 3294 2482 cruciatus,
3350 2417 3463 2472 sibi
3494 2416 3562 2469 ab
3602 2410 3811 2469 ethnicis

2198 2516 2474 2585 inﬂictos,
2510 2513 2893 2569 libentissime
2937 2509 3336 2581 patiebantur,
3394 2505 3532 2577 quia
3577 2505 3813 2557 noverant

2198 2607 2271 2662 iis
2302 2623 2365 2662 se
2397 2622 2510 2661 non
2542 2603 2696 2673 laedi,
2731 2602 2833 2657 sed
2884 2597 3117 2671 probari
3173 2602 3376 2650 utrum
3430 2598 3634 2649 eterna
3681 2587 3809 2660 digni

2198 2700 2399 2752 essent
2429 2693 2719 2749 mercede.

2267 2802 2417 2857 Solis
2449 2801 2639 2869 itaque
2672 2798 2765 2853 his
2796 2794 3274 2856 rationibus,non
3318 2794 3516 2846 autem
3544 2787 3654 2842 ulla
3678 2784 3811 2839 inﬁr-

2199 2892 2402 2947 mitate
2458 2888 2546 2945 vel
2604 2886 2976 2958 impotentia,
3036 2902 3069 2936 a
3126 2881 3420 2936 sumenda
3476 2879 3543 2932 de
3600 2872 3812 2930 ethnici8

2196 2981 2469 3036 hostibus
2499 2978 2623 3033 suis
2655 2975 2876 3031 ultione
2908 2970 3304 3027 abstinebant.
3343 2966 3497 3023 Nihil
3529 2965 3672 3020 enim
3717 2960 3811 3015 illis

2200 3070 2386 3141 magis
2447 3068 2615 3123 facile
2681 3062 3138 3135 expeditumque
3187 3062 3331 3113 erat.
3387 3056 3528 3111 Nam
3580 3051 3812 3141 superius

2198 3138 2567 3213 ostendimus
2616 3154 2810 3224 (Supr.
2860 3167 2990 3221 cap.
3034 3149 3123 3216 22,
3178 3151 3287 3200 art.
3346 3145 3397 3217 i_‘
3459 3144 3585 3198 illos
3649 3138 3813 3194 omnia

448 3268 701 3323 Publicos
750 3267 920 3322 hostes
966 3229 1243 3321 bene};
1265 3229 1652 3320 iC‘thistianos
1679 3305 1693 3330 ,
1744 3265 1841 3335 qui
1887 3262 2090 3335 allatas
2121 3230 2163 3296 C
2200 3247 2383 3302 ῐοῑίυδ
2414 3250 2702 3335 terram?)
2736 3241 2895 3335 ονβίε
2925 3238 3072 3335 ξοοεξθ
3104 3234 3362 3335 excepti?
3393 3233 3531 3289 30m
3571 3229 3809 3330 falsf’wm

516 3340 625 3393 sibi
670 3339 741 3394 ab
785 3340 1021 3393 ethnicis
1072 3340 1306 3407 injurias
1353 3354 1638 3407 nunquam
1687 3335 1877 3390 ulcisci
1906 3334 2089 3389 volue-

517 3413 685 3475 runt,
737 3412 959 3465 tametsi
1002 3410 1060 3464 id
1109 3410 1378 3477 facillime
1423 3412 1673 3479 possint,
1730 3408 1815 3461 vel
1873 3408 2092 3479 civitate

520 3482 661 3536 clam
690 3484 940 3547 incensa,
972 3482 1055 3534 vel
1086 3476 1291 3535 indicto
1337 3476 1522 3549 palam
1571 3480 1743 3539 bello;
1792 3479 1875 3532 vel
1922 3493 1979 3532 se
2026 3476 2092 3530 ab

520 3553 717 3607 iisdem
763 3553 1020 3617 ethnicis,
1067 3568 1298 3622 quorum
1326 3554 1511 3606 minor
1538 3554 1655 3605 erat
1685 3565 1974 3609 numerus.
2002 3565 2091 3602 se-

518 3624 798 3694 parando;
829 3625 912 3678 vel
961 3623 1229 3678 (immanes
1271 3624 1338 3676 ab
1385 3624 1724 3678 obsessorum
1770 3622 2094 3693 corporibus

521 3711 629 3750 non
661 3695 945 3766 ejiciendo.

529 3814 754 3877 Quanta
780 3811 1106 3866 temeritate
1137 3809 1353 3866 ethnici
1382 3810 1744 3866 Christianos
1776 3809 1923 3864 laesae
1970 3826 2094 3863 ma-

448 3900 683 3971 jestatis
720 3901 912 3957 I05]
952 3902 1222 3956 humana;
1257 3916 1384 3955 reos
1416 3916 1543 3954 esse
1572 3899 2098 3965 eil‘utiebant,tanta

453 3991 710 4062 proiecto
742 3992 1104 4061 impudentia
1134 3992 1263 4047 illos
1317 3990 1599 4059 publicos,
1650 4008 1714 4045 ac
1764 3991 1941 4045 totius
1986 3990 2095 4043 hu-

456 4082 612 4135 mani
664 4082 891 4151 generis
946 4082 1138 4137 hostes
1189 4098 1314 4136 esse
1383 4082 1885 4135 criminabantur.
1937 4078 2095 4133 Nihil

454 4169 672 4240 quippe
702 4169 809 4223 hac
831 4169 1125 4223 calumnia
1150 4170 1411 4239 putidius
1435 4168 1574 4241 tingi
1598 4185 1858 4238 unquam
1885 4168 2096 4239 potuit.

454 4257 657 4312 Divina
688 4258 977 4329 siquidem
1029 4257 1154 4329 lege
1201 4259 1422 4328 (Matth.
1472 4276 1527 4325 v,
1574 4259 1677 4323 39;
1727 4263 1854 4312 Luc.
1911 4261 1953 4323 i,
2006 4257 2095 4329 28)

453 4344 817 4414 prohibitum
886 4344 1003 4399 illis
1074 4351 1197 4399 erat
1245 4344 1347 4399 ulli
1397 4346 1557 4413 male,
1607 4346 1689 4399 uti
1738 4346 1817 4399 ait
1877 4344 2096 4400 I‘ertul-

454 4432 649 4489 lianus
680 4434 975 4504 (Apologet.
1011 4451 1135 4505 cap.
1168 4434 1238 4487 36
1268 4439 1324 4487 et
1353 4450 1518 4505 seqq.
1547 4449 1676 4505 pag.
1714 4434 1849 4501 460;
1885 4438 1942 4488 et
1991 4434 2093 4489 lib.

455 4538 474 4575 ι
506 4521 573 4575 ad
606 4522 824 4576 Nation.
858 4540 986 4594 cap.
1042 4523 1128 4587 17,
1189 4540 1239 4594 ρ.
1290 4522 1439 4592 583),
1489 4523 1643 4589 velle,
1698 4524 1843 4577 male
1890 4524 2092 4593 facere,

452 4612 601 4665 male
626 4611 839 4682 {dicere
891 4614 1033 4666 male
1074 4614 1317 4683 cogitare
1364 4612 1427 4666 de
1474 4629 1762 4683 quoquam,
1796 4615 1846 4666 et
1877 4612 2100 4668 lmdenti

452 4699 623 4755 vicem
653 4696 881 4772 referre.
918 4706 990 4756 At
1021 4700 1113 4756 his
1146 4701 1448 4773 praeceptis
1495 4701 1937 4757 accuratissime
1990 4703 2096 4756 ob-

451 4789 867 4860 sequebantur,
910 4791 1405 4860 quemadmodum
1440 4795 1595 4862 patet
1624 4807 1687 4845 ex
1725 4790 1835 4859 his,
1869 4807 1996 4861 quis
2030 4794 2095 4845 de

453 4878 844 4935 sanctissimis
866 4878 1098 4934 illorum
1126 4880 1386 4935 moribus
1409 4887 1579 4937 antea
1607 4880 1861 4936 diximus
1884 4880 2097 4953 (Supra

454 4984 577 5038 cap.
616 4968 699 5031 12,
734 4972 837 5023 art.
876 4970 900 5022 1
935 4973 990 5023 et
1021 4970 1226 5042 seqq.).
1260 4970 1383 5025 Non
1415 4986 1551 5041 ergo
1586 4970 1823 5041 publici,
1858 4969 1975 5025 imo
2026 4985 2096 5023 ne

456 5056 638 5112 ullius
670 5057 903 5128 quidem
937 5057 1215 5129 hominis,
1251 5058 1371 5113 mul
1400 5076 1431 5114 ο
1484 5059 1679 5114 minus
1728 5059 2097 5130 imperatoris

455 5152 512 5202 et
567 5146 750 5201 totius
798 5148 1026 5219 generis
1076 5148 1318 5203 humani
1370 5148 1565 5204 hostes
1612 5154 1795 5203 erant.
1847 5149 1915 5201 Et
1944 5154 2095 5202 certe

458 5237 729 5308 quamvis
787 5238 944 5292 omni
1004 5237 1493 5293 contumeliarum
1557 5242 2095 5305 tormentorumque

457 5342 666 5398 genere
699 5328 769 5382 ab
802 5326 1257 5398 imperatoribus
1287 5326 1531 5397 aliisque
1553 5326 1799 5382 elhnicis
1829 5326 2096 5380 excarni-

461 5417 807 5481 ﬁcarentur;
844 5416 989 5470 inter
1021 5415 1303 5487 plurimos
1334 5419 1550 5481 tamen,
1576 5416 1647 5471 de
1678 5416 1890 5486 quibus
1926 5414 2096 5486 paulo

458 5509 590 5575 post
620 5504 934 5575 agendum,
967 5505 1063 5572 qui
1111 5508 1316 5558 contra
1341 5505 1575 5559 eosdem
1616 5504 1994 5576 imperatores
2044 5510 2101 5560 et

463 5592 884 5663 rempublicam
939 5592 1425 5661 conjuraverant,
1479 5592 1679 5648 nullus
1727 5610 1983 5664 unquam
2033 5609 2101 5648 ex

463 5680 580 5733 illis
610 5680 879 5737 inventus
906 5684 1014 5736 est.

2200 3338 2442 3392 deorum
2490 3332 2749 3404 templis,
2804 3327 3163 3400 implevisse,
3212 3340 3279 3379 ac
3339 3322 3511 3394 longe
3569 3319 3809 3389 majorem

2199 3426 2457 3494 illorum,
2506 3403 2683 3495 quam
2733 3418 3036 3492 gentilium
3094 3414 3273 3469 fuisse
3327 3425 3653 3467 numerum.
3690 3403 3806 3470 Quid

2202 3532 2336 3587 ergo
2370 3494 2673 3585 prohibere
2704 3527 2801 3565 eos
2836 3501 3414 3577 poterat,quominus
3448 3500 3655 3554 indicto
3685 3494 3808 3550 bello

2204 3605 2468 3661 ethnicos
2510 3602 2845 3668 vincerent,
2898 3595 3200 3664 victosque
3252 3590 3482 3646 meritis
3532 3586 3806 3643 adiicerent

2204 3693 2507 3766 suppliciis
2540 3688 2807 3762 (Tertull.
2848 3686 3124 3757 Apologet.
3160 3698 3288 3753 cap.
3343 3680 3434 3751 37,
3494 3694 3619 3750 pag.
3669 3671 3808 3766 (162)?

2204 3763 2563 3849 lia—etamen,
2593 3780 2641 3835 si
2674 3778 2838 3845 velis,
2858 3776 2987 3831 illos
3014 3778 3069 3829 et
3099 3788 3346 3827 numero
3377 3774 3434 3825 et
3465 3766 3634 3839 copiis
3663 3763 3809 3817 fuisse

2206 3874 2323 3930 illis
2352 3873 2630 3943 impares,
2664 3866 2953 3938 numquid
2986 3862 3203 3919 idcirco
3230 3860 3321 3915 ‘ad
3374 3857 3592 3914 bellum
3639 3868 3809 3943 gerem:

2204 3964 2367 4029 dum,
2427 3935 2483 4015 et
2539 3960 2738 4015 hostes
2797 3935 3112 4009 vincendos
3158 3949 3356 4004 minus
3409 3944 3597 4001 idonei
3634 3935 3811 3997 erant?

2205 4026 2406 4108 Nonae
2439 4050 2770 4104 fatebantur
2792 4043 3005 4100 ethnici
3043 4043 3291 4095 mortem
3347 4038 3419 4092 ab
3471 4032 3669 4091 1052
3718 4026 3809 4082 illis

2206 4159 2319 4198 non
2369 4138 2564 4193 timeri
2614 4133 2843 4206 (lbid.)?
2891 4136 2960 4188 At
3008 4133 3162 4186 certe
3212 4130 3433 4198 quanto
3484 4124 3668 4179 minus
3706 4131 3808 4206 eam

2205 4231 2584 4295 verebantur,
2622 4202 2806 4280 tanto
2865 4220 3056 4276 aerius
3111 4216 3377 4289 quolibet
3437 4214 3648 4269 incerto
3700 4202 3808 4295 belli

2206 4323 2413 4377 eventu
2451 4293 2909 4387 depugnassent,
2942 4308 3143 4379 sicque
3176 4304 3507 4377 potuissent
3532 4298 3731 4355 debitas
3756 4293 3811 4346 de

2206 4409 2475 4466 hostibus
2510 4405 2632 4461 suis
2664 4417 2865 4475 poenas
2895 4394 3403 4470 repetere.Verum
3440 4389 3700 4463 religione
3726 4396 3811 4438 sua

2207 4497 2492 4567 obstricti,
2525 4494 2671 4549 illud
2704 4485 3158 4562 nunquam,sive
3188 4482 3543 4549 armati,sive
3574 4479 3809 4532 inermes,

2128 4598 2175 4661 1)
2208 4592 2433 4645 tentare
2466 4584 2799 4639 voluerunt.

2280 4691 2447 4750 Nullo
2498 4693 2775 4763 praterea
2820 4684 2889 4740 ad
2938 4680 3257 4736 vindictam
3308 4676 3463 4732 bello
3495 4672 3743 4740 nullaque
3769 4663 3810 4717 vi

2206 4799 2354 4855 opus
2401 4778 2715 4843 habebant,
2758 4772 2925 4847 (Ibid.
2982 4789 3035 4841 p.
3088 4768 3234 4835 463).
3286 4767 3369 4821 Ad
3408 4781 3544 4855 eam
3593 4768 3810 4825 namque

2206 4853 2536 4929 sufficiebat
2565 4865 2801 4921 illorum
2832 4862 2904 4917 ab
2936 4857 3186 4915 ethnicis
3214 4853 3525 4910 divortium
3558 4855 3611 4906 et
3653 4859 3808 4901 seces-

2206 4962 2313 5017 sio.
2377 4959 2462 5014 Illi
2523 4956 2741 5029 quippe
2785 4957 2924 5007 tunc
2947 4945 3263 5005 solitudine
3294 4960 3402 4998 sua
3433 4930 3811 5029 obstupefacti.

2208 5051 2403 5123 plures
2438 5046 2782 5102 habuissent
2812 5040 3031 5101 hostes,
3076 5051 3251 5105 quam
3300 5032 3472 5097 cives,
3517 5044 3579 5083 ac
3611 5022 3810 5123 quibus

2206 5110 2583 5210 imperarent,
2617 5136 2769 5188 certe
2802 5126 3192 5199 paucissimos
3222 5140 3235 5177 :
3273 5142 3297 5173 ι
3332 5121 3495 5175 Nunc
3538 5116 3702 5175 enim.
3731 5110 3810 5210 ait

2204 5197 2618 5289 Tertullianus,
2652 5197 2956 5294 pauciores
2985 5215 3184 5269 hostes
3216 5209 3445 5266 habetis
3490 5223 3597 5279 prae
3644 5197 3809 5258 multi-

2206 5318 2410 5375 tudine
2442 5312 2905 5369 Christianorum
2942 5305 3110 5375 (pene
3141 5298 3401 5356 omnium
3425 5296 3659 5357 civium;
3689 5295 3809 5359 pene

2208 5423 2412 5466 omnes
2445 5404 2596 5459 cives
2627 5398 2990 5455 Christianos
3025 5390 3356 5453 habendos;
3388 5392 3445 5442 et
3475 5386 3661 5440 hostes
3705 5389 3806 5471 ms-

2206 5497 2405 5554 luistis
2437 5507 2639 5547 vocare
2672 5486 2899 5561 generis
2929 5480 3171 5538 humani
3209 5478 3398 5550 potius
3431 5488 3598 5546 quam
3626 5473 3806 5561 errem

2210 5584 2475 5653 humani)
2512 5604 2537 5631 ››
2572 5554 2775 5652 (Ibid).
2810 5579 2895 5629 Ita
2925 5571 3164 5644 quidem
3196 5569 3255 5622 in
3293 5565 3500 5622 nostris
3544 5554 3804 5653 codicibus

2214 5650 2651 5742 manuscriptis,
2686 5669 2743 5722 et
2772 5662 2939 5721 editis
2968 5657 3220 5731 Rigaltio
3253 5650 3679 5725 antiquioribus,
3710 5652 3801 5693 οιει
