4134 6184
252 388 407 446 1149

1172 385 1245 444 D.
1296 384 1390 444 LE
1436 384 1760 444 NOURRY
1808 382 2454 444 OBSERVATIONES
2503 384 2759 444 NOVIE.

3497 382 3654 441 1150

249 518 403 591 quod
444 520 501 573 in
536 518 890 590 quibusdam
939 535 1008 573 ex
1036 516 1154 573 illis
1205 516 1421 588 legitur
1477 515 1729 571 habendo
1787 530 1891 585 pro
1923 514 1976 581 Α
2008 512 2090 568 illi
2122 515 2205 571 sic
2236 514 2650 582 abhorrebant,
2688 520 2748 570 ut
2794 516 3055 570 daemone
3103 531 3172 569 ex
3213 514 3473 570 hostium
3521 529 3654 568 suo-

249 608 543 675 habendos,
579 612 752 680 atque
782 608 905 663 haec
941 607 1149 662 ultima
1172 608 1369 671 verba,
1400 606 1581 675 potius
1612 620 1776 674 quam
1805 619 1897 656 er-

244 700 388 753 roris
416 699 669 763 humani,
704 704 963 753 resecuta
992 696 1265 752 sunt.8ed
1301 693 1587 767 Rigaltius
1621 692 1899 747 audacior

247 805 315 841 ea
343 788 541 842 omnia
574 786 1053 858 amputavit,quai
1084 784 1317 840 uncinis
1338 781 1890 851 includijussimus.

241 876 436 930 Tanta:
468 881 664 931 tamen
698 874 1126 947 amputationis
1158 891 1226 927 ne
1255 890 1435 926 unum
1472 872 1709 942 quidem
1766 887 1893 925 ver-

245 966 384 1019 bum
409 965 561 1037 t‘ecit.
589 965 888 1035 Numquid
924 980 1059 1035 ergo
1093 962 1414 1018 arbitratus
1456 966 1543 1014 est
1603 962 1892 1014 rationem

244 1053 405 1109 illius
435 1054 663 1108 cunctis
695 1057 893 1108 notam
926 1070 1053 1107 esse
1116 1052 1253 1123 quia
1286 1050 1458 1122 paulo
1493 1054 1621 1121 post
1661 1047 1894 1103 Tertul-

241 1141 439 1196 lianus
498 1143 645 1196 dixit
696 1158 710 1197 :
772 1142 1033 1196 «Hostes
1086 1141 1355 1211 judicare
1414 1138 1731 1207 maluistis,
1793 1136 1893 1208 qui

244 1248 453 1286 sumus
514 1232 682 1302 plane
734 1248 845 1286 non
905 1231 1137 1302 generis
1194 1228 1434 1284 humani
1492 1234 1712 1295 tamen,
1791 1228 1890 1281 sed

245 1320 439 1391 potius
472 1321 686 1375 erroris
717 1341 744 1369 ››
781 1319 1105 1391 (Ibid.).Sed
1142 1317 1431 1389 numquid
1483 1314 1706 1372 auctori
1740 1331 1895 1368 nun-

238 1425 416 1479 quam
447 1408 613 1463 licuit
641 1409 851 1464 iisdem
883 1409 1075 1464 verbis
1108 1409 1375 1464 eamdem
1407 1424 1474 1463 ex
1507 1406 1739 1461 duobus
1802 1422 1892 1459 ar-

240 1497 539 1569 gumentis
570 1498 879 1553 deductam
912 1498 1125 1553 inferre
1156 1497 1590 1553 conclusionem
1612 1496 1640 1549 ‘I
1670 1492 1897 1549 Tertul-

240 1586 438 1641 lianus
468 1592 663 1642 autem
694 1587 991 1643 concludit
1022 1587 1268 1659 gentiles
1298 1586 1579 1641 maluisse
1609 1582 1890 1639 Christia-

243 1692 352 1730 nos
375 1675 631 1745 judicari
648 1693 759 1731 non
778 1677 1013 1748 quidem
1034 1676 1376 1744 erroris,sed
1396 1672 1638 1729 humani
1662 1670 1892 1744 generis

242 1764 465 1831 hostes,
498 1765 636 1836 quia
661 1782 774 1820 non
806 1766 949 1821 satis
980 1766 1514 1821 animadverterent
1542 1762 1671 1817 illos
1703 1761 1892 1832 primo

243 1854 481 1924 quidem
515 1854 586 1908 ab
617 1854 701 1908 eis
721 1855 1066 1921 secedendo,
1126 1854 1382 1909 secundo
1430 1857 1646 1918 autem,
1679 1852 1891 1904 daamo-
1920 1887 1967 1951 Β

242 1959 368 2011 nes,
397 1947 461 1997 ut
490 1959 622 1998 mox
645 1944 892 2010 dicetur,
955 1961 1068 1998 non
1128 1943 1433 2014 ejiciendo,
1485 1941 1681 2014 plures
1739 1940 1886 2012 ipsis

244 2031 440 2086 hostes
473 2048 647 2104 quam
675 2032 828 2088 cives
864 2033 1110 2088 futuros.
1145 2033 1226 2087 De
1256 2031 1548 2087 industria
1570 2046 1702 2085 vero
1734 2030 1885 2084 cives

240 2119 405 2190 dixit,
435 2120 573 2192 quia
602 2138 975 2177 communem
1003 2138 1135 2178 cum
1168 2121 1306 2191 illis,
1332 2125 1397 2176 ut
1424 2118 1884 2184 vidimns,vitam

240 2210 488 2281 agendo,
526 2226 720 2265 eorum
755 2211 906 2266 cives
936 2216 1122 2267 erant.

311 2320 384 2371 At
417 2317 584 2372 nobis
644 2316 856 2388 aliquis
916 2317 1159 2372 forsitan
1221 2315 1460 2386 objiciet
1520 2318 1699 2369 totam
1733 2312 1884 2367 hanc

237 2404 585 2460 Tertulliani
616 2406 1181 2478 argumentationem
1209 2405 1311 2460 niti
1347 2402 1697 2458 intolerabili
1734 2400 1884 2456 mul-

236 2490 510 2548 titudinis
540 2494 1007 2549 Christianorum
1040 2492 1502 2565 exaggeratione.
1524 2492 1634 2547 Sed
1675 2492 1745 2546 ab
1777 2490 1884 2545 hoc

238 2581 521 2649 petimus,
556 2583 696 2654 quid
728 2584 1085 2639 Tertulliauo
1108 2584 1384 2654 prodesse
1417 2585 1640 2652 poterat
1680 2580 1886 2634 intem-

245 2670 469 2739 pestiva
500 2671 861 2743 hyperbole?
892 2672 1167 2727 Ethnicos
1201 2671 1491 2743 siquidem
1525 2670 1603 2723 ibi
1635 2669 1885 2741 compel-

241 2757 343 2825 lat,
378 2761 595 2831 quibus
626 2762 860 2832 ignotus
893 2779 1006 2817 non
1039 2767 1162 2817 erat
1211 2778 1492 2815 numerus
1526 2759 1882 2813 Christiano-

235 2865 393 2915 rum,
420 2855 475 2905 et
505 2851 603 2921 qui
632 2851 716 2905 illi
749 2852 861 2905 cito
893 2852 1067 2907 citius
1101 2850 1387 2905 mendacii
1419 2851 1677 2904 convicto
1711 2849 1881 2902 fidem

234 2936 371 2992 aliis
396 2938 452 2992 in
476 2939 752 2995 omnibus
783 2941 1181 3012 derogassent.
1200 2940 1417 2994 Deinde
1448 2955 1579 2993 vero
1613 2938 1883 3008 superius

235 3029 606 3083 ostendimus
634 3029 863 3100 (Super.
899 3046 1024 3100 cap.
1063 3031 1147 3099 12,
1181 3034 1289 3083 art.
1327 3029 1375 3099 1)
1410 3045 1577 3099 quam
1608 3027 1728 3081 haec
1753 3044 1885 3081 vera

232 3115 380 3185 sint,
415 3133 539 3187 quae
572 3116 667 3172 ille
712 3119 782 3172 de
842 3118 1063 3189 ingenti
1112 3117 1578 3172 Christianorum
1642 3132 1883 3170 numero

231 3207 356 3259 tam
382 3205 598 3262 diserte
629 3212 687 3261 et
715 3207 795 3261 ibi
827 3212 884 3261 et
913 3206 1052 3261 alibi
1086 3206 1348 3261 tradidit.

313 3312 439 3367 Alia
496 3314 733 3369 demum
791 3316 1011 3369 ratione
1058 3315 1425 3369 demonstrat
1487 3330 1660 3383 quam
1716 3278 1954 3367 facileC

230 3402 552 3457 Christiani
586 3402 784 3458 ulcisci
817 3421 876 3459 se
901 3408 1189 3475 poterant.
1225 3409 1405 3459 Penes
1441 3403 1621 3474 ipsos,
1672 3401 1881 3471 inquit,

232 3492 394 3548 solos
425 3498 549 3548 erat
606 3499 863 3565 potestas
904 3496 1198 3550 daemones
1252 3511 1319 3549 ex
1367 3494 1647 3562 obsessis,
1729 3492 1882 3548 sicut

231 3588 409 3637 antea
437 3583 695 3637 vidimus
730 3583 924 3655 (ευριπ
978 3600 1105 3654 cap.
1137 3584 1191 3649 8,
1228 3589 1335 3638 art.
1371 3585 1449 3653 6),
1509 3583 1879 3638 ethnicorum

227 3670 581 3741 corporibus
634 3672 903 3742 ejiciendi
961 3672 1227 3742 (Tertull.
1288 3673 1565 3740 Apotoget.
1601 3688 1727 3742 cap.
1791 3672 1880 3743 37,

231 3775 368 3830 pag.
403 3760 548 3829 463).
584 3761 752 3831 Atqui
786 3760 833 3815 si
859 3761 991 3817 illos
1024 3778 1137 3815 non
1198 3761 1526 3830 exegissent
1561 3778 1572 3814 :
1610 3784 1634 3809 α
1696 3760 1880 3814 Suffe-

227 3849 413 3903 cisset
460 3848 569 3905 hoc
645 3849 858 3919 solum,
905 3872 929 3898 n
985 3850 1236 3921 ipsamet
1291 3853 1420 3921 ejus
1468 3850 1642 3904 verba
1722 3853 1878 3915 sunt,

232 3961 262 3989 «
298 3943 511 3993 nostrae
563 3938 808 4005 ultioni;
870 3939 1025 4010 quod
1065 3956 1247 3993 vacua
1330 3938 1536 3993 exinde
1587 3938 1881 4008 possessio

227 4027 562 4083 immundis
607 4028 915 4099 spiritibus
967 4033 1188 4099 pateret
1226 4050 1250 4075 n
1284 4027 1550 4095 (Tertull.
1613 4027 1720 4082 loc.
1754 4027 1878 4095 cit).

229 4118 315 4172 Ibi
351 4123 549 4171 autem
583 4117 874 4189 Rigaltius
896 4117 1045 4172 serio
1081 4135 1185 4172 nos
1218 4118 1494 4171 admonet
1525 4133 1585 4171 se
1631 4117 1701 4170 ab
1750 4115 1880 4169 aliis

225 4205 529 4277 accepisse
562 4206 618 4259 in
653 4207 849 4261 codice
886 4205 1176 4275 Fuldensi,
1201 4223 1301 4275 pro
1331 4212 1570 4276 pateret,
1594 4205 1877 4275 scriptum

222 4298 513 4367 peteretis.
547 4295 849 4350 Miraberis
886 4295 1084 4367 procul
1135 4296 1315 4349 dubio
1364 4312 1658 4350 summam
1721 4295 1879 4349 illius

224 4384 616 4454 diligentiam,
643 4383 741 4456 qui
772 4384 922 4439 hanc
954 4384 1243 4438 diversam
1278 4390 1395 4438 tam
1423 4383 1565 4439 levis
1598 4385 1876 4438 momenti

222 4474 536 4529 lectionem
568 4472 819 4528 aliorum
855 4474 1188 4528 testimonio
1220 4477 1484 4538 annotat,
1517 4479 1571 4528 et
1620 4475 1880 4545 superio-

223 4580 350 4618 rem
395 4564 601 4619 1058
634 4562 894 4633 aliasque
926 4563 1095 4634 longe
1129 4561 1365 4633 majoris
1424 4562 1726 4631 momenti,
1787 4566 1876 4616 ta-

2009 621 2138 659 rum
2164 605 2470 677 gentilium
2505 606 2847 677 corporibus
2879 604 3161 677 expellere
3195 603 3649 675 mallent,quam

2006 692 2114 748 hos
2146 711 2257 749 non
2299 694 2659 766 expellendo,
2694 696 2764 750 de
2803 693 2921 750 illis
2952 711 3067 748 non
3100 694 3248 749 bene
3292 692 3518 747 mereri.
3557 693 3645 746 In-

2005 783 2323 853 gratissimi
2380 800 2516 855 ergo
2574 788 2741 837 erant
2781 783 3050 855 gentiles,
3112 783 3208 853 qui
3263 787 3516 847 tantum,
3570 781 3650 837 ait

2004 872 2421 942 Tertullianus,
2480 873 2813 943 prasidium
2874 872 3037 927 ﬂocci
3098 872 3396 937 facientes,
3448 870 3648 925 clami-

2004 965 2131 1015 tant
2159 962 2539 1028 Christianos,
2576 964 2684 1017 sibi
2719 964 2861 1018 adeo
2913 963 3293 1027 necessarios,
3354 977 3483 1016 esse
3535 977 3647 1032 pu-

2005 1049 2186 1104 blicos
2213 1052 2443 1121 generis
2477 1052 2717 1107 humani
2747 1052 2963 1107 hostes.
3000 1050 3207 1124 (Idict).

2620 1236 2937 1277 ARTICULUS
2976 1237 3037 1275 Ῑῐ.

2005 1340 2188 1406 Quam
2217 1336 2461 1390 absurde
2524 1337 2731 1391 ethnici
2783 1337 3074 1408 objicerent
3132 1336 3468 1392 Christiano:
3534 1354 3647 1393 esse

2072 1408 2316 1478 publicos
2349 1408 2703 1479 ho.stcs,(,uia
2764 1411 3160 1473 imperatorum
3214 1410 3481 1463 solemnia
3540 1426 3647 1463 non

2072 1480 2214 1533 sicut
2247 1481 2334 1533 itti
2361 1481 2744 1543 celebrabamt,
2782 1483 2928 1547 [ocos
2985 1489 3036 1535 et
3068 1490 3212 1534 toros
3269 1479 3540 1535 educendo
3584 1483 3644 1534 in

2069 1552 2372 1620 publicum,
2400 1554 2672 1619 epulando
2727 1554 2964 1617 vicatim,
2997 1554 3238 1607 tabernae
3299 1552 3495 1606 habitu
3522 1551 3648 1606 abo-

2076 1622 2376 1692 lcfuciendo
2405 1625 2698 1694 civitatem,
2752 1626 2875 1678 vino
2929 1626 3105 1678 tutum
3161 1624 3415 1691 cogendo.
3455 1625 3641 1694 cursi-

2073 1694 2249 1768 tarndo
2320 1698 2644 1749 catervatim
2717 1694 2785 1748 ad
2841 1698 3083 1768 injurias
3147 1712 3208 1749 ac
3274 1693 3643 1765 impudentia:

2073 1765 2460 1837 ittecebrasque
2492 1768 2801 1835 voluptatis,
2834 1765 2907 1821 ac’
2928 1768 3118 1822 domus
3172 1781 3290 1823 suae
3319 1783 3431 1819 non
3488 1781 3641 1819 secus

2070 1853 2135 1890 ac
2190 1839 2318 1891 novi
2347 1840 2639 1906 lupanaris
2692 1839 2930 1908 postibas
3023 1838 3207 1894 tauros
3281 1839 3641 1908 lucentesque

2070 1909 2355 1979 afﬁgendo.

2063 1925 2355 1979 amgenao.

2067 2070 2212 2125 Cum
2240 2071 2556 2127 Christiani
2606 2073 2675 2128 ab
2722 2074 2883 2129 omni
2938 2073 3199 2129 vindicta
3262 2088 3504 2144 prorsus
3537 2072 3637 2127 ab-

1997 2156 2325 2226 horrerent,
2365 2167 2421 2215 et
2441 2162 2511 2216 de
2556 2163 2834 2217 omnibus
2867 2162 3015 2217 bene
3084 2167 3468 2229 mererentur,
3520 2176 3634 2231 quo

1998 2245 2277 2314 dementi,
2328 2249 2580 2320 inquies,
2632 2251 2825 2305 furore
2850 2250 3065 2305 ethnici
3113 2249 3243 2304 illos
3273 2250 3473 2304 hostes
3530 2265 3632 2319 pu-

1996 2334 2178 2392 blicos
2218 2355 2346 2393 esse
2381 2343 2501 2393 tam
2562 2341 2841 2394 audacter
2889 2338 3413 2394 vociferabantur?
3462 2335 3635 2391 Nulla

1995 2441 2155 2491 sane,
2211 2427 2321 2481 nisi
2363 2426 2535 2498 plane
2579 2429 2835 2483 absurda
2876 2429 3118 2498 ratione,
3164 2428 3248 2482 uti
3298 2444 3367 2482 ex
3408 2426 3499 2481 his
3538 2426 3625 2480 in-

1995 2513 2222 2586 telliges
2270 2516 2617 2571 Tertulliani
2668 2517 2861 2572 verbis
2904 2535 2916 2570 :
2980 2539 3007 2566 ‹‹
3064 2517 3369 2587 Propterea
3418 2513 3635 2587 publici

1995 2602 2194 2658 hostes
2227 2604 2562 2671 Christiani,
2599 2606 2737 2677 quia
2789 2606 3244 2677 imperatoribus
3293 2622 3483 2676 neque
3537 2621 3632 2658 va-

1922 2745 1927 2753 ,
1995 2710 2123 2758 nos,
2158 2711 2344 2764 neque
2376 2695 2746 2761 mentientes,
2780 2711 2967 2766 neque
3000 2697 3338 2749 temerarios
3388 2693 3637 2748 honores

1994 2781 2212 2852 dicant,
2247 2784 2509 2854 quivere:
2555 2784 2854 2855 religionis
2886 2783 3142 2838 hominis
3198 2785 3372 2839 etiam
3431 2782 3639 2837 solem-

1995 2871 2092 2924 nia
2114 2888 2315 2926 eorum
2347 2872 2705 2926 conscientia
2738 2872 2954 2942 potius,
2987 2889 3160 2942 quam
3193 2871 3429 2926 lascivia
3489 2869 3635 2925 cele-

1994 2960 2267 3014 brant?«
2323 2961 2585 3030 (Tertull.
2638 2962 2911 3032 Apologct.
2971 2978 3095 3032 cap.
3142 2962 3229 3027 35,
3293 2976 3425 3032 pag.
3487 2959 3633 3029 452).

1994 3050 2205 3103 Totum
2239 3049 2418 3121 igitur
2458 3050 2678 3121 grande
2726 3050 2866 3103 illud
2918 3049 3384 3104 Christianorum
3443 3047 3634 3103 scelus

1994 3143 2136 3203 erat,
2171 3140 2323 3208 quod
2356 3139 2773 3210 imperatorum
2808 3139 3091 3193 solemnia
3123 3155 3227 3192 suo
3259 3143 3487 3192 tantum
3540 3137 3633 3208 pio

1994 3243 2061 3282 ac
2092 3232 2316 3294 sancto,
2351 3245 2465 3282 non
2516 3227 2958 3298 corruptissimo
2992 3227 3300 3300 gentilium
3334 3226 3448 3280 ritu
3503 3244 3631 3298 age-

1994 3318 2152 3372 bant

2064 3409 2198 3472 Quae
2232 3410 2423 3461 autem
2456 3406 2667 3461 fuerint
2698 3423 2766 3461 ea
2795 3404 3081 3460 solemnia
3114 3403 3163 3459 si
3196 3404 3326 3476 quis
3378 3405 3633 3476 primum

1994 3495 2142 3550 scire
2168 3501 2351 3565 aveat,
2384 3496 2432 3550 is
2466 3496 2804 3551 meminisse
2838 3495 3009 3550 debet
3030 3494 3151 3548 hinc
3173 3494 3244 3548 ab
3296 3494 3423 3565 ipso
3480 3495 3633 3549 Auc-

1992 3589 2115 3639 tore
2147 3590 2347 3638 nostro
2391 3583 2670 3655 appellari
2713 3586 2975 3638 solemnes
3030 3584 3141 3637 dies
3183 3584 3520 3653 principum,
3572 3600 3638 3637 ac

1994 3682 2114 3728 vota
2144 3681 2195 3728 et
2221 3672 2423 3743 gaudia
2458 3672 2734 3727 Czrsarum
2774 3673 2976 3744 (Ihid.),
3034 3689 3159 3743 quas
3219 3672 3487 3726 solebant
3539 3688 3633 3726 va-

1992 3762 2096 3817 riis
2157 3762 2521 3832 temporibus
2596 3760 2893 3816 celebrari.
2953 3760 3099 3815 Nam
3160 3760 3412 3833 singulis
3465 3760 3635 3815 annis

1988 3859 2109 3922 post
2133 3850 2393 3905 calendas
2414 3851 2716 3922 januarias
2748 3850 2835 3905 die
2876 3854 3058 3917 tertio,
3093 3850 3265 3905 sicuti
3299 3851 3381 3905 ait
3438 3850 3635 3908 Caius.

1987 3957 2086 4012 pro
2117 3941 2293 3994 salute
2321 3941 2632 4010 principum
2656 3948 2779 3994 vota
2806 3940 3185 4009 suscipiuntur
3214 3938 3559 4009 (DigestJib.
3596 3956 3635 4003 ι,

1989 4030 2077 4084 tit.
2114 4030 2198 4094 16,
2236 4030 2343 4099 leg.
2402 4029 2528 4099 233)
2590 4045 2601 4083 :
2636 4027 2745 4096 vel,
2807 4028 3302 4099 quemadmodum
3348 4027 3469 4096 ipse
3499 4028 3634 4080 Ter-

1988 4118 2292 4173 tullianus.
2326 4116 2393 4171 ad
2429 4119 2595 4173 Uxor.
2658 4132 2784 4187 cap,
2843 4116 2918 4184 6).
2984 4120 3255 4169 Praeterea
3312 4115 3635 4183 agebantur

1990 4207 2306 4280 quotannis
2366 4206 2568 4273 natali,
2620 4206 2738 4261 sive
2769 4206 2896 4277 ipso
2926 4205 3017 4260 die
3049 4222 3162 4275 quo
3195 4204 3367 4258 creati
3402 4204 3633 4258 fuerant

1989 4298 2392 4368 imperatores,
2418 4313 2483 4350 ac
2512 4296 2875 4366 potissimum
2904 4295 3130 4366 quinto,
3164 4295 3410 4357 decimo,
3460 4292 3630 4363 quin-

1989 4386 2379 4451 todecimo,et
2408 4385 2683 4440 vicesimo
2716 4385 2929 4439 abhinc
2986 4399 3157 4437 anno.
3211 4383 3342 4445 Quae
3393 4381 3629 4453 quidem

1990 4476 2135 4529 festa
2167 4474 2653 4545 quinquennalia,
2697 4471 3058 4537 decennalis,
3120 4470 3630 4541 quindecennalia,

1989 4567 2046 4618 et
2071 4563 2393 4618 vicennalia
2445 4564 2821 4617 vocabantur.
2863 4568 2935 4615 De
2967 4561 3059 4615 his
3110 4566 3304 4614 autem
3367 4577 3474 4615 nos
3532 4559 3634 4614 ali-

223 4654 401 4707 metsi
433 4652 701 4707 omnium
732 4652 997 4706 codicum
1030 4653 1371 4706 auctoritate
1400 4654 1680 4717 munitas,
1724 4652 1878 4721 peni-
1907 4646 1960 4711 D
1989 4654 2123 4723 quid
2160 4652 2611 4724 perstrinximus
2633 4651 2747 4705 alia
2785 4651 2844 4704 in
2879 4651 3285 4705 dissertatione
3328 4650 3631 4717 (Disseruit.

217 4748 322 4797 tus
356 4741 576 4797 omisit.
612 4745 687 4795 At
716 4741 861 4795 illud
904 4742 1145 4795 verbum
1194 4742 1455 4811 pateretis
1508 4740 1873 4806 Tertulliani,

216 4832 440 4902 inquit,
478 4830 696 4902 stylum
731 4831 902 4902 sapit.
943 4830 1239 4901 Numquid
1293 4846 1425 4884 vero
1472 4830 1597 4883 alia:
1647 4846 1873 4900 omnes,

216 4938 373 4993 quas
406 4920 802 4991 praetermisit,
861 4920 1137 4975 lectiones
1196 4918 1355 4973 illius
1398 4918 1615 4990 stylum
1678 4920 1875 4974 minus

216 5011 464 5083 sapiunt
492 5008 520 5062 ‘i
552 5014 732 5064 Nemo
764 5025 927 5074 sane,
962 5025 1065 5062 nec
1096 5008 1220 5079 ipse
1254 5007 1561 5078 Rigaltius,
1606 5007 1663 5061 id
1725 5008 1874 5063 serio

216 5102 521 5155 affirmare
552 5099 810 5154 audebit.
836 5098 918 5151 Ad
952 5097 1072 5150 haec
1102 5097 1496 5168 vero,vulgata
1525 5104 1871 5152 cunctorum

216 5189 346 5245 solo
391 5187 666 5243 Fuldensi
698 5192 955 5257 excepto,
990 5186 1273 5240 librorum
1310 5186 1500 5255 lectio,
1527 5204 1640 5241 non
1676 5187 1873 5242 minus

212 5277 618 5333 Tertullianea
650 5282 759 5345 est,
790 5276 1180 5346 eamdemque
1208 5292 1446 5330 sensum
1481 5275 1635 5329 hunc
1653 5276 1869 5331 efficit:

210 5367 342 5423 Nisi
371 5365 688 5421 Christiani
722 5366 990 5436 fugarent
1028 5364 1343 5433 daemones,
1392 5381 1634 5436 corpora
1684 5366 1871 5435 genti-

212 5457 367 5510 lium
398 5460 685 5524 tauquam
717 5471 899 5508 vacua
931 5454 1225 5525 possessio
1251 5454 1381 5507 istis
1406 5455 1475 5507 ad
1503 5454 1733 5507 libitum
1771 5471 1869 5525 pa-

213 5549 393 5599 teret.

286 5632 438 5695 Quid
499 5636 697 5686 autem
750 5630 856 5686 hoc
879 5631 1069 5686 adhuc
1126 5647 1253 5686 sese
1318 5630 1637 5685 ulciscendi
1697 5633 1868 5688 modo

211 5722 552 5794 promptius
581 5726 637 5775 et
668 5719 997 5791 expeditius
1022 5720 1049 5773 7
1073 5720 1281 5777 Verum
1313 5719 1384 5774 ab
1412 5719 1569 5774 omni
1613 5721 1870 5776 vindicta

1988 4745 2048 4797 in
2080 4745 2187 4797 Luc
2217 4743 2395 4796 Caecil.
2427 4759 2551 4810 cap.
2597 4742 2681 4805 11,
2718 4745 2824 4794 art.
2858 4741 2930 4805 3).
2976 4740 3182 4796 1054
3210 4740 3329 4809 {ubi
3388 4739 3630 4810 Pagium

1986 4832 2248 4903 (Pagius,
2303 4832 2360 4885 in
2420 4832 2638 4884 Disserl.
2691 4834 2890 4899 Hypat.
2944 4833 3089 4899 part.
3150 4846 3211 4896 ιι,
3272 4846 3398 4899 cap.
3460 4830 3536 4897 2),
3574 4833 3631 4883 et

1987 4921 2153 4986 alios,
2189 4921 2285 4991 qui
2321 4920 2488 4991 plura
2518 4920 2587 4973 de
2616 4918 2709 4973 his
2740 4918 3060 4989 disputant,
3096 4917 3304 4973 citatos
3329 4918 3627 4986 :invenies.

2054 5010 2201 5064 Tum
2239 5014 2432 5064 autem
2467 5007 2583 5061 illis
2606 5008 2663 5061 in
2697 5006 3000 5061 solemniis
3032 5005 3249 5061 ethnici
3294 5007 3460 5061 ﬁctos
3491 5007 3630 5060 deos

1986 5116 2124 5154 suos
2157 5100 2547 5169 precabantur
2579 5113 2678 5167 pro
2711 5096 3127 5167 imperatorum
3164 5095 3496 5167 civiumque
3533 5113 3629 5149 sa-

1982 5188 2121 5255 lute,
2160 5205 2258 5257 pro
2292 5186 2615 5241 mternitate
2649 5184 2899 5256 imperii,
2929 5185 3277 5255 ﬂorentique
3300 5184 3461 5239 illius
3510 5188 3627 5239 sta-

1980 5282 2066 5343 tu,
2100 5276 2273 5332 sicuti
2307 5293 2339 5330 a
2370 5274 2553 5330 Plinio
2581 5274 2844 5329 Secundo
2874 5275 3069 5345 (epist.
3102 5274 3190 5343 36,
3222 5274 3311 5340 37,
3349 5275 3469 5335 101,
3506 5274 3627 5343 106,

1981 5372 2038 5421 et
2072 5372 2362 5438 Pancgyr.
2386 5365 2607 5435 Trajan.
2671 5368 2799 5435 post
2835 5364 3035 5435 med),
3068 5363 3383 5417 Brissonio.
3418 5362 3543 5431 (lib.
3587 5378 3627 5416 ιι

1979 5457 2045 5511 de
2091 5455 2327 5511 Formut.
2389 5471 2519 5526 pag.
2574 5453 2696 5524 HO)
2764 5452 3008 5523 aliisque
3085 5453 3452 5507 observatum
3513 5454 3620 5505 est.

1978 5544 2289 5600 Christiani
2321 5542 2674 5616 itaque,{qui
2723 5556 2921 5597 verum
2956 5546 3010 5596 et
3055 5542 3293 5595 unicum
3355 5538 3622 5594 colebant

1978 5634 2184 5704 Deum,
2219 5650 2322 5688 nee
2356 5635 2624 5704 poterant
2670 5631 2815 5686 alios
2846 5647 3019 5701 quam
3081 5646 3268 5697 veros,
3318 5633 3371 5681 et
3436 5626 3620 5681 sacris

1978 5722 2283 5795 religionis
2313 5740 2430 5779 suae
2461 5723 2689 5794 legibus
2720 5719 3091 5793 praescriptos
3138 5719 3389 5773 honores
3443 5714 3600 5788 impe
