4134 6184
512 270 658 335 1151

1041 273 1569 335 TERTULLIANI
1610 277 1934 340 OPERUM
1978 278 2177 339 PARS
2221 280 2268 340 Ι.
2302 313 2379 322 -
2408 280 2681 341 SERIES
2731 282 2777 351 Ι,
2824 280 3386 341 APOLOGETICA.

3716 283 3850 342 H52

513 404 806 463 ratoribus
838 406 1081 475 deferre,
1116 406 1485 464 celebrabant
1521 408 1757 481 quidem
1801 426 2001 466 eorum
2064 427 2158 466 so-
2188 415 2242 481 Α
2271 411 2489 483 quibus
2519 411 2732 468 ethnici
2764 412 2836 468 ad
2879 429 3141 469 mensam
3194 412 3617 468 accumbebant.
3669 415 3855 478 Quam-

509 493 727 549 lemnia
758 511 871 549 non
903 497 1106 550 eadem
1140 496 1361 567 utique,
1420 515 1535 570 qua
1590 499 1825 569 ethnici,
1901 499 2158 568 lascivia,

513 583 611 637 sed
644 585 993 651 conscientia,
1029 585 1109 639 ait
1152 586 1545 642 Tertullianus
1578 588 1846 659 (Tertull.
1880 589 2154 660 Apologet.

508 689 635 743 cap.
666 673 757 740 35,
794 690 915 744 pag.
952 676 1095 745 452),
1127 675 1180 728 id
1207 680 1295 729 est
1341 694 1471 731 vero
1529 677 1873 749 sinceroque
1944 680 2159 735 mentis

508 762 577 817 ad
591 762 951 833 fectu,prout
977 768 1297 819 noveranta
1329 765 1443 820 Deo
1457 766 2157 837 postulari.Quamobrem

508 848 605 905 ille
662 850 799 905 alibi
849 868 925 905 :«
998 853 1159 917 Quod
1226 853 1431 907 attinet
1496 855 1565 909 ad
1638 855 1886 911 honores
1955 873 2154 929 regum

510 942 567 993 et
598 939 1037 1010 imperatorum,
1072 941 1213 994 satis
1275 942 1685 1014 praescriptum
1746 944 2035 999 habemus
2100 946 2157 1000 in
2214 958 2219 963 ‘

511 1028 671 1082 omni
703 1028 979 1098 obsequio
1019 1046 1125 1083 nos
1156 1046 1284 1085 esse
1317 1036 1581 1101 oportere
1613 1033 1936 1087 secundum
1973 1038 2157 1105 Apos-

509 1117 611 1171 toli
642 1123 1015 1189 praeceptum,
1051 1118 1320 1174 subditos
1364 1120 1832 1192 magistratibus,
1890 1127 1945 1176 et
1998 1124 2158 1194 prin-

511 1207 763 1278 cipibus.
796 1212 852 1261 et
894 1208 1307 1279 potestatibus,
1360 1210 1458 1264 sed
1495 1210 1647 1264 intra
1709 1211 1924 1267 limites
1983 1213 2158 1267 disci-

511 1293 703 1366 plinae,
739 1313 1043 1368 quousque
1076 1298 1146 1352 ab
1183 1296 1454 1352 idolatria
1504 1316 1897 1370 separamur»
1953 1301 2157 1372 (Idem,

509 1385 573 1439 de
602 1385 848 1441 Idololat.
883 1402 1010 1457 cap.
1044 1388 1151 1457 15).

577 1491 1020 1563 Fateturitaque
1034 1492 1317 1549 solemnia
1331 1493 1750 1566 imperatorum
1767 1513 1800 1551 a
1813 1495 2159 1552 Christianis

511 1580 802 1637 celebrata
834 1582 1012 1637 fuisse
1044 1584 1365 1638 secundum
1402 1584 1550 1639 hanc
1581 1584 1844 1655 Apostoli
1871 1583 2159 1657 legem,ac

513 1669 660 1725 tusis
706 1671 776 1725 ad
831 1670 1013 1727 Deum
1075 1672 1282 1727 intimo
1340 1673 1531 1728 cordis
1588 1674 1841 1742 adiectu,
1894 1678 1958 1728 ut
1980 1691 2158 1746 supra

511 1760 788 1830 vidimus,
817 1777 920 1831 pro
944 1759 1293 1831 imperatore
1324 1765 1381 1816 et
1411 1761 1654 1833 imperio
1685 1762 1988 1833 precibus:
2041 1780 2154 1818 non

513 1853 707 1905 autem
741 1849 1047 1919 geutilium
1109 1867 1288 1917 more,
1341 1868 1515 1921 quem
1573 1850 1656 1905 uti
1718 1851 1841 1923 ipse
1872 1868 1969 1907 eos
2002 1853 2161 1907 adlo-

514 1939 747 2009 quendo
778 1938 879 2006 ait,
916 1961 943 1989 ι(
976 1955 1163 2010 neque
1196 1939 1505 2007 modestia,
1540 1956 1643 1995 nec
1669 1941 2039 2011 verecundia,
2060 1958 2163 1996 nec

515 2027 798 2099 pudicitia
826 2027 1174 2100 permittunt
1198 2029 1322 2099 (sed
1365 2030 1591 2085 occasio
1615 2030 1930 2101 voluptatis
1954 2030 2161 2101 magis,

515 2136 693 2192 quam
739 2121 916 2192 digna
967 2120 1113 2175 ratio
1165 2122 1480 2192 persuasit)
1541 2121 1736 2189 fidem,
1770 2128 1827 2176 et
1860 2121 2162 2177 veritatem

513 2214 763 2265 vestram
789 2209 1191 2265 demonstrare
1227 2232 1247 2261 ι
1286 2211 1483 2280 (Idem,
1545 2212 1815 2282 Apologel.
1887 2227 2015 2282 cap.
2069 2212 2160 2278 35,

514 2314 646 2371 pag.
680 2298 822 2364 454).
857 2298 990 2362 Qua
1018 2298 1075 2353 in
1112 2298 1219 2353 hoc
1251 2303 1409 2354 textu
1442 2299 1673 2353 uncinis
1704 2298 1933 2354 inclusa
1976 2299 2159 2369 vides,

512 2405 580 2443 ea
608 2385 805 2442 omnia
827 2393 1031 2443 contra
1060 2388 1325 2443 codicum
1352 2388 1660 2448 editorum
1697 2394 1755 2444 et
1802 2389 2158 2444 ineditorum

512 2478 709 2544 fidem,
742 2476 1032 2550 Rigaltius
1056 2480 1303 2548 ejusque
1336 2493 1615 2547 sequaces
1668 2479 1901 2549 penitus
1959 2486 2157 2533 sustu-

512 2565 968 2621 lerunt.Nullam
987 2570 1180 2621 tamen
1215 2568 1391 2635 hujus
1428 2566 1849 2637 amputationis
1873 2566 2157 2621 rationem

519 2659 592 2710 ab
613 2656 699 2712 eis
754 2658 947 2712 datam
997 2656 1275 2728 reperies,
1303 2655 1416 2711 nisi
1448 2673 1555 2712 suo
1614 2656 1845 2711 silentio
1905 2656 2026 2712 haec
2086 2657 2158 2711 ab

517 2746 787 2817 imperito
847 2747 1098 2818 quodam
1178 2746 1463 2817 scriptore
1522 2746 1749 2817 adjecta
1806 2746 1917 2800 sibi
1974 2745 2159 2800 videri

512 2835 842 2907 significare
862 2834 1175 2889 voluerint.
1215 2835 1324 2889 Sed
1359 2835 1491 2907 quis
1524 2834 1643 2889 illis
1694 2834 1776 2888 ita
1830 2835 2157 2889 tacentibus

510 2925 684 2979 fidem
714 2924 951 2979 habebit
979 2928 1003 2977 .9
1033 2923 1299 2980 Genuina
1320 2924 1614 2978 enimvero
1637 2922 1981 2979 Tertulliani
2030 2939 2155 2978 ver-

511 3016 585 3069 ba
606 3031 733 3070 esse
763 3012 1058 3069 evidenter
1089 3013 1295 3085 probat
1326 3012 1658 3069 communis
1716 3013 1983 3068 codicum
2025 3030 2153 3067 om-

513 3103 674 3157 nium
700 3120 1045 3158 consensus.
1085 3103 1366 3157 Praeterea
1399 3106 1584 3157 totum
1643 3101 1803 3157 illius
1851 3102 2152 3173 ingenium

510 3196 562 3247 et
595 3191 870 3263 loquendi
912 3192 1122 3247 modus
1171 3191 1231 3247 in
1271 3192 1357 3247 eis
1408 3192 1553 3247 satis
1612 3166 2151 3263 deprehenduntur.
2186 3166 2229 3232 Ο

511 3281 731 3339 Sensus
781 3287 975 3338 autem
1026 3283 1156 3353 ejus
1194 3285 1329 3337 est:
1374 3280 1689 3336 Christiani
1730 3285 1787 3335 et
1842 3280 2155 3352 imperato-

512 3388 643 3427 rum
676 3388 740 3427 ac
772 3370 1103 3443 reipublicaa
1139 3371 1334 3426 hostes
1384 3369 1841 3440 proclamautur,
1891 3368 1991 3441 qui
2056 3386 2157 3424 eo-

512 3461 781 3516 rumdem
807 3459 1231 3532 imperatorum
1265 3458 1548 3513 solemnia
1572 3475 1684 3513 non
1736 3464 1919 3529 agunt
1971 3457 2155 3529 genti-

504 3548 650 3605 lium
683 3566 864 3618 more,
913 3565 1087 3620 quem
1122 3564 1225 3603 nec
1274 3546 1582 3613 modestia,
1634 3564 1739 3603 nec
1787 3546 2157 3611 verecundia,

514 3654 619 3691 nec
643 3637 923 3709 pudicitia
952 3637 1069 3693 illis
1094 3640 1439 3708 permittunt
1471 3657 1484 3705 ;
1520 3653 1584 3691 ac
1616 3653 1743 3707 quae
1776 3636 1984 3691 iisdem
2016 3652 2157 3708 gen-

512 3722 715 3778 tilibus
745 3724 1035 3780 celebrare
1066 3724 1359 3795 persuasit
1404 3723 1632 3779 occasio
1682 3723 1996 3795 voluptatis
2055 3740 2157 3795 po-

510 3811 631 3869 tius
661 3829 837 3885 quam
861 3814 1039 3886 digna
1070 3816 1237 3882 ratio,
1294 3831 1405 3884 qua
1436 3831 1605 3869 suam
1653 3829 1791 3885 erga
1840 3813 2158 3886 imperato-

514 3920 629 3967 res,
660 3902 821 3973 ﬁdem
841 3908 891 3958 et
924 3906 1217 3959 veritatem
1248 3904 1670 3959 demonstrent.
1706 3903 1899 3958 Palam
1959 3904 2157 3973 itaque

514 3993 816 4048 adseverat
862 3994 918 4047 in
969 3993 1060 4049 his
1120 3992 1481 4049 solemnibus
1530 3993 1693 4049 festis
1722 3992 1943 4048 nullam
1979 3992 2158 4047 fuisse

514 4080 883 4137 ethnicorum
927 4081 1100 4136 fidem
1150 4087 1209 4137 et
1247 4083 1568 4138 veritatem.
1628 4082 1773 4137 Nam
1841 4082 2160 4137 falsissima

512 4176 639 4225 tum
666 4176 797 4225 vota
824 4171 1114 4226 laoiebant
1146 4188 1247 4242 pro
1296 4170 1485 4226 salute
1515 4172 1958 4242 imperatorum,
2012 4188 2158 4242 quos

512 4260 627 4314 cito
658 4265 717 4314 et
746 4259 979 4331 saepius,
1042 4266 1103 4315 ut
1151 4260 1211 4315 in
1260 4260 1646 4332 sequentibus
1693 4259 1957 4316 articulis
2009 4260 2157 4315 vide-

513 4347 729 4417 bimus,
754 4350 900 4402 mori
933 4350 1235 4420 uptabant.

585 4459 724 4510 Tres
757 4472 988 4527 quoque
1014 4457 1281 4524 virtutes,
1316 4456 1683 4522 modestiam,
1705 4456 2157 4527 vereoumdiam,

2271 502 2469 557 obrem
2504 500 2678 573 paulo
2712 506 2842 574 post
2888 502 3103 572 adjecit
3133 512 3147 553 :
3183 524 3210 550 (ε
3244 502 3420 567 Quam
3460 500 3774 557 cultissimis
3813 507 3861 559 et

2269 591 2714 661 superbissimis
2736 590 2880 645 toris
2910 592 3099 645 forum
3132 591 3239 645 sibi
3276 589 3592 644 dividebant
3624 614 3642 637 -
3674 590 3852 660 (Ibid)-

2266 680 2453 734 Tanta
2484 679 2659 747 igitur
2690 679 3127 752 magnificentia
3156 685 3431 750 tantoque
3453 695 3677 737 numero
3707 678 3855 734 lectos

2267 769 2645 824 asternebant
2692 769 2751 823 in
2813 770 2957 838 foro,
2990 772 3055 824 ut
3104 768 3250 824 illud
3298 768 3445 824 inter
3464 784 3522 824 se
3549 767 3787 824 divissise
3813 774 3857 824 et

2266 857 2602 929 implevisse
2633 858 2987 914 viderentur.

2339 948 2451 1003 Sed
2483 949 2621 1020 quia
2643 950 2855 1018 forum,
2904 954 3133 1003 tantum
3173 952 3455 1020 quantum
3488 952 3651 1014 esset,
3704 947 3858 1000 omni-

2268 1037 2379 1091 bus
2415 1054 2528 1091 non
2556 1037 2905 1106 sufﬁciebat,
2952 1037 3048 1091 alii
3073 1037 3294 1091 vicatim
3320 1036 3521 1106 (Ibid.),
3549 1034 3651 1090 hoc
3676 1041 3770 1102 est,
3810 1035 3856 1088 in

2268 1124 2519 1181 civitatis
2541 1123 2854 1197 cuiuslibet
2885 1126 3047 1194 vicis,
3078 1125 3441 1197 publicisque
3492 1124 3597 1178 viis
3632 1129 3683 1179 et
3730 1140 3856 1178 com-

2269 1214 2404 1285 pitis
2435 1215 2852 1286 epulabantur.
2895 1216 3157 1286 Expende
3202 1215 3417 1285 itaque,
3443 1214 3853 1277 obsecro,utrum

2269 1304 2341 1358 ad
2391 1303 2549 1359 hunc
2595 1320 2811 1358 morem
2880 1303 3143 1359 nonnihil
3230 1304 3553 1357 conducant
3612 1301 3718 1356 hzec
3782 1300 3853 1354 Ci-

2268 1395 2495 1448 ceronis
2527 1393 2720 1464 verba,
2755 1393 2969 1465 quibus
3030 1392 3219 1465 palam
3254 1392 3551 1447 renuntiat
3580 1389 3853 1452 Apronium

2273 1502 2300 1531 «
2334 1481 2654 1553 imperasse
2684 1487 2749 1537 ut
2780 1484 2837 1537 in
2863 1482 2981 1537 foro
3018 1480 3133 1537 sibi
3166 1481 3357 1536 medio
3397 1478 3526 1535 lecti
3571 1483 3851 1534 sterneren-

2268 1575 2365 1625 tur
2394 1587 2406 1625 ε
2441 1570 2705 1641 quotidie
2736 1570 2976 1626 solitum
3008 1587 3135 1626 esse
3186 1586 3300 1625 non
3360 1569 3529 1624 modo
3558 1567 3615 1622 in
3644 1567 3852 1638 publica,

2269 1660 2371 1715 sed
2404 1660 2475 1715 de
2536 1659 2765 1731 publico
2816 1659 3126 1727 convivari,
3177 1675 3307 1715 cum
3351 1660 3408 1713 in
3430 1658 3511 1713 eis
3559 1655 3854 1728 symphonia

2270 1753 2521 1814 caneret,
2556 1747 2943 1819 maximisque
3000 1746 3225 1819 poculis
3271 1746 3689 1800 ministraretur
3718 1765 3740 1789 »
3768 1744 3853 1808 (Ci-

2272 1853 2387 1892 cer.
2423 1837 2523 1891 lib.
2560 1839 2713 1891 min
2769 1838 2921 1891 Verr.
2978 1852 3104 1907 pag.
3144 1836 3265 1903 136,
3300 1834 3404 1889 lin.
3448 1834 3554 1903 43).
3613 1832 3852 1887 Memoria

2272 1926 2446 1981 etiam
2496 1925 2799 1981 Cornelius
2848 1925 3087 1981 Tacitus
3125 1923 3341 1979 alicubi
3396 1922 3640 1994 prodidit
3688 1919 3853 1974 Neroni

2270 2014 2632 2085 imperatori,
2669 2037 2693 2063 ιι
2729 2014 2874 2068 nihil
2920 2029 3172 2083 usquam
3234 2011 3473 2083 perinde
3520 2012 3701 2064 laetum
3751 2006 3853 2073 sibi,

2273 2103 2523 2175 publicis
2553 2102 2695 2158 locis
2726 2106 2953 2158 struere
2986 2102 3267 2167 convivia,
3302 2106 3540 2170 totaque
3563 2099 3692 2154 urbe
3726 2094 3854 2167 quasi

2270 2192 2444 2247 domo
2477 2191 2614 2246 uti»
2648 2193 2852 2259 (Tacit.
2888 2191 2989 2246 lib.
3022 2209 3093 2246 xv
3121 2192 3321 2247 Annal.
3384 2196 3515 2245 ante
3561 2189 3701 2244 med.
3752 2201 3851 2257 pag.

2273 2281 2417 2351 127),
2474 2280 2685 2335 ethnici
2735 2298 2867 2336 vero
2948 2281 3040 2335 his
3096 2281 3260 2335 fastis
3317 2278 3640 2352 principum
3692 2275 3853 2330 diebus

2269 2370 2468 2425 omnia
2491 2370 2601 2425 sibi
2634 2369 2807 2425 licere
2833 2369 3121 2439 arbitrati,
3164 2374 3295 2426 tum
3331 2369 3595 2425 solebant
3647 2382 3743 2420 non
3785 2379 3852 2416 so-

2267 2457 2391 2513 lum
2450 2464 2573 2514 tota
2632 2459 2776 2513 urbe
2828 2459 2993 2529 quasi
3018 2459 3192 2514 domo
3226 2458 3335 2523 uti,
3378 2458 3477 2514 sed
3513 2479 3540 2507 «
3594 2455 3851 2518 civitatem,

2268 2548 2463 2620 inquit
2498 2546 2922 2616 Tertullianus,
2963 2548 3216 2602 tabernae
3250 2547 3454 2602 habitu
3496 2544 3849 2599 abolefacere»

2268 2635 2530 2707 (Tertull.
2559 2637 2831 2708 Apologel.
2879 2653 3003 2708 cap.
3037 2636 3127 2703 35,
3163 2652 3290 2707 pag.
3329 2636 3457 2706 452)
3493 2653 3505 2703 ;
3563 2634 3635 2689 ita
3663 2637 3720 2687 ut
3766 2634 3855 2682 tota

2267 2725 2470 2781 civitas
2500 2726 2752 2780 tabernae
2786 2742 2852 2781 ac
2882 2741 3157 2796 caupones
3190 2724 3448 2796 speciem
3481 2723 3717 2778 haberet.
3759 2717 3851 2771 Non

2266 2814 2481 2869 desunt
2528 2818 2743 2883 autem,
2790 2814 2887 2887 qui
2939 2814 2997 2867 in
3061 2813 3218 2868 hunc
3272 2812 3467 2869 locum
3513 2804 3855 2882 explicationis

2265 2919 2401 2975 ergo
2431 2903 2537 2959 hos
2570 2904 2869 2958 adducunt
2902 2902 3185 2958 Martialis
3214 2919 3465 2959 versus:

2323 3028 2547 3088 Tonsor,
2576 3041 2768 3090 caupo,
2801 3040 3021 3091 coquus,
3053 3027 3231 3076 lanius
3264 3041 3366 3076 sua
3392 3027 3580 3091 limina_
3595 3023 3808 3091 servant;

2388 3092 2540 3141 Nunc
2568 3088 2735 3140 Roma
2764 3094 2860 3144 est.
2882 3088 3064 3153 'nuper
3088 3104 3280 3151 magna
3314 3091 3533 3139 taberna
3560 3088 3665 3137 fuit.

2763 3161 3010 3223 (Martial.
3040 3161 3130 3210 lib.
3161 3175 3248 3219 vn,
3280 3163 3535 3225 epigram.
3566 3163 3655 3211 60.)

2264 3297 2371 3351 Sed
2437 3295 2530 3351 alii
2574 3300 2817 3350 censent
2875 3295 3130 3350 tabernae
3181 3311 3397 3350 nomen
3459 3292 3536 3348 ibi
3567 3308 3598 3345 a
3640 3283 3850 3344 Martiale

2267 3385 2425 3440 sumi
2458 3401 2571 3440 non
2603 3383 2840 3455 quidem
2876 3400 2977 3455 pro
3008 3400 3290 3452 caupona,
3326 3384 3429 3438 sed
3489 3384 3743 3441 mercatu,
3786 3370 3847 3425 vel

2265 3475 2391 3531 loco
2426 3473 2522 3529 ubi
2554 3489 2779 3529 inerccs
2821 3472 3162 3528 venumdari
3215 3471 3503 3527 solebant.
3554 3476 3618 3523 At
3667 3476 3848 3538 quoquo

2268 3564 2438 3618 modo
2469 3563 2806 3633 accipiatur,
2839 3564 3069 3616 constat
3128 3564 3352 3615 tantam
3386 3560 3563 3613 fuisse
3598 3552 3845 3629 gentilium

2266 3654 2326 3707 in
2360 3653 2451 3708 bis
2501 3651 2750 3724 publicis
2794 3650 3070 3706 conviviis
3119 3650 3652 3722 intemperantiam,
3696 3644 3844 3712 impu-

2266 3742 2524 3796 dentiam
2556 3745 2612 3796 et
2649 3739 2969 3807 lasciviam,
3005 3742 3066 3794 ut
3098 3739 3245 3795 cibis
3275 3755 3408 3794 sese
3438 3754 3549 3793 non
3581 3734 3744 3791 solum
3791 3730 3849 3780 in-

2267 3830 2648 3903 gurgitarenl,
2700 3830 2802 3884 sed
2852 3830 3008 3898 vino,
3052 3833 3116 3884 ut
3148 3828 3229 3883 ait
3278 3834 3499 3883 Auctor
3546 3829 3739 3884 noster,
3778 3831 3850 3888 per

2268 3920 2493 3975 medias
2532 3919 2780 3974 civitatis
2826 3919 2951 3973 vias
3022 3918 3228 3987 effuso,
3296 3922 3576 3988 terraique
3644 3908 3851 3965 immislo

2268 4011 2443 4065 lutum
2481 4012 2730 4079 cogerent
2780 4006 3042 4076 (Tertull.
3089 4007 3362 4078 Apologet.
3431 4023 3553 4077 cap.
3615 4002 3692 4056 35.
3753 4009 3851 4067 p88.

2267 4099 2411 4170 452).
2445 4099 2593 4153 Tum
2624 4102 2828 4170 autem
2874 4096 3066 4152 videre
3114 4101 3237 4151 erat
3285 4095 3635 4152 temulentos
3680 4086 3850 4170 ebriosf

2266 4168 2381 4259 que
2417 4168 2706 4254 homines,
2736 4188 3059 4241 catervatim
3104 4187 3375 4241 cursitare
3418 4184 3489 4239 ad
3534 4180 3761 4249 iniurias,
3802 4168 3852 4224 ad

2266 4278 2666 4348 impudentius,
2697 4275 2768 4331 ad
2798 4275 3042 4331 libidinis
3073 4275 3357 4331 illecebras
3399 4273 3481 4330 vel
3515 4273 3657 4328 sicut
3697 4266 3852 4339 postea

2264 4366 2529 4438 loquitur
2555 4365 2719 4437 (Ibid.
2753 4382 2879 4437 cap.
2914 4366 3002 4435 39,
3036 4382 3093 4437 p.
3148 4365 3298 4436 477),
3330 4367 3389 4420 in
3436 4371 3664 4419 catervas
3711 4352 3849 4411 casio-

2264 4473 2420 4525 num,
2453 4455 2553 4527 qui
2588 4453 2733 4509 alios
2765 4454 3105 4509 verberibus
3130 4459 3186 4510 et
3233 4454 3435 4526 ﬂagris
3490 4448 3775 4510 caedebant,
3808 4439 3851 4490 in

517 4543 881 4614 pudicitiam,
916 4551 1055 4600 tunc
1086 4546 1497 4617 pessumdatas
1530 4546 1711 4601 fuisse
1762 4546 1970 4600 merito
2028 4563 2159 4601 con-
2191 4534 2461 4601 Dclasses
2508 4544 3007 4609 discursationum,
3054 4544 3175 4598 sive
3222 4542 3551 4606 hominum,
3603 4535 3689 4609 qui
3748 4533 3853 4585 bac-

519 4634 804 4703 queritur.
837 4634 983 4698 Quid
1017 4636 1169 4690 enim
1205 4635 1296 4690 bis
1327 4635 1641 4690 virtutibus
1698 4634 1887 4707 magis
1930 4640 2159 4689 eontra-

518 4720 693 4791 rium,
728 4738 902 4794 quam
936 4724 1243 4795 magniﬁca
1297 4728 1353 4779 et
1381 4723 1712 4795 splendida,
1745 4740 1859 4778 non
1921 4724 2159 4795 quidem

516 4809 740 4867 occulte
780 4812 1138 4884 privatisque
1186 4813 1242 4867 in
1293 4812 1592 4879 domibus,
1671 4815 1768 4868 sed
1834 4812 2024 4884 palam
2093 4828 2159 4868 ac

514 4898 767 4971 publicis
798 4900 856 4955 in
889 4900 1095 4973 plateis
1126 4918 1293 4975 agere
1324 4902 1604 4967 convivia,
1638 4918 1765 4973 quae
1794 4901 2157 4973 epulantium

513 4988 1121 5058 temulentia,1055
1182 4992 1480 5062 ebrietate,
1540 4990 1928 5063 impudicitia,
1989 4990 2157 5044 lasci-

513 5077 628 5147 via,
656 5078 896 5135 libidine
943 5080 1192 5153 aliisque
1238 5082 1474 5154 ﬂagitiis
1537 5080 2095 5136 contaminabantur
2130 5078 2158 5133 ’ἶ

511 5166 617 5221 Sed
658 5167 994 5239 ipsummot,
1030 5170 1077 5224 si
1113 5169 1290 5235 lubet,
1323 5170 1748 5225 Tcrtullianum
1804 5169 2154 5224 audiamus:

512 5278 540 5305 ‹‹
574 5256 1019 5329 Grande,inquit
1050 5258 1439 5329 [ethnicorum
1464 5257 1564 5312 illa
1587 5258 1916 5330 principum
1944 5256 2155 5313 solem-

510 5346 975 5420 niaagentium],
1037 5350 1304 5405 videlicet
1350 5349 1609 5404 officium
1688 5350 1846 5404 focos
1876 5354 1933 5405 et
1996 5353 2156 5404 toros

507 5436 570 5490 in
604 5435 900 5505 publicum
932 5437 1178 5492 educere
1195 5460 1220 5487 ››
1258 5438 1439 5509 (Ibid).
1478 5439 1538 5492 In
1566 5438 1999 5509 antiquioribus
2029 5437 2152 5492 edi-

511 5520 775 5578 tionibus
832 5523 1047 5596 legitur
1102 5526 1309 5590 choros,
1344 5526 1443 5581 sed
1497 5525 1706 5580 melius
1766 5526 1923 5581 haud
1984 5526 2158 5581 dubie

512 5615 671 5667 toros.
707 5612 851 5669 Nam
884 5613 964 5669 ibi
994 5612 1089 5670 ille
1142 5614 1403 5687 loquitur
1451 5615 1522 5673 de
1553 5614 1803 5687 publicis
1857 5614 2158 5685 conviviis,

2269 4634 2571 4689 chantium
2624 4648 2784 4688 more
2839 4649 2942 4704 per
2990 4636 3170 4687 totam
3222 4630 3625 4687 discurrebant
3674 4621 3852 4678 urbem.

2268 4726 2494 4788 Quanta
2526 4739 2687 4795 porro
2718 4722 2778 4777 in
2828 4721 2990 4777 hisce
3021 4721 3271 4793 publicis
3303 4718 3578 4776 conviviis
3616 4710 3765 4770 fuerit
3786 4706 3853 4800 ia-

2267 4811 2677 4884 temperantia,
2703 4827 2770 4865 ex
2800 4809 2895 4865 his
2924 4810 3165 4881 conjice,
3205 4826 3332 4881 quas
3364 4810 3436 4864 de
3468 4801 3694 4879 privatis
3726 4807 3849 4889 scri-

2270 4903 2383 4975 psit
2406 4902 2625 4956 Seneca
2658 4918 2670 4955 :
2705 4922 2733 4949 «
2766 4899 2965 4969 Vides,
2997 4898 3209 4970 inquit,
3242 4898 3349 4954 hos
3380 4896 3607 4952 eosdem
3661 4905 3688 4943 e
3724 4885 3849 4939 lectis

2268 4991 2393 5047 suis
2421 4993 2750 5062 spectantes
2782 4989 3059 5061 popinam
3092 5004 3285 5050 suam,
3309 5002 3478 5043 aures
3508 4995 3695 5038 vocum
3723 4985 3847 5062 8900.

2268 5060 2620 5153 spectaculis
2651 5060 3190 5150 oculos,saporibus
3213 5077 3469 5147 palatum
3504 5085 3661 5128 suum
3705 5060 3848 5153 delec-

2267 5168 2766 5225 tantes.Mollibus
2788 5169 3135 5239 lenibusque
3165 5165 3435 5222 fomentis
3455 5168 3629 5218 totum
3667 5156 3845 5210 lacessi!-

2267 5266 2364 5314 tur
2383 5275 2582 5314 eorum
2607 5275 2857 5329 corpus;
2892 5258 3097 5314 1050
3128 5262 3184 5312 et
3218 5272 3288 5311 ne
3320 5270 3486 5309 nares
3520 5246 3725 5305 interim
3752 5251 3846 5293 ces-

2268 5348 2703 5417 sent,odoribus
2731 5345 2907 5401 variis
2936 5347 3196 5400 inficitur
3226 5346 3383 5399 locus
3418 5343 3557 5413 ipse,
3589 5338 3639 5391 in
3664 5346 3759 5404 quo
3785 5332 3847 5379 Iuv

2267 5438 2448 5491 χιιι-ἰῶ
2479 5440 2869 5506 parentatur»
2905 5435 3127 5506 (Senec.
3155 5435 3219 5490 de
3265 5432 3509 5489 Vi¢.beat.
3536 5422 3843 5515 cap.ll,?§§'

2267 5525 2417 5595 624).
2452 5525 2596 5579 Nam
2626 5524 2673 5579 si
2706 5523 2846 5579 talia
2876 5529 3043 5579 erant
3068 5524 3291 5596 privata
3343 5519 3572 5574 illorum
3617 5515 3843 5565 contum,

2269 5617 2489 5687 quanto
2538 5613 2727 5687 magis
2784 5614 3022 5687 publica
3073 5612 3134 5668 in
3170 5611 3443 5669 honorem
3484 5600 3841 5676 imperatorum
