4134 6184
297 373 452 437 “53

1204 371 1273 431 D.
1322 374 1421 433 LE
1464 371 1794 434 NOUHBY
1840 368 2492 432 OBSERVATIONES
2538 371 2796 433 NOVAE.

3549 376 3703 437 1154

294 512 445 574 acta,
501 506 715 577 quibus
760 490 959 560 omnia
989 503 1167 559 etiam
1226 503 1514 559 atrociora
1565 507 1623 559 et
1680 501 1944 574 turpiora
1971 509 2026 575 Α
2059 506 2216 558 reata
2245 508 2303 558 et
2332 502 2737 568 lucernata,ut
2766 505 2836 559 de
2854 521 2999 559 novo
3017 504 3365 561 consistorio
3388 505 3700 563 libidinum

295 597 406 653 sibi
440 594 600 650 licita
628 611 756 650 esse
787 595 1106 649 credebant
1136 592 1149 647 l

367 687 507 741 Jure
538 700 673 755 ergo
724 683 931 739 merito
971 681 1288 737 Christiani
1345 681 1467 737 haec
1526 680 1786 749 homine,
1843 678 1939 735 cui

298 773 539 849 pudoris
570 790 831 844 verasque
868 770 1262 844 religionisvel
1296 770 1435 842 quid
1460 770 1772 825 minimum
1805 768 1939 826 reli-

299 864 396 934 qui
447 863 640 929 fuerit,
674 860 917 931 indigna
974 876 1216 931 prorsus
1270 860 1732 914 detestabantur.
1788 857 1943 913 Casti

301 953 499 1024 itaque
531 957 588 1007 et
619 950 797 1005 sobrii
832 950 1009 1005 festos
1040 948 1446 1020 selemnesque
1475 948 1609 1003 illos
1649 949 1943 1004 Caesarum

300 1043 425 1098 dies
454 1041 777 1112 agitabant.
816 1038 1018 1093 Procul
1052 1038 1231 1110 igitur
1261 1055 1292 1092 a
1314 1037 1603 1109 corruptis
1633 1036 1942 1109 gentilium

301 1131 567 1186 moribus
602 1128 829 1198 remoti,
866 1150 893 1178 ι(
923 1144 1037 1182 non
1070 1127 1310 1192 laureis,
1342 1126 1532 1198 inquit
1590 1128 1806 1181 Auctor
1836 1142 1943 1179 no-

300 1225 439 1289 ster,
466 1224 660 1291 postes
693 1217 1138 1283 obumbramus,
1200 1232 1305 1270 nec
1360 1214 1616 1270 lucernis
1665 1213 1817 1269 diem
1851 1214 1942 1267 in-

299 1308 615 1380 fringimus
669 1328 698 1359 »
761 1306 1027 1380 (Tertull.
1080 1306 1355 1377 Apologet.
1416 1320 1541 1376 cap.
1575 1305 1666 1369 35,
1706 1321 1763 1375 p.
1796 1303 1943 1373 451).

298 1399 445 1453 Nam
477 1395 684 1453 occulti
720 1394 1070 1467 perduelles,
1104 1400 1169 1450 ut
1216 1411 1390 1450 suum
1447 1394 1728 1449 adversus
1770 1392 1947 1463 impe-

303 1492 551 1541 ratorem
585 1486 783 1541 odium
832 1489 889 1540 et
918 1482 1282 1539 simultatem
1342 1483 1609 1538 securius
1666 1484 1946 1553 tegerent,

300 1580 443 1631 tunc
497 1598 517 1623 ι
566 1573 1078 1641 recentissiminis,
1141 1577 1198 1627 et
1255 1570 1678 1627 ramosissimis
1734 1569 1949 1624 laureis

302 1668 502 1737 postes
533 1663 978 1736 praestruebant,
1018 1660 1360 1716 elatissimis
1391 1664 1448 1715 et
1478 1658 1824 1715 clarissimis
1853 1657 1948 1712 lu-

304 1753 496 1810 cernis
551 1752 841 1808 vestibula
899 1750 1258 1807 nebulabant
1281 1772 1309 1800 »
1356 1749 1561 1822 (Ibid)
1605 1749 1721 1803 Cur
1750 1752 1946 1803 autem

304 1844 412 1899 hoc
436 1842 640 1898 ultimo
668 1842 843 1897 verbo
875 1846 1093 1905 utatur,
1129 1839 1377 1911 intelligi
1411 1842 1601 1911 potest
1649 1837 1743 1893 his
1770 1836 1946 1892 Persii

297 1932 372 1987 de
397 1931 620 1987 Herode
651 1930 947 1987 versibus:

406 2054 588 2099 Herodi
614 2066 789 2099 venere
812 2054 916 2098 dies
942 2057 1206 2108 cunctaque
1229 2051 1439 2097 fenestra

406 2116 666 2175 Dispositis
696 2116 920 2173 pinguem
947 2114 1168 2160 nebulam
1198 2125 1441 2159 vomuere
1473 2112 1697 2175 lucernas.

1156 2179 1308 2232 (Pera.
1338 2176 1475 2221 satir.
1505 2175 1546 2227 5,
1575 2172 1667 2219 sub
1688 2172 1789 2227 ﬂn.)

301 2296 382 2350 De
411 2294 620 2351 iisdem
654 2300 849 2350 autem
884 2294 1140 2349 lucernis
1170 2301 1227 2349 et
1286 2292 1471 2363 lauro,
1506 2292 1723 2363 quibus
1753 2292 1953 2346 domo-

304 2402 433 2440 rum
464 2390 660 2456 postes
691 2384 1073 2453 ornabantur,
1125 2383 1244 2438 haec
1301 2387 1441 2438 sunt
1478 2380 1774 2437 Juvenalis
1824 2397 1951 2435 car-

309 2475 469 2529 mina
501 2491 515 2529 :

414 2602 591 2643 Cuncta
618 2599 773 2646 nitent.
806 2598 976 2653 longos
995 2598 1149 2642 erexit
1170 2596 1316 2653 janua
1347 2596 1526 2641 lauros.

420 2662 478 2705 Et
506 2661 744 2706 matutinis
775 2667 1004 2717 operatur
1030 2659 1157 2704 festa
1183 2658 1406 2703 lucernis.

946 2722 1179 2777 (Juvenal.
1208 2722 1346 2767 satir.
1376 2721 1442 2771 12,
1471 2734 1516 2766 ν.
1547 2720 1599 2765 96
1623 2726 1671 2764 et
1696 2721 1848 2776 seqq.)

309 2847 428 2897 Cur
455 2858 592 2913 ergo
623 2838 937 2895 Christiani
970 2839 1076 2894 has
1120 2838 1568 2911 superstitiones
1598 2836 1833 2908 penitus
1864 2851 1955 2890 re-

311 2933 649 3005 probarent,
709 2929 859 2984 hanc
916 2928 1317 2983 Tertullianus
1375 2927 1566 2982 reddit
1622 2926 1953 2981 rationem:

312 3044 341 3072 ‹‹
379 3021 718 3075 Accendunt
750 3017 1010 3090 quotidie
1043 3016 1332 3084 lucernas,
1385 3016 1603 3088 quibus
1660 3014 1759 3069 lux
1799 3012 1959 3068 nulla

309 3115 401 3165 est
433 3109 735 3181 [nimirum
777 3124 921 3162 verae
975 3105 1320 3179 religionis],
1380 3105 1631 3176 alligant
1690 3102 1958 3173 postibus

311 3200 512 3254 lauros
543 3197 918 3269 postmodum
972 3212 1229 3265 arsuras,
1292 3195 1508 3267 quibus
1560 3189 1953 3264 ignesimmi-

313 3290 455 3343 nent
486 3304 498 3340 :
542 3284 656 3340 illis
688 3289 1030 3357 competunt
1050 3288 1107 3339 et
1134 3282 1474 3338 testimonia
1504 3281 1879 3336 tenebrarum
1902 3282 1960 3334 et

315 3375 582 3446 auspicia
603 3390 903 3445 pmnarum
944 3396 968 3421 ››
1001 3372 1262 3443 (Tertull.
1295 3373 1359 3427 de
1405 3372 1651 3427 Idololat.
1686 3386 1813 3441 cap.
1849 3369 1956 3440 15),

314 3466 475 3539 ignis
530 3464 794 3520 videlicet
844 3465 1066 3533 aeterni,
1126 3480 1242 3534 quo
1296 3462 1459 3534 impii
1511 3461 1781 3517 homines
1831 3462 1962 3532 post

317 3555 470 3609 hanc
500 3554 677 3608 vitam
696 3552 973 3624 puniendi
990 3557 1147 3607 sunt.
1163 3552 1308 3607 Tum
1327 3551 1537 3606 deinde
1559 3549 1957 3606 Christianum

319 3645 407 3698 sic
437 3642 758 3714 alloquitur
790 3660 802 3697 :
834 3666 861 3691 «
884 3643 942 3697 Si
976 3640 1213 3712 templis
1247 3640 1622 3707 renuntiasti,
1655 3655 1726 3694 ne
1758 3638 1962 3693 feceris

319 3731 608 3805 templum
642 3730 799 3803 [falsi
829 3730 1053 3787 scilicet
1082 3730 1173 3784 dei
1193 3729 1467 3800 alicujus]
1491 3730 1735 3799 januam
1756 3720 1960 3782 tuam»

317 3820 528 3893 (Ibid).
564 3820 641 3874 De
672 3819 830 3874 Jovis
864 3819 1157 3890 siquidem
1196 3818 1412 3890 templo
1441 3818 1653 3873 cecinit
1683 3816 1962 3873 Ovidius:

431 3934 527 3979 Cur
553 3938 712 3977 tamen
738 3932 957 3990 apposita
982 3932 1168 3977 velatur
1190 3932 1338 3989 janua
1364 3933 1510 3981 laure.

482 3995 637 4051 Cingit
663 4000 711 4039 et
735 4000 969 4050 augustas
997 3995 1146 4039 arbor
1168 4006 1321 4051 opaca
1349 3995 1525 4039 domos
1552 3994 1574 4035 ?

431 4059 510 4102 An
528 4058 638 4113 quia
667 4065 926 4113 perpetuos
954 4059 1125 4103 meruit
1160 4057 1334 4101 domus
1362 4057 1455 4101 ista
1482 4055 1753 4112 triumphos
1771 4056 1792 4096 ?

484 4122 582 4164 Aut
609 4120 719 4176 quia
747 4118 984 4165 Leucadio
1008 4131 1202 4176 semper
1217 4123 1379 4163 amata
1401 4119 1493 4162 deo
1523 4120 1543 4160 ?

434 4186 601 4240 ipsane
623 4181 748 4237 quod
782 4181 903 4225 festa
931 4186 1004 4225 est
1032 4182 1051 4222 ?
1084 4193 1142 4224 an
1170 4181 1297 4237 quod
1327 4181 1436 4225 facit
1465 4180 1625 4224 omnia
1647 4180 1770 4224 festa
1788 4179 1808 4220 ?

483 4244 636 4297 Quam
662 4244 823 4287 tribuit
850 4243 996 4288 terris
1026 4243 1159 4300 pacis
1189 4255 1246 4288 an
1268 4243 1333 4288 ita
1359 4249 1472 4287 nota
1499 4244 1615 4288 est?

565 4314 722 4369 (Ovid.
756 4315 831 4358 lib.
864 4325 919 4359 In
952 4315 1087 4359 Trist.
1118 4315 1239 4370 eleg.
1275 4313 1314 4366 Ι,
1340 4328 1383 4359 v.
1409 4314 1458 4357 41
1480 4319 1527 4358 et
1554 4315 1704 4370 seqq.)

319 4436 408 4489 Ad
447 4433 830 4504 rejiciendum
864 4432 1061 4503 itaque
1095 4432 1400 4503 profanum
1452 4431 1609 4486 hunc
1640 4431 1816 4485 ritum
1852 4428 1975 4484 sola

320 4524 447 4578 haec
479 4522 626 4577 ratio
658 4520 1009 4575 Christianis
1060 4520 1411 4576 sufﬁciebat.
1444 4520 1552 4576 Sed
1586 4518 1757 4573 aliam
1783 4518 1975 4573 adhuc

1978 1889 2026 1953 B

2054 591 2423 663 publicarum
2488 614 2515 643 ‹‹
2569 592 2826 663 (Tertull.
2884 593 2985 648 lib.
3041 611 3059 648 ι
3113 594 3183 649 ad
3233 596 3393 651 Uxor.
3457 612 3581 667 cap.
3620 599 3698 669 6).

2054 681 2444 747 Quamobrem
2461 682 2517 736 in
2537 698 2644 736 suo
2673 682 3015 753 Apologelico
3035 688 3188 739 recte
3205 684 3498 739 concludit
3514 703 3703 758 neque

2053 770 2368 826 honestum
2400 787 2525 826 esse
2559 788 2744 841 neque
2772 770 2997 827 licitum
3033 789 3045 827 :
3081 796 3106 822 ‹‹
3163 772 3541 830 Solemnitate
3583 793 3691 847 pu-

2052 859 2205 915 blica
2234 861 2514 930 exigente,
2575 860 2816 915 induere
2864 862 3061 916 domui
3120 869 3231 916 tum
3290 862 3555 919 habitum
3592 864 3697 918 ali-

2054 950 2225 1018 cujus
2257 949 2388 1004 novi
2422 949 2724 1020 lupanaris
2756 973 2782 999 ››
2817 951 3023 1022 (Idem,
3085 952 3366 1025 Apologet.
3417 969 3543 1025 cap.
3602 953 3693 1021 35,

2054 1055 2186 1111 pag.
2220 1040 2363 1111 451).

2126 1128 2431 1183 Neminem
2458 1146 2627 1201 porro
2659 1146 2811 1184 sanae
2847 1130 3061 1185 mentis
3092 1129 3388 1185 hominem
3427 1148 3556 1188 esse
3587 1151 3695 1206 pu-

2052 1221 2269 1286 tamus,
2306 1218 2401 1289 qui
2433 1236 2500 1273 ex
2533 1219 2815 1273 hactenus
2840 1219 3011 1273 dictis
3042 1236 3153 1272 non
3200 1219 3489 1293 intelligat
3520 1241 3700 1295 quos-

2054 1305 2189 1360 dam
2223 1306 2605 1362 heterodoxos
2628 1305 2897 1361 homines
2929 1305 3036 1361 hoc
3070 1309 3331 1364 Auctoris
3362 1311 3699 1368 testimonio

2056 1393 2227 1466 plane
2250 1395 2601 1467 penitusque
2632 1395 2817 1464 abuti,
2851 1395 2949 1467 qui
2986 1395 3120 1450 inde
3148 1396 3405 1453 inferunt
3453 1400 3699 1457 vetitum

2055 1500 2184 1539 esse
2231 1483 2439 1540 iisdem
2485 1483 2832 1539 Christianis
2891 1484 2950 1539 in
3033 1485 3157 1540 suis
3205 1484 3469 1542 ecclesiis
3524 1504 3697 1545 usum

2056 1588 2356 1628 cereorum
2385 1578 2440 1628 et
2480 1572 2791 1628 luminum.
2824 1572 2948 1627 Non
2998 1574 3069 1627 de
3127 1572 3218 1629 his
3276 1575 3571 1632 enimvero
3629 1579 3700 1633 de

2059 1661 2275 1733 quibus
2325 1680 2429 1717 nos
2462 1679 2641 1734 supra
2699 1662 2849 1733 (cap.
2908 1662 2991 1731 15,
3026 1666 3133 1717 art.
3168 1665 3217 1732 4,
3251 1668 3307 1718 et
3363 1664 3585 1721 Dissert.
3642 1669 3703 1721 in

2058 1751 2306 1806 Lactant.
2356 1767 2484 1823 cap.
2540 1750 2631 1822 25,
2692 1755 2799 1806 art.
2858 1752 2935 1822 2),
2987 1751 3087 1807 sed
3147 1751 3214 1807 de
3248 1753 3378 1808 aliis
3436 1755 3617 1811 cereis
3647 1760 3706 1811 et

2061 1838 2386 1895 luminibus
2414 1839 2655 1911 profano
2686 1839 3005 1912 gentilique
3041 1840 3154 1895 ritu
3209 1840 3470 1898 adhiberi
3512 1843 3704 1901 solitis

2055 1928 2134 1982 ibi
2175 1928 2458 2000 disputat.
2517 1933 2587 1983 At
2644 1943 2786 1983 sane
2843 1928 2978 1984 inde
3022 1929 3502 1988 manifestissime
3549 1932 3708 1989 colli-

2056 2016 2217 2089 gitur
2273 2017 2633 2072 Christianos
2682 2034 2788 2072 nec
2848 2016 3204 2089 reipublicae,
3285 2036 3388 2075 nec
3445 2019 3703 2093 impera-

2056 2112 2249 2160 torum
2273 2106 2474 2161 hostes
2496 2123 2623 2161 esse
2656 2106 2944 2179 publicos,
2974 2112 3275 2180 propterea
3309 2110 3459 2180 quod
3494 2109 3703 2168 horum

2059 2193 2350 2250 solemnia
2380 2196 2474 2266 pio
2506 2212 2633 2264 suo,
2666 2197 2763 2250 scd
2803 2212 2912 2250 non
2974 2194 3070 2250 illo
3124 2196 3429 2268 gentilium
3464 2214 3707 2271 prorsus

2060 2284 2391 2339 demnando
2423 2301 2486 2338 ac
2518 2284 2845 2339 detestabili
2882 2302 3039 2340 more
3078 2284 3469 2343 celebrabant.

2663 2408 2977 2446 ARTICULUS
3026 2408 3112 2447 ΠΙ.

2064 2480 2378 2539 Ostenditur
2432 2482 2679 2534 ethnicos
2734 2482 2909 2549 [uisse
2972 2496 3165 2535 revera
3218 2482 3471 2552 publicos
3528 2484 3710 2540 hostes

2130 2552 2500 2621 imperatoris,
2548 2567 2709 2621 quem
2764 2552 2949 2621 palam
3005 2554 3280 2608 vexabant
3328 2554 3598 2624 dicteriis,
3646 2573 3709 2612 ac

2132 2624 2419 2687 conviciis,
2452 2639 2685 2694 quorum
2744 2626 2896 2678 testis
2954 2629 3072 2679 erat
3132 2626 3360 2695 Tiberis,
3416 2636 3471 2681 et
3526 2628 3711 2684 schola

2136 2695 2437 2749 bestiarum
2466 2711 2486 2756 ;
2517 2702 2565 2748 et
2596 2695 2695 2765 qui
2722 2696 2851 2749 novi
2881 2710 2951 2748 ac
3008 2697 3140 2750 novi
3196 2697 3431 2753 Caesaris
3485 2716 3712 2757 scenam

2134 2782 2345 2836 semper
2374 2768 2723 2834 optabanl,ac
2751 2776 2864 2821 tum
2881 2770 3044 2821 etiam
3066 2784 3189 2822 cum
3220 2771 3273 2823 ei
3302 2770 3673 2827 acclamarent
3692 2790 3710 2826 :

2141 2842 2215 2891 De
2267 2839 2483 2892 nostris
2543 2837 2713 2892 annis
2772 2848 2981 2909 augeat
3038 2838 3141 2893 tibi
3181 2842 3454 2913 Juppiter
3502 2860 3707 2899 annos.

2137 2942 2288 2997 Satis
2316 2941 2717 2997 Tertullianus
2750 2959 2862 2997 non
2897 2942 3103 2997 habuit
3134 2944 3262 3015 ipsa
3320 2944 3449 3000 luce
3495 2947 3714 3003 clarius

2067 3031 2504 3086 demonstrasse
2553 3029 2918 3087 Christianos
2968 3048 3081 3086 non
3130 3049 3259 3088 esse
3317 3034 3584 3104 publicos
3613 3040 3718 3091 aut

2068 3120 2439 3191 imperatoris
2479 3126 2580 3174 aut
2637 3119 2965 3190 reipublicae
3024 3120 3259 3176 hostes:
3287 3122 3388 3177 sed
3425 3123 3617 3195 palam
3649 3142 3717 3181 ac

1989 3250 2031 3317 ϐ
2070 3211 2661 3317 perspicuemostendit
2691 3211 2976 3309 ipsosmet
3031 3212 3278 3317 gentiles
3334 3213 3394 3268 in
3454 3214 3558 3270 hoc
3587 3217 3714 3287 ipso

2070 3316 2279 3371 genere
2322 3299 2657 3366 offendisse,
2715 3299 2772 3353 in
2825 3316 2941 3371 quo
3001 3300 3147 3355 alios
3208 3299 3376 3370 plane
3424 3303 3717 3360 immerito

2070 3389 2597 3460 reprehendebant.
2631 3388 2828 3459 Neque
2861 3389 3084 3444 alienos
3117 3390 3379 3460 quidem,
3411 3392 3500 3447 vel
3545 3393 3718 3465 longe

2071 3483 2325 3532 remotos
2354 3482 2531 3532 testes
2565 3477 2806 3531 advocat
2838 3494 2850 3531 :
2886 3478 2987 3533 sed
3020 3480 3181 3548 ipsos,
3215 3479 3435 3551 inquit,
3457 3481 3716 3549 Quirites,

2073 3566 2390 3633 Romanos,
2424 3569 2599 3636 ipsam
2652 3567 3004 3621 vernaculam
3060 3577 3263 3636 septem
3308 3569 3559 3640 collium,
3610 3570 3718 3626 hoc

2073 3661 2181 3720 est,
2219 3655 2380 3709 urbis
2414 3660 2608 3709 Romae
2639 3656 2847 3724 plebem
2877 3660 3159 3717 convenio.
3193 3674 3263 3712 an
3296 3658 3478 3713 alicui
3509 3660 3721 3716 Caesari

2071 3748 2263 3815 parcat
2313 3745 2505 3813 lingua
2562 3745 2800 3798 Romana
2853 3745 3117 3811 (Tertull.
3167 3747 3443 3817 Apologet.
3468 3765 3595 3819 cap.
3628 3750 3717 3817 35,

2077 3850 2209 3905 pag.
2235 3833 2381 3902 454),
2415 3832 2471 3886 id
2499 3839 2608 3901 est,
2645 3838 2843 3902 parcat
2869 3833 3150 3901 dicteriis,
3184 3837 3408 3905 sannis,
3444 3838 3721 3893 convicnis

2078 3928 2135 3978 et
2165 3921 2559 3989 contumeliis,
2597 3921 2812 3991 quibus
2857 3922 3238 3992 imperatores
3289 3941 3427 3979 suos
3468 3925 3723 3981 insecta-

2076 4012 2312 4066 bantur.
2349 4010 2669 4064 Tantarum
2693 4009 2988 4064 enimvero
3014 4011 3589 4080 contumeliarum,ait
3610 4013 3729 4083 ille,

2080 4100 2229 4153 testis
2281 4106 2358 4152 est
2415 4098 2618 4153 Tiberis
2668 4107 2719 4152 et
2757 4098 2941 4152 schola
2991 4098 3290 4155 bestiarum
3351 4100 3559 4170 (Ibid)
3618 4102 3727 4157 Sed

2083 4188 2402 4259 quodnam,
2439 4187 2666 4259 rogabit
2696 4187 2933 4259 aliquis,
2996 4191 3185 4260 potuit
3237 4207 3366 4246 esse
3417 4192 3575 4246 istud
3635 4191 3731 4246 Ti-

2083 4276 2238 4332 beris
2300 4275 2458 4330 fluvii
2519 4275 2926 4331 testimonium
2960 4277 2987 4332 ?
3032 4279 3413 4349 Respondent
3463 4279 3731 4335 nonnulli

2084 4381 2149 4421 eo
2182 4366 2419 4420 nomine
2477 4364 2775 4436 designari
2828 4372 3040 4422 nautas
3096 4367 3281 4437 ripam
3344 4368 3523 4438 hujus
3573 4368 3733 4423 ﬂuvii

2084 4453 2427 4518 incolentes,
2464 4454 2615 4508 feros
2647 4470 3040 4525 procacesque
3073 4455 3363 4523 homines,
3398 4457 3496 4527 qui
3550 4474 3730 4529 penu-

2087 4542 2185 4597 riae
2216 4547 2500 4612 tempore,
2559 4546 2617 4596 et
2664 4542 2971 4598 deﬁciente
3023 4544 3337 4615 frumento,
3376 4545 3642 4601 solebant
3671 4547 3732 4602 in

320 4611 737 4704 TertPllia“_“3_
783 4610 1051 4704 3988??“
1081 4627 1093 4664 ⁵
1127 4632 1158 4704 _“
1198 4610 1253 4665 Si
1315 4609 1704 4704 Ῑξλρέηθτίδυεξ
1736 4624 1974 4704 ,ι’θηυη·
2008 4621 2053 4685 D
2083 4629 2278 4702 ipsum
2312 4609 2595 4685 Cmsarem
2630 4630 3104 4701 petulantissima
3153 4609 3356 4704 lingua
3386 4633 3597 4689 invehi.
3631 4634 3738 4690 Ve-

316 4701 505 4768 tiasti,
541 4717 610 4754 ne
640 4700 903 4754 indueris
939 4699 1139 4753 domui
1182 4705 1293 4754 tua:
1337 4699 1541 4754 faciem
1575 4698 1702 4753 novi
1736 4697 1976 4767 lupana-

324 4791 405 4843 ris
444 4813 464 4837 ι
502 4788 769 4859 (Tertull.
805 4788 870 4842 de
904 4788 1159 4843 Idololat.
1225 4787 1332 4843 loc.
1396 4788 1519 4858 cit.)
1562 4786 1704 4842 Nam
1738 4786 1975 4840 infamis

322 4878 506 4949 hujus
540 4879 754 4933 domus
778 4878 980 4948 januis
1014 4877 1282 4931 solebant
1304 4893 1417 4931 non
1452 4876 1643 4930 solum
1676 4873 1849 4941 lauri,
1875 4874 1973 4929 sed

323 4968 580 5023 lucernas
613 4966 790 5023 etiam
826 4966 1098 5037 appendi.
1146 4965 1310 5021 Unde
1367 4965 1491 5020 hinc
1550 4964 1704 5036 apud
1740 4968 1979 5035 Proper-

333 5058 483 5111 tium
511 5056 707 5125 januae
736 5055 1103 5126 querimonia
1137 5073 1149 5110 :

437 5172 546 5215 Non
575 5182 667 5227 ego
697 5170 937 5215 nocturnis
971 5176 1191 5225 potorum
1223 5169 1389 5215 saucia
1417 5170 1552 5214 rixis.

493 5232 685 5277 Pulsata
712 5232 917 5289 indignis
936 5244 1070 5288 saepe
1104 5244 1287 5287 queror
1315 5232 1554 5276 manibus:

436 5295 496 5339 Et.
518 5296 632 5338 mihi
660 5307 754 5339 non
783 5296 958 5338 desunt
984 5300 1151 5350 turpes
1178 5295 1387 5352 pendere
1409 5293 1626 5339 corollas.

490 5361 689 5415 Semper
716 5366 765 5403 et
790 5358 1003 5402 exclusis
1030 5360 1177 5414 signa
1211 5358 1377 5413 jacere
1403 5357 1549 5402 faces.

896 5419 1130 5478 (PrOpert.
1164 5420 1239 5465 lib.
1266 5433 1295 5469 ι,
1323 5420 1443 5476 eleg.
1470 5420 1563 5475 16.)

331 5519 506 5573 Suam
539 5517 740 5590 itaque
773 5534 1011 5574 uxorem
1069 5517 1471 5574 Tertullianus
1530 5517 1680 5574 serio
1711 5518 1988 5574 admonet

340 5608 671 5665 1051fas
704 5624 809 5664 nec
842 5607 926 5664 illi
987 5618 1093 5665 nec
1152 5608 1257 5664 ulli
1314 5608 1657 5663 Christianas
1717 5625 1867 5677 esse,
1926 5612 1989 5663 ut

344 5716 368 5748 ι
402 5696 682 5755 omnibus
695 5696 1058 5755 solemnibus
1076 5697 1982 5772 regumprocedatdejanualau-

2088 4738 2215 4774 rum
2250 4719 2371 4774 haec
2395 4718 2706 4791 explicatio
2738 4719 2828 4773 vix
2860 4720 2963 4773 ulli
3016 4722 3380 4791 probabitur,
3414 4740 3520 4779 nec
3551 4724 3737 4780 menti

2086 4808 2427 4863 Tertulliani
2458 4809 2685 4863 videtur
2710 4809 3041 4864 convenire.
3072 4809 3185 4863 Alii
3219 4814 3536 4882 opinantur
3561 4813 3732 4868 Tibe-

2089 4898 2168 4952 ris
2202 4896 2437 4951 nomine
2464 4896 2725 4951 denotari
2754 4901 3013 4967 pontem,
3057 4898 3143 4953 vel
3171 4898 3361 4954 locum
3394 4902 3732 4972 quemdam,

2088 5004 2156 5042 ex
2217 5002 2332 5056 quo
2385 4984 2653 5039 maledici
2685 4990 2741 5039 et
2799 4987 3218 5043 obtrectatores
3276 4990 3736 5060 projiciebantur

2087 5074 2148 5129 in
2180 5074 2474 5141 Tiberim;
2511 5074 2611 5128 sed
2668 5074 2724 5127 id
2789 5075 3030 5130 forsitan
3091 5094 3205 5132 non
3264 5078 3494 5134 melius.
3555 5081 3737 5135 Nobis

2091 5164 2287 5235 itaque
2322 5163 2549 5218 facilius
2582 5164 2955 5234 persuadebit
3013 5166 3437 5223 Tertullianum
3478 5167 3738 5224 alludere

2093 5255 2162 5307 ad
2199 5258 2425 5307 statuas
2456 5252 2765 5321 quasdam,
2825 5252 2881 5306 in
2934 5253 3182 5323 publicis
3232 5255 3423 5310 Romae
3481 5257 3624 5312 locis
3681 5263 3737 5312 et

2093 5342 2153 5396 in
2180 5341 2405 5396 Tiberis
2435 5341 2561 5410 ripa
2594 5340 2831 5410 positas,
2865 5342 2932 5395 ad
2969 5359 3117 5413 quas
3170 5345 3472 5400 mordaces
3531 5346 3734 5416 hujus-

2096 5431 2316 5486 cemodi
2351 5427 2532 5483 libelli
2591 5430 3000 5500 affigebantur.
3061 5431 3211 5487 Alibi
3267 5434 3560 5503 siquidem
3612 5435 3734 5502 ipse

2096 5518 2496 5575 Tertullianus
2530 5534 2542 5571 :
2572 5541 2599 5567 ‹‹
2620 5519 3352 5592 Vanitatis,ait,saerilegia
3372 5520 3733 5584 conveniam,

2098 5616 2155 5665 et
2184 5608 2373 5679 ipsius
2421 5606 2746 5662 vernaculae
2796 5607 3000 5663 1058
3069 5609 3260 5680 gentis
3301 5610 3735 5664 irreverentiam

2095 5708 2531 5770 recognoscam,
2603 5701 2662 5753 et
2717 5695 2952 5753 festivos
3033 5695 3283 5768 libellos,
3342 5706 3491 5770 quos
3534 5702 3738 5758 statua:
