  <div class='ocr_page' id='page_1' title='image "/cluster/home/n/w/nwhite01/storage/ocr_20150623/1/hvd.32044096580337/585.png"; bbox 0 0 4094 6184; ppageno 0'>
   <div class='ocr_carea' id='block_1_1' title="bbox 520 356 675 416">
    <p class='ocr_par' dir='ltr' id='par_1_1' title="bbox 520 356 675 416">
     <span class='ocr_line' id='line_1_1' title="bbox 520 356 675 416; baseline 0 -1"><span class='ocrx_word' id='word_1_1' title='bbox 520 356 675 416; x_wconf 77' lang='grc'><strong>1155</strong></span> 
     </span>
    </p>
   </div>
   <div class='ocr_carea' id='block_1_2' title="bbox 1042 336 3377 417">
    <p class='ocr_par' dir='ltr' id='par_1_2' title="bbox 1042 336 3377 417">
     <span class='ocr_line' id='line_1_2' title="bbox 1042 336 3377 417; baseline -0.011 0"><span class='ocrx_word' id='word_1_2' title='bbox 1042 350 1566 417; x_wconf 74' lang='lat' dir='ltr'><strong>&#39;l‘EltTULLlANI</strong></span> <span class='ocrx_word' id='word_1_3' title='bbox 1612 350 1930 410; x_wconf 76' lang='lat' dir='ltr'><strong>OPEBUM</strong></span> <span class='ocrx_word' id='word_1_4' title='bbox 1985 348 2178 407; x_wconf 71' lang='lat' dir='ltr'><strong>PARS</strong></span> <span class='ocrx_word' id='word_1_5' title='bbox 2223 346 2272 406; x_wconf 92' lang='grc' dir='ltr'><strong>Ι.</strong></span> <span class='ocrx_word' id='word_1_6' title='bbox 2306 379 2373 388; x_wconf 85' lang='grc'><strong>--</strong></span> <span class='ocrx_word' id='word_1_7' title='bbox 2408 342 2681 405; x_wconf 76' lang='lat' dir='ltr'><strong>SElilES</strong></span> <span class='ocrx_word' id='word_1_8' title='bbox 2728 343 2771 411; x_wconf 88' lang='grc' dir='ltr'>Ι,</span> <span class='ocrx_word' id='word_1_9' title='bbox 2824 336 3377 401; x_wconf 83' lang='lat' dir='ltr'><strong>APOLOGETICA.</strong></span> 
     </span>
    </p>
   </div>
   <div class='ocr_carea' id='block_1_3' title="bbox 3688 336 3817 393">
    <p class='ocr_par' dir='ltr' id='par_1_3' title="bbox 3688 336 3817 393">
     <span class='ocr_line' id='line_1_3' title="bbox 3688 336 3817 393; baseline 0.039 -5"><span class='ocrx_word' id='word_1_10' title='bbox 3688 336 3817 393; x_wconf 74' lang='grc'><strong>1156</strong></span> 
     </span>
    </p>
   </div>
   <div class='ocr_carea' id='block_1_4' title="bbox 523 461 3819 559">
    <p class='ocr_par' dir='ltr' id='par_1_4' title="bbox 523 461 3819 559">
     <span class='ocr_line' id='line_1_4' title="bbox 523 461 3819 559; baseline -0.008 -13"><span class='ocrx_word' id='word_1_11' title='bbox 523 491 732 554; x_wconf 88' lang='lat' dir='ltr'><strong>sciunt,</strong></span> <span class='ocrx_word' id='word_1_12' title='bbox 768 496 827 546; x_wconf 88' lang='lat' dir='ltr'><strong>et</strong></span> <span class='ocrx_word' id='word_1_13' title='bbox 852 490 952 545; x_wconf 90' lang='lat' dir='ltr'><strong>illa</strong></span> <span class='ocrx_word' id='word_1_14' title='bbox 1009 488 1248 559; x_wconf 90' lang='lat' dir='ltr'><strong>obliqua</strong></span> <span class='ocrx_word' id='word_1_15' title='bbox 1302 498 1727 553; x_wconf 79' lang='lat' dir='ltr'><strong>nonnunquam</strong></span> <span class='ocrx_word' id='word_1_16' title='bbox 1772 480 1925 535; x_wconf 88' lang='lat' dir='ltr'><strong>dicta</strong></span> <span class='ocrx_word' id='word_1_17' title='bbox 1955 496 1987 535; x_wconf 90' lang='lat' dir='ltr'><strong>a</strong></span> <span class='ocrx_word' id='word_1_18' title='bbox 2018 495 2157 534; x_wconf 93' lang='lat' dir='ltr'><strong>con-</strong></span> <span class='ocrx_word' id='word_1_19' title='bbox 2190 480 2243 545; x_wconf 80' lang='grc' dir='ltr'><strong>Α</strong></span> <span class='ocrx_word' id='word_1_20' title='bbox 2273 476 2431 531; x_wconf 83' lang='lat' dir='ltr'><strong>modi</strong></span> <span class='ocrx_word' id='word_1_21' title='bbox 2474 490 2719 530; x_wconf 90' lang='lat' dir='ltr'><strong>munera</strong></span> <span class='ocrx_word' id='word_1_22' title='bbox 2750 471 2963 545; x_wconf 90' lang='lat' dir='ltr'><strong>populo</strong></span> <span class='ocrx_word' id='word_1_23' title='bbox 2992 467 3209 540; x_wconf 85' lang='lat' dir='ltr'><strong>largiri.</strong></span> <span class='ocrx_word' id='word_1_24' title='bbox 3268 465 3430 520; x_wconf 82' lang='lat' dir='ltr'><strong>Plura</strong></span> <span class='ocrx_word' id='word_1_25' title='bbox 3482 465 3646 518; x_wconf 80' lang='lat' dir='ltr'><strong>autem</strong></span> <span class='ocrx_word' id='word_1_26' title='bbox 3678 461 3819 533; x_wconf 84' lang='lat' dir='ltr'><strong>hujus</strong></span> 
     </span>
    </p>
   </div>
   <div class='ocr_carea' id='block_1_5' title="bbox 520 568 2170 650">
    <p class='ocr_par' dir='ltr' id='par_1_5' title="bbox 520 568 2170 650">
     <span class='ocr_line' id='line_1_5' title="bbox 520 568 2170 650; baseline -0.008 -15"><span class='ocrx_word' id='word_1_27' title='bbox 520 579 673 649; x_wconf 88' lang='lat' dir='ltr'><strong>cilio,</strong></span> <span class='ocrx_word' id='word_1_28' title='bbox 707 585 882 650; x_wconf 85' lang='lat' dir='ltr'><strong>atque</strong></span> <span class='ocrx_word' id='word_1_29' title='bbox 933 577 1245 633; x_wconf 88' lang='lat' dir='ltr'><strong>maledicta</strong></span> <span class='ocrx_word' id='word_1_30' title='bbox 1304 592 1430 645; x_wconf 74' lang='lat' dir='ltr'><strong>quae</strong></span> <span class='ocrx_word' id='word_1_31' title='bbox 1484 572 1619 626; x_wconf 83' lang='lat' dir='ltr'><strong>circi</strong></span> <span class='ocrx_word' id='word_1_32' title='bbox 1682 574 1939 636; x_wconf 89' lang='lat' dir='ltr'><strong>sonant;</strong></span> <span class='ocrx_word' id='word_1_33' title='bbox 1973 568 2022 623; x_wconf 92' lang='lat' dir='ltr'><strong>si</strong></span> <span class='ocrx_word' id='word_1_34' title='bbox 2056 584 2170 622; x_wconf 92' lang='lat' dir='ltr'><strong>non</strong></span> 
     </span>
    </p>
   </div>
   <div class='ocr_carea' id='block_1_6' title="bbox 526 656 2170 739">
    <p class='ocr_par' dir='ltr' id='par_1_6' title="bbox 526 656 2170 739">
     <span class='ocr_line' id='line_1_6' title="bbox 526 656 2170 739; baseline -0.01 -14"><span class='ocrx_word' id='word_1_35' title='bbox 526 669 726 737; x_wconf 87' lang='lat' dir='ltr'><strong>armis,</strong></span> <span class='ocrx_word' id='word_1_36' title='bbox 761 668 965 739; x_wconf 78' lang='lat' dir='ltr'><strong>lingua</strong></span> <span class='ocrx_word' id='word_1_37' title='bbox 1020 682 1255 737; x_wconf 80' lang='lat' dir='ltr'><strong>semper</strong></span> <span class='ocrx_word' id='word_1_38' title='bbox 1308 662 1552 717; x_wconf 79' lang='lat' dir='ltr'><strong>rebelles</strong></span> <span class='ocrx_word' id='word_1_39' title='bbox 1583 659 1724 715; x_wconf 86' lang='lat' dir='ltr'><strong>estis</strong></span> <span class='ocrx_word' id='word_1_40' title='bbox 1754 681 1781 709; x_wconf 83' lang='lat'>»</span> <span class='ocrx_word' id='word_1_41' title='bbox 1815 659 2023 729; x_wconf 85' lang='lat' dir='ltr'><strong>(Idem,</strong></span> <span class='ocrx_word' id='word_1_42' title='bbox 2066 656 2170 710; x_wconf 88' lang='lat' dir='ltr'><strong>lib.</strong></span> 
     </span>
    </p>
   </div>
   <div class='ocr_carea' id='block_1_7' title="bbox 521 744 2172 828">
    <p class='ocr_par' dir='ltr' id='par_1_7' title="bbox 521 744 2172 828">
     <span class='ocr_line' id='line_1_7' title="bbox 521 744 2172 828; baseline -0.01 -14"><span class='ocrx_word' id='word_1_43' title='bbox 521 789 539 828; x_wconf 79' lang='grc' dir='ltr'>ι</span> <span class='ocrx_word' id='word_1_44' title='bbox 574 757 643 813; x_wconf 82' lang='lat' dir='ltr'><strong>ad</strong></span> <span class='ocrx_word' id='word_1_45' title='bbox 671 760 896 816; x_wconf 79' lang='lat' dir='ltr'><strong>Nation.</strong></span> <span class='ocrx_word' id='word_1_46' title='bbox 932 773 1058 826; x_wconf 86' lang='lat' dir='ltr'><strong>cap.</strong></span> <span class='ocrx_word' id='word_1_47' title='bbox 1102 756 1191 819; x_wconf 82' lang='lat' dir='ltr'><strong>l7,</strong></span> <span class='ocrx_word' id='word_1_48' title='bbox 1253 771 1387 824; x_wconf 86' lang='lat' dir='ltr'><strong>pag.</strong></span> <span class='ocrx_word' id='word_1_49' title='bbox 1451 750 1599 817; x_wconf 82' lang='lat'>583).</span> <span class='ocrx_word' id='word_1_50' title='bbox 1657 747 1859 803; x_wconf 85' lang='lat' dir='ltr'><strong>Nonne</strong></span> <span class='ocrx_word' id='word_1_51' title='bbox 1901 747 2057 801; x_wconf 89' lang='lat' dir='ltr'><strong>enim</strong></span> <span class='ocrx_word' id='word_1_52' title='bbox 2090 744 2172 799; x_wconf 86' lang='lat' dir='ltr'><strong>ibi</strong></span> 
     </span>
    </p>
   </div>
   <div class='ocr_carea' id='block_1_8' title="bbox 522 835 2171 910">
    <p class='ocr_par' dir='ltr' id='par_1_8' title="bbox 522 835 2171 910">
     <span class='ocr_line' id='line_1_8' title="bbox 522 835 2171 910; baseline -0.01 -6"><span class='ocrx_word' id='word_1_53' title='bbox 522 847 654 904; x_wconf 89' lang='lat' dir='ltr'><strong>aliis</strong></span> <span class='ocrx_word' id='word_1_54' title='bbox 685 848 878 902; x_wconf 85' lang='lat' dir='ltr'><strong>verbis</strong></span> <span class='ocrx_word' id='word_1_55' title='bbox 909 844 1010 900; x_wconf 90' lang='lat' dir='ltr'><strong>illa</strong></span> <span class='ocrx_word' id='word_1_56' title='bbox 1036 845 1151 899; x_wconf 92' lang='lat' dir='ltr'><strong>duo</strong></span> <span class='ocrx_word' id='word_1_57' title='bbox 1210 842 1452 903; x_wconf 83' lang='lat' dir='ltr'><strong>indicat,</strong></span> <span class='ocrx_word' id='word_1_58' title='bbox 1512 855 1637 910; x_wconf 63' lang='lat' dir='ltr'><strong>quas</strong></span> <span class='ocrx_word' id='word_1_59' title='bbox 1671 838 1742 892; x_wconf 91' lang='lat' dir='ltr'><strong>ab</strong></span> <span class='ocrx_word' id='word_1_60' title='bbox 1800 852 1866 891; x_wconf 89' lang='lat' dir='ltr'><strong>eo</strong></span> <span class='ocrx_word' id='word_1_61' title='bbox 1889 835 2092 890; x_wconf 71' lang='lat' dir='ltr'><strong>Tiberis</strong></span> <span class='ocrx_word' id='word_1_62' title='bbox 2118 838 2171 889; x_wconf 82' lang='lat' dir='ltr'><strong>et</strong></span> 
     </span>
    </p>
   </div>
   <div class='ocr_carea' id='block_1_9' title="bbox 521 923 2168 1001">
    <p class='ocr_par' dir='ltr' id='par_1_9' title="bbox 521 923 2168 1001">
     <span class='ocr_line' id='line_1_9' title="bbox 521 923 2168 1001; baseline -0.008 -10"><span class='ocrx_word' id='word_1_63' title='bbox 521 935 704 991; x_wconf 67' lang='lat' dir='ltr'><strong>schola</strong></span> <span class='ocrx_word' id='word_1_64' title='bbox 744 936 1042 990; x_wconf 47' lang='lat' dir='ltr'><strong>bestiarum</strong></span> <span class='ocrx_word' id='word_1_65' title='bbox 1072 933 1129 986; x_wconf 92' lang='lat' dir='ltr'><strong>in</strong></span> <span class='ocrx_word' id='word_1_66' title='bbox 1184 931 1518 1001; x_wconf 82' lang='lat' dir='ltr'><strong>Apotogetico</strong></span> <span class='ocrx_word' id='word_1_67' title='bbox 1574 930 1857 982; x_wconf 82' lang='lat' dir='ltr'><strong>vocantur</strong></span> <span class='ocrx_word' id='word_1_68' title='bbox 1883 924 1911 978; x_wconf 86' lang='lat'><strong>?</strong></span> <span class='ocrx_word' id='word_1_69' title='bbox 1956 923 2168 979; x_wconf 88' lang='lat' dir='ltr'><strong>Festivi</strong></span> 
     </span>
    </p>
   </div>
   <div class='ocr_carea' id='block_1_10' title="bbox 525 1013 2169 1097">
    <p class='ocr_par' dir='ltr' id='par_1_10' title="bbox 525 1013 2169 1097">
     <span class='ocr_line' id='line_1_10' title="bbox 525 1013 2169 1097; baseline -0.007 -18"><span class='ocrx_word' id='word_1_70' title='bbox 525 1022 939 1097; x_wconf 85' lang='lat' dir='ltr'><strong>quippelibelll</strong></span> <span class='ocrx_word' id='word_1_71' title='bbox 970 1019 1411 1091; x_wconf 87' lang='lat' dir='ltr'><strong>inimperatoris</strong></span> <span class='ocrx_word' id='word_1_72' title='bbox 1433 1014 1847 1072; x_wconf 81' lang='lat' dir='ltr'><strong>contumeliam</strong></span> <span class='ocrx_word' id='word_1_73' title='bbox 1875 1013 2169 1085; x_wconf 85' lang='lat' dir='ltr'><strong>appende-</strong></span> 
     </span>
    </p>
   </div>
   <div class='ocr_carea' id='block_1_11' title="bbox 527 1102 2168 1181">
    <p class='ocr_par' dir='ltr' id='par_1_11' title="bbox 527 1102 2168 1181">
     <span class='ocr_line' id='line_1_11' title="bbox 527 1102 2168 1181; baseline -0.009 -12"><span class='ocrx_word' id='word_1_74' title='bbox 527 1115 746 1170; x_wconf 85' lang='lat' dir='ltr'><strong>bantur</strong></span> <span class='ocrx_word' id='word_1_75' title='bbox 776 1112 1153 1181; x_wconf 72' lang='lat' dir='ltr'><strong>statuis,quaa</strong></span> <span class='ocrx_word' id='word_1_76' title='bbox 1197 1109 1253 1161; x_wconf 90' lang='lat' dir='ltr'><strong>in</strong></span> <span class='ocrx_word' id='word_1_77' title='bbox 1286 1105 1537 1179; x_wconf 88' lang='lat' dir='ltr'><strong>publicis</strong></span> <span class='ocrx_word' id='word_1_78' title='bbox 1568 1103 1941 1171; x_wconf 88' lang='lat' dir='ltr'><strong>locis,Tiberi</strong></span> <span class='ocrx_word' id='word_1_79' title='bbox 1966 1102 2168 1173; x_wconf 86' lang='lat' dir='ltr'><strong>procul</strong></span> 
     </span>
    </p>
   </div>
   <div class='ocr_carea' id='block_1_12' title="bbox 525 1190 2170 1268">
    <p class='ocr_par' dir='ltr' id='par_1_12' title="bbox 525 1190 2170 1268">
     <span class='ocr_line' id='line_1_12' title="bbox 525 1190 2170 1268; baseline -0.007 -11"><span class='ocrx_word' id='word_1_80' title='bbox 525 1202 701 1257; x_wconf 88' lang='lat' dir='ltr'><strong>dubio</strong></span> <span class='ocrx_word' id='word_1_81' title='bbox 734 1199 961 1268; x_wconf 86' lang='lat' dir='ltr'><strong>vicinis,</strong></span> <span class='ocrx_word' id='word_1_82' title='bbox 1017 1198 1305 1253; x_wconf 68' lang='lat' dir='ltr'><strong>collocata:</strong></span> <span class='ocrx_word' id='word_1_83' title='bbox 1337 1198 1583 1250; x_wconf 77' lang='lat' dir='ltr'><strong>fuerant.</strong></span> <span class='ocrx_word' id='word_1_84' title='bbox 1621 1198 1808 1262; x_wconf 80' lang='lat' dir='ltr'><strong>Atque</strong></span> <span class='ocrx_word' id='word_1_85' title='bbox 1839 1192 1974 1245; x_wconf 87' lang='lat' dir='ltr'><strong>hinc</strong></span> <span class='ocrx_word' id='word_1_86' title='bbox 2005 1190 2170 1245; x_wconf 83' lang='lat' dir='ltr'><strong>Tibe-</strong></span> 
     </span>
    </p>
   </div>
   <div class='ocr_carea' id='block_1_13' title="bbox 526 1278 2169 1345">
    <p class='ocr_par' dir='ltr' id='par_1_13' title="bbox 526 1278 2169 1345">
     <span class='ocr_line' id='line_1_13' title="bbox 526 1278 2169 1345; baseline -0.007 1"><span class='ocrx_word' id='word_1_87' title='bbox 526 1291 607 1345; x_wconf 86' lang='lat' dir='ltr'><strong>ris</strong></span> <span class='ocrx_word' id='word_1_88' title='bbox 642 1293 845 1345; x_wconf 84' lang='lat' dir='ltr'><strong>horum</strong></span> <span class='ocrx_word' id='word_1_89' title='bbox 880 1287 1080 1343; x_wconf 90' lang='lat' dir='ltr'><strong>festive</strong></span> <span class='ocrx_word' id='word_1_90' title='bbox 1141 1290 1198 1339; x_wconf 88' lang='lat' dir='ltr'><strong>et</strong></span> <span class='ocrx_word' id='word_1_91' title='bbox 1228 1280 1647 1339; x_wconf 80' lang='lat' dir='ltr'><strong>contumeliose</strong></span> <span class='ocrx_word' id='word_1_92' title='bbox 1681 1280 1968 1335; x_wconf 88' lang='lat' dir='ltr'><strong>dictorum</strong></span> <span class='ocrx_word' id='word_1_93' title='bbox 2003 1278 2169 1334; x_wconf 88' lang='lat' dir='ltr'><strong>testis</strong></span> 
     </span>
    </p>
   </div>
   <div class='ocr_carea' id='block_1_14' title="bbox 524 1377 881 1450">
    <p class='ocr_par' dir='ltr' id='par_1_14' title="bbox 524 1377 881 1450">
     <span class='ocr_line' id='line_1_14' title="bbox 524 1377 881 1450; baseline -0.014 -15"><span class='ocrx_word' id='word_1_94' title='bbox 524 1379 639 1435; x_wconf 91' lang='lat' dir='ltr'><strong>dici</strong></span> <span class='ocrx_word' id='word_1_95' title='bbox 671 1377 881 1450; x_wconf 90' lang='lat' dir='ltr'><strong>potuit.</strong></span> 
     </span>
    </p>
   </div>
   <div class='ocr_carea' id='block_1_15' title="bbox 596 1457 2167 1527">
    <p class='ocr_par' dir='ltr' id='par_1_15' title="bbox 596 1457 2167 1527">
     <span class='ocr_line' id='line_1_15' title="bbox 596 1457 2167 1527; baseline -0.008 -5"><span class='ocrx_word' id='word_1_96' title='bbox 596 1468 679 1522; x_wconf 82' lang='lat' dir='ltr'><strong>Ad</strong></span> <span class='ocrx_word' id='word_1_97' title='bbox 742 1466 1063 1521; x_wconf 74' lang='lat' dir='ltr'><strong>bestiarum</strong></span> <span class='ocrx_word' id='word_1_98' title='bbox 1126 1466 1319 1516; x_wconf 88' lang='lat' dir='ltr'><strong>autem</strong></span> <span class='ocrx_word' id='word_1_99' title='bbox 1380 1457 1638 1514; x_wconf 85' lang='lat' dir='ltr'><strong>scholam</strong></span> <span class='ocrx_word' id='word_1_100' title='bbox 1720 1458 1872 1527; x_wconf 90' lang='lat' dir='ltr'><strong>quod</strong></span> <span class='ocrx_word' id='word_1_101' title='bbox 1923 1459 2167 1527; x_wconf 78' lang='lat' dir='ltr'><strong>spectat,</strong></span> 
     </span>
    </p>
   </div>
   <div class='ocr_carea' id='block_1_16' title="bbox 528 1544 2171 1620">
    <p class='ocr_par' dir='ltr' id='par_1_16' title="bbox 528 1544 2171 1620">
     <span class='ocr_line' id='line_1_16' title="bbox 528 1544 2171 1620; baseline -0.009 -8"><span class='ocrx_word' id='word_1_102' title='bbox 528 1574 641 1612; x_wconf 92' lang='lat' dir='ltr'><strong>non</strong></span> <span class='ocrx_word' id='word_1_103' title='bbox 674 1557 921 1611; x_wconf 89' lang='lat' dir='ltr'><strong>deerunt</strong></span> <span class='ocrx_word' id='word_1_104' title='bbox 953 1554 1217 1619; x_wconf 86' lang='lat' dir='ltr'><strong>fortasse,</strong></span> <span class='ocrx_word' id='word_1_105' title='bbox 1252 1549 1348 1620; x_wconf 90' lang='lat' dir='ltr'><strong>qui</strong></span> <span class='ocrx_word' id='word_1_106' title='bbox 1385 1552 1590 1618; x_wconf 89' lang='lat' dir='ltr'><strong>putent</strong></span> <span class='ocrx_word' id='word_1_107' title='bbox 1621 1563 1685 1600; x_wconf 91' lang='lat' dir='ltr'><strong>eo</strong></span> <span class='ocrx_word' id='word_1_108' title='bbox 1735 1546 1972 1600; x_wconf 86' lang='lat' dir='ltr'><strong>nomine</strong></span> <span class='ocrx_word' id='word_1_109' title='bbox 2021 1544 2171 1600; x_wconf 91' lang='lat' dir='ltr'><strong>desi-</strong></span> 
     </span>
    </p>
   </div>
   <div class='ocr_carea' id='block_1_17' title="bbox 523 1634 2168 1719">
    <p class='ocr_par' dir='ltr' id='par_1_17' title="bbox 523 1634 2168 1719">
     <span class='ocr_line' id='line_1_17' title="bbox 523 1634 2168 1719; baseline -0.009 -18"><span class='ocrx_word' id='word_1_110' title='bbox 523 1647 687 1719; x_wconf 88' lang='lat' dir='ltr'><strong>gnari</strong></span> <span class='ocrx_word' id='word_1_111' title='bbox 721 1645 956 1699; x_wconf 82' lang='lat' dir='ltr'><strong>illarum</strong></span> <span class='ocrx_word' id='word_1_112' title='bbox 988 1656 1245 1704; x_wconf 82' lang='lat' dir='ltr'><strong>caveam,</strong></span> <span class='ocrx_word' id='word_1_113' title='bbox 1277 1639 1338 1692; x_wconf 91' lang='lat' dir='ltr'><strong>in</strong></span> <span class='ocrx_word' id='word_1_114' title='bbox 1368 1637 1740 1707; x_wconf 82' lang='lat' dir='ltr'><strong>cujusjanua</strong></span> <span class='ocrx_word' id='word_1_115' title='bbox 1770 1634 2168 1689; x_wconf 87' lang='lat' dir='ltr'><strong>inscribeban-</strong></span> 
     </span>
    </p>
   </div>
   <div class='ocr_carea' id='block_1_18' title="bbox 524 1724 2170 1795">
    <p class='ocr_par' dir='ltr' id='par_1_18' title="bbox 524 1724 2170 1795">
     <span class='ocr_line' id='line_1_18' title="bbox 524 1724 2170 1795; baseline -0.008 -4"><span class='ocrx_word' id='word_1_116' title='bbox 524 1744 623 1792; x_wconf 89' lang='lat' dir='ltr'><strong>tur</strong></span> <span class='ocrx_word' id='word_1_117' title='bbox 653 1734 755 1790; x_wconf 91' lang='lat' dir='ltr'><strong>illa</strong></span> <span class='ocrx_word' id='word_1_118' title='bbox 778 1735 957 1788; x_wconf 89' lang='lat' dir='ltr'><strong>facete</strong></span> <span class='ocrx_word' id='word_1_119' title='bbox 987 1737 1043 1785; x_wconf 91' lang='lat' dir='ltr'><strong>et</strong></span> <span class='ocrx_word' id='word_1_120' title='bbox 1081 1734 1250 1785; x_wconf 89' lang='lat' dir='ltr'><strong>acute</strong></span> <span class='ocrx_word' id='word_1_121' title='bbox 1282 1727 1457 1792; x_wconf 90' lang='lat' dir='ltr'><strong>dicta,</strong></span> <span class='ocrx_word' id='word_1_122' title='bbox 1519 1724 1732 1795; x_wconf 85' lang='lat' dir='ltr'><strong>quibus</strong></span> <span class='ocrx_word' id='word_1_123' title='bbox 1788 1724 2170 1793; x_wconf 84' lang='lat' dir='ltr'><strong>imperatores</strong></span> 
     </span>
    </p>
   </div>
   <div class='ocr_carea' id='block_1_19' title="bbox 521 1812 2167 1897">
    <p class='ocr_par' dir='ltr' id='par_1_19' title="bbox 521 1812 2167 1897">
     <span class='ocr_line' id='line_1_19' title="bbox 521 1812 2167 1897; baseline -0.009 -17"><span class='ocrx_word' id='word_1_124' title='bbox 521 1824 883 1897; x_wconf 88' lang='lat' dir='ltr'><strong>pungebant.</strong></span> <span class='ocrx_word' id='word_1_125' title='bbox 916 1819 1063 1886; x_wconf 90' lang='lat' dir='ltr'><strong>Quid</strong></span> <span class='ocrx_word' id='word_1_126' title='bbox 1096 1823 1316 1885; x_wconf 89' lang='lat' dir='ltr'><strong>tamen,</strong></span> <span class='ocrx_word' id='word_1_127' title='bbox 1366 1816 1413 1871; x_wconf 92' lang='lat' dir='ltr'><strong>si</strong></span> <span class='ocrx_word' id='word_1_128' title='bbox 1457 1812 1659 1870; x_wconf 87' lang='lat' dir='ltr'><strong>schola</strong></span> <span class='ocrx_word' id='word_1_129' title='bbox 1688 1812 2031 1878; x_wconf 84' lang='lat' dir='ltr'><strong>bestiarum,</strong></span> <span class='ocrx_word' id='word_1_130' title='bbox 2065 1827 2167 1866; x_wconf 92' lang='lat' dir='ltr'><strong>seu</strong></span> 
     </span>
    </p>
   </div>
   <div class='ocr_carea' id='block_1_20' title="bbox 524 1901 2168 1975">
    <p class='ocr_par' dir='ltr' id='par_1_20' title="bbox 524 1901 2168 1975">
     <span class='ocr_line' id='line_1_20' title="bbox 524 1901 2168 1975; baseline -0.009 -6"><span class='ocrx_word' id='word_1_131' title='bbox 524 1915 669 1970; x_wconf 86' lang='lat' dir='ltr'><strong>forte</strong></span> <span class='ocrx_word' id='word_1_132' title='bbox 703 1910 1108 1967; x_wconf 83' lang='lat' dir='ltr'><strong>bestiariorum</strong></span> <span class='ocrx_word' id='word_1_133' title='bbox 1140 1912 1407 1961; x_wconf 79' lang='lat' dir='ltr'><strong>sumatur</strong></span> <span class='ocrx_word' id='word_1_134' title='bbox 1447 1921 1547 1975; x_wconf 91' lang='lat' dir='ltr'><strong>pro</strong></span> <span class='ocrx_word' id='word_1_135' title='bbox 1580 1908 1700 1957; x_wconf 87' lang='lat' dir='ltr'><strong>tota</strong></span> <span class='ocrx_word' id='word_1_136' title='bbox 1729 1901 1904 1970; x_wconf 90' lang='lat' dir='ltr'><strong>circo,</strong></span> <span class='ocrx_word' id='word_1_137' title='bbox 1950 1902 2020 1956; x_wconf 91' lang='lat' dir='ltr'><strong>de</strong></span> <span class='ocrx_word' id='word_1_138' title='bbox 2051 1916 2168 1971; x_wconf 89' lang='lat' dir='ltr'><strong>qua</strong></span> 
     </span>
    </p>
   </div>
   <div class='ocr_carea' id='block_1_21' title="bbox 526 1989 2167 2057">
    <p class='ocr_par' dir='ltr' id='par_1_21' title="bbox 526 1989 2167 2057">
     <span class='ocr_line' id='line_1_21' title="bbox 526 1989 2167 2057; baseline -0.009 0"><span class='ocrx_word' id='word_1_139' title='bbox 526 2019 659 2057; x_wconf 82' lang='lat' dir='ltr'><strong>mox</strong></span> <span class='ocrx_word' id='word_1_140' title='bbox 689 2019 721 2055; x_wconf 90' lang='lat' dir='ltr'><strong>a</strong></span> <span class='ocrx_word' id='word_1_141' title='bbox 752 1997 1111 2055; x_wconf 85' lang='lat' dir='ltr'><strong>Tertulliano</strong></span> <span class='ocrx_word' id='word_1_142' title='bbox 1171 1995 1390 2049; x_wconf 86' lang='lat' dir='ltr'><strong>dictum</strong></span> <span class='ocrx_word' id='word_1_143' title='bbox 1451 1992 1783 2047; x_wconf 86' lang='lat' dir='ltr'><strong>audivimus</strong></span> <span class='ocrx_word' id='word_1_144' title='bbox 1821 2009 1833 2046; x_wconf 91' lang='lat'>:</span> <span class='ocrx_word' id='word_1_145' title='bbox 1866 1989 2167 2045; x_wconf 80' lang='lat' dir='ltr'><strong>Maledicta</strong></span> 
     </span>
    </p>
   </div>
   <div class='ocr_carea' id='block_1_22' title="bbox 524 2076 2169 2153">
    <p class='ocr_par' dir='ltr' id='par_1_22' title="bbox 524 2076 2169 2153">
     <span class='ocr_line' id='line_1_22' title="bbox 524 2076 2169 2153; baseline -0.01 -6"><span class='ocrx_word' id='word_1_146' title='bbox 524 2091 658 2147; x_wconf 81' lang='lat' dir='ltr'><strong>circi</strong></span> <span class='ocrx_word' id='word_1_147' title='bbox 686 2089 926 2144; x_wconf 74' lang='lat' dir='ltr'><strong>sonant?</strong></span> <span class='ocrx_word' id='word_1_148' title='bbox 956 2086 1062 2139; x_wconf 82' lang='lat' dir='ltr'><strong>Vix</strong></span> <span class='ocrx_word' id='word_1_149' title='bbox 1092 2084 1246 2139; x_wconf 91' lang='lat' dir='ltr'><strong>enim</strong></span> <span class='ocrx_word' id='word_1_150' title='bbox 1288 2081 1425 2137; x_wconf 89' lang='lat' dir='ltr'><strong>alibi</strong></span> <span class='ocrx_word' id='word_1_151' title='bbox 1457 2080 1703 2153; x_wconf 82' lang='lat' dir='ltr'><strong>gentiles</strong></span> <span class='ocrx_word' id='word_1_152' title='bbox 1736 2079 1957 2149; x_wconf 81' lang='lat' dir='ltr'><strong>majore</strong></span> <span class='ocrx_word' id='word_1_153' title='bbox 1989 2076 2169 2131; x_wconf 91' lang='lat' dir='ltr'><strong>licen-</strong></span> 
     </span>
    </p>
   </div>
   <div class='ocr_carea' id='block_1_23' title="bbox 526 2166 2167 2249">
    <p class='ocr_par' dir='ltr' id='par_1_23' title="bbox 526 2166 2167 2249">
     <span class='ocr_line' id='line_1_23' title="bbox 526 2166 2167 2249; baseline -0.009 -13"><span class='ocrx_word' id='word_1_154' title='bbox 526 2181 626 2249; x_wconf 90' lang='lat' dir='ltr'><strong>tia,</strong></span> <span class='ocrx_word' id='word_1_155' title='bbox 662 2176 1049 2235; x_wconf 85' lang='lat' dir='ltr'><strong>amarioribus</strong></span> <span class='ocrx_word' id='word_1_156' title='bbox 1108 2173 1364 2227; x_wconf 89' lang='lat' dir='ltr'><strong>dicteriis</strong></span> <span class='ocrx_word' id='word_1_157' title='bbox 1424 2187 1487 2224; x_wconf 93' lang='lat' dir='ltr'><strong>ac</strong></span> <span class='ocrx_word' id='word_1_158' title='bbox 1522 2171 1708 2239; x_wconf 86' lang='lat' dir='ltr'><strong>magis</strong></span> <span class='ocrx_word' id='word_1_159' title='bbox 1747 2166 1977 2222; x_wconf 90' lang='lat' dir='ltr'><strong>scurrili</strong></span> <span class='ocrx_word' id='word_1_160' title='bbox 2010 2166 2167 2221; x_wconf 87' lang='lat' dir='ltr'><strong>dica-</strong></span> 
     </span>
    </p>
   </div>
   <div class='ocr_carea' id='block_1_24' title="bbox 525 2258 2167 2336">
    <p class='ocr_par' dir='ltr' id='par_1_24' title="bbox 525 2258 2167 2336">
     <span class='ocr_line' id='line_1_24' title="bbox 525 2258 2167 2336; baseline -0.01 -11"><span class='ocrx_word' id='word_1_161' title='bbox 525 2266 695 2325; x_wconf 84' lang='lat' dir='ltr'><strong>citate</strong></span> <span class='ocrx_word' id='word_1_162' title='bbox 754 2266 1136 2336; x_wconf 85' lang='lat' dir='ltr'><strong>imperatores</strong></span> <span class='ocrx_word' id='word_1_163' title='bbox 1211 2278 1349 2316; x_wconf 89' lang='lat' dir='ltr'><strong>suos</strong></span> <span class='ocrx_word' id='word_1_164' title='bbox 1431 2258 1639 2312; x_wconf 77' lang='lat' dir='ltr'><strong>laedere</strong></span> <span class='ocrx_word' id='word_1_165' title='bbox 1723 2258 2167 2312; x_wconf 85' lang='lat' dir='ltr'><strong>consueverant.</strong></span> 
     </span>
    </p>
   </div>
   <div class='ocr_carea' id='block_1_25' title="bbox 526 2344 2169 2425">
    <p class='ocr_par' dir='ltr' id='par_1_25' title="bbox 526 2344 2169 2425">
     <span class='ocr_line' id='line_1_25' title="bbox 526 2344 2169 2425; baseline -0.009 -13"><span class='ocrx_word' id='word_1_166' title='bbox 526 2358 702 2412; x_wconf 89' lang='lat' dir='ltr'><strong>Visne</strong></span> <span class='ocrx_word' id='word_1_167' title='bbox 726 2356 806 2424; x_wconf 86' lang='lat' dir='ltr'><strong>id,</strong></span> <span class='ocrx_word' id='word_1_168' title='bbox 840 2354 993 2425; x_wconf 91' lang='lat' dir='ltr'><strong>quod</strong></span> <span class='ocrx_word' id='word_1_169' title='bbox 1029 2350 1173 2406; x_wconf 84' lang='lat' dir='ltr'><strong>satis</strong></span> <span class='ocrx_word' id='word_1_170' title='bbox 1201 2354 1397 2404; x_wconf 87' lang='lat' dir='ltr'><strong>tamen</strong></span> <span class='ocrx_word' id='word_1_171' title='bbox 1457 2351 1660 2402; x_wconf 86' lang='lat' dir='ltr'><strong>notum</strong></span> <span class='ocrx_word' id='word_1_172' title='bbox 1721 2349 1829 2413; x_wconf 88' lang='lat' dir='ltr'><strong>est,</strong></span> <span class='ocrx_word' id='word_1_173' title='bbox 1871 2344 2169 2415; x_wconf 81' lang='lat' dir='ltr'><strong>aliquibus</strong></span> 
     </span>
    </p>
   </div>
   <div class='ocr_carea' id='block_1_26' title="bbox 526 2435 2170 2517">
    <p class='ocr_par' dir='ltr' id='par_1_26' title="bbox 526 2435 2170 2517">
     <span class='ocr_line' id='line_1_26' title="bbox 526 2435 2170 2517; baseline -0.009 -14"><span class='ocrx_word' id='word_1_174' title='bbox 526 2445 802 2517; x_wconf 79' lang='lat' dir='ltr'><strong>exemplis</strong></span> <span class='ocrx_word' id='word_1_175' title='bbox 838 2439 1278 2514; x_wconf 82' lang='lat' dir='ltr'><strong>probari?Audi</strong></span> <span class='ocrx_word' id='word_1_176' title='bbox 1313 2438 1433 2492; x_wconf 71' lang='lat' dir='ltr'><strong>haec</strong></span> <span class='ocrx_word' id='word_1_177' title='bbox 1472 2435 1736 2491; x_wconf 87' lang='lat' dir='ltr'><strong>Suetonii</strong></span> <span class='ocrx_word' id='word_1_178' title='bbox 1796 2435 1863 2489; x_wconf 90' lang='lat' dir='ltr'><strong>de</strong></span> <span class='ocrx_word' id='word_1_179' title='bbox 1905 2436 2170 2505; x_wconf 84' lang='lat' dir='ltr'><strong>Augusto</strong></span> 
     </span>
    </p>
   </div>
   <div class='ocr_carea' id='block_1_27' title="bbox 529 2522 2170 2604">
    <p class='ocr_par' dir='ltr' id='par_1_27' title="bbox 529 2522 2170 2604">
     <span class='ocr_line' id='line_1_27' title="bbox 529 2522 2170 2604; baseline -0.009 -13"><span class='ocrx_word' id='word_1_180' title='bbox 529 2540 769 2604; x_wconf 76' lang='lat' dir='ltr'><strong>Caesare,</strong></span> <span class='ocrx_word' id='word_1_181' title='bbox 799 2532 906 2588; x_wconf 86' lang='lat' dir='ltr'><strong>etsi</strong></span> <span class='ocrx_word' id='word_1_182' title='bbox 961 2531 1183 2601; x_wconf 91' lang='lat' dir='ltr'><strong>optimo</strong></span> <span class='ocrx_word' id='word_1_183' title='bbox 1242 2527 1523 2598; x_wconf 82' lang='lat' dir='ltr'><strong>principe,</strong></span> <span class='ocrx_word' id='word_1_184' title='bbox 1592 2526 1768 2579; x_wconf 84' lang='lat' dir='ltr'><strong>verba</strong></span> <span class='ocrx_word' id='word_1_185' title='bbox 1801 2541 1812 2577; x_wconf 92' lang='lat'>:</span> <span class='ocrx_word' id='word_1_186' title='bbox 1849 2547 1875 2573; x_wconf 90' lang='grc'><strong>‹‹</strong></span> <span class='ocrx_word' id='word_1_187' title='bbox 1910 2522 2170 2594; x_wconf 89' lang='lat' dir='ltr'><strong>Populus</strong></span> 
     </span>
    </p>
   </div>
   <div class='ocr_carea' id='block_1_28' title="bbox 531 2611 2169 2696">
    <p class='ocr_par' dir='ltr' id='par_1_28' title="bbox 531 2611 2169 2696">
     <span class='ocr_line' id='line_1_28' title="bbox 531 2611 2169 2696; baseline -0.009 -17"><span class='ocrx_word' id='word_1_188' title='bbox 531 2625 826 2696; x_wconf 86' lang='lat' dir='ltr'><strong>quondam</strong></span> <span class='ocrx_word' id='word_1_189' title='bbox 869 2622 1177 2674; x_wconf 85' lang='lat' dir='ltr'><strong>universus</strong></span> <span class='ocrx_word' id='word_1_190' title='bbox 1238 2618 1507 2671; x_wconf 91' lang='lat' dir='ltr'><strong>ludorum</strong></span> <span class='ocrx_word' id='word_1_191' title='bbox 1569 2615 1680 2680; x_wconf 89' lang='lat' dir='ltr'><strong>die,</strong></span> <span class='ocrx_word' id='word_1_192' title='bbox 1744 2617 1800 2668; x_wconf 90' lang='lat' dir='ltr'><strong>et</strong></span> <span class='ocrx_word' id='word_1_193' title='bbox 1858 2612 2081 2684; x_wconf 90' lang='lat' dir='ltr'><strong>accepit</strong></span> <span class='ocrx_word' id='word_1_194' title='bbox 2109 2611 2169 2664; x_wconf 92' lang='lat' dir='ltr'><strong>in</strong></span> 
     </span>
    </p>
   </div>
   <div class='ocr_carea' id='block_1_29' title="bbox 531 2701 2175 2779">
    <p class='ocr_par' dir='ltr' id='par_1_29' title="bbox 531 2701 2175 2779">
     <span class='ocr_line' id='line_1_29' title="bbox 531 2701 2175 2779; baseline -0.009 -10"><span class='ocrx_word' id='word_1_195' title='bbox 531 2710 943 2769; x_wconf 87' lang='lat' dir='ltr'><strong>contumeliam</strong></span> <span class='ocrx_word' id='word_1_196' title='bbox 979 2709 1459 2779; x_wconf 86' lang='lat' dir='ltr'><strong>ejus,etassensu</strong></span> <span class='ocrx_word' id='word_1_197' title='bbox 1486 2703 1741 2758; x_wconf 82' lang='lat' dir='ltr'><strong>maximo</strong></span> <span class='ocrx_word' id='word_1_198' title='bbox 1776 2701 2175 2773; x_wconf 85' lang='lat' dir='ltr'><strong>comprobavit</strong></span> 
     </span>
    </p>
   </div>
   <div class='ocr_carea' id='block_1_30' title="bbox 531 2789 2175 2867">
    <p class='ocr_par' dir='ltr' id='par_1_30' title="bbox 531 2789 2175 2867">
     <span class='ocr_line' id='line_1_30' title="bbox 531 2789 2175 2867; baseline -0.007 -11"><span class='ocrx_word' id='word_1_199' title='bbox 531 2817 767 2858; x_wconf 88' lang='lat' dir='ltr'><strong>versum</strong></span> <span class='ocrx_word' id='word_1_200' title='bbox 801 2801 858 2853; x_wconf 91' lang='lat' dir='ltr'><strong>in</strong></span> <span class='ocrx_word' id='word_1_201' title='bbox 903 2816 1076 2852; x_wconf 81' lang='lat' dir='ltr'><strong>scena</strong></span> <span class='ocrx_word' id='word_1_202' title='bbox 1134 2794 1578 2867; x_wconf 88' lang='lat' dir='ltr'><strong>pronuntiatum</strong></span> <span class='ocrx_word' id='word_1_203' title='bbox 1639 2793 1709 2846; x_wconf 89' lang='lat' dir='ltr'><strong>de</strong></span> <span class='ocrx_word' id='word_1_204' title='bbox 1768 2791 1917 2863; x_wconf 87' lang='lat' dir='ltr'><strong>gallo</strong></span> <span class='ocrx_word' id='word_1_205' title='bbox 1975 2789 2175 2845; x_wconf 84' lang='lat' dir='ltr'><strong>Matris</strong></span> 
     </span>
    </p>
   </div>
   <div class='ocr_carea' id='block_1_31' title="bbox 532 2881 2172 2962">
    <p class='ocr_par' dir='ltr' id='par_1_31' title="bbox 532 2881 2172 2962">
     <span class='ocr_line' id='line_1_31' title="bbox 532 2881 2172 2962; baseline -0.009 -14"><span class='ocrx_word' id='word_1_206' title='bbox 532 2893 706 2948; x_wconf 90' lang='lat' dir='ltr'><strong>deum</strong></span> <span class='ocrx_word' id='word_1_207' title='bbox 766 2887 1198 2962; x_wconf 85' lang='lat' dir='ltr'><strong>tympanizante</strong></span> <span class='ocrx_word' id='word_1_208' title='bbox 1256 2905 1285 2935; x_wconf 88' lang='lat'>»</span> <span class='ocrx_word' id='word_1_209' title='bbox 1346 2886 1603 2955; x_wconf 90' lang='lat' dir='ltr'><strong>(Sueton,</strong></span> <span class='ocrx_word' id='word_1_210' title='bbox 1662 2883 1723 2935; x_wconf 82' lang='lat' dir='ltr'><strong>in</strong></span> <span class='ocrx_word' id='word_1_211' title='bbox 1788 2882 1902 2935; x_wconf 85' lang='lat' dir='ltr'><strong>Vita</strong></span> <span class='ocrx_word' id='word_1_212' title='bbox 1950 2881 2172 2949; x_wconf 76' lang='lat' dir='ltr'><strong>August.</strong></span> 
     </span>
    </p>
   </div>
   <div class='ocr_carea' id='block_1_32' title="bbox 530 2982 726 3052">
    <p class='ocr_par' dir='ltr' id='par_1_32' title="bbox 530 2982 726 3052">
     <span class='ocr_line' id='line_1_32' title="bbox 530 2982 726 3052; baseline 0.005 -17"><span class='ocrx_word' id='word_1_213' title='bbox 530 2982 726 3052; x_wconf 88' lang='lat'><strong>§68):</strong></span> 
     </span>
    </p>
   </div>
   <div class='ocr_carea' id='block_1_33' title="bbox 774 3120 1931 3176">
    <p class='ocr_par' dir='ltr' id='par_1_33' title="bbox 774 3120 1931 3176">
     <span class='ocr_line' id='line_1_33' title="bbox 774 3120 1931 3176; baseline -0.007 -7"><span class='ocrx_word' id='word_1_214' title='bbox 774 3128 976 3173; x_wconf 84' lang='lat' dir='ltr'><strong>Videsne</strong></span> <span class='ocrx_word' id='word_1_215' title='bbox 1004 3131 1054 3170; x_wconf 84' lang='lat' dir='ltr'><strong>ut</strong></span> <span class='ocrx_word' id='word_1_216' title='bbox 1080 3121 1298 3169; x_wconf 62' lang='lat' dir='ltr'><strong>cinaedus</strong></span> <span class='ocrx_word' id='word_1_217' title='bbox 1326 3120 1493 3166; x_wconf 88' lang='lat' dir='ltr'><strong>orbem</strong></span> <span class='ocrx_word' id='word_1_218' title='bbox 1513 3120 1659 3176; x_wconf 79' lang='lat' dir='ltr'><strong>digito</strong></span> <span class='ocrx_word' id='word_1_219' title='bbox 1687 3124 1931 3176; x_wconf 80' lang='lat' dir='ltr'><strong>temperet.</strong></span> 
     </span>
    </p>
   </div>
   <div class='ocr_carea' id='block_1_34' title="bbox 535 3270 2175 3345">
    <p class='ocr_par' dir='ltr' id='par_1_34' title="bbox 535 3270 2175 3345">
     <span class='ocr_line' id='line_1_34' title="bbox 535 3270 2175 3345; baseline -0.012 -2"><span class='ocrx_word' id='word_1_220' title='bbox 535 3288 743 3344; x_wconf 89' lang='lat' dir='ltr'><strong>Postea</strong></span> <span class='ocrx_word' id='word_1_221' title='bbox 767 3299 903 3338; x_wconf 91' lang='lat' dir='ltr'><strong>vero</strong></span> <span class='ocrx_word' id='word_1_222' title='bbox 934 3281 1004 3336; x_wconf 89' lang='lat' dir='ltr'><strong>de</strong></span> <span class='ocrx_word' id='word_1_223' title='bbox 1035 3278 1265 3334; x_wconf 87' lang='lat' dir='ltr'><strong>Tiberio</strong></span> <span class='ocrx_word' id='word_1_224' title='bbox 1325 3276 1706 3345; x_wconf 87' lang='lat' dir='ltr'><strong>imperatore:</strong></span> <span class='ocrx_word' id='word_1_225' title='bbox 1749 3294 1774 3325; x_wconf 77' lang='grc' dir='ltr'><strong><em>α</em></strong></span> <span class='ocrx_word' id='word_1_226' title='bbox 1800 3271 2055 3327; x_wconf 86' lang='lat' dir='ltr'><strong>Urebant</strong></span> <span class='ocrx_word' id='word_1_227' title='bbox 2083 3270 2175 3325; x_wconf 86' lang='lat' dir='ltr'><strong>in-</strong></span> 
     </span>
    </p>
   </div>
   <div class='ocr_carea' id='block_1_35' title="bbox 536 3360 2179 3447">
    <p class='ocr_par' dir='ltr' id='par_1_35' title="bbox 536 3360 2179 3447">
     <span class='ocr_line' id='line_1_35' title="bbox 536 3360 2179 3447; baseline -0.012 -15"><span class='ocrx_word' id='word_1_228' title='bbox 536 3392 715 3447; x_wconf 90' lang='lat' dir='ltr'><strong>super</strong></span> <span class='ocrx_word' id='word_1_229' title='bbox 766 3372 996 3427; x_wconf 82' lang='lat' dir='ltr'><strong>anxiam</strong></span> <span class='ocrx_word' id='word_1_230' title='bbox 1059 3372 1313 3421; x_wconf 85' lang='lat' dir='ltr'><strong>mentem</strong></span> <span class='ocrx_word' id='word_1_231' title='bbox 1373 3363 1530 3419; x_wconf 87' lang='lat' dir='ltr'><strong>varia</strong></span> <span class='ocrx_word' id='word_1_232' title='bbox 1594 3361 1853 3431; x_wconf 89' lang='lat' dir='ltr'><strong>undique</strong></span> <span class='ocrx_word' id='word_1_233' title='bbox 1902 3360 2179 3425; x_wconf 85' lang='lat' dir='ltr'><strong>convicia,</strong></span> 
     </span>
    </p>
   </div>
   <div class='ocr_carea' id='block_1_36' title="bbox 539 3451 2180 3522">
    <p class='ocr_par' dir='ltr' id='par_1_36' title="bbox 539 3451 2180 3522">
     <span class='ocr_line' id='line_1_36' title="bbox 539 3451 2180 3522; baseline -0.012 -2"><span class='ocrx_word' id='word_1_234' title='bbox 539 3465 700 3519; x_wconf 92' lang='lat' dir='ltr'><strong>nullo</strong></span> <span class='ocrx_word' id='word_1_235' title='bbox 733 3478 848 3517; x_wconf 91' lang='lat' dir='ltr'><strong>non</strong></span> <span class='ocrx_word' id='word_1_236' title='bbox 890 3461 1298 3513; x_wconf 89' lang='lat' dir='ltr'><strong>damnatorum</strong></span> <span class='ocrx_word' id='word_1_237' title='bbox 1332 3469 1504 3507; x_wconf 87' lang='lat' dir='ltr'><strong>omne</strong></span> <span class='ocrx_word' id='word_1_238' title='bbox 1530 3451 1721 3522; x_wconf 88' lang='lat' dir='ltr'><strong>probri</strong></span> <span class='ocrx_word' id='word_1_239' title='bbox 1755 3466 1940 3521; x_wconf 91' lang='lat' dir='ltr'><strong>genus</strong></span> <span class='ocrx_word' id='word_1_240' title='bbox 1962 3464 2180 3517; x_wconf 88' lang='lat' dir='ltr'><strong>coram,</strong></span> 
     </span>
    </p>
   </div>
   <div class='ocr_carea' id='block_1_37' title="bbox 538 3538 2182 3623">
    <p class='ocr_par' dir='ltr' id='par_1_37' title="bbox 538 3538 2182 3623">
     <span class='ocr_line' id='line_1_37' title="bbox 538 3538 2182 3623; baseline -0.015 -16"><span class='ocrx_word' id='word_1_241' title='bbox 538 3553 626 3609; x_wconf 90' lang='lat' dir='ltr'><strong>vel</strong></span> <span class='ocrx_word' id='word_1_242' title='bbox 662 3568 763 3623; x_wconf 90' lang='lat' dir='ltr'><strong>per</strong></span> <span class='ocrx_word' id='word_1_243' title='bbox 801 3546 1030 3603; x_wconf 88' lang='lat' dir='ltr'><strong>libellos</strong></span> <span class='ocrx_word' id='word_1_244' title='bbox 1086 3544 1145 3597; x_wconf 91' lang='lat' dir='ltr'><strong>in</strong></span> <span class='ocrx_word' id='word_1_245' title='bbox 1186 3543 1485 3596; x_wconf 87' lang='lat' dir='ltr'><strong>orchestra</strong></span> <span class='ocrx_word' id='word_1_246' title='bbox 1540 3538 1765 3609; x_wconf 89' lang='lat' dir='ltr'><strong>positos</strong></span> <span class='ocrx_word' id='word_1_247' title='bbox 1822 3538 2122 3608; x_wconf 81' lang='lat' dir='ltr'><strong>ingerente</strong></span> <span class='ocrx_word' id='word_1_248' title='bbox 2152 3556 2182 3584; x_wconf 88' lang='grc'><strong>››</strong></span> 
     </span>
    </p>
   </div>
   <div class='ocr_carea' id='block_1_38' title="bbox 538 3625 2181 3712">
    <p class='ocr_par' dir='ltr' id='par_1_38' title="bbox 538 3625 2181 3712">
     <span class='ocr_line' id='line_1_38' title="bbox 538 3625 2181 3712; baseline -0.012 -16"><span class='ocrx_word' id='word_1_249' title='bbox 538 3642 722 3712; x_wconf 92' lang='lat' dir='ltr'><strong>(Idem</strong></span> <span class='ocrx_word' id='word_1_250' title='bbox 754 3636 856 3690; x_wconf 85' lang='lat' dir='ltr'><strong>lib.</strong></span> <span class='ocrx_word' id='word_1_251' title='bbox 890 3635 1056 3698; x_wconf 80' lang='lat' dir='ltr'><strong>iu,in</strong></span> <span class='ocrx_word' id='word_1_252' title='bbox 1110 3631 1226 3686; x_wconf 79' lang='lat' dir='ltr'><strong>Vita</strong></span> <span class='ocrx_word' id='word_1_253' title='bbox 1287 3629 1490 3683; x_wconf 75' lang='lat' dir='ltr'><strong>Tiberii</strong></span> <span class='ocrx_word' id='word_1_254' title='bbox 1517 3629 1544 3694; x_wconf 86' lang='lat'><strong>§</strong></span> <span class='ocrx_word' id='word_1_255' title='bbox 1571 3626 1686 3696; x_wconf 85' lang='lat'><strong>66),</strong></span> <span class='ocrx_word' id='word_1_256' title='bbox 1743 3625 1933 3680; x_wconf 85' lang='lat' dir='ltr'><strong>Julius</strong></span> <span class='ocrx_word' id='word_1_257' title='bbox 1989 3632 2181 3712; x_wconf 75' lang='lat' dir='ltr'><strong>autem</strong></span> 
     </span>
    </p>
   </div>
   <div class='ocr_carea' id='block_1_39' title="bbox 540 3701 2181 3799">
    <p class='ocr_par' dir='ltr' id='par_1_39' title="bbox 540 3701 2181 3799">
     <span class='ocr_line' id='line_1_39' title="bbox 540 3701 2181 3799; baseline -0.011 -15"><span class='ocrx_word' id='word_1_258' title='bbox 540 3726 903 3799; x_wconf 90' lang='lat' dir='ltr'><strong>Capitolinus</strong></span> <span class='ocrx_word' id='word_1_259' title='bbox 963 3723 1080 3777; x_wconf 67' lang='lat' dir='ltr'><strong>haec</strong></span> <span class='ocrx_word' id='word_1_260' title='bbox 1141 3720 1211 3773; x_wconf 89' lang='lat' dir='ltr'><strong>de</strong></span> <span class='ocrx_word' id='word_1_261' title='bbox 1276 3717 1425 3771; x_wconf 90' lang='lat' dir='ltr'><strong>Vero</strong></span> <span class='ocrx_word' id='word_1_262' title='bbox 1512 3717 1864 3786; x_wconf 82' lang='lat' dir='ltr'><strong>imperatore</strong></span> <span class='ocrx_word' id='word_1_263' title='bbox 1949 3701 2181 3768; x_wconf 79' lang='lat' dir='ltr'><strong>narrat:</strong></span> 
     </span>
    </p>
   </div>
   <div class='ocr_carea' id='block_1_40' title="bbox 542 3804 2184 3874">
    <p class='ocr_par' dir='ltr' id='par_1_40' title="bbox 542 3804 2184 3874">
     <span class='ocr_line' id='line_1_40' title="bbox 542 3804 2184 3874; baseline -0.009 -5"><span class='ocrx_word' id='word_1_264' title='bbox 542 3842 568 3869; x_wconf 91' lang='grc'><strong>‹‹</strong></span> <span class='ocrx_word' id='word_1_265' title='bbox 602 3814 961 3874; x_wconf 89' lang='lat' dir='ltr'><strong>Circensium</strong></span> <span class='ocrx_word' id='word_1_266' title='bbox 1001 3814 1224 3865; x_wconf 87' lang='lat' dir='ltr'><strong>tantam</strong></span> <span class='ocrx_word' id='word_1_267' title='bbox 1258 3822 1458 3861; x_wconf 89' lang='lat' dir='ltr'><strong>curam</strong></span> <span class='ocrx_word' id='word_1_268' title='bbox 1516 3804 1740 3869; x_wconf 85' lang='lat' dir='ltr'><strong>habuit,</strong></span> <span class='ocrx_word' id='word_1_269' title='bbox 1788 3809 1853 3857; x_wconf 90' lang='lat' dir='ltr'><strong>ut</strong></span> <span class='ocrx_word' id='word_1_270' title='bbox 1912 3804 2184 3874; x_wconf 85' lang='lat' dir='ltr'><strong>frequen-</strong></span> 
     </span>
    </p>
   </div>
   <div class='ocr_carea' id='block_1_41' title="bbox 545 3891 2187 3974">
    <p class='ocr_par' dir='ltr' id='par_1_41' title="bbox 545 3891 2187 3974">
     <span class='ocr_line' id='line_1_41' title="bbox 545 3891 2187 3974; baseline -0.011 -13"><span class='ocrx_word' id='word_1_271' title='bbox 545 3914 631 3962; x_wconf 91' lang='lat' dir='ltr'><strong>ter</strong></span> <span class='ocrx_word' id='word_1_272' title='bbox 689 3898 1147 3974; x_wconf 84' lang='lat' dir='ltr'><strong>provincialibus</strong></span> <span class='ocrx_word' id='word_1_273' title='bbox 1204 3895 1428 3949; x_wconf 89' lang='lat' dir='ltr'><strong>litteras</strong></span> <span class='ocrx_word' id='word_1_274' title='bbox 1481 3909 1656 3947; x_wconf 85' lang='lat' dir='ltr'><strong>causa</strong></span> <span class='ocrx_word' id='word_1_275' title='bbox 1721 3891 2070 3946; x_wconf 90' lang='lat' dir='ltr'><strong>circensium</strong></span> <span class='ocrx_word' id='word_1_276' title='bbox 2130 3895 2187 3945; x_wconf 89' lang='lat' dir='ltr'><strong>et</strong></span> 
     </span>
    </p>
   </div>
   <div class='ocr_carea' id='block_1_42' title="bbox 544 3982 2189 4058">
    <p class='ocr_par' dir='ltr' id='par_1_42' title="bbox 544 3982 2189 4058">
     <span class='ocr_line' id='line_1_42' title="bbox 544 3982 2189 4058; baseline -0.01 -9"><span class='ocrx_word' id='word_1_277' title='bbox 544 3991 763 4049; x_wconf 87' lang='lat' dir='ltr'><strong>miserit</strong></span> <span class='ocrx_word' id='word_1_278' title='bbox 795 3996 851 4046; x_wconf 93' lang='lat' dir='ltr'><strong>et</strong></span> <span class='ocrx_word' id='word_1_279' title='bbox 881 3987 1186 4058; x_wconf 88' lang='lat' dir='ltr'><strong>acceperit.</strong></span> <span class='ocrx_word' id='word_1_280' title='bbox 1246 3983 1507 4052; x_wconf 89' lang='lat' dir='ltr'><strong>Denique</strong></span> <span class='ocrx_word' id='word_1_281' title='bbox 1565 3982 1740 4035; x_wconf 88' lang='lat' dir='ltr'><strong>etiam</strong></span> <span class='ocrx_word' id='word_1_282' title='bbox 1797 3997 2072 4051; x_wconf 60' lang='lat' dir='ltr'><strong>praesens,</strong></span> <span class='ocrx_word' id='word_1_283' title='bbox 2132 3982 2189 4034; x_wconf 86' lang='lat' dir='ltr'><strong>et</strong></span> 
     </span>
    </p>
   </div>
   <div class='ocr_carea' id='block_1_43' title="bbox 542 4070 2187 4141">
    <p class='ocr_par' dir='ltr' id='par_1_43' title="bbox 542 4070 2187 4141">
     <span class='ocr_line' id='line_1_43' title="bbox 542 4070 2187 4141; baseline -0.011 -1"><span class='ocrx_word' id='word_1_284' title='bbox 542 4100 677 4141; x_wconf 89' lang='lat' dir='ltr'><strong>cum</strong></span> <span class='ocrx_word' id='word_1_285' title='bbox 701 4081 894 4137; x_wconf 85' lang='lat' dir='ltr'><strong>Marco</strong></span> <span class='ocrx_word' id='word_1_286' title='bbox 926 4077 1158 4141; x_wconf 88' lang='lat' dir='ltr'><strong>sedens,</strong></span> <span class='ocrx_word' id='word_1_287' title='bbox 1192 4073 1409 4127; x_wconf 89' lang='lat' dir='ltr'><strong>multas</strong></span> <span class='ocrx_word' id='word_1_288' title='bbox 1440 4088 1473 4125; x_wconf 89' lang='lat' dir='ltr'><strong>a</strong></span> <span class='ocrx_word' id='word_1_289' title='bbox 1503 4070 1842 4125; x_wconf 72' lang='lat' dir='ltr'><strong>Venetianis</strong></span> <span class='ocrx_word' id='word_1_290' title='bbox 1901 4076 1991 4124; x_wconf 90' lang='lat' dir='ltr'><strong>est</strong></span> <span class='ocrx_word' id='word_1_291' title='bbox 2049 4085 2187 4139; x_wconf 87' lang='lat' dir='ltr'><strong>pas-</strong></span> 
     </span>
    </p>
   </div>
   <div class='ocr_carea' id='block_1_44' title="bbox 543 4160 2188 4241">
    <p class='ocr_par' dir='ltr' id='par_1_44' title="bbox 543 4160 2188 4241">
     <span class='ocr_line' id='line_1_44' title="bbox 543 4160 2188 4241; baseline -0.013 -11"><span class='ocrx_word' id='word_1_292' title='bbox 543 4191 646 4230; x_wconf 86' lang='lat' dir='ltr'><strong>sus</strong></span> <span class='ocrx_word' id='word_1_293' title='bbox 684 4169 957 4241; x_wconf 88' lang='lat' dir='ltr'><strong>injurias,</strong></span> <span class='ocrx_word' id='word_1_294' title='bbox 980 4164 1135 4236; x_wconf 90' lang='lat' dir='ltr'><strong>quod</strong></span> <span class='ocrx_word' id='word_1_295' title='bbox 1169 4160 1509 4232; x_wconf 87' lang='lat' dir='ltr'><strong>turpissime</strong></span> <span class='ocrx_word' id='word_1_296' title='bbox 1568 4164 1770 4214; x_wconf 91' lang='lat' dir='ltr'><strong>contra</strong></span> <span class='ocrx_word' id='word_1_297' title='bbox 1791 4176 1889 4214; x_wconf 88' lang='lat' dir='ltr'><strong>eos</strong></span> <span class='ocrx_word' id='word_1_298' title='bbox 1920 4160 2188 4213; x_wconf 84' lang='lat' dir='ltr'><strong>faceret»</strong></span> 
     </span>
    </p>
   </div>
   <div class='ocr_carea' id='block_1_45' title="bbox 543 4246 2187 4335">
    <p class='ocr_par' dir='ltr' id='par_1_45' title="bbox 543 4246 2187 4335">
     <span class='ocr_line' id='line_1_45' title="bbox 543 4246 2187 4335; baseline -0.011 -18"><span class='ocrx_word' id='word_1_299' title='bbox 543 4260 680 4335; x_wconf 87' lang='lat' dir='ltr'><strong>(Jul.</strong></span> <span class='ocrx_word' id='word_1_300' title='bbox 714 4255 960 4329; x_wconf 77' lang='lat' dir='ltr'><strong>Capitol.</strong></span> <span class='ocrx_word' id='word_1_301' title='bbox 1013 4255 1070 4308; x_wconf 91' lang='lat' dir='ltr'><strong>in</strong></span> <span class='ocrx_word' id='word_1_302' title='bbox 1108 4252 1221 4307; x_wconf 83' lang='lat' dir='ltr'><strong>Vita</strong></span> <span class='ocrx_word' id='word_1_303' title='bbox 1275 4251 1419 4317; x_wconf 73' lang='lat' dir='ltr'><strong>Veri,</strong></span> <span class='ocrx_word' id='word_1_304' title='bbox 1481 4264 1611 4319; x_wconf 85' lang='lat' dir='ltr'><strong>pag.</strong></span> <span class='ocrx_word' id='word_1_305' title='bbox 1672 4247 1818 4317; x_wconf 83' lang='lat'><strong>506).</strong></span> <span class='ocrx_word' id='word_1_306' title='bbox 1879 4248 1986 4302; x_wconf 92' lang='lat' dir='ltr'><strong>Sed</strong></span> <span class='ocrx_word' id='word_1_307' title='bbox 2046 4246 2187 4316; x_wconf 73' lang='lat' dir='ltr'><strong>haec,</strong></span> 
     </span>
    </p>
   </div>
   <div class='ocr_carea' id='block_1_46' title="bbox 542 4335 2189 4424">
    <p class='ocr_par' dir='ltr' id='par_1_46' title="bbox 542 4335 2189 4424">
     <span class='ocr_line' id='line_1_46' title="bbox 542 4335 2189 4424; baseline -0.011 -16"><span class='ocrx_word' id='word_1_308' title='bbox 542 4369 672 4424; x_wconf 76' lang='lat' dir='ltr'><strong>quae</strong></span> <span class='ocrx_word' id='word_1_309' title='bbox 702 4355 822 4403; x_wconf 90' lang='lat' dir='ltr'><strong>tam</strong></span> <span class='ocrx_word' id='word_1_310' title='bbox 855 4361 1005 4415; x_wconf 62' lang='lat' dir='ltr'><strong>sape</strong></span> <span class='ocrx_word' id='word_1_311' title='bbox 1051 4342 1409 4411; x_wconf 87' lang='lat' dir='ltr'><strong>obtigerunt,</strong></span> <span class='ocrx_word' id='word_1_312' title='bbox 1468 4337 1658 4393; x_wconf 81' lang='lat' dir='ltr'><strong>fusius</strong></span> <span class='ocrx_word' id='word_1_313' title='bbox 1716 4336 1989 4408; x_wconf 88' lang='lat' dir='ltr'><strong>prosequi</strong></span> <span class='ocrx_word' id='word_1_314' title='bbox 2048 4335 2189 4406; x_wconf 92' lang='lat' dir='ltr'><strong>quid</strong></span> 
     </span>
    </p>
   </div>
   <div class='ocr_carea' id='block_1_47' title="bbox 546 4432 947 4497">
    <p class='ocr_par' dir='ltr' id='par_1_47' title="bbox 546 4432 947 4497">
     <span class='ocr_line' id='line_1_47' title="bbox 546 4432 947 4497; baseline -0.027 0"><span class='ocrx_word' id='word_1_315' title='bbox 546 4454 784 4497; x_wconf 89' lang='lat' dir='ltr'><strong>necesse</strong></span> <span class='ocrx_word' id='word_1_316' title='bbox 815 4432 947 4491; x_wconf 84' lang='lat' dir='ltr'><strong>est?</strong></span> 
     </span>
    </p>
   </div>
   <div class='ocr_carea' id='block_1_48' title="bbox 618 4513 2192 4598">
    <p class='ocr_par' dir='ltr' id='par_1_48' title="bbox 618 4513 2192 4598">
     <span class='ocr_line' id='line_1_48' title="bbox 618 4513 2192 4598; baseline -0.011 -14"><span class='ocrx_word' id='word_1_317' title='bbox 618 4529 793 4598; x_wconf 84' lang='lat' dir='ltr'><strong>Urget</strong></span> <span class='ocrx_word' id='word_1_318' title='bbox 844 4519 1288 4578; x_wconf 87' lang='lat' dir='ltr'><strong>Tertullianus:</strong></span> <span class='ocrx_word' id='word_1_319' title='bbox 1346 4516 1402 4571; x_wconf 88' lang='lat' dir='ltr'><strong>Si</strong></span> <span class='ocrx_word' id='word_1_320' title='bbox 1463 4533 1588 4587; x_wconf 74' lang='lat' dir='ltr'><strong>quae</strong></span> <span class='ocrx_word' id='word_1_321' title='bbox 1640 4515 1832 4570; x_wconf 88' lang='lat' dir='ltr'><strong>cordis</strong></span> <span class='ocrx_word' id='word_1_322' title='bbox 1893 4513 2192 4585; x_wconf 87' lang='lat' dir='ltr'><strong>animique</strong></span> 
     </span>
    </p>
   </div>
   <div class='ocr_carea' id='block_1_49' title="bbox 547 4588 2274 4674">
    <p class='ocr_par' dir='ltr' id='par_1_49' title="bbox 547 4588 2274 4674">
     <span class='ocr_line' id='line_1_49' title="bbox 547 4588 2274 4674; baseline -0.013 0"><span class='ocrx_word' id='word_1_323' title='bbox 547 4614 791 4674; x_wconf 89' lang='lat' dir='ltr'><strong>humani</strong></span> <span class='ocrx_word' id='word_1_324' title='bbox 812 4614 1061 4667; x_wconf 82' lang='lat' dir='ltr'><strong>fenestra</strong></span> <span class='ocrx_word' id='word_1_325' title='bbox 1091 4607 1161 4662; x_wconf 89' lang='lat' dir='ltr'><strong>ad</strong></span> <span class='ocrx_word' id='word_1_326' title='bbox 1196 4605 1543 4661; x_wconf 86' lang='lat' dir='ltr'><strong>scrutandos</strong></span> <span class='ocrx_word' id='word_1_327' title='bbox 1568 4620 1779 4659; x_wconf 88' lang='lat' dir='ltr'><strong>sensus</strong></span> <span class='ocrx_word' id='word_1_328' title='bbox 1802 4606 1930 4673; x_wconf 83' lang='lat' dir='ltr'><strong>ejus</strong></span> <span class='ocrx_word' id='word_1_329' title='bbox 1957 4602 2198 4659; x_wconf 91' lang='lat' dir='ltr'><strong>intimos</strong></span> <span class='ocrx_word' id='word_1_330' title='bbox 2228 4588 2274 4652; x_wconf 88' lang='lat' dir='ltr'><strong>D</strong></span> 
     </span>
    </p>
   </div>
   <div class='ocr_carea' id='block_1_50' title="bbox 547 4693 2194 4779">
    <p class='ocr_par' dir='ltr' id='par_1_50' title="bbox 547 4693 2194 4779">
     <span class='ocr_line' id='line_1_50' title="bbox 547 4693 2194 4779; baseline -0.009 -17"><span class='ocrx_word' id='word_1_331' title='bbox 547 4708 790 4779; x_wconf 88' lang='lat' dir='ltr'><strong>pateret,</strong></span> <span class='ocrx_word' id='word_1_332' title='bbox 823 4705 966 4755; x_wconf 89' lang='lat' dir='ltr'><strong>tunc</strong></span> <span class='ocrx_word' id='word_1_333' title='bbox 996 4701 1150 4753; x_wconf 90' lang='lat' dir='ltr'><strong>certe</strong></span> <span class='ocrx_word' id='word_1_334' title='bbox 1178 4711 1633 4766; x_wconf 82' lang='lat' dir='ltr'><strong>agnosceremus</strong></span> <span class='ocrx_word' id='word_1_335' title='bbox 1690 4693 1930 4764; x_wconf 87' lang='lat' dir='ltr'><strong>quantis</strong></span> <span class='ocrx_word' id='word_1_336' title='bbox 1989 4708 2194 4748; x_wconf 88' lang='lat' dir='ltr'><strong>omnes</strong></span> 
     </span>
    </p>
   </div>
   <div class='ocr_carea' id='block_1_51' title="bbox 544 4782 2193 4863">
    <p class='ocr_par' dir='ltr' id='par_1_51' title="bbox 544 4782 2193 4863">
     <span class='ocr_line' id='line_1_51' title="bbox 544 4782 2193 4863; baseline -0.01 -11"><span class='ocrx_word' id='word_1_337' title='bbox 544 4796 694 4851; x_wconf 91' lang='lat' dir='ltr'><strong>votis</strong></span> <span class='ocrx_word' id='word_1_338' title='bbox 750 4790 1053 4863; x_wconf 90' lang='lat' dir='ltr'><strong>optabant,</strong></span> <span class='ocrx_word' id='word_1_339' title='bbox 1084 4786 1213 4841; x_wconf 79' lang='lat' dir='ltr'><strong>novi</strong></span> <span class='ocrx_word' id='word_1_340' title='bbox 1268 4800 1332 4839; x_wconf 84' lang='lat' dir='ltr'><strong>ac</strong></span> <span class='ocrx_word' id='word_1_341' title='bbox 1370 4785 1498 4839; x_wconf 81' lang='lat' dir='ltr'><strong>novi</strong></span> <span class='ocrx_word' id='word_1_342' title='bbox 1527 4784 1762 4839; x_wconf 62' lang='lat' dir='ltr'><strong>Caesaris</strong></span> <span class='ocrx_word' id='word_1_343' title='bbox 1795 4799 2052 4851; x_wconf 83' lang='lat' dir='ltr'><strong>scenam,</strong></span> <span class='ocrx_word' id='word_1_344' title='bbox 2086 4782 2193 4837; x_wconf 91' lang='lat' dir='ltr'><strong>hoc</strong></span> 
     </span>
    </p>
   </div>
   <div class='ocr_carea' id='block_1_52' title="bbox 547 4871 2193 4951">
    <p class='ocr_par' dir='ltr' id='par_1_52' title="bbox 547 4871 2193 4951">
     <span class='ocr_line' id='line_1_52' title="bbox 547 4871 2193 4951; baseline -0.01 -10"><span class='ocrx_word' id='word_1_345' title='bbox 547 4889 658 4951; x_wconf 88' lang='lat' dir='ltr'><strong>est,</strong></span> <span class='ocrx_word' id='word_1_346' title='bbox 716 4882 1079 4951; x_wconf 87' lang='lat' dir='ltr'><strong>frequentem</strong></span> <span class='ocrx_word' id='word_1_347' title='bbox 1135 4874 1377 4929; x_wconf 72' lang='lat' dir='ltr'><strong>Caesaris</strong></span> <span class='ocrx_word' id='word_1_348' title='bbox 1434 4879 1703 4938; x_wconf 91' lang='lat' dir='ltr'><strong>mortem,</strong></span> <span class='ocrx_word' id='word_1_349' title='bbox 1742 4878 1799 4926; x_wconf 91' lang='lat' dir='ltr'><strong>et</strong></span> <span class='ocrx_word' id='word_1_350' title='bbox 1854 4871 2193 4926; x_wconf 87' lang='lat' dir='ltr'><strong>electionem</strong></span> 
     </span>
    </p>
   </div>
   <div class='ocr_carea' id='block_1_53' title="bbox 548 4958 2191 5037">
    <p class='ocr_par' dir='ltr' id='par_1_53' title="bbox 548 4958 2191 5037">
     <span class='ocr_line' id='line_1_53' title="bbox 548 4958 2191 5037; baseline -0.009 -7"><span class='ocrx_word' id='word_1_351' title='bbox 548 4973 789 5031; x_wconf 85' lang='lat' dir='ltr'><strong>alterius</strong></span> <span class='ocrx_word' id='word_1_352' title='bbox 847 4967 1125 5037; x_wconf 76' lang='lat' dir='ltr'><strong>congiaria</strong></span> <span class='ocrx_word' id='word_1_353' title='bbox 1175 4960 1468 5017; x_wconf 76' lang='lat' dir='ltr'><strong>dividendo</strong></span> <span class='ocrx_word' id='word_1_354' title='bbox 1523 4961 1873 5031; x_wconf 54' lang='lat' dir='ltr'><strong>praesidentis</strong></span> <span class='ocrx_word' id='word_1_355' title='bbox 1931 4958 2191 5031; x_wconf 87' lang='lat' dir='ltr'><strong>(Tertull.</strong></span> 
     </span>
    </p>
   </div>
   <div class='ocr_carea' id='block_1_54' title="bbox 548 5048 2195 5134">
    <p class='ocr_par' dir='ltr' id='par_1_54' title="bbox 548 5048 2195 5134">
     <span class='ocr_line' id='line_1_54' title="bbox 548 5048 2195 5134; baseline -0.01 -14"><span class='ocrx_word' id='word_1_356' title='bbox 548 5062 837 5134; x_wconf 72' lang='lat' dir='ltr'><strong>Apotoget.</strong></span> <span class='ocrx_word' id='word_1_357' title='bbox 872 5074 997 5127; x_wconf 86' lang='lat' dir='ltr'><strong>cap.</strong></span> <span class='ocrx_word' id='word_1_358' title='bbox 1026 5055 1117 5123; x_wconf 83' lang='lat'><strong>35,</strong></span> <span class='ocrx_word' id='word_1_359' title='bbox 1151 5069 1280 5124; x_wconf 83' lang='lat' dir='ltr'><strong>pag.</strong></span> <span class='ocrx_word' id='word_1_360' title='bbox 1316 5052 1464 5119; x_wconf 77' lang='grc'>455).</span> <span class='ocrx_word' id='word_1_361' title='bbox 1525 5051 1773 5113; x_wconf 86' lang='lat' dir='ltr'><strong>Quidam</strong></span> <span class='ocrx_word' id='word_1_362' title='bbox 1835 5056 2031 5103; x_wconf 88' lang='lat' dir='ltr'><strong>autem</strong></span> <span class='ocrx_word' id='word_1_363' title='bbox 2085 5048 2195 5118; x_wconf 87' lang='lat' dir='ltr'><strong>legi</strong></span> 
     </span>
    </p>
   </div>
   <div class='ocr_carea' id='block_1_55' title="bbox 548 5139 2197 5219">
    <p class='ocr_par' dir='ltr' id='par_1_55' title="bbox 548 5139 2197 5219">
     <span class='ocr_line' id='line_1_55' title="bbox 548 5139 2197 5219; baseline -0.01 -11"><span class='ocrx_word' id='word_1_364' title='bbox 548 5151 762 5208; x_wconf 90' lang='lat' dir='ltr'><strong>vellent</strong></span> <span class='ocrx_word' id='word_1_365' title='bbox 787 5143 1225 5219; x_wconf 56' lang='lat' dir='ltr'><strong>prasideranlis,</strong></span> <span class='ocrx_word' id='word_1_366' title='bbox 1277 5139 1378 5195; x_wconf 89' lang='lat' dir='ltr'><strong>sed</strong></span> <span class='ocrx_word' id='word_1_367' title='bbox 1412 5139 1521 5194; x_wconf 92' lang='lat' dir='ltr'><strong>levi</strong></span> <span class='ocrx_word' id='word_1_368' title='bbox 1564 5141 1919 5209; x_wconf 80' lang='lat' dir='ltr'><strong>conjectura,</strong></span> <span class='ocrx_word' id='word_1_369' title='bbox 1953 5143 2010 5192; x_wconf 88' lang='lat' dir='ltr'><strong>et</strong></span> <span class='ocrx_word' id='word_1_370' title='bbox 2064 5152 2197 5192; x_wconf 90' lang='lat' dir='ltr'><strong>con-</strong></span> 
     </span>
    </p>
   </div>
   <div class='ocr_carea' id='block_1_56' title="bbox 550 5226 2199 5298">
    <p class='ocr_par' dir='ltr' id='par_1_56' title="bbox 550 5226 2199 5298">
     <span class='ocr_line' id='line_1_56' title="bbox 550 5226 2199 5298; baseline -0.01 -1"><span class='ocrx_word' id='word_1_371' title='bbox 550 5248 641 5297; x_wconf 89' lang='lat' dir='ltr'><strong>tra</strong></span> <span class='ocrx_word' id='word_1_372' title='bbox 670 5238 935 5294; x_wconf 91' lang='lat' dir='ltr'><strong>codicum</strong></span> <span class='ocrx_word' id='word_1_373' title='bbox 971 5234 1166 5298; x_wconf 83' lang='lat' dir='ltr'><strong>fidem,</strong></span> <span class='ocrx_word' id='word_1_374' title='bbox 1231 5228 1632 5284; x_wconf 89' lang='lat' dir='ltr'><strong>Tertullianus</strong></span> <span class='ocrx_word' id='word_1_375' title='bbox 1689 5226 1844 5283; x_wconf 90' lang='lat' dir='ltr'><strong>enim</strong></span> <span class='ocrx_word' id='word_1_376' title='bbox 1902 5226 2199 5297; x_wconf 86' lang='lat' dir='ltr'><strong>significat</strong></span> 
     </span>
    </p>
   </div>
   <div class='ocr_carea' id='block_1_57' title="bbox 552 5314 2194 5393">
    <p class='ocr_par' dir='ltr' id='par_1_57' title="bbox 552 5314 2194 5393">
     <span class='ocr_line' id='line_1_57' title="bbox 552 5314 2194 5393; baseline -0.011 -7"><span class='ocrx_word' id='word_1_377' title='bbox 552 5328 817 5387; x_wconf 89' lang='lat' dir='ltr'><strong>ethnicos</strong></span> <span class='ocrx_word' id='word_1_378' title='bbox 885 5338 1117 5393; x_wconf 89' lang='lat' dir='ltr'><strong>semper</strong></span> <span class='ocrx_word' id='word_1_379' title='bbox 1170 5324 1401 5388; x_wconf 85' lang='lat' dir='ltr'><strong>optasse</strong></span> <span class='ocrx_word' id='word_1_380' title='bbox 1459 5333 1695 5372; x_wconf 87' lang='lat' dir='ltr'><strong>scenam</strong></span> <span class='ocrx_word' id='word_1_381' title='bbox 1748 5316 1878 5371; x_wconf 90' lang='lat' dir='ltr'><strong>novi</strong></span> <span class='ocrx_word' id='word_1_382' title='bbox 1930 5314 2194 5381; x_wconf 65' lang='lat' dir='ltr'><strong>Caesaris,</strong></span> 
     </span>
    </p>
   </div>
   <div class='ocr_carea' id='block_1_58' title="bbox 552 5403 2196 5492">
    <p class='ocr_par' dir='ltr' id='par_1_58' title="bbox 552 5403 2196 5492">
     <span class='ocr_line' id='line_1_58' title="bbox 552 5403 2196 5492; baseline -0.01 -17"><span class='ocrx_word' id='word_1_383' title='bbox 552 5420 653 5492; x_wconf 93' lang='lat' dir='ltr'><strong>qui</strong></span> <span class='ocrx_word' id='word_1_384' title='bbox 684 5412 977 5487; x_wconf 90' lang='lat' dir='ltr'><strong>congiario</strong></span> <span class='ocrx_word' id='word_1_385' title='bbox 1001 5411 1119 5465; x_wconf 88' lang='lat' dir='ltr'><strong>sive</strong></span> <span class='ocrx_word' id='word_1_386' title='bbox 1150 5406 1401 5470; x_wconf 86' lang='lat' dir='ltr'><strong>muneri,</strong></span> <span class='ocrx_word' id='word_1_387' title='bbox 1446 5405 1786 5477; x_wconf 89' lang='lat' dir='ltr'><strong>plerumque</strong></span> <span class='ocrx_word' id='word_1_388' title='bbox 1837 5403 2196 5477; x_wconf 90' lang='lat' dir='ltr'><strong>peeuniario,</strong></span> 
     </span>
    </p>
   </div>
   <div class='ocr_carea' id='block_1_59' title="bbox 552 5495 2199 5581">
    <p class='ocr_par' dir='ltr' id='par_1_59' title="bbox 552 5495 2199 5581">
     <span class='ocr_line' id='line_1_59' title="bbox 552 5495 2199 5581; baseline -0.011 -17"><span class='ocrx_word' id='word_1_389' title='bbox 552 5507 707 5581; x_wconf 87' lang='lat' dir='ltr'><strong>plebi</strong></span> <span class='ocrx_word' id='word_1_390' title='bbox 767 5509 868 5559; x_wconf 91' lang='lat' dir='ltr'><strong>aut</strong></span> <span class='ocrx_word' id='word_1_391' title='bbox 925 5499 1212 5556; x_wconf 89' lang='lat' dir='ltr'><strong>militibus</strong></span> <span class='ocrx_word' id='word_1_392' title='bbox 1263 5495 1572 5550; x_wconf 90' lang='lat' dir='ltr'><strong>dividendo</strong></span> <span class='ocrx_word' id='word_1_393' title='bbox 1634 5501 1929 5566; x_wconf 69' lang='lat' dir='ltr'><strong>praeesset,</strong></span> <span class='ocrx_word' id='word_1_394' title='bbox 1989 5497 2090 5547; x_wconf 90' lang='lat' dir='ltr'><strong>aut</strong></span> <span class='ocrx_word' id='word_1_395' title='bbox 2137 5507 2199 5546; x_wconf 87' lang='lat' dir='ltr'><strong>se</strong></span> 
     </span>
    </p>
   </div>
   <div class='ocr_carea' id='block_1_60' title="bbox 556 5583 2197 5667">
    <p class='ocr_par' dir='ltr' id='par_1_60' title="bbox 556 5583 2197 5667">
     <span class='ocr_line' id='line_1_60' title="bbox 556 5583 2197 5667; baseline -0.011 -15"><span class='ocrx_word' id='word_1_396' title='bbox 556 5600 835 5667; x_wconf 75' lang='lat' dir='ltr'><strong>praesente</strong></span> <span class='ocrx_word' id='word_1_397' title='bbox 864 5588 1045 5645; x_wconf 90' lang='lat' dir='ltr'><strong>dividi</strong></span> <span class='ocrx_word' id='word_1_398' title='bbox 1078 5587 1335 5657; x_wconf 82' lang='lat' dir='ltr'><strong>jubeiet.</strong></span> <span class='ocrx_word' id='word_1_399' title='bbox 1376 5586 1497 5638; x_wconf 83' lang='lat' dir='ltr'><strong>Mos</strong></span> <span class='ocrx_word' id='word_1_400' title='bbox 1555 5583 1771 5654; x_wconf 91' lang='lat' dir='ltr'><strong>quippe</strong></span> <span class='ocrx_word' id='word_1_401' title='bbox 1829 5587 1954 5637; x_wconf 90' lang='lat' dir='ltr'><strong>erat</strong></span> <span class='ocrx_word' id='word_1_402' title='bbox 2010 5584 2197 5636; x_wconf 66' lang='lat' dir='ltr'><strong>Caesa-</strong></span> 
     </span>
    </p>
   </div>
   <div class='ocr_carea' id='block_1_61' title="bbox 554 5670 2200 5748">
    <p class='ocr_par' dir='ltr' id='par_1_61' title="bbox 554 5670 2200 5748">
     <span class='ocr_line' id='line_1_61' title="bbox 554 5670 2200 5748; baseline -0.019 -4"><span class='ocrx_word' id='word_1_403' title='bbox 554 5687 718 5744; x_wconf 86' lang='lat' dir='ltr'><strong>ribus</strong></span> <span class='ocrx_word' id='word_1_404' title='bbox 746 5695 950 5740; x_wconf 87' lang='lat' dir='ltr'><strong>recens</strong></span> <span class='ocrx_word' id='word_1_405' title='bbox 980 5676 1204 5748; x_wconf 88' lang='lat' dir='ltr'><strong>electis,</strong></span> <span class='ocrx_word' id='word_1_406' title='bbox 1233 5677 1335 5730; x_wconf 88' lang='lat' dir='ltr'><strong>aut</strong></span> <span class='ocrx_word' id='word_1_407' title='bbox 1388 5674 1452 5728; x_wconf 92' lang='lat' dir='ltr'><strong>ut</strong></span> <span class='ocrx_word' id='word_1_408' title='bbox 1509 5670 1645 5744; x_wconf 85' lang='lat' dir='ltr'><strong>eligi</strong></span> <span class='ocrx_word' id='word_1_409' title='bbox 1703 5678 1966 5745; x_wconf 87' lang='lat' dir='ltr'><strong>possent,</strong></span> <span class='ocrx_word' id='word_1_410' title='bbox 1999 5670 2200 5742; x_wconf 63' lang='lat' dir='ltr'><strong>hujus.</strong></span> 
     </span>
    </p>
   </div>
   <div class='ocr_carea' id='block_1_62' title="bbox 2281 551 3820 637">
    <p class='ocr_par' dir='ltr' id='par_1_62' title="bbox 2281 551 3820 637">
     <span class='ocr_line' id='line_1_62' title="bbox 2281 551 3820 637; baseline -0.01 -18"><span class='ocrx_word' id='word_1_411' title='bbox 2281 564 2610 637; x_wconf 88' lang='lat' dir='ltr'><strong>largitionis</strong></span> <span class='ocrx_word' id='word_1_412' title='bbox 2642 561 2907 633; x_wconf 82' lang='lat' dir='ltr'><strong>exempla</strong></span> <span class='ocrx_word' id='word_1_413' title='bbox 2923 559 3076 631; x_wconf 90' lang='lat' dir='ltr'><strong>apud</strong></span> <span class='ocrx_word' id='word_1_414' title='bbox 3110 551 3607 611; x_wconf 62' lang='lat' dir='ltr'><strong>Romanahislorie</strong></span> <span class='ocrx_word' id='word_1_415' title='bbox 3633 551 3820 621; x_wconf 90' lang='lat' dir='ltr'><strong>scripto-</strong></span> 
     </span>
    </p>
   </div>
   <div class='ocr_carea' id='block_1_63' title="bbox 2281 638 3824 726">
    <p class='ocr_par' dir='ltr' id='par_1_63' title="bbox 2281 638 3824 726">
     <span class='ocr_line' id='line_1_63' title="bbox 2281 638 3824 726; baseline -0.012 -16"><span class='ocrx_word' id='word_1_416' title='bbox 2281 671 2373 710; x_wconf 90' lang='lat' dir='ltr'><strong>res</strong></span> <span class='ocrx_word' id='word_1_417' title='bbox 2404 653 2623 726; x_wconf 86' lang='lat' dir='ltr'><strong>passim</strong></span> <span class='ocrx_word' id='word_1_418' title='bbox 2658 650 2911 723; x_wconf 83' lang='lat' dir='ltr'><strong>reperire</strong></span> <span class='ocrx_word' id='word_1_419' title='bbox 2942 654 3049 704; x_wconf 90' lang='lat' dir='ltr'><strong>est.</strong></span> <span class='ocrx_word' id='word_1_420' title='bbox 3082 646 3136 702; x_wconf 91' lang='lat' dir='ltr'><strong>Si</strong></span> <span class='ocrx_word' id='word_1_421' title='bbox 3192 644 3318 717; x_wconf 85' lang='lat' dir='ltr'><strong>quis</strong></span> <span class='ocrx_word' id='word_1_422' title='bbox 3347 647 3524 697; x_wconf 87' lang='lat' dir='ltr'><strong>tamen</strong></span> <span class='ocrx_word' id='word_1_423' title='bbox 3567 638 3729 710; x_wconf 85' lang='lat' dir='ltr'><strong>aliqua</strong></span> <span class='ocrx_word' id='word_1_424' title='bbox 3751 639 3824 693; x_wconf 84' lang='lat' dir='ltr'><strong>de-</strong></span> 
     </span>
    </p>
   </div>
   <div class='ocr_carea' id='block_1_64' title="bbox 2280 728 3823 810">
    <p class='ocr_par' dir='ltr' id='par_1_64' title="bbox 2280 728 3823 810">
     <span class='ocr_line' id='line_1_64' title="bbox 2280 728 3823 810; baseline -0.01 -12"><span class='ocrx_word' id='word_1_425' title='bbox 2280 743 2519 809; x_wconf 80' lang='lat' dir='ltr'><strong>siderat,</strong></span> <span class='ocrx_word' id='word_1_426' title='bbox 2551 759 2619 797; x_wconf 85' lang='lat' dir='ltr'><strong>ex</strong></span> <span class='ocrx_word' id='word_1_427' title='bbox 2646 740 2740 795; x_wconf 90' lang='lat' dir='ltr'><strong>his</strong></span> <span class='ocrx_word' id='word_1_428' title='bbox 2774 755 2959 810; x_wconf 81' lang='lat' dir='ltr'><strong>pauca</strong></span> <span class='ocrx_word' id='word_1_429' title='bbox 2994 736 3322 808; x_wconf 79' lang='lat' dir='ltr'><strong>seligemus.</strong></span> <span class='ocrx_word' id='word_1_430' title='bbox 3377 728 3619 785; x_wconf 87' lang='lat' dir='ltr'><strong>Claudius</strong></span> <span class='ocrx_word' id='word_1_431' title='bbox 3646 732 3823 798; x_wconf 87' lang='lat' dir='ltr'><strong>postero</strong></span> 
     </span>
    </p>
   </div>
   <div class='ocr_carea' id='block_1_65' title="bbox 2280 816 3825 902">
    <p class='ocr_par' dir='ltr' id='par_1_65' title="bbox 2280 816 3825 902">
     <span class='ocr_line' id='line_1_65' title="bbox 2280 816 3825 902; baseline -0.01 -15"><span class='ocrx_word' id='word_1_432' title='bbox 2280 833 2392 902; x_wconf 87' lang='lat' dir='ltr'><strong>die,</strong></span> <span class='ocrx_word' id='word_1_433' title='bbox 2426 847 2541 902; x_wconf 92' lang='lat' dir='ltr'><strong>quo</strong></span> <span class='ocrx_word' id='word_1_434' title='bbox 2575 831 2645 885; x_wconf 86' lang='lat' dir='ltr'><strong>ad</strong></span> <span class='ocrx_word' id='word_1_435' title='bbox 2679 828 2995 901; x_wconf 91' lang='lat' dir='ltr'><strong>imperium</strong></span> <span class='ocrx_word' id='word_1_436' title='bbox 3041 845 3075 881; x_wconf 90' lang='lat' dir='ltr'><strong>a</strong></span> <span class='ocrx_word' id='word_1_437' title='bbox 3105 822 3384 879; x_wconf 84' lang='lat' dir='ltr'><strong>militibus</strong></span> <span class='ocrx_word' id='word_1_438' title='bbox 3438 822 3632 890; x_wconf 87' lang='lat' dir='ltr'><strong>raptus,</strong></span> <span class='ocrx_word' id='word_1_439' title='bbox 3678 816 3825 887; x_wconf 86' lang='lat' dir='ltr'><strong>potius</strong></span> 
     </span>
    </p>
   </div>
   <div class='ocr_carea' id='block_1_66' title="bbox 2279 906 3824 991">
    <p class='ocr_par' dir='ltr' id='par_1_66' title="bbox 2279 906 3824 991">
     <span class='ocr_line' id='line_1_66' title="bbox 2279 906 3824 991; baseline -0.013 -14"><span class='ocrx_word' id='word_1_440' title='bbox 2279 938 2456 991; x_wconf 83' lang='lat' dir='ltr'><strong>quam</strong></span> <span class='ocrx_word' id='word_1_441' title='bbox 2489 920 2709 975; x_wconf 88' lang='lat' dir='ltr'><strong>electus</strong></span> <span class='ocrx_word' id='word_1_442' title='bbox 2769 918 2897 984; x_wconf 89' lang='lat' dir='ltr'><strong>fuit,</strong></span> <span class='ocrx_word' id='word_1_443' title='bbox 2963 919 3236 979; x_wconf 89' lang='lat' dir='ltr'><strong>armatos,</strong></span> <span class='ocrx_word' id='word_1_444' title='bbox 3295 910 3373 965; x_wconf 91' lang='lat' dir='ltr'><strong>ait</strong></span> <span class='ocrx_word' id='word_1_445' title='bbox 3424 906 3710 969; x_wconf 83' lang='lat' dir='ltr'><strong>Suetonius,</strong></span> <span class='ocrx_word' id='word_1_446' title='bbox 3750 922 3824 976; x_wconf 85' lang='lat' dir='ltr'><strong>pro</strong></span> 
     </span>
    </p>
   </div>
   <div class='ocr_carea' id='block_1_67' title="bbox 2277 1005 3825 1077">
    <p class='ocr_par' dir='ltr' id='par_1_67' title="bbox 2277 1005 3825 1077">
     <span class='ocr_line' id='line_1_67' title="bbox 2277 1005 3825 1077; baseline -0.012 -12"><span class='ocrx_word' id='word_1_447' title='bbox 2277 1011 2552 1066; x_wconf 87' lang='lat' dir='ltr'><strong>concione</strong></span> <span class='ocrx_word' id='word_1_448' title='bbox 2584 1008 2786 1065; x_wconf 76' lang='lat'><strong>1059</strong></span> <span class='ocrx_word' id='word_1_449' title='bbox 2838 1007 3042 1077; x_wconf 90' lang='lat' dir='ltr'><strong>jurare</strong></span> <span class='ocrx_word' id='word_1_450' title='bbox 3088 1005 3149 1058; x_wconf 89' lang='lat' dir='ltr'><strong>in</strong></span> <span class='ocrx_word' id='word_1_451' title='bbox 3210 1017 3413 1057; x_wconf 90' lang='lat' dir='ltr'><strong>nomen</strong></span> <span class='ocrx_word' id='word_1_452' title='bbox 3465 1012 3618 1052; x_wconf 89' lang='lat' dir='ltr'><strong>suum</strong></span> <span class='ocrx_word' id='word_1_453' title='bbox 3665 1011 3825 1066; x_wconf 83' lang='lat' dir='ltr'><strong>passus</strong></span> 
     </span>
    </p>
   </div>
   <div class='ocr_carea' id='block_1_68' title="bbox 2277 1083 3816 1171">
    <p class='ocr_par' dir='ltr' id='par_1_68' title="bbox 2277 1083 3816 1171">
     <span class='ocr_line' id='line_1_68' title="bbox 2277 1083 3816 1171; baseline -0.014 -15"><span class='ocrx_word' id='word_1_454' title='bbox 2277 1104 2384 1168; x_wconf 89' lang='lat' dir='ltr'><strong>est,</strong></span> <span class='ocrx_word' id='word_1_455' title='bbox 2418 1099 2805 1171; x_wconf 83' lang='lat' dir='ltr'><strong>promisitque</strong></span> <span class='ocrx_word' id='word_1_456' title='bbox 2837 1093 3088 1167; x_wconf 90' lang='lat' dir='ltr'><strong>singulis</strong></span> <span class='ocrx_word' id='word_1_457' title='bbox 3120 1091 3440 1164; x_wconf 89' lang='lat' dir='ltr'><strong>quinadena</strong></span> <span class='ocrx_word' id='word_1_458' title='bbox 3468 1084 3717 1151; x_wconf 83' lang='lat' dir='ltr'><strong>sextertia,</strong></span> <span class='ocrx_word' id='word_1_459' title='bbox 3739 1083 3816 1153; x_wconf 87' lang='lat' dir='ltr'><strong>pri-</strong></span> 
     </span>
    </p>
   </div>
   <div class='ocr_carea' id='block_1_69' title="bbox 2279 1172 3826 1249">
    <p class='ocr_par' dir='ltr' id='par_1_69' title="bbox 2279 1172 3826 1249">
     <span class='ocr_line' id='line_1_69' title="bbox 2279 1172 3826 1249; baseline -0.014 -4"><span class='ocrx_word' id='word_1_460' title='bbox 2279 1205 2413 1244; x_wconf 87' lang='lat' dir='ltr'><strong>mus</strong></span> <span class='ocrx_word' id='word_1_461' title='bbox 2444 1188 2734 1244; x_wconf 66' lang='lat' dir='ltr'><strong>Caesarum</strong></span> <span class='ocrx_word' id='word_1_462' title='bbox 2768 1187 2939 1240; x_wconf 87' lang='lat' dir='ltr'><strong>fidem</strong></span> <span class='ocrx_word' id='word_1_463' title='bbox 2974 1182 3178 1237; x_wconf 87' lang='lat' dir='ltr'><strong>militis</strong></span> <span class='ocrx_word' id='word_1_464' title='bbox 3230 1181 3398 1236; x_wconf 90' lang='lat' dir='ltr'><strong>etiam</strong></span> <span class='ocrx_word' id='word_1_465' title='bbox 3438 1173 3646 1249; x_wconf 74' lang='lat' dir='ltr'><strong>priemio</strong></span> <span class='ocrx_word' id='word_1_466' title='bbox 3673 1172 3826 1243; x_wconf 84' lang='lat' dir='ltr'><strong>pigne-</strong></span> 
     </span>
    </p>
   </div>
   <div class='ocr_carea' id='block_1_70' title="bbox 2278 1259 3826 1347">
    <p class='ocr_par' dir='ltr' id='par_1_70' title="bbox 2278 1259 3826 1347">
     <span class='ocr_line' id='line_1_70' title="bbox 2278 1259 3826 1347; baseline -0.013 -14"><span class='ocrx_word' id='word_1_467' title='bbox 2278 1282 2443 1333; x_wconf 85' lang='lat' dir='ltr'><strong>ratus</strong></span> <span class='ocrx_word' id='word_1_468' title='bbox 2474 1298 2502 1326; x_wconf 87' lang='lat'>»</span> <span class='ocrx_word' id='word_1_469' title='bbox 2560 1277 2816 1347; x_wconf 89' lang='lat' dir='ltr'><strong>(Sueton.</strong></span> <span class='ocrx_word' id='word_1_470' title='bbox 2876 1275 2936 1328; x_wconf 86' lang='lat' dir='ltr'><strong>in</strong></span> <span class='ocrx_word' id='word_1_471' title='bbox 3001 1274 3117 1329; x_wconf 87' lang='lat' dir='ltr'><strong>Vita</strong></span> <span class='ocrx_word' id='word_1_472' title='bbox 3148 1268 3443 1334; x_wconf 79' lang='lat' dir='ltr'><strong>Claudii,§</strong></span> <span class='ocrx_word' id='word_1_473' title='bbox 3498 1264 3594 1332; x_wconf 88' lang='grc'><strong>10).</strong></span> <span class='ocrx_word' id='word_1_474' title='bbox 3643 1259 3826 1316; x_wconf 88' lang='lat' dir='ltr'><strong>Claudio</strong></span> 
     </span>
    </p>
   </div>
   <div class='ocr_carea' id='block_1_71' title="bbox 2279 1346 3829 1436">
    <p class='ocr_par' dir='ltr' id='par_1_71' title="bbox 2279 1346 3829 1436">
     <span class='ocr_line' id='line_1_71' title="bbox 2279 1346 3829 1436; baseline -0.015 -14"><span class='ocrx_word' id='word_1_475' title='bbox 2279 1372 2475 1423; x_wconf 88' lang='lat' dir='ltr'><strong>autem</strong></span> <span class='ocrx_word' id='word_1_476' title='bbox 2509 1370 2758 1436; x_wconf 89' lang='lat' dir='ltr'><strong>mortuo,</strong></span> <span class='ocrx_word' id='word_1_477' title='bbox 2787 1387 2813 1413; x_wconf 86' lang='grc'><em>‹‹</em></span> <span class='ocrx_word' id='word_1_478' title='bbox 2848 1362 3046 1418; x_wconf 91' lang='lat' dir='ltr'><strong>illatus</strong></span> <span class='ocrx_word' id='word_1_479' title='bbox 3076 1364 3165 1416; x_wconf 90' lang='lat' dir='ltr'><strong>est</strong></span> <span class='ocrx_word' id='word_1_480' title='bbox 3190 1357 3390 1414; x_wconf 86' lang='lat' dir='ltr'><strong>castris</strong></span> <span class='ocrx_word' id='word_1_481' title='bbox 3423 1354 3613 1422; x_wconf 86' lang='lat' dir='ltr'><strong>Nero,»</strong></span> <span class='ocrx_word' id='word_1_482' title='bbox 3640 1346 3829 1403; x_wconf 84' lang='lat' dir='ltr'><strong>Cornelii</strong></span> 
     </span>
    </p>
   </div>
   <div class='ocr_carea' id='block_1_72' title="bbox 2277 1439 3826 1521">
    <p class='ocr_par' dir='ltr' id='par_1_72' title="bbox 2277 1439 3826 1521">
     <span class='ocr_line' id='line_1_72' title="bbox 2277 1439 3826 1521; baseline -0.012 -11"><span class='ocrx_word' id='word_1_483' title='bbox 2277 1455 2460 1512; x_wconf 88' lang='lat' dir='ltr'><strong>Taciti</strong></span> <span class='ocrx_word' id='word_1_484' title='bbox 2490 1456 2667 1511; x_wconf 89' lang='lat' dir='ltr'><strong>verba</strong></span> <span class='ocrx_word' id='word_1_485' title='bbox 2697 1458 2855 1521; x_wconf 90' lang='lat' dir='ltr'><strong>sunt,</strong></span> <span class='ocrx_word' id='word_1_486' title='bbox 2889 1475 2913 1505; x_wconf 73' lang='grc' dir='ltr'><strong><em>α</em></strong></span> <span class='ocrx_word' id='word_1_487' title='bbox 2949 1456 3005 1507; x_wconf 88' lang='lat' dir='ltr'><strong>et</strong></span> <span class='ocrx_word' id='word_1_488' title='bbox 3035 1446 3414 1521; x_wconf 86' lang='lat' dir='ltr'><strong>congruentia</strong></span> <span class='ocrx_word' id='word_1_489' title='bbox 3465 1439 3681 1512; x_wconf 88' lang='lat' dir='ltr'><strong>tempori</strong></span> <span class='ocrx_word' id='word_1_490' title='bbox 3720 1454 3826 1507; x_wconf 64' lang='lat' dir='ltr'><strong>pra</strong></span> 
     </span>
    </p>
   </div>
   <div class='ocr_carea' id='block_1_73' title="bbox 2279 1530 3825 1615">
    <p class='ocr_par' dir='ltr' id='par_1_73' title="bbox 2279 1530 3825 1615">
     <span class='ocr_line' id='line_1_73' title="bbox 2279 1530 3825 1615; baseline -0.015 -15"><span class='ocrx_word' id='word_1_491' title='bbox 2279 1546 2457 1614; x_wconf 87' lang='lat' dir='ltr'><strong>fatus,</strong></span> <span class='ocrx_word' id='word_1_492' title='bbox 2491 1544 2780 1615; x_wconf 85' lang='lat' dir='ltr'><strong>promisso</strong></span> <span class='ocrx_word' id='word_1_493' title='bbox 2826 1541 3098 1597; x_wconf 80' lang='lat' dir='ltr'><strong>donativo</strong></span> <span class='ocrx_word' id='word_1_494' title='bbox 3147 1539 3217 1593; x_wconf 92' lang='lat' dir='ltr'><strong>ad</strong></span> <span class='ocrx_word' id='word_1_495' title='bbox 3277 1530 3586 1604; x_wconf 88' lang='lat' dir='ltr'><strong>exemplum</strong></span> <span class='ocrx_word' id='word_1_496' title='bbox 3637 1530 3825 1615; x_wconf 73' lang='lat' dir='ltr'><strong>paterna</strong></span> 
     </span>
    </p>
   </div>
   <div class='ocr_carea' id='block_1_74' title="bbox 2279 1614 3824 1705">
    <p class='ocr_par' dir='ltr' id='par_1_74' title="bbox 2279 1614 3824 1705">
     <span class='ocr_line' id='line_1_74' title="bbox 2279 1614 3824 1705; baseline -0.015 -17"><span class='ocrx_word' id='word_1_497' title='bbox 2279 1614 2631 1705; x_wconf 78' lang='lat' dir='ltr'><strong>largitionis,</strong></span> <span class='ocrx_word' id='word_1_498' title='bbox 2660 1632 2979 1704; x_wconf 89' lang='lat' dir='ltr'><strong>imperator</strong></span> <span class='ocrx_word' id='word_1_499' title='bbox 3003 1628 3405 1684; x_wconf 86' lang='lat' dir='ltr'><strong>consalutatur</strong></span> <span class='ocrx_word' id='word_1_500' title='bbox 3434 1644 3460 1671; x_wconf 84' lang='lat'>»</span> <span class='ocrx_word' id='word_1_501' title='bbox 3490 1617 3667 1692; x_wconf 91' lang='lat' dir='ltr'><strong>(Tacit.</strong></span> <span class='ocrx_word' id='word_1_502' title='bbox 3686 1614 3824 1705; x_wconf 79' lang='lat' dir='ltr'><strong>inlin.</strong></span> 
     </span>
    </p>
   </div>
   <div class='ocr_carea' id='block_1_75' title="bbox 2278 1703 3830 1792">
    <p class='ocr_par' dir='ltr' id='par_1_75' title="bbox 2278 1703 3830 1792">
     <span class='ocr_line' id='line_1_75' title="bbox 2278 1703 3830 1792; baseline -0.016 -14"><span class='ocrx_word' id='word_1_503' title='bbox 2278 1703 2396 1778; x_wconf 47' lang='lat' dir='ltr'><strong>lib:</strong></span> <span class='ocrx_word' id='word_1_504' title='bbox 2416 1739 2495 1777; x_wconf 83' lang='lat' dir='ltr'><strong>x11</strong></span> <span class='ocrx_word' id='word_1_505' title='bbox 2524 1703 2772 1792; x_wconf 82' lang='lat' dir='ltr'><strong>Annal.).</strong></span> <span class='ocrx_word' id='word_1_506' title='bbox 2822 1720 3127 1774; x_wconf 87' lang='lat' dir='ltr'><strong>Testatum</strong></span> <span class='ocrx_word' id='word_1_507' title='bbox 3185 1732 3320 1770; x_wconf 91' lang='lat' dir='ltr'><strong>vero</strong></span> <span class='ocrx_word' id='word_1_508' title='bbox 3377 1712 3690 1784; x_wconf 86' lang='lat' dir='ltr'><strong>Spartianus</strong></span> <span class='ocrx_word' id='word_1_509' title='bbox 3736 1703 3830 1756; x_wconf 83' lang='lat' dir='ltr'><strong>facit</strong></span> 
     </span>
    </p>
   </div>
   <div class='ocr_carea' id='block_1_76' title="bbox 2278 1791 3828 1876">
    <p class='ocr_par' dir='ltr' id='par_1_76' title="bbox 2278 1791 3828 1876">
     <span class='ocr_line' id='line_1_76' title="bbox 2278 1791 3828 1876; baseline -0.016 -8"><span class='ocrx_word' id='word_1_510' title='bbox 2278 1814 2350 1869; x_wconf 88' lang='lat' dir='ltr'><strong>ab</strong></span> <span class='ocrx_word' id='word_1_511' title='bbox 2376 1812 2625 1867; x_wconf 87' lang='lat' dir='ltr'><strong>Adriano</strong></span> <span class='ocrx_word' id='word_1_512' title='bbox 2652 1811 2849 1866; x_wconf 87' lang='lat' dir='ltr'><strong>datam</strong></span> <span class='ocrx_word' id='word_1_513' title='bbox 2886 1808 3175 1863; x_wconf 89' lang='lat' dir='ltr'><strong>militibus</strong></span> <span class='ocrx_word' id='word_1_514' title='bbox 3226 1801 3510 1876; x_wconf 84' lang='lat' dir='ltr'><strong>duplicem</strong></span> <span class='ocrx_word' id='word_1_515' title='bbox 3561 1799 3624 1853; x_wconf 94' lang='lat' dir='ltr'><strong>ob</strong></span> <span class='ocrx_word' id='word_1_516' title='bbox 3660 1791 3828 1865; x_wconf 83' lang='lat' dir='ltr'><strong>imperii</strong></span> 
     </span>
    </p>
   </div>
   <div class='ocr_carea' id='block_1_77' title="bbox 2277 1882 3826 1973">
    <p class='ocr_par' dir='ltr' id='par_1_77' title="bbox 2277 1882 3826 1973">
     <span class='ocr_line' id='line_1_77' title="bbox 2277 1882 3826 1973; baseline -0.014 -16"><span class='ocrx_word' id='word_1_517' title='bbox 2277 1902 2538 1973; x_wconf 88' lang='lat' dir='ltr'><strong>auspicia</strong></span> <span class='ocrx_word' id='word_1_518' title='bbox 2581 1900 2947 1972; x_wconf 87' lang='lat' dir='ltr'><strong>largitionem</strong></span> <span class='ocrx_word' id='word_1_519' title='bbox 3000 1895 3312 1968; x_wconf 88' lang='lat' dir='ltr'><strong>(Spartian.</strong></span> <span class='ocrx_word' id='word_1_520' title='bbox 3373 1892 3425 1946; x_wconf 88' lang='lat' dir='ltr'><strong>in</strong></span> <span class='ocrx_word' id='word_1_521' title='bbox 3488 1891 3595 1944; x_wconf 79' lang='lat' dir='ltr'><strong>Vita</strong></span> <span class='ocrx_word' id='word_1_522' title='bbox 3635 1882 3826 1945; x_wconf 80' lang='lat' dir='ltr'><strong>Adriani,</strong></span> 
     </span>
    </p>
   </div>
   <div class='ocr_carea' id='block_1_78' title="bbox 2278 1976 3824 2063">
    <p class='ocr_par' dir='ltr' id='par_1_78' title="bbox 2278 1976 3824 2063">
     <span class='ocr_line' id='line_1_78' title="bbox 2278 1976 3824 2063; baseline -0.016 -16"><span class='ocrx_word' id='word_1_523' title='bbox 2278 1995 2407 2063; x_wconf 88' lang='lat' dir='ltr'><strong>post</strong></span> <span class='ocrx_word' id='word_1_524' title='bbox 2441 1990 2617 2061; x_wconf 89' lang='lat' dir='ltr'><strong>init.),</strong></span> <span class='ocrx_word' id='word_1_525' title='bbox 2642 1995 2697 2044; x_wconf 92' lang='lat' dir='ltr'><strong>et</strong></span> <span class='ocrx_word' id='word_1_526' title='bbox 2731 1986 3102 2059; x_wconf 88' lang='lat' dir='ltr'><strong>Lampridius</strong></span> <span class='ocrx_word' id='word_1_527' title='bbox 3157 1983 3305 2038; x_wconf 87' lang='lat' dir='ltr'><strong>alias</strong></span> <span class='ocrx_word' id='word_1_528' title='bbox 3360 1980 3430 2036; x_wconf 91' lang='lat' dir='ltr'><strong>ab</strong></span> <span class='ocrx_word' id='word_1_529' title='bbox 3467 1976 3709 2043; x_wconf 87' lang='lat' dir='ltr'><strong>Macrino,</strong></span> <span class='ocrx_word' id='word_1_530' title='bbox 3733 1986 3824 2063; x_wconf 80' lang='lat' dir='ltr'><strong>cuin</strong></span> 
     </span>
    </p>
   </div>
   <div class='ocr_carea' id='block_1_79' title="bbox 2274 2058 3828 2144">
    <p class='ocr_par' dir='ltr' id='par_1_79' title="bbox 2274 2058 3828 2144">
     <span class='ocr_line' id='line_1_79' title="bbox 2274 2058 3828 2144; baseline -0.017 -9"><span class='ocrx_word' id='word_1_531' title='bbox 2274 2079 2633 2135; x_wconf 81' lang='lat' dir='ltr'><strong>Antoninum</strong></span> <span class='ocrx_word' id='word_1_532' title='bbox 2663 2058 3090 2132; x_wconf 88' lang='lat' dir='ltr'><strong>Diadumenum</strong></span> <span class='ocrx_word' id='word_1_533' title='bbox 3122 2074 3523 2144; x_wconf 87' lang='lat' dir='ltr'><strong>imperatorem</strong></span> <span class='ocrx_word' id='word_1_534' title='bbox 3556 2058 3828 2120; x_wconf 77' lang='lat' dir='ltr'><strong>renuntiavit</strong></span> 
     </span>
    </p>
   </div>
   <div class='ocr_carea' id='block_1_80' title="bbox 2276 2153 3824 2239">
    <p class='ocr_par' dir='ltr' id='par_1_80' title="bbox 2276 2153 3824 2239">
     <span class='ocr_line' id='line_1_80' title="bbox 2276 2153 3824 2239; baseline -0.014 -17"><span class='ocrx_word' id='word_1_535' title='bbox 2276 2168 2620 2239; x_wconf 77' lang='lat' dir='ltr'><strong>(Lamprid,</strong></span> <span class='ocrx_word' id='word_1_536' title='bbox 2656 2166 2782 2221; x_wconf 91' lang='lat' dir='ltr'><strong>init.</strong></span> <span class='ocrx_word' id='word_1_537' title='bbox 2822 2167 2952 2221; x_wconf 68' lang='lat' dir='ltr'><strong>Vita?</strong></span> <span class='ocrx_word' id='word_1_538' title='bbox 2982 2166 3177 2218; x_wconf 82' lang='lat' dir='ltr'><strong>Anton.</strong></span> <span class='ocrx_word' id='word_1_539' title='bbox 3215 2159 3509 2228; x_wconf 72' lang='lat' dir='ltr'><strong>Dicdum).</strong></span> <span class='ocrx_word' id='word_1_540' title='bbox 3564 2154 3652 2209; x_wconf 89' lang='lat' dir='ltr'><strong>Cui</strong></span> <span class='ocrx_word' id='word_1_541' title='bbox 3687 2153 3824 2239; x_wconf 68' lang='lat' dir='ltr'><strong>autern</strong></span> 
     </span>
    </p>
   </div>
   <div class='ocr_carea' id='block_1_81' title="bbox 2277 2235 3824 2323">
    <p class='ocr_par' dir='ltr' id='par_1_81' title="bbox 2277 2235 3824 2323">
     <span class='ocr_line' id='line_1_81' title="bbox 2277 2235 3824 2323; baseline -0.017 -9"><span class='ocrx_word' id='word_1_542' title='bbox 2277 2235 2395 2314; x_wconf 84' lang='lat' dir='ltr'><strong>haec</strong></span> <span class='ocrx_word' id='word_1_543' title='bbox 2428 2235 2569 2312; x_wconf 79' lang='lat' dir='ltr'><strong>satis</strong></span> <span class='ocrx_word' id='word_1_544' title='bbox 2604 2235 2713 2310; x_wconf 82' lang='lat' dir='ltr'><strong>non</strong></span> <span class='ocrx_word' id='word_1_545' title='bbox 2749 2264 2938 2323; x_wconf 85' lang='lat' dir='ltr'><strong>erunt,</strong></span> <span class='ocrx_word' id='word_1_546' title='bbox 2998 2252 3093 2307; x_wconf 89' lang='lat' dir='ltr'><strong>hic</strong></span> <span class='ocrx_word' id='word_1_547' title='bbox 3150 2252 3323 2306; x_wconf 85' lang='lat' dir='ltr'><strong>adeat</strong></span> <span class='ocrx_word' id='word_1_548' title='bbox 3377 2241 3717 2302; x_wconf 80' lang='lat' dir='ltr'><strong>Bobertellum</strong></span> <span class='ocrx_word' id='word_1_549' title='bbox 3760 2235 3824 2305; x_wconf 72' lang='lat' dir='ltr'><strong>(de</strong></span> 
     </span>
    </p>
   </div>
   <div class='ocr_carea' id='block_1_82' title="bbox 2280 2326 3827 2415">
    <p class='ocr_par' dir='ltr' id='par_1_82' title="bbox 2280 2326 3827 2415">
     <span class='ocr_line' id='line_1_82' title="bbox 2280 2326 3827 2415; baseline -0.015 -12"><span class='ocrx_word' id='word_1_550' title='bbox 2280 2346 2550 2403; x_wconf 83' lang='lat' dir='ltr'><strong>Commod.</strong></span> <span class='ocrx_word' id='word_1_551' title='bbox 2582 2360 2802 2415; x_wconf 66' lang='lat' dir='ltr'><strong>praem,</strong></span> <span class='ocrx_word' id='word_1_552' title='bbox 2831 2343 2956 2398; x_wconf 81' lang='lat' dir='ltr'><strong>don.</strong></span> <span class='ocrx_word' id='word_1_553' title='bbox 2985 2341 3207 2408; x_wconf 79' lang='lat' dir='ltr'><strong>milit.),</strong></span> <span class='ocrx_word' id='word_1_554' title='bbox 3271 2337 3618 2393; x_wconf 81' lang='lat' dir='ltr'><strong>Pancirolum</strong></span> <span class='ocrx_word' id='word_1_555' title='bbox 3661 2330 3723 2401; x_wconf 90' lang='lat' dir='ltr'><strong>(in</strong></span> <span class='ocrx_word' id='word_1_556' title='bbox 3753 2326 3827 2381; x_wconf 82' lang='lat' dir='ltr'><strong>No-</strong></span> 
     </span>
    </p>
   </div>
   <div class='ocr_carea' id='block_1_83' title="bbox 2277 2412 3828 2507">
    <p class='ocr_par' dir='ltr' id='par_1_83' title="bbox 2277 2412 3828 2507">
     <span class='ocr_line' id='line_1_83' title="bbox 2277 2412 3828 2507; baseline -0.013 -18"><span class='ocrx_word' id='word_1_557' title='bbox 2277 2438 2361 2492; x_wconf 86' lang='lat' dir='ltr'><strong>tit.</strong></span> <span class='ocrx_word' id='word_1_558' title='bbox 2399 2412 2592 2507; x_wconf 48' lang='lat' dir='ltr'><strong>imper;</strong></span> <span class='ocrx_word' id='word_1_559' title='bbox 2629 2412 2855 2498; x_wconf 67' lang='lat' dir='ltr'><strong>Orient,</strong></span> <span class='ocrx_word' id='word_1_560' title='bbox 2891 2432 3131 2503; x_wconf 62' lang='lat' dir='ltr'><strong>cap.7lt)</strong></span> <span class='ocrx_word' id='word_1_561' title='bbox 3187 2434 3247 2484; x_wconf 90' lang='lat' dir='ltr'><strong>et</strong></span> <span class='ocrx_word' id='word_1_562' title='bbox 3306 2426 3465 2483; x_wconf 84' lang='lat' dir='ltr'><strong>alios.</strong></span> <span class='ocrx_word' id='word_1_563' title='bbox 3514 2412 3828 2507; x_wconf 74' lang='lat' dir='ltr'><strong>Gentilcsigi-</strong></span> 
     </span>
    </p>
   </div>
   <div class='ocr_carea' id='block_1_84' title="bbox 2279 2501 3831 2593">
    <p class='ocr_par' dir='ltr' id='par_1_84' title="bbox 2279 2501 3831 2593">
     <span class='ocr_line' id='line_1_84' title="bbox 2279 2501 3831 2593; baseline -0.015 -13"><span class='ocrx_word' id='word_1_564' title='bbox 2279 2529 2377 2580; x_wconf 91' lang='lat' dir='ltr'><strong>tur</strong></span> <span class='ocrx_word' id='word_1_565' title='bbox 2408 2524 2566 2579; x_wconf 90' lang='lat' dir='ltr'><strong>lucro</strong></span> <span class='ocrx_word' id='word_1_566' title='bbox 2599 2538 2829 2593; x_wconf 90' lang='lat' dir='ltr'><strong>semper</strong></span> <span class='ocrx_word' id='word_1_567' title='bbox 2861 2520 3041 2589; x_wconf 91' lang='lat' dir='ltr'><strong>ducti,</strong></span> <span class='ocrx_word' id='word_1_568' title='bbox 3067 2526 3130 2573; x_wconf 92' lang='lat' dir='ltr'><strong>ut</strong></span> <span class='ocrx_word' id='word_1_569' title='bbox 3161 2515 3496 2573; x_wconf 88' lang='lat' dir='ltr'><strong>donativum</strong></span> <span class='ocrx_word' id='word_1_570' title='bbox 3526 2509 3708 2581; x_wconf 67' lang='lat' dir='ltr'><strong>saepius</strong></span> <span class='ocrx_word' id='word_1_571' title='bbox 3732 2501 3831 2558; x_wconf 86' lang='lat' dir='ltr'><strong>acci-</strong></span> 
     </span>
    </p>
   </div>
   <div class='ocr_carea' id='block_1_85' title="bbox 2280 2592 3830 2686">
    <p class='ocr_par' dir='ltr' id='par_1_85' title="bbox 2280 2592 3830 2686">
     <span class='ocr_line' id='line_1_85' title="bbox 2280 2592 3830 2686; baseline -0.01 -18"><span class='ocrx_word' id='word_1_572' title='bbox 2280 2618 2503 2686; x_wconf 88' lang='lat' dir='ltr'><strong>perent,</strong></span> <span class='ocrx_word' id='word_1_573' title='bbox 2538 2611 2836 2684; x_wconf 86' lang='lat' dir='ltr'><strong>regnantis</strong></span> <span class='ocrx_word' id='word_1_574' title='bbox 2866 2608 3108 2665; x_wconf 68' lang='lat' dir='ltr'><strong>Caesaris</strong></span> <span class='ocrx_word' id='word_1_575' title='bbox 3140 2611 3411 2674; x_wconf 89' lang='lat' dir='ltr'><strong>mortem,</strong></span> <span class='ocrx_word' id='word_1_576' title='bbox 3469 2619 3528 2658; x_wconf 91' lang='lat' dir='ltr'><strong>ac</strong></span> <span class='ocrx_word' id='word_1_577' title='bbox 3580 2596 3706 2662; x_wconf 84' lang='lat' dir='ltr'><strong>novi,</strong></span> <span class='ocrx_word' id='word_1_578' title='bbox 3754 2592 3830 2646; x_wconf 75' lang='lat' dir='ltr'><strong>cilO</strong></span> 
     </span>
    </p>
   </div>
   <div class='ocr_carea' id='block_1_86' title="bbox 2282 2696 3391 2767">
    <p class='ocr_par' dir='ltr' id='par_1_86' title="bbox 2282 2696 3391 2767">
     <span class='ocr_line' id='line_1_86' title="bbox 2282 2696 3391 2767; baseline -0.008 -11"><span class='ocrx_word' id='word_1_579' title='bbox 2282 2707 2477 2756; x_wconf 86' lang='lat' dir='ltr'><strong>tamen</strong></span> <span class='ocrx_word' id='word_1_580' title='bbox 2511 2700 2775 2755; x_wconf 90' lang='lat' dir='ltr'><strong>morituri</strong></span> <span class='ocrx_word' id='word_1_581' title='bbox 2811 2714 3046 2754; x_wconf 89' lang='lat' dir='ltr'><strong>scenam</strong></span> <span class='ocrx_word' id='word_1_582' title='bbox 3088 2696 3391 2767; x_wconf 86' lang='lat' dir='ltr'><strong>Optabant.</strong></span> 
     </span>
    </p>
   </div>
   <div class='ocr_carea' id='block_1_87' title="bbox 2354 2774 3833 2862">
    <p class='ocr_par' dir='ltr' id='par_1_87' title="bbox 2354 2774 3833 2862">
     <span class='ocr_line' id='line_1_87' title="bbox 2354 2774 3833 2862; baseline -0.009 -17"><span class='ocrx_word' id='word_1_583' title='bbox 2354 2790 2531 2862; x_wconf 86' lang='lat' dir='ltr'><strong>Urget</strong></span> <span class='ocrx_word' id='word_1_584' title='bbox 2561 2789 2753 2844; x_wconf 89' lang='lat' dir='ltr'><strong>adhuc</strong></span> <span class='ocrx_word' id='word_1_585' title='bbox 2785 2790 2995 2842; x_wconf 79' lang='lat' dir='ltr'><strong>Auctor</strong></span> <span class='ocrx_word' id='word_1_586' title='bbox 3025 2790 3225 2840; x_wconf 89' lang='lat' dir='ltr'><strong>noster</strong></span> <span class='ocrx_word' id='word_1_587' title='bbox 3257 2799 3323 2839; x_wconf 93' lang='lat' dir='ltr'><strong>eo</strong></span> <span class='ocrx_word' id='word_1_588' title='bbox 3381 2788 3620 2850; x_wconf 88' lang='lat' dir='ltr'><strong>tempore</strong></span> <span class='ocrx_word' id='word_1_589' title='bbox 3652 2774 3833 2862; x_wconf 71' lang='lat' dir='ltr'><strong>ipsaque</strong></span> 
     </span>
    </p>
   </div>
   <div class='ocr_carea' id='block_1_88' title="bbox 2282 2860 3835 2944">
    <p class='ocr_par' dir='ltr' id='par_1_88' title="bbox 2282 2860 3835 2944">
     <span class='ocr_line' id='line_1_88' title="bbox 2282 2860 3835 2944; baseline -0.015 -11"><span class='ocrx_word' id='word_1_590' title='bbox 2282 2880 2427 2934; x_wconf 89' lang='lat' dir='ltr'><strong>bora</strong></span> <span class='ocrx_word' id='word_1_591' title='bbox 2454 2879 2602 2932; x_wconf 79' lang='lat' dir='ltr'><strong>hunc</strong></span> <span class='ocrx_word' id='word_1_592' title='bbox 2635 2893 2891 2942; x_wconf 69' lang='lat' dir='ltr'><strong>scenam,</strong></span> <span class='ocrx_word' id='word_1_593' title='bbox 2912 2881 3282 2944; x_wconf 89' lang='lat' dir='ltr'><strong>mortemque</strong></span> <span class='ocrx_word' id='word_1_594' title='bbox 3311 2869 3539 2925; x_wconf 67' lang='lat' dir='ltr'><strong>Caesaris</strong></span> <span class='ocrx_word' id='word_1_595' title='bbox 3566 2866 3629 2919; x_wconf 80' lang='lat' dir='ltr'><strong>ab</strong></span> <span class='ocrx_word' id='word_1_596' title='bbox 3656 2860 3747 2916; x_wconf 89' lang='lat' dir='ltr'><strong>illis</strong></span> <span class='ocrx_word' id='word_1_597' title='bbox 3767 2872 3835 2912; x_wconf 86' lang='lat' dir='ltr'><strong>cu-</strong></span> 
     </span>
    </p>
   </div>
   <div class='ocr_carea' id='block_1_89' title="bbox 2286 2959 3621 3041">
    <p class='ocr_par' dir='ltr' id='par_1_89' title="bbox 2286 2959 3621 3041">
     <span class='ocr_line' id='line_1_89' title="bbox 2286 2959 3621 3041; baseline -0.011 -18"><span class='ocrx_word' id='word_1_598' title='bbox 2286 2968 2483 3041; x_wconf 90' lang='lat' dir='ltr'><strong>pidius</strong></span> <span class='ocrx_word' id='word_1_599' title='bbox 2516 2967 2852 3038; x_wconf 87' lang='lat' dir='ltr'><strong>expetitam,</strong></span> <span class='ocrx_word' id='word_1_600' title='bbox 2882 2981 3013 3019; x_wconf 82' lang='lat' dir='ltr'><strong>cum</strong></span> <span class='ocrx_word' id='word_1_601' title='bbox 3049 2964 3161 3034; x_wconf 90' lang='lat' dir='ltr'><strong>ipsi</strong></span> <span class='ocrx_word' id='word_1_602' title='bbox 3197 2959 3621 3017; x_wconf 88' lang='lat' dir='ltr'><strong>acclamabant:</strong></span> 
     </span>
    </p>
   </div>
   <div class='ocr_carea' id='block_1_90' title="bbox 2499 3084 3653 3143">
    <p class='ocr_par' dir='ltr' id='par_1_90' title="bbox 2499 3084 3653 3143">
     <span class='ocr_line' id='line_1_90' title="bbox 2499 3084 3653 3143; baseline -0.013 -8"><span class='ocrx_word' id='word_1_603' title='bbox 2499 3090 2568 3135; x_wconf 89' lang='lat' dir='ltr'><strong>De</strong></span> <span class='ocrx_word' id='word_1_604' title='bbox 2596 3088 2775 3134; x_wconf 81' lang='lat' dir='ltr'><strong>nostris</strong></span> <span class='ocrx_word' id='word_1_605' title='bbox 2803 3087 2941 3132; x_wconf 87' lang='lat' dir='ltr'><strong>annis</strong></span> <span class='ocrx_word' id='word_1_606' title='bbox 2962 3085 3046 3129; x_wconf 87' lang='lat' dir='ltr'><strong>tibi</strong></span> <span class='ocrx_word' id='word_1_607' title='bbox 3066 3085 3121 3129; x_wconf 87' lang='lat' dir='ltr'><strong>Ju</strong></span> <span class='ocrx_word' id='word_1_608' title='bbox 3131 3084 3288 3143; x_wconf 84' lang='lat' dir='ltr'><strong>ppiter</strong></span> <span class='ocrx_word' id='word_1_609' title='bbox 3315 3084 3484 3139; x_wconf 76' lang='lat' dir='ltr'><strong>augeat</strong></span> <span class='ocrx_word' id='word_1_610' title='bbox 3508 3087 3653 3123; x_wconf 72' lang='lat' dir='ltr'><strong>annos.</strong></span> 
     </span>
    </p>
   </div>
   <div class='ocr_carea' id='block_1_91' title="bbox 2286 3178 3840 3256">
    <p class='ocr_par' dir='ltr' id='par_1_91' title="bbox 2286 3178 3840 3256">
     <span class='ocr_line' id='line_1_91' title="bbox 2286 3178 3840 3256; baseline -0.018 -1"><span class='ocrx_word' id='word_1_611' title='bbox 2286 3201 2397 3256; x_wconf 90' lang='lat' dir='ltr'><strong>Sed</strong></span> <span class='ocrx_word' id='word_1_612' title='bbox 2432 3200 2488 3253; x_wconf 91' lang='lat' dir='ltr'><strong>in</strong></span> <span class='ocrx_word' id='word_1_613' title='bbox 2541 3198 2755 3252; x_wconf 89' lang='lat' dir='ltr'><strong>nostris</strong></span> <span class='ocrx_word' id='word_1_614' title='bbox 2815 3195 3114 3251; x_wconf 90' lang='lat' dir='ltr'><strong>codicibus</strong></span> <span class='ocrx_word' id='word_1_615' title='bbox 3173 3198 3231 3247; x_wconf 88' lang='lat' dir='ltr'><strong>et</strong></span> <span class='ocrx_word' id='word_1_616' title='bbox 3291 3190 3459 3247; x_wconf 88' lang='lat' dir='ltr'><strong>editis</strong></span> <span class='ocrx_word' id='word_1_617' title='bbox 3510 3178 3840 3240; x_wconf 80' lang='lat' dir='ltr'><strong>vetustioribus</strong></span> 
     </span>
    </p>
   </div>
   <div class='ocr_carea' id='block_1_92' title="bbox 2288 3260 3841 3360">
    <p class='ocr_par' dir='ltr' id='par_1_92' title="bbox 2288 3260 3841 3360">
     <span class='ocr_line' id='line_1_92' title="bbox 2288 3260 3841 3360; baseline -0.019 -17"><span class='ocrx_word' id='word_1_618' title='bbox 2288 3288 2559 3360; x_wconf 88' lang='lat' dir='ltr'><strong>legimus,</strong></span> <span class='ocrx_word' id='word_1_619' title='bbox 2595 3292 2765 3356; x_wconf 88' lang='lat' dir='ltr'><strong>rupta</strong></span> <span class='ocrx_word' id='word_1_620' title='bbox 2798 3286 2964 3339; x_wconf 89' lang='lat' dir='ltr'><strong>metri</strong></span> <span class='ocrx_word' id='word_1_621' title='bbox 2997 3285 3185 3339; x_wconf 85' lang='lat' dir='ltr'><strong>forma</strong></span> <span class='ocrx_word' id='word_1_622' title='bbox 3220 3298 3233 3336; x_wconf 93' lang='lat'>:</span> <span class='ocrx_word' id='word_1_623' title='bbox 3274 3304 3301 3331; x_wconf 73' lang='grc' dir='ltr'>α</span> <span class='ocrx_word' id='word_1_624' title='bbox 3360 3280 3437 3335; x_wconf 92' lang='lat' dir='ltr'><strong>De</strong></span> <span class='ocrx_word' id='word_1_625' title='bbox 3586 3260 3841 3342; x_wconf 86' lang='lat' dir='ltr'><strong>augeattibi</strong></span> 
     </span>
    </p>
   </div>
   <div class='ocr_carea' id='block_1_93' title="bbox 2287 3361 3839 3448">
    <p class='ocr_par' dir='ltr' id='par_1_93' title="bbox 2287 3361 3839 3448">
     <span class='ocr_line' id='line_1_93' title="bbox 2287 3361 3839 3448; baseline -0.008 -16"><span class='ocrx_word' id='word_1_626' title='bbox 2287 3377 2514 3448; x_wconf 83' lang='lat' dir='ltr'><strong>Jupiter</strong></span> <span class='ocrx_word' id='word_1_627' title='bbox 2544 3392 2786 3430; x_wconf 77' lang='lat' dir='ltr'><strong>annos»</strong></span> <span class='ocrx_word' id='word_1_628' title='bbox 2821 3371 3086 3444; x_wconf 88' lang='lat' dir='ltr'><strong>(Tertull.</strong></span> <span class='ocrx_word' id='word_1_629' title='bbox 3151 3371 3427 3440; x_wconf 79' lang='lat' dir='ltr'><strong>Apologet.</strong></span> <span class='ocrx_word' id='word_1_630' title='bbox 3486 3381 3601 3433; x_wconf 87' lang='lat' dir='ltr'><strong>cap.</strong></span> <span class='ocrx_word' id='word_1_631' title='bbox 3652 3361 3839 3448; x_wconf 67' lang='grc' dir='ltr'><strong>ρης·</strong></span> 
     </span>
    </p>
   </div>
   <div class='ocr_carea' id='block_1_94' title="bbox 2290 3444 3842 3536">
    <p class='ocr_par' dir='ltr' id='par_1_94' title="bbox 2290 3444 3842 3536">
     <span class='ocr_line' id='line_1_94' title="bbox 2290 3444 3842 3536; baseline -0.018 -13"><span class='ocrx_word' id='word_1_632' title='bbox 2290 3444 2434 3536; x_wconf 67' lang='grc'><strong>456).</strong></span> <span class='ocrx_word' id='word_1_633' title='bbox 2484 3470 2552 3519; x_wconf 84' lang='lat' dir='ltr'><strong>At</strong></span> <span class='ocrx_word' id='word_1_634' title='bbox 2574 3479 2809 3535; x_wconf 90' lang='lat' dir='ltr'><strong>quoquo</strong></span> <span class='ocrx_word' id='word_1_635' title='bbox 2858 3464 3029 3516; x_wconf 89' lang='lat' dir='ltr'><strong>modo</strong></span> <span class='ocrx_word' id='word_1_636' title='bbox 3087 3459 3341 3532; x_wconf 88' lang='lat' dir='ltr'><strong>legatur,</strong></span> <span class='ocrx_word' id='word_1_637' title='bbox 3399 3457 3475 3511; x_wconf 89' lang='lat' dir='ltr'><strong>ibi</strong></span> <span class='ocrx_word' id='word_1_638' title='bbox 3530 3444 3842 3536; x_wconf 71' lang='lat' dir='ltr'><strong>Tertullianus</strong></span> 
     </span>
    </p>
   </div>
   <div class='ocr_carea' id='block_1_95' title="bbox 2292 3532 3843 3621">
    <p class='ocr_par' dir='ltr' id='par_1_95' title="bbox 2292 3532 3843 3621">
     <span class='ocr_line' id='line_1_95' title="bbox 2292 3532 3843 3621; baseline -0.017 -11"><span class='ocrx_word' id='word_1_639' title='bbox 2292 3554 2481 3610; x_wconf 90' lang='lat' dir='ltr'><strong>innuit</strong></span> <span class='ocrx_word' id='word_1_640' title='bbox 2514 3554 2849 3608; x_wconf 86' lang='lat' dir='ltr'><strong>simulatam</strong></span> <span class='ocrx_word' id='word_1_641' title='bbox 2885 3550 3174 3621; x_wconf 90' lang='lat' dir='ltr'><strong>planeque</strong></span> <span class='ocrx_word' id='word_1_642' title='bbox 3211 3548 3544 3602; x_wconf 85' lang='lat' dir='ltr'><strong>mendacem</strong></span> <span class='ocrx_word' id='word_1_643' title='bbox 3574 3538 3725 3593; x_wconf 86' lang='lat' dir='ltr'><strong>fuisse</strong></span> <span class='ocrx_word' id='word_1_644' title='bbox 3742 3532 3843 3584; x_wconf 77' lang='lat' dir='ltr'><strong>hanc</strong></span> 
     </span>
    </p>
   </div>
   <div class='ocr_carea' id='block_1_96' title="bbox 2293 3624 3844 3710">
    <p class='ocr_par' dir='ltr' id='par_1_96' title="bbox 2293 3624 3844 3710">
     <span class='ocr_line' id='line_1_96' title="bbox 2293 3624 3844 3710; baseline -0.018 -12"><span class='ocrx_word' id='word_1_645' title='bbox 2293 3642 2769 3699; x_wconf 87' lang='lat' dir='ltr'><strong>acclamationem</strong></span> <span class='ocrx_word' id='word_1_646' title='bbox 2804 3638 3242 3710; x_wconf 85' lang='lat' dir='ltr'><strong>gentilium,qui</strong></span> <span class='ocrx_word' id='word_1_647' title='bbox 3278 3643 3403 3690; x_wconf 91' lang='lat' dir='ltr'><strong>tum</strong></span> <span class='ocrx_word' id='word_1_648' title='bbox 3436 3624 3844 3688; x_wconf 73' lang='lat' dir='ltr'><strong>Caesarisinortem</strong></span> 
     </span>
    </p>
   </div>
   <div class='ocr_carea' id='block_1_97' title="bbox 2291 3708 3845 3800">
    <p class='ocr_par' dir='ltr' id='par_1_97' title="bbox 2291 3708 3845 3800">
     <span class='ocr_line' id='line_1_97' title="bbox 2291 3708 3845 3800; baseline -0.015 -13"><span class='ocrx_word' id='word_1_649' title='bbox 2291 3738 2414 3787; x_wconf 85' lang='lat' dir='ltr'><strong>toto</strong></span> <span class='ocrx_word' id='word_1_650' title='bbox 2446 3732 2642 3785; x_wconf 90' lang='lat' dir='ltr'><strong>animo</strong></span> <span class='ocrx_word' id='word_1_651' title='bbox 2676 3708 3042 3800; x_wconf 83' lang='lat' dir='ltr'><strong>appetebant.</strong></span> <span class='ocrx_word' id='word_1_652' title='bbox 3078 3727 3193 3781; x_wconf 88' lang='lat' dir='ltr'><strong>Nec</strong></span> <span class='ocrx_word' id='word_1_653' title='bbox 3226 3725 3386 3780; x_wconf 91' lang='lat' dir='ltr'><strong>ullus</strong></span> <span class='ocrx_word' id='word_1_654' title='bbox 3419 3712 3712 3787; x_wconf 82' lang='lat' dir='ltr'><strong>ambigendi</strong></span> <span class='ocrx_word' id='word_1_655' title='bbox 3734 3708 3845 3761; x_wconf 73' lang='lat' dir='ltr'><strong>locus</strong></span> 
     </span>
    </p>
   </div>
   <div class='ocr_carea' id='block_1_98' title="bbox 2294 3801 3846 3889">
    <p class='ocr_par' dir='ltr' id='par_1_98' title="bbox 2294 3801 3846 3889">
     <span class='ocr_line' id='line_1_98' title="bbox 2294 3801 3846 3889; baseline -0.015 -13"><span class='ocrx_word' id='word_1_656' title='bbox 2294 3838 2423 3876; x_wconf 89' lang='lat' dir='ltr'><strong>esse</strong></span> <span class='ocrx_word' id='word_1_657' title='bbox 2451 3820 2702 3887; x_wconf 89' lang='lat' dir='ltr'><strong>videtur,</strong></span> <span class='ocrx_word' id='word_1_658' title='bbox 2746 3818 2887 3889; x_wconf 88' lang='lat' dir='ltr'><strong>quin</strong></span> <span class='ocrx_word' id='word_1_659' title='bbox 2934 3816 3111 3871; x_wconf 90' lang='lat' dir='ltr'><strong>simili</strong></span> <span class='ocrx_word' id='word_1_660' title='bbox 3174 3813 3478 3870; x_wconf 85' lang='lat' dir='ltr'><strong>mendacio</strong></span> <span class='ocrx_word' id='word_1_661' title='bbox 3526 3804 3729 3863; x_wconf 87' lang='lat' dir='ltr'><strong>Ovidius</strong></span> <span class='ocrx_word' id='word_1_662' title='bbox 3773 3801 3846 3847; x_wconf 70' lang='lat' dir='ltr'><strong>AU&#39;</strong></span> 
     </span>
    </p>
   </div>
   <div class='ocr_carea' id='block_1_99' title="bbox 2295 3900 3589 3982">
    <p class='ocr_par' dir='ltr' id='par_1_99' title="bbox 2295 3900 3589 3982">
     <span class='ocr_line' id='line_1_99' title="bbox 2295 3900 3589 3982; baseline -0.012 -17"><span class='ocrx_word' id='word_1_663' title='bbox 2295 3915 2467 3982; x_wconf 90' lang='lat' dir='ltr'><strong>gusto</strong></span> <span class='ocrx_word' id='word_1_664' title='bbox 2499 3909 2705 3963; x_wconf 76' lang='lat' dir='ltr'><strong>Czssari</strong></span> <span class='ocrx_word' id='word_1_665' title='bbox 2740 3906 3148 3962; x_wconf 85' lang='lat' dir='ltr'><strong>acclamaverit</strong></span> <span class='ocrx_word' id='word_1_666' title='bbox 3168 3903 3282 3958; x_wconf 90' lang='lat' dir='ltr'><strong>hoc</strong></span> <span class='ocrx_word' id='word_1_667' title='bbox 3304 3900 3554 3957; x_wconf 87' lang='lat' dir='ltr'><strong>carmine</strong></span> <span class='ocrx_word' id='word_1_668' title='bbox 3577 3912 3589 3950; x_wconf 93' lang='lat'><strong>:</strong></span> 
     </span>
    </p>
   </div>
   <div class='ocr_carea' id='block_1_100' title="bbox 2556 4050 3729 4114">
    <p class='ocr_par' dir='ltr' id='par_1_100' title="bbox 2556 4050 3729 4114">
     <span class='ocr_line' id='line_1_100' title="bbox 2556 4050 3729 4114; baseline -0.016 -11"><span class='ocrx_word' id='word_1_669' title='bbox 2556 4060 2747 4114; x_wconf 76' lang='lat' dir='ltr'><strong>Augeat</strong></span> <span class='ocrx_word' id='word_1_670' title='bbox 2775 4056 3025 4113; x_wconf 87' lang='lat' dir='ltr'><strong>imperium</strong></span> <span class='ocrx_word' id='word_1_671' title='bbox 3051 4053 3203 4098; x_wconf 84' lang='lat' dir='ltr'><strong>nostri</strong></span> <span class='ocrx_word' id='word_1_672' title='bbox 3224 4052 3379 4103; x_wconf 86' lang='lat' dir='ltr'><strong>ducis,</strong></span> <span class='ocrx_word' id='word_1_673' title='bbox 3409 4050 3573 4105; x_wconf 80' lang='lat' dir='ltr'><strong>augeat</strong></span> <span class='ocrx_word' id='word_1_674' title='bbox 3593 4051 3729 4087; x_wconf 81' lang='lat' dir='ltr'><strong>annos.</strong></span> 
     </span>
    </p>
   </div>
   <div class='ocr_carea' id='block_1_101' title="bbox 3040 4118 3737 4186">
    <p class='ocr_par' dir='ltr' id='par_1_101' title="bbox 3040 4118 3737 4186">
     <span class='ocr_line' id='line_1_101' title="bbox 3040 4118 3737 4186; baseline -0.029 -6"><span class='ocrx_word' id='word_1_675' title='bbox 3040 4133 3196 4186; x_wconf 84' lang='lat' dir='ltr'><strong>(Ovid.</strong></span> <span class='ocrx_word' id='word_1_676' title='bbox 3234 4132 3314 4177; x_wconf 86' lang='lat' dir='ltr'><strong>lib.</strong></span> <span class='ocrx_word' id='word_1_677' title='bbox 3339 4143 3355 4176; x_wconf 82' lang='grc' dir='ltr'><strong>ι</strong></span> <span class='ocrx_word' id='word_1_678' title='bbox 3386 4131 3554 4173; x_wconf 75' lang='lat' dir='ltr'><strong>Fauor.</strong></span> <span class='ocrx_word' id='word_1_679' title='bbox 3582 4137 3620 4166; x_wconf 87' lang='lat' dir='ltr'><strong>v.</strong></span> <span class='ocrx_word' id='word_1_680' title='bbox 3647 4118 3737 4169; x_wconf 84' lang='lat'><strong>611.)</strong></span> 
     </span>
    </p>
   </div>
   <div class='ocr_carea' id='block_1_102' title="bbox 2299 4222 3851 4317">
    <p class='ocr_par' dir='ltr' id='par_1_102' title="bbox 2299 4222 3851 4317">
     <span class='ocr_line' id='line_1_102' title="bbox 2299 4222 3851 4317; baseline -0.019 -16"><span class='ocrx_word' id='word_1_681' title='bbox 2299 4252 2515 4303; x_wconf 87' lang='lat' dir='ltr'><strong>Verum</strong></span> <span class='ocrx_word' id='word_1_682' title='bbox 2547 4246 2594 4301; x_wconf 91' lang='lat' dir='ltr'><strong>si</strong></span> <span class='ocrx_word' id='word_1_683' title='bbox 2627 4243 3067 4317; x_wconf 66' lang='lat' dir='ltr'><strong>haeegentilium</strong></span> <span class='ocrx_word' id='word_1_684' title='bbox 3093 4239 3437 4297; x_wconf 83' lang='lat' dir='ltr'><strong>acclamatio</strong></span> <span class='ocrx_word' id='word_1_685' title='bbox 3469 4231 3714 4291; x_wconf 84' lang='lat' dir='ltr'><strong>simulata</strong></span> <span class='ocrx_word' id='word_1_686' title='bbox 3731 4222 3851 4314; x_wconf 73' lang='lat' dir='ltr'><strong>plan</strong></span> 
     </span>
    </p>
   </div>
   <div class='ocr_carea' id='block_1_103' title="bbox 2299 4314 3853 4404">
    <p class='ocr_par' dir='ltr' id='par_1_103' title="bbox 2299 4314 3853 4404">
     <span class='ocr_line' id='line_1_103' title="bbox 2299 4314 3853 4404; baseline -0.02 -11"><span class='ocrx_word' id='word_1_687' title='bbox 2299 4338 2427 4404; x_wconf 92' lang='lat' dir='ltr'><strong>fuit,</strong></span> <span class='ocrx_word' id='word_1_688' title='bbox 2460 4340 2690 4392; x_wconf 85' lang='lat' dir='ltr'><strong>constat</strong></span> <span class='ocrx_word' id='word_1_689' title='bbox 2716 4335 3183 4390; x_wconf 85' lang='lat' dir='ltr'><strong>sincerissimum</strong></span> <span class='ocrx_word' id='word_1_690' title='bbox 3219 4332 3404 4386; x_wconf 84' lang='lat' dir='ltr'><strong>fuisse</strong></span> <span class='ocrx_word' id='word_1_691' title='bbox 3460 4325 3595 4381; x_wconf 89' lang='lat' dir='ltr'><strong>illud</strong></span> <span class='ocrx_word' id='word_1_692' title='bbox 3638 4314 3853 4374; x_wconf 79' lang='lat' dir='ltr'><strong>Ambrosu</strong></span> 
     </span>
    </p>
   </div>
   <div class='ocr_carea' id='block_1_104' title="bbox 2300 4408 3851 4499">
    <p class='ocr_par' dir='ltr' id='par_1_104' title="bbox 2300 4408 3851 4499">
     <span class='ocr_line' id='line_1_104' title="bbox 2300 4408 3851 4499; baseline -0.022 -15"><span class='ocrx_word' id='word_1_693' title='bbox 2300 4443 2403 4499; x_wconf 87' lang='lat' dir='ltr'><strong>pro</strong></span> <span class='ocrx_word' id='word_1_694' title='bbox 2433 4425 2844 4481; x_wconf 88' lang='lat' dir='ltr'><strong>Valentiniano</strong></span> <span class='ocrx_word' id='word_1_695' title='bbox 2876 4423 3250 4494; x_wconf 88' lang='lat' dir='ltr'><strong>imperatore,</strong></span> <span class='ocrx_word' id='word_1_696' title='bbox 3283 4420 3421 4475; x_wconf 87' lang='lat' dir='ltr'><strong>licet</strong></span> <span class='ocrx_word' id='word_1_697' title='bbox 3448 4408 3851 4471; x_wconf 83' lang='lat' dir='ltr'><strong>mortuo,votum:</strong></span> 
     </span>
    </p>
   </div>
   <div class='ocr_carea' id='block_1_105' title="bbox 2309 4497 3854 4586">
    <p class='ocr_par' dir='ltr' id='par_1_105' title="bbox 2309 4497 3854 4586">
     <span class='ocr_line' id='line_1_105' title="bbox 2309 4497 3854 4586; baseline -0.008 -15"><span class='ocrx_word' id='word_1_698' title='bbox 2309 4536 2334 4569; x_wconf 75' lang='grc' dir='ltr'><strong><em>α</em></strong></span> <span class='ocrx_word' id='word_1_699' title='bbox 2364 4515 2479 4570; x_wconf 88' lang='lat' dir='ltr'><strong>Nec</strong></span> <span class='ocrx_word' id='word_1_700' title='bbox 2509 4531 2614 4586; x_wconf 90' lang='lat' dir='ltr'><strong>ego</strong></span> <span class='ocrx_word' id='word_1_701' title='bbox 2645 4514 2838 4568; x_wconf 89' lang='lat' dir='ltr'><strong>abnuo</strong></span> <span class='ocrx_word' id='word_1_702' title='bbox 2897 4512 3210 4566; x_wconf 84' lang='lat' dir='ltr'><strong>immatura</strong></span> <span class='ocrx_word' id='word_1_703' title='bbox 3263 4509 3479 4564; x_wconf 90' lang='lat' dir='ltr'><strong>obiisse</strong></span> <span class='ocrx_word' id='word_1_704' title='bbox 3534 4504 3696 4560; x_wconf 67' lang='lat' dir='ltr'><strong>aetate,</strong></span> <span class='ocrx_word' id='word_1_705' title='bbox 3729 4497 3854 4586; x_wconf 63' lang='grc' dir='ltr'><strong>ηυεξο</strong></span> 
     </span>
    </p>
   </div>
   <div class='ocr_carea' id='block_1_106' title="bbox 2308 4574 3857 4673">
    <p class='ocr_par' dir='ltr' id='par_1_106' title="bbox 2308 4574 3857 4673">
     <span class='ocr_line' id='line_1_106' title="bbox 2308 4574 3857 4673; baseline -0.015 -13"><span class='ocrx_word' id='word_1_706' title='bbox 2308 4610 2521 4660; x_wconf 71' lang='lat' dir='ltr'><strong>nostra:</strong></span> <span class='ocrx_word' id='word_1_707' title='bbox 2549 4604 2677 4658; x_wconf 61' lang='lat' dir='ltr'><strong>vita:</strong></span> <span class='ocrx_word' id='word_1_708' title='bbox 2708 4602 3072 4673; x_wconf 86' lang='lat' dir='ltr'><strong>temporibus</strong></span> <span class='ocrx_word' id='word_1_709' title='bbox 3105 4600 3311 4654; x_wconf 84' lang='lat' dir='ltr'><strong>fulcire</strong></span> <span class='ocrx_word' id='word_1_710' title='bbox 3354 4603 3692 4667; x_wconf 86' lang='lat' dir='ltr'><strong>cuperemus,</strong></span> <span class='ocrx_word' id='word_1_711' title='bbox 3720 4586 3779 4673; x_wconf 39' lang='lat' dir='ltr'><strong>ut.</strong></span> <span class='ocrx_word' id='word_1_712' title='bbox 3808 4574 3857 4626; x_wconf 63' lang='grc' dir='ltr'><strong>δη</strong></span> 
     </span>
    </p>
   </div>
   <div class='ocr_carea' id='block_1_107' title="bbox 2303 4665 3854 4760">
    <p class='ocr_par' dir='ltr' id='par_1_107' title="bbox 2303 4665 3854 4760">
     <span class='ocr_line' id='line_1_107' title="bbox 2303 4665 3854 4760; baseline -0.02 -11"><span class='ocrx_word' id='word_1_713' title='bbox 2303 4694 2520 4749; x_wconf 88' lang='lat' dir='ltr'><strong>nostris</strong></span> <span class='ocrx_word' id='word_1_714' title='bbox 2551 4692 2721 4746; x_wconf 89' lang='lat' dir='ltr'><strong>annis</strong></span> <span class='ocrx_word' id='word_1_715' title='bbox 2752 4692 2986 4757; x_wconf 89' lang='lat' dir='ltr'><strong>viveret,</strong></span> <span class='ocrx_word' id='word_1_716' title='bbox 3020 4689 3121 4760; x_wconf 88' lang='lat' dir='ltr'><strong>qui</strong></span> <span class='ocrx_word' id='word_1_717' title='bbox 3166 4687 3329 4758; x_wconf 91' lang='lat' dir='ltr'><strong>fungi</strong></span> <span class='ocrx_word' id='word_1_718' title='bbox 3365 4701 3474 4739; x_wconf 92' lang='lat' dir='ltr'><strong>non</strong></span> <span class='ocrx_word' id='word_1_719' title='bbox 3532 4675 3693 4751; x_wconf 89' lang='lat' dir='ltr'><strong>potuit</strong></span> <span class='ocrx_word' id='word_1_720' title='bbox 3716 4665 3809 4760; x_wconf 62' lang='lat' dir='ltr'><strong>suis</strong></span> <span class='ocrx_word' id='word_1_721' title='bbox 3836 4680 3854 4707; x_wconf 68' lang='grc' dir='ltr'><strong><em>ιι</em></strong></span> 
     </span>
    </p>
   </div>
   <div class='ocr_carea' id='block_1_108' title="bbox 2304 4751 3856 4855">
    <p class='ocr_par' dir='ltr' id='par_1_108' title="bbox 2304 4751 3856 4855">
     <span class='ocr_line' id='line_1_108' title="bbox 2304 4751 3856 4855; baseline 0.006 -19"><span class='ocrx_word' id='word_1_722' title='bbox 2304 4784 2598 4855; x_wconf 88' lang='lat' dir='ltr'><strong>(Ambros.</strong></span> <span class='ocrx_word' id='word_1_723' title='bbox 2660 4782 2725 4835; x_wconf 84' lang='lat' dir='ltr'><strong>de</strong></span> <span class='ocrx_word' id='word_1_724' title='bbox 2780 4781 2899 4834; x_wconf 83' lang='lat' dir='ltr'><strong>Obit</strong></span> <span class='ocrx_word' id='word_1_725' title='bbox 2964 4751 3167 4834; x_wconf 73' lang='lat' dir='ltr'><strong>Valent.</strong></span> <span class='ocrx_word' id='word_1_726' title='bbox 3228 4751 3397 4845; x_wconf 49' lang='lat' dir='ltr'><strong>§v43,</strong></span> <span class='ocrx_word' id='word_1_727' title='bbox 3457 4751 3856 4855; x_wconf 10' lang='lat' dir='ltr'><strong>pas-“‘86)-</strong></span> 
     </span>
    </p>
   </div>
   <div class='ocr_carea' id='block_1_109' title="bbox 2304 4839 3857 4928">
    <p class='ocr_par' dir='ltr' id='par_1_109' title="bbox 2304 4839 3857 4928">
     <span class='ocr_line' id='line_1_109' title="bbox 2304 4839 3857 4928; baseline -0.015 0"><span class='ocrx_word' id='word_1_728' title='bbox 2304 4888 2436 4928; x_wconf 90' lang='lat' dir='ltr'><strong>vero</strong></span> <span class='ocrx_word' id='word_1_729' title='bbox 2465 4871 2606 4926; x_wconf 92' lang='lat' dir='ltr'><strong>olim</strong></span> <span class='ocrx_word' id='word_1_730' title='bbox 2637 4869 3075 4925; x_wconf 83' lang='lat' dir='ltr'><strong>observavimus</strong></span> <span class='ocrx_word' id='word_1_731' title='bbox 3105 4866 3181 4920; x_wconf 91' lang='lat' dir='ltr'><strong>ibi</strong></span> <span class='ocrx_word' id='word_1_732' title='bbox 3218 4861 3582 4918; x_wconf 82' lang='lat' dir='ltr'><strong>Ambrosium</strong></span> <span class='ocrx_word' id='word_1_733' title='bbox 3620 4853 3695 4906; x_wconf 86' lang='lat' dir='ltr'><strong>his</strong></span> <span class='ocrx_word' id='word_1_734' title='bbox 3721 4839 3857 4896; x_wconf 59' lang='lat' dir='ltr'><strong>verbis</strong></span> 
     </span>
    </p>
   </div>
   <div class='ocr_carea' id='block_1_110' title="bbox 2306 4941 3855 5027">
    <p class='ocr_par' dir='ltr' id='par_1_110' title="bbox 2306 4941 3855 5027">
     <span class='ocr_line' id='line_1_110' title="bbox 2306 4941 3855 5027; baseline -0.012 -11"><span class='ocrx_word' id='word_1_735' title='bbox 2306 4961 2579 5017; x_wconf 88' lang='lat' dir='ltr'><strong>allusisse</strong></span> <span class='ocrx_word' id='word_1_736' title='bbox 2611 4961 2682 5014; x_wconf 89' lang='lat' dir='ltr'><strong>ad</strong></span> <span class='ocrx_word' id='word_1_737' title='bbox 2716 4963 2979 5013; x_wconf 84' lang='lat' dir='ltr'><strong>notatam</strong></span> <span class='ocrx_word' id='word_1_738' title='bbox 3013 4974 3044 5012; x_wconf 90' lang='lat' dir='ltr'><strong>u</strong></span> <span class='ocrx_word' id='word_1_739' title='bbox 3074 4953 3434 5011; x_wconf 85' lang='lat' dir='ltr'><strong>Tertulliano</strong></span> <span class='ocrx_word' id='word_1_740' title='bbox 3490 4941 3855 5027; x_wconf 44' lang='lat' dir='ltr'><strong>solemnemﬂw’</strong></span> 
     </span>
    </p>
   </div>
   <div class='ocr_carea' id='block_1_111' title="bbox 2306 5016 3857 5114">
    <p class='ocr_par' dir='ltr' id='par_1_111' title="bbox 2306 5016 3857 5114">
     <span class='ocr_line' id='line_1_111' title="bbox 2306 5016 3857 5114; baseline -0.018 -9"><span class='ocrx_word' id='word_1_741' title='bbox 2306 5016 2599 5106; x_wconf 86' lang='lat' dir='ltr'><strong>clamandi</strong></span> <span class='ocrx_word' id='word_1_742' title='bbox 2659 5047 2996 5103; x_wconf 88' lang='lat' dir='ltr'><strong>formulam.</strong></span> <span class='ocrx_word' id='word_1_743' title='bbox 3056 5043 3257 5099; x_wconf 87' lang='lat' dir='ltr'><strong>Plures</strong></span> <span class='ocrx_word' id='word_1_744' title='bbox 3308 5055 3474 5111; x_wconf 90' lang='lat' dir='ltr'><strong>porro</strong></span> <span class='ocrx_word' id='word_1_745' title='bbox 3531 5033 3613 5088; x_wconf 86' lang='lat' dir='ltr'><strong>his</strong></span> <span class='ocrx_word' id='word_1_746' title='bbox 3673 5016 3857 5114; x_wconf 31' lang='lat' dir='ltr'><strong>simile?</strong></span> 
     </span>
    </p>
   </div>
   <div class='ocr_carea' id='block_1_112' title="bbox 2306 5110 3856 5210">
    <p class='ocr_par' dir='ltr' id='par_1_112' title="bbox 2306 5110 3856 5210">
     <span class='ocr_line' id='line_1_112' title="bbox 2306 5110 3856 5210; baseline -0.003 -17"><span class='ocrx_word' id='word_1_747' title='bbox 2306 5139 2521 5210; x_wconf 90' lang='lat' dir='ltr'><strong>quibus</strong></span> <span class='ocrx_word' id='word_1_748' title='bbox 2554 5138 2787 5209; x_wconf 83' lang='lat' dir='ltr'><strong>longam</strong></span> <span class='ocrx_word' id='word_1_749' title='bbox 2815 5136 3107 5190; x_wconf 70' lang='lat' dir='ltr'><strong>Caasarum</strong></span> <span class='ocrx_word' id='word_1_750' title='bbox 3168 5110 3344 5185; x_wconf 88' lang='lat' dir='ltr'><strong>vitam</strong></span> <span class='ocrx_word' id='word_1_751' title='bbox 3377 5132 3566 5199; x_wconf 76' lang='lat' dir='ltr'><strong>optare</strong></span> <span class='ocrx_word' id='word_1_752' title='bbox 3608 5110 3856 5210; x_wconf 35' lang='lat' dir='ltr'><strong>ethnici&quot;:</strong></span> 
     </span>
    </p>
   </div>
   <div class='ocr_carea' id='block_1_113' title="bbox 2306 5199 3857 5297">
    <p class='ocr_par' dir='ltr' id='par_1_113' title="bbox 2306 5199 3857 5297">
     <span class='ocr_line' id='line_1_113' title="bbox 2306 5199 3857 5297; baseline -0.018 -12"><span class='ocrx_word' id='word_1_753' title='bbox 2306 5228 2615 5297; x_wconf 82' lang='lat' dir='ltr'><strong>debentur,</strong></span> <span class='ocrx_word' id='word_1_754' title='bbox 2648 5226 2862 5296; x_wconf 67' lang='lat' dir='ltr'><strong>saepius</strong></span> <span class='ocrx_word' id='word_1_755' title='bbox 2885 5223 3130 5293; x_wconf 87' lang='lat' dir='ltr'><strong>legimus</strong></span> <span class='ocrx_word' id='word_1_756' title='bbox 3161 5222 3219 5275; x_wconf 90' lang='lat' dir='ltr'><strong>in</strong></span> <span class='ocrx_word' id='word_1_757' title='bbox 3252 5234 3451 5276; x_wconf 89' lang='lat' dir='ltr'><strong>eorum</strong></span> <span class='ocrx_word' id='word_1_758' title='bbox 3486 5199 3857 5297; x_wconf 43' lang='lat' dir='ltr'><strong>libris,qnui&quot;&quot;ll5:5</strong></span> 
     </span>
    </p>
   </div>
   <div class='ocr_carea' id='block_1_114' title="bbox 2305 5284 3855 5384">
    <p class='ocr_par' dir='ltr' id='par_1_114' title="bbox 2305 5284 3855 5384">
     <span class='ocr_line' id='line_1_114' title="bbox 2305 5284 3855 5384; baseline -0.002 -15"><span class='ocrx_word' id='word_1_759' title='bbox 2305 5314 2723 5384; x_wconf 89' lang='lat' dir='ltr'><strong>imperatorum</strong></span> <span class='ocrx_word' id='word_1_760' title='bbox 2750 5311 3077 5379; x_wconf 89' lang='lat' dir='ltr'><strong>Commodi,</strong></span> <span class='ocrx_word' id='word_1_761' title='bbox 3101 5305 3436 5374; x_wconf 89' lang='lat' dir='ltr'><strong>Pertinacis,</strong></span> <span class='ocrx_word' id='word_1_762' title='bbox 3468 5296 3643 5363; x_wconf 58' lang='lat' dir='ltr'><strong>Probi,</strong></span> <span class='ocrx_word' id='word_1_763' title='bbox 3671 5284 3855 5384; x_wconf 44' lang='lat' dir='ltr'><strong>Balbi“?</strong></span> 
     </span>
    </p>
   </div>
   <div class='ocr_carea' id='block_1_115' title="bbox 2307 5372 3853 5474">
    <p class='ocr_par' dir='ltr' id='par_1_115' title="bbox 2307 5372 3853 5474">
     <span class='ocr_line' id='line_1_115' title="bbox 2307 5372 3853 5474; baseline -0.019 -16"><span class='ocrx_word' id='word_1_764' title='bbox 2307 5372 2676 5474; x_wconf 75' lang='lat' dir='ltr'><strong>aliorumque</strong></span> <span class='ocrx_word' id='word_1_765' title='bbox 2705 5372 3085 5473; x_wconf 75' lang='lat' dir='ltr'><strong>scripserunt.</strong></span> <span class='ocrx_word' id='word_1_766' title='bbox 3120 5398 3230 5452; x_wconf 90' lang='lat' dir='ltr'><strong>Sed</strong></span> <span class='ocrx_word' id='word_1_767' title='bbox 3288 5372 3445 5449; x_wconf 84' lang='lat' dir='ltr'><strong>adire</strong></span> <span class='ocrx_word' id='word_1_768' title='bbox 3475 5392 3716 5461; x_wconf 63' lang='lat' dir='ltr'><strong>preterea</strong></span> 
     </span>
    </p>
   </div>
   <div class='ocr_carea' id='block_1_116' title="bbox 2308 5448 3854 5561">
    <p class='ocr_par' dir='ltr' id='par_1_116' title="bbox 2308 5448 3854 5561">
     <span class='ocr_line' id='line_1_116' title="bbox 2308 5448 3854 5561; baseline -0.013 -16"><span class='ocrx_word' id='word_1_769' title='bbox 2308 5448 2388 5546; x_wconf 66' lang='lat' dir='ltr'><strong>;is</strong></span> <span class='ocrx_word' id='word_1_770' title='bbox 2419 5448 2789 5547; x_wconf 53' lang='grc' dir='ltr'><strong>Βῖιῖξξοᾏῖιξᾷξ</strong></span> <span class='ocrx_word' id='word_1_771' title='bbox 2807 5448 2949 5561; x_wconf 64' lang='grc' dir='ltr'><strong>δ’ίῖ</strong></span> <span class='ocrx_word' id='word_1_772' title='bbox 2965 5448 3102 5554; x_wconf 59' lang='lat' dir='ltr'><strong>{fit</strong></span> <span class='ocrx_word' id='word_1_773' title='bbox 3122 5448 3377 5541; x_wconf 44' lang='lat' dir='ltr'><strong>iam.</strong></span> <span class='ocrx_word' id='word_1_774' title='bbox 3413 5448 3537 5554; x_wconf 46' lang='lat' dir='ltr'><strong>pa-g.</strong></span> <span class='ocrx_word' id='word_1_775' title='bbox 3566 5474 3625 5527; x_wconf 80' lang='lat'><strong>95</strong></span> <span class='ocrx_word' id='word_1_776' title='bbox 3651 5474 3695 5561; x_wconf 69' lang='lat' dir='ltr'><strong>et</strong></span> <span class='ocrx_word' id='word_1_777' title='bbox 3717 5448 3854 5561; x_wconf 46' lang='lat' dir='ltr'><strong>saga]</strong></span> 
     </span>
    </p>
   </div>
   <div class='ocr_carea' id='block_1_117' title="bbox 2307 5545 3856 5647">
    <p class='ocr_par' dir='ltr' id='par_1_117' title="bbox 2307 5545 3856 5647">
     <span class='ocr_line' id='line_1_117' title="bbox 2307 5545 3856 5647; baseline -0.019 -11"><span class='ocrx_word' id='word_1_778' title='bbox 2307 5584 2365 5636; x_wconf 87' lang='lat' dir='ltr'><strong>et</strong></span> <span class='ocrx_word' id='word_1_779' title='bbox 2396 5580 2735 5635; x_wconf 89' lang='lat' dir='ltr'><strong>Bernardini</strong></span> <span class='ocrx_word' id='word_1_780' title='bbox 2764 5576 3012 5633; x_wconf 87' lang='lat' dir='ltr'><strong>Ferrarii</strong></span> <span class='ocrx_word' id='word_1_781' title='bbox 3045 5574 3296 5647; x_wconf 90' lang='lat' dir='ltr'><strong>primum</strong></span> <span class='ocrx_word' id='word_1_782' title='bbox 3331 5573 3401 5628; x_wconf 90' lang='lat' dir='ltr'><strong>de</strong></span> <span class='ocrx_word' id='word_1_783' title='bbox 3429 5545 3856 5647; x_wconf 56' lang='lat' dir='ltr'><strong>acclamationibll5</strong></span> 
     </span>
    </p>
   </div>
   <div class='ocr_carea' id='block_1_118' title="bbox 2308 5641 3853 5742">
    <p class='ocr_par' dir='ltr' id='par_1_118' title="bbox 2308 5641 3853 5742">
     <span class='ocr_line' id='line_1_118' title="bbox 2308 5641 3853 5742; baseline -0.029 4"><span class='ocrx_word' id='word_1_784' title='bbox 2308 5672 2365 5727; x_wconf 66' lang='grc' dir='ltr'><strong>θί</strong></span> <span class='ocrx_word' id='word_1_785' title='bbox 2419 5668 2634 5742; x_wconf 88' lang='lat' dir='ltr'><strong>Plausu</strong></span> <span class='ocrx_word' id='word_1_786' title='bbox 2678 5668 2898 5725; x_wconf 91' lang='lat' dir='ltr'><strong>librum</strong></span> <span class='ocrx_word' id='word_1_787' title='bbox 2954 5641 3207 5741; x_wconf 67' lang='lat' dir='ltr'><strong>(Ferrar.</strong></span> <span class='ocrx_word' id='word_1_788' title='bbox 3245 5663 3345 5719; x_wconf 91' lang='lat' dir='ltr'><strong>lib.</strong></span> <span class='ocrx_word' id='word_1_789' title='bbox 3371 5677 3410 5731; x_wconf 83' lang='grc' dir='ltr'><strong>ι,</strong></span> <span class='ocrx_word' id='word_1_790' title='bbox 3456 5656 3520 5714; x_wconf 76' lang='lat' dir='ltr'><strong>de</strong></span> <span class='ocrx_word' id='word_1_791' title='bbox 3542 5641 3853 5709; x_wconf 72' lang='lat' dir='ltr'><strong>Acclm.caP&#39;</strong></span> 
     </span>
    </p>
   </div>
  </div>
