4134 6184
320 324 469 381 1157
1227 320 1296 380 D.
1345 319 1439 381 LE
1487 317 1813 382 NOURRY
1858 316 1997 381 OBS

2111 317 2505 379 ,VATIONES
2554 320 2807 381 NUVAE.
3574 322 3729 381 1158

320 472 405 538 19,
436 471 505 524 20
535 473 592 525 et
648 472 856 541 seqq.)
910 469 1193 525 cmeer
1242 469 1642 525 Tertullianus
1692 473 1849 525 recte
1898 485 1968 523 ex
1996 455 2055 518 Α
2087 450 2176 504 his
2207 450 2397 505 tribus
2427 451 2915 541 explicationibus
2950 452 3053 508 tibi
3090 452 3277 524 magis
3333 453 3605 519 arrident,
3661 469 3726 509 ac

319 561 489 617 dictis
538 540 789 631 colligit,
822 540 1091 628 gentiles,
1152 560 1250 630 qui
1312 559 1654 629 hujusmodi
1707 563 1841 613 vota
1900 559 1971 612 de
2081 542 2135 593 ίθ
2164 540 2643 631 ρτοηιξξιῐίεηιεω
2680 542 2924 596 libenter
2950 542 3281 597 andiemus-
3334 544 3727 613 Quacumque

320 649 583 722 proxima
615 648 984 719 imperatoris
1020 652 1200 702 morte
1233 647 1545 715 faciebant,
1579 647 1772 718 reipsa
1824 646 1969 702 fuis-

321 755 383 794 se
440 743 497 793 et
554 736 713 790 illius
772 740 827 791 et
885 735 1217 807 reipublicae
1278 736 1475 791 hostes
1535 735 1823 806 publicos,
1883 735 1969 791 uti

322 828 514 885 adhuc
544 842 611 880 ex
642 825 713 881 iis
748 825 985 897 patebit,
1020 841 1145 895 quae
1179 826 1237 879 in
1271 824 1539 895 sequenti
1575 824 1823 880 articulo
1881 824 1969 879 di-

324 917 507 973 cenda
538 918 696 969 sunt.

922 1036 1242 1074 ARTICULUS
1292 1036 1363 1073 IV.

325 1110 983 1183 Majoresimperatorum
1013 1107 1189 1183 hostes
1212 1109 1386 1183 fuisse
1436 1110 1676 1183 ethnicos
1719 1108 1970 1183 prodito-

396 1180 500 1238 res.
555 1180 787 1250 Cassios,
835 1180 1054 1249 Nigros,
1097 1181 1315 1235 Albinos
1366 1189 1418 1234 et
1468 1182 1627 1245 alios,
1688 1182 1784 1250 qui
1831 1182 1974 1234 inter

396 1253 535 1308 duas
563 1252 770 1307 1060
805 1250 996 1307 lauros
1027 1252 1297 1308 Czsarem
1328 1252 1654 1307 obsederunt
1673 1270 1695 1316 ;
1715 1253 1810 1322 qui
1837 1253 1971 1322 fau-

394 1326 544 1381 cibus
570 1325 690 1395 ejus
736 1325 1109 1394 exprimendis
1156 1329 1522 1378 exercuerunt
1553 1326 1929 1394 palaestricam
1952 1339 1973 1383 ;

395 1400 492 1470 qui
514 1398 833 1470 irruperunt
860 1398 919 1470 in
950 1396 1244 1470 palatium,
1273 1396 1529 1470 omnibus
1554 1397 1791 1463 Sigeriis
1812 1399 1975 1464 atque

400 1467 715 1522 Partheniis
761 1467 1080 1521 audaciores
1100 1483 1120 1526 .·
1169 1470 1265 1537 qui
1311 1468 1668 1521 scelestarum
1726 1470 1975 1538 partium

399 1541 535 1595 socii
561 1555 625 1593 ac
650 1540 939 1610 plausores
965 1537 1207 1609 quotidie
1256 1539 1685 1599 reach-bantur;
1731 1537 1794 1593 ac
1842 1548 1974 1593 tan-

398 1611 519 1666 dem
548 1613 644 1681 qui
671 1611 991 1680 astrologos,
1048 1610 1345 1681 aruspices,
1398 1627 1635 1680 augures
1686 1613 1739 1664 et
1788 1625 1975 1681 magos

401 1683 467 1739 de
494 1679 893 1753 imperatorum
920 1682 1104 1753 capite
1132 1679 1544 1750 consultabant,
1599 1698 1663 1737 ac
1710 1691 1822 1736 tam
1855 1679 1975 1751 fal-

401 1772 465 1810 sa
488 1752 594 1826 pro
622 1770 807 1809 earum
836 1752 1021 1809 salute
1046 1753 1325 1824 faciebant
1353 1758 1505 1820 vota,
1555 1770 1715 1825 quam
1756 1755 1979 1808 sincera

407 1826 733 1883 Christiani.

404 1934 461 1988 Si
489 1933 640 1988 laesae
671 1931 998 2003 majestatis
1028 1930 1295 1986 humanae
1327 1930 1407 1985 rei
1440 1930 1678 1987 luerunt
1709 1928 1977 2003 gentiles,

334 2021 437 2094 qui
459 2027 707 2077 mortem
740 2037 1021 2076 casarum
1052 2024 1108 2074 et
1133 2019 1553 2089 imperatorum
1578 2024 1697 2075 tam
1741 2020 1980 2075 nefariis

331 2111 481 2167 votis
514 2109 937 2181 efﬂagitabant,
972 2108 1143 2179 longe
1174 2109 1410 2178 gravius
1442 2108 1643 2179 procul
1689 2108 1867 2163 dubio
1920 2108 1978 2162 in

334 2200 468 2255 illos
500 2198 837 2271 peccabant,
870 2197 967 2252 alii
1000 2195 1327 2268 perduelles
1378 2201 1551 2268 atque
1601 2196 1793 2268 ignavi
1844 2213 1979 2268 pro-

336 2290 575 2357 ditores,
606 2287 707 2358 qui
738 2286 825 2341 vel
856 2288 926 2341 ab
959 2304 1157 2341 eorum
1193 2286 1460 2356 partibus
1491 2286 1841 2355 defecerant,
1896 2283 1981 2340 vel

334 2380 453 2435 vita
481 2376 598 2432 illis
620 2381 816 2447 erepta
840 2379 1140 2430 tentarunt
1162 2390 1445 2444 occupare
1479 2375 1870 2446 tyrannidem.
1904 2375 1984 2428 Ex

334 2466 576 2521 illorum
617 2462 819 2534 procul
861 2463 1039 2517 dubio
1096 2478 1337 2516 numero
1396 2461 1631 2515 fuerunt
1678 2460 1984 2531 memorati

340 2572 375 2611 a
432 2552 791 2609 Tertulliano
850 2549 1112 2621 (Tertull.
1166 2551 1443 2619 Apologet.
1502 2567 1628 2621 cap.
1691 2550 1781 2613 35,
1852 2565 1983 2620 pag.

342 2645 468 2715 457)
529 2642 723 2707 Cassii,
782 2649 833 2695 et
870 2640 1048 2707 Nigri,
1102 2644 1154 2693 et
1209 2640 1414 2706 Albini,
1472 2639 1528 2692 id
1583 2643 1690 2703 est,
1750 2637 1986 2692 Cassius

341 2733 631 2795 Clemens,
664 2729 1020 2785 Pescennius
1050 2728 1226 2798 Niger
1279 2733 1334 2782 et
1390 2727 1658 2795 Albinus,
1708 2727 1804 2797 qui
1866 2743 1987 2781 mo-

344 2822 431 2877 liti
466 2825 603 2875 sunt
634 2820 690 2874 in
726 2818 921 2874 Severi
950 2817 1344 2888 imperatoris,
1400 2822 1466 2888 ut
1507 2834 1687 2887 supra
1732 2815 1991 2870 vidimus

342 2912 540 2981 (Supr.
602 2926 726 2980 cap.
796 2910 849 2974 2,
938 2884 1055 2961 art:
1138 2906 1210 2977 1),
1300 2884 1613 2977 imperium
1698 2906 1988 2959 invadere.

340 2998 567 3055 Publici
597 3013 735 3069 ergo
765 2997 963 3051 hostes
994 3001 1179 3061 erant,
1212 2998 1268 3049 et
1300 2994 1447 3049 lisse:
1505 2994 1833 3064 majestatis
1887 2993 1992 3047 hu-

344 3105 532 3143 manae
565 3086 661 3142 rei.

418 3177 690 3248 Ejusdem
726 3190 956 3246 quoque
987 3172 1225 3228 sceleris
1258 3172 1294 3225 ii
1329 3176 1522 3242 aperte
1543 3170 1993 3238 convincuntur,

348 3293 368 3317 α
399 3266 500 3338 qui
531 3267 682 3321 inter
712 3266 859 3319 duas
893 3264 1108 3318 lauros.
1148 3286 1174 3311 »
1208 3260 1555 3317 Tertulliani
1606 3259 1795 3315 adhuc
1826 3259 2001 3314 verba

345 3361 510 3419 sunt,
534 3376 559 3404 ‹‹
585 3354 854 3409 obsident
886 3354 1194 3416 Caesarem,
1229 3350 1328 3422 qui
1360 3349 1632 3405 faucibus
1657 3350 1783 3417 ejus
1812 3347 2004 3418 expri-

346 3443 579 3499 mendis
612 3441 995 3513 palaastricam
1030 3446 1299 3495 exercent
1334 3462 1353 3488 ι
1396 3437 1659 3511 (Tertull.
1699 3436 1808 3491 loc.
1860 3435 2004 3507 cit.).

347 3534 476 3589 Non
510 3532 990 3600 obscuraautem
1022 3522 1034 3531 ’
1066 3530 1227 3600 loqui
1282 3530 1512 3583 videtur
1572 3528 1642 3582 de
1690 3527 2007 3581 Commodo

349 3623 724 3693 imperatore,
758 3621 926 3690 cujus
960 3620 1086 3673 vitae
1112 3634 1223 3672 non
1260 3618 1439 3673 semel
1473 3616 1709 3671 insidia:
1754 3615 2008 3669 instruc-

354 3716 422 3764 tae
455 3714 618 3763 sunt.
654 3708 848 3762 Primo
882 3706 1036 3768 enim
1071 3706 1490 3776 Pompeianus,
1526 3704 1667 3771 sive,
1692 3708 1756 3757 ut
1788 3702 1886 3757 alii
1917 3718 2010 3756 vo-

349 3799 501 3853 lunt.
527 3797 859 3862 Quadratus
884 3795 1010 3849 vitae
1051 3795 1179 3865 ejus
1213 3792 1528 3847 insidiatus
1550 3796 1659 3857 est,
1684 3794 1743 3845 in
1774 3799 2010 3862 angusto

352 3886 587 3958 quodam
629 3886 893 3951 introitu,
930 3883 1102 3939 sicuti
1135 3888 1193 3937 in
1245 3882 1446 3938 Dionis
1502 3881 1766 3951 Epitome
1800 3879 2014 3950 legitur

352 3978 512 4048 (pag.
561 3974 710 4044 284),
768 3980 890 4042 aut,
954 3977 1017 4027 ut
1081 3973 1161 4028 ait
1212 3971 1561 4027 Ammianus
1616 3967 2010 4032 Marcellinus,

354 4065 479 4133 (lib.
541 4080 694 4133 xxxx,
790 4079 922 4133 pag.
1002 4063 1151 4131 550),
1229 4062 1290 4114 in
1366 4059 1773 4129 amphitheatri
1846 4072 2013 4111 cavea

352 4156 475 4221 aut,
510 4151 1009 4223 quemadmodum
1042 4148 1408 4204 Herodianus
1462 4148 1583 4212 (lib.
1619 4164 1635 4202 1
1686 4148 1822 4200 Hist.
1878 4160 2008 4216 pag.

355 4242 505 4311 472),
539 4241 799 4307 tradidit,
832 4240 891 4293 in
915 4240 1071 4293 aditu
1114 4239 1512 4308 amphi.'heatri
1535 4246 1584 4290 et
1613 4239 1838 4291 obscuro
1876 4234 2010 4289 loco.

358 4335 430 4384 At
454 4330 502 4384 si
528 4330 583 4383 in
619 4328 725 4384 hoc
752 4327 1168 4399 amphitheatri
1193 4326 1354 4381 aditu
1386 4325 1657 4397 plantataa
1686 4327 1855 4379 erant
1886 4322 2011 4377 lau-

356 4436 479 4487 rus,
514 4418 669 4472 haud
704 4417 1019 4471 difficiliter
1050 4415 1371 4486 intelligere
1402 4419 1488 4469 est
1519 4430 1623 4468 cur
1654 4412 2012 4467 Commodus

355 4508 513 4562 inter
544 4507 691 4561 duas
724 4506 916 4561 lauros
952 4506 1229 4560 obsessus
1263 4504 1510 4559 dicatur.
1543 4502 1757 4557 Verum
1782 4501 1920 4572 quia
1952 4500 2010 4554 id

358 4594 742 4665 rigidioribus
775 4592 993 4648 criticis
1029 4592 1192 4647 facile
1226 4609 1339 4647 non
1376 4592 1680 4663 probatur,
1742 4591 2017 4661 opinatus

361 4692 452 4739 est
484 4683 770 4755 Rigaltius
800 4682 893 4737 his
943 4682 1211 4737 Auctoris
1244 4682 1426 4737 nostri
1480 4680 1668 4735 verbis
1724 4676 2017 4751 designari

362 4773 656 4828 lauretum
720 4771 893 4825 variis
956 4772 1135 4841 (idem
1195 4771 1381 4841 ibid.),
1440 4775 1589 4824 teste
1668 4766 2017 4832 Herodiano,

364 4862 680 4917 arboribus
712 4878 776 4915 ac
828 4860 1072 4932 pulchra
1125 4860 1478 4930 copiosaque
1527 4859 1689 4913 lauro
1741 4855 2018 4921 obsitum,

365 4968 509 5022 quo,
542 4952 683 5005 dum
743 4950 924 5022 pestis
976 4950 1165 5004 Romae
1225 4952 1610 5019 grassaretur,
1666 4945 2024 5002 Commodus

368 5041 733 5094 medicorum
766 5038 1009 5093 consilio
1042 5042 1382 5093 secesserat.
1416 5037 1539 5093 Non
1573 5035 1812 5092 omnino
1851 5031 2023 5087 forsi—

368 5133 471 5184 tan
507 5128 725 5199 inepte,
759 5127 872 5182 nisi
906 5126 1272 5181 Herodianus
1304 5126 1549 5181 dixisset
1604 5140 1718 5179 non
1770 5123 1869 5192 ibi,
1923 5120 2022 5175 sed

368 5218 432 5271 in
466 5215 888 5288 amphitheatri
922 5214 1082 5269 aditu
1118 5220 1349 5285 paratas
1402 5215 1582 5269 fuisse
1634 5212 1823 5267 eidem
1863 5211 2029 5264 Com-

370 5307 547 5360 modo
577 5305 850 5359 insidias.
887 5304 1135 5368 Quidam
1170 5304 1367 5374 itaque
1408 5303 1787 5375 suspicantur
1839 5300 2029 5354 laurus

372 5395 611 5450 nomine
638 5394 956 5466 significari
989 5394 1105 5447 duo
1133 5394 1436 5448 Commodi
1464 5392 1699 5463 palatia,
1726 5392 1879 5445 inter
1901 5405 2028 5460 quas

370 5484 683 5539 insidiator
713 5500 846 5538 eum
880 5499 1195 5555 aggressus
1227 5488 1335 5537 est.
1380 5484 1594 5536 Laurus
1643 5481 1883 5552 quippe,
1939 5477 2025 5533 uti

376 5575 650 5630 observat
684 5572 924 5640 Plinius,
950 5573 1200 5645 janitrix
1229 5578 1350 5627 erat
1393 5571 1672 5626 Caesarum
1720 5568 1892 5641 (Plin.
1929 5568 2031 5622 lib.

2081 644 2249 699 porro
2308 628 2407 684 illa
2474 630 2569 699 sit,
2648 630 3086 687 evidentissima
3173 631 3307 686 inde
3385 632 3728 687 conﬁciatur

2079 716 2235 771 hunc
2289 718 2413 772 vitae
2471 718 2713 775 Caesaris
2767 719 3171 776 insidiatorem
3250 720 3429 776 fuisse
3498 720 3725 777 hostem

2080 805 2403 876 publicum.

2152 894 2398 949 Facilius
2431 896 2582 950 hand
2617 897 2793 952 dubie
2823 897 3097 968 explicari
3130 903 3379 970 possunt
3409 898 3530 953 haec
3587 898 3729 953 sub-

2082 985 2389 1055 sequentia
2418 985 2764 1041 Tertulliani
2797 988 3007 1042 verba:
3058 1010 3085 1037 «
3122 988 3226 1052 Qui
3286 988 3556 1043 faucibus
3602 988 3731 1058 ejus

2082 1074 2476 1144 exprimendis
2511 1074 2892 1146 palaestricam
2927 1082 3195 1133 exercent
3222 1100 3248 1127 n
3284 1076 3548 1148 (Tertull.
3592 1077 3728 1148 Apo-

2084 1163 2240 1229 loget.
2268 1179 2393 1234 cap.
2428 1164 2515 1229 35,
2553 1180 2683 1235 pag.
2718 1164 2864 1235 457).
2902 1165 3043 1220 Nam
3077 1166 3267 1220 denuo
3300 1170 3531 1220 structae
3589 1169 3731 1220 sunt

2084 1251 2266 1307 eidem
2302 1252 2620 1307 Commodo
2651 1252 2902 1319 insidia‘,
2936 1255 3151 1323 quibus
3172 1271 3205 1307 a
3234 1256 3511 1322 Narcisso,
3545 1254 3729 1309 athle-

2084 1344 2164 1405 ta,
2227 1346 2290 1394 ut
2348 1340 2427 1395 ait
2483 1341 2819 1413 Xiphilinus
2877 1342 3067 1411 (Dion.
3121 1345 3271 1413 Epit.
3324 1359 3453 1414 pag.
3517 1344 3620 1397 384
3674 1347 3731 1398 et

2085 1431 2293 1501 seqq),
2324 1429 2413 1485 vel
2452 1430 2601 1485 sicut
2635 1432 2833 1485 1061
2898 1432 3102 1486 scribit
3150 1432 3514 1487 Herodianus
3570 1431 3729 1503 (Hist.

2085 1518 2187 1573 lib.
2223 1536 2261 1586 ι,
2298 1536 2427 1591 pag.
2463 1520 2567 1572 486
2615 1524 2671 1573 et
2722 1524 2931 1591 θείω),
2977 1538 3011 1575 a
3065 1523 3347 1590 Narcisso,
3408 1521 3613 1575 audaci
3665 1537 3731 1574 ac

2086 1612 2324 1663 strenuo
2358 1607 2744 1673 adolescente,
2795 1609 2934 1677 sive,
2985 1610 3479 1680 quemadmodum
3532 1612 3734 1664 narrat

2089 1696 2358 1752 Aurelius
2416 1696 2612 1752 Victor
2669 1700 2827 1768 (Aur.
2886 1698 3035 1755 Vict.
3098 1699 3154 1753 in
3248 1700 3363 1754 Vita
3431 1698 3732 1768 Commod.)

2086 1785 2425 1842 validissimo
2456 1786 2676 1850 athleta,
2714 1805 2837 1854 seu,
2863 1788 3038 1842 veluti
3068 1788 3441 1860 Lampridius
3461 1788 3734 1844 testiﬁca-

2091 1879 2207 1943 tur,
2238 1892 2337 1946 per
2374 1875 2643 1930 athletam
2675 1893 2819 1947 eum,
2853 1892 2954 1948 quo
2984 1880 3231 1933 exerceri
3278 1877 3482 1932 solebat
3538 1876 3732 1949 (Lam-

2092 1964 2241 2036 prid.
2276 1964 2331 2018 in
2378 1966 2498 2019 Vita
2532 1964 2803 2020 Commod.
2841 1983 2971 2039 pag.
3004 1967 3152 2038 315),
3179 1965 3536 2038 compressis
3558 1965 3737 2021 fauci-

2091 2054 2202 2108 bus
2241 2053 2644 2124 strangulatus
2676 2060 2783 2109 est.

2164 2140 2334 2196 Addit
2364 2141 2762 2197 Tertullianus
2814 2142 2957 2199 alios
3006 2160 3239 2215 quoque
3292 2143 3557 2199 ethnicos
3607 2158 3739 2199 esse

2093 2228 2358 2299 publicos
2389 2229 2587 2285 hostes
2641 2248 2884 2301 reosque
2940 2232 3284 2302 majestatis,
3343 2234 3439 2304 qui
3485 2235 3541 2287 in
3580 2232 3738 2302 pala-

2092 2321 2233 2373 tium
2256 2321 2577 2386 irrumpunt
2607 2319 2868 2386 (Tertull.
2904 2321 3171 2392 Apologet.
3206 2337 3333 2392 cap.
3378 2322 3467 2386 25,
3496 2338 3551 2393 p.
3584 2318 3737 2390 457).

2094 2408 2129 2461 ii
2165 2408 2429 2462 videlicet
2462 2407 2787 2477 perduelles
2846 2408 3063 2475 sicarii,
3096 2428 3129 2464 a
3162 2410 3377 2482 quibus
3427 2408 3742 2464 crudeliter

2095 2498 2321 2552 occisus
2379 2503 2468 2551 est
2522 2498 2790 2552 Pertinax
2850 2499 3184 2569 imperator,
3239 2499 3738 2571 quemadmodum

2098 2586 2462 2641 Herodianus
2498 2586 2616 2653 (lib.
2654 2604 2691 2641 η
2725 2591 2868 2641 Ilist.
2908 2604 3037 2658 pag.
3070 2588 3216 2657 598),
3251 2587 3616 2658 Copitolinus
3656 2586 3736 2653 (in

2104 2678 2203 2732 Vit.
2249 2678 2454 2729 Pertin.
2501 2692 2554 2746 p.
2614 2676 2759 2743 318),
2820 2693 2885 2730 ac
2952 2676 3284 2745 Xiphilinus
3341 2676 3528 2743 (Dion.
3592 2677 3737 2746 Epit.

2101 2781 2232 2836 pag.
2266 2765 2392 2831 390)
2426 2763 2631 2816 litteris
2666 2765 3105 2835 consignarunt.
3148 2766 3213 2818 At
3260 2767 3338 2832 hi,
3390 2764 3582 2835 inquit
3631 2769 3743 2818 Au-

2102 2860 2222 2908 ctor
2254 2858 2470 2915 noster,
2503 2852 2751 2906 omnibus
2789 2853 3017 2922 Sigeriis
3067 2863 3229 2923 atque
3281 2854 3596 2908 Partheniis
3640 2869 3743 2907 au-

2102 2943 2343 2997 daciores
2378 2940 2639 3010 (Tertull.
2684 2941 2790 2995 loc.
2827 2941 2969 3010 cit.).
3004 2959 3036 2995 a
3066 2941 3283 3012 quibus
3324 2941 3547 2997 scilicet
3596 2939 3749 2996 occi-

2105 3050 2203 3088 sus
2239 3031 2349 3084 luit
2380 3029 2750 3084 Domitianus
2782 3031 3122 3100 imperator,
3170 3030 3321 3084 sicut
3368 3029 3506 3084 alibi
3556 3038 3750 3085 osten-

2109 3120 2303 3174 dimus
2342 3119 2645 3189 (Dissertat.
2696 3120 2753 3172 in
2799 3120 2927 3173 Luc.
2984 3119 3167 3174 Caecil.
3226 3136 3349 3190 cap.
3401 3120 3454 3185 6,
3504 3122 3612 3173 art.
3672 3117 3752 3188 2).

2109 3210 2471 3279 Quapropter
2532 3207 2676 3261 nihil
2746 3207 2914 3262 nobis
2972 3212 3241 3279 superest
3298 3208 3755 3276 observandum,

2114 3297 2227 3352 nisi
2268 3312 2335 3351 ea
2392 3295 2737 3351 Tertulliani
2796 3298 2968 3351 verba
3023 3296 3191 3367 plane
3246 3296 3585 3368 incorrupta
3642 3312 3759 3350 non

2114 3386 2316 3441 videri.
2368 3390 2428 3439 In
2488 3384 2920 3455 antiquioribus
2978 3385 3134 3440 enim
3194 3385 3411 3440 nostris
3459 3383 3761 3439 codicibus

2116 3477 2365 3530 habetur
2421 3482 2493 3529 tot
2545 3473 2801 3541 Sigeriis,
2862 3474 2916 3528 in
2970 3474 3320 3545 quibusdam
3380 3473 3759 3543 editionibus,

2118 3564 2407 3635 Stephants
2438 3580 2450 3629 ;
2487 3562 2637 3616 haud
2676 3563 2871 3623 dubie.
2905 3563 3040 3633 quia
3091 3562 3403 3617 Suetonius
3455 3561 3581 3629 (lib.
3636 3577 3759 3628 vm,

2120 3657 2177 3708 in
2213 3656 2326 3707 Vita
2358 3653 2681 3716 Domitiam,
2713 3653 2739 3717 §
2774 3652 2878 3721 17),
2932 3650 3095 3705 nulla
3145 3651 3352 3722 Sigerii
3398 3652 3549 3705 facta
3598 3666 3763 3703 men-

2120 3745 2298 3805 tione,
2335 3746 2531 3795 narrat
2565 3740 2955 3795 Domitianum
3001 3740 3189 3810 primo
3240 3741 3475 3810 quidem
3532 3738 3765 3793 saucia-

2120 3839 2242 3887 tum
2278 3831 2461 3885 fuisse
2493 3846 2525 3883 a
2556 3830 2871 3899 Stephano,
2906 3846 2971 3883 ac
3003 3834 3203 3900 postca
3235 3846 3265 3881 a
3296 3828 3595 3891 Clodiano,
3630 3826 3765 3881 Par-

2120 3922 2319 3976 thenio
2341 3925 2396 3974 et
2424 3919 2654 3971 Saturio
2685 3917 3125 3988 interemptum.
3158 3917 3266 3970 Sed
3301 3916 3460 3971 dictu
3505 3914 3765 3979 difficile,

2122 4026 2224 4063 cur
2255 4008 2330 4061 ibi
2364 4006 2649 4061 omissum
2686 4005 2855 4059 fuerit
2878 4022 3084 4059 nomen
3109 4003 3337 4075 Sigerii,
3363 4004 3531 4073 cujus
3554 4002 3770 4056 diserte

2124 4097 2391 4151 meminit
2424 4111 2537 4149 non
2573 4094 2745 4149 modo
2779 4093 3107 4163 Xiphilinus
3138 4092 3375 4163 (Xiphil.
3411 4092 3558 4161 Epit.
3608 4090 3768 4144 Dion.

2124 4204 2252 4259 pag.
2287 4187 2433 4255 335),
2468 4200 2667 4239 verum
2701 4184 2875 4238 etiam
2911 4181 3192 4238 Martialis
3224 4181 3454 4236 duobus
3511 4179 3606 4234 bis
3653 4193 3774 4231 car-

2125 4276 2420 4330 minibus:

2342 4392 2403 4439 Et
2426 4404 2576 4439 sacro
2607 4391 2787 4439 decies
2817 4388 3013 4451 repetis
3048 4387 3243 4451 palatia
3268 4386 3406 4434 clivo

2342 4453 2677 4516 Sigeriosque
2705 4450 2913 4505 modos,
2946 4450 3363 4512 Partheniosque
3396 4459 3576 4495 sonas.

2843 4531 3090 4592 (Martial.
3127 4529 3219 4578 lib.
3254 4543 3322 4583 IV,
3356 4528 3526 4591 epigr.
3557 4527 3656 4583 79.)

2128 4670 2330 4725 Valeat
2359 4685 2496 4740 ergo
2530 4666 2763 4722 Heraldi
2795 4666 3156 4735 conjectura,
3189 4662 3285 4733 qui
3338 4660 3596 4732 primum
3649 4655 3778 4728 qui-

2130 4762 2258 4814 dem
2294 4758 2625 4827 suspicatus
2657 4760 2746 4810 est
2774 4755 2830 4808 in
2863 4751 3201 4808 Tertulliani
3238 4755 3396 4806 textu
3460 4747 3775 4820 legendum

2133 4848 2359 4915 Sergiis,
2392 4852 2447 4902 ct
2480 4846 2713 4912 melius,
2749 4843 2832 4897 uti
2856 4843 2981 4913 ipse
3011 4842 3111 4911 ait,
3138 4840 3415 4910 deinceps
3445 4835 3775 4903 consultus,

2134 4938 2389 5003 Chwreis,
2424 4941 2526 4991 aut
2559 4934 2851 4989 Corneliis.
2885 4932 3031 4986 Nam
3067 4931 3159 4985 his
3186 4928 3537 4984 lectionibus
3580 4926 3784 4980 adver-

2135 5031 2300 5081 satur
2358 5030 2692 5080 nostrorum
2744 5020 2999 5076 melioris
3052 5025 3197 5074 notae
3248 5018 3515 5073 codicum
3570 5014 3783 5069 contir-

2136 5120 2291 5170 mata
2350 5112 2629 5167 Martialis
2685 5111 3053 5180 aliorumque
3111 5107 3444 5164 testimonio
3529 5101 3784 5159 auctori-

2138 5214 2245 5259 tas.

2210 5293 2489 5347 Praeterea
2536 5288 2941 5345 Tertullianus
2972 5291 3269 5343 asseverat
3300 5285 3434 5340 illos
3463 5283 3635 5338 etiam
3685 5295 3786 5349 pu-

2139 5382 2323 5437 blicos
2344 5382 2543 5435 hostes
2571 5396 2718 5444 esse,
2760 5400 2785 5431 α
2818 5377 2915 5448 qui
2950 5393 3104 5430 nunc
3127 5376 3506 5431 scelestarum
3533 5370 3785 5442 partium

2140 5470 2278 5525 socii
2314 5472 2417 5521 aut
2448 5465 2751 5538 plausores
2784 5464 3045 5536 quotidie
3080 5463 3411 5519 revelantur
3444 5483 3470 5509 ι»
3520 5452 3784 5529 (Tertull.

2140 5559 2411 5630 Apologet.
2448 5572 2576 5627 cap.
2610 5554 2700 5617 35,
2735 5570 2865 5625 pag.
2902 5553 3047 5624 458).
3081 5556 3154 5608 Et
3199 5558 3351 5609 certe
3392 5551 3515 5623 jam
3551 5563 3583 5599 a
3617 5543 3783 5597 nobis

375 5678 451 5721 xv
482 5663 624 5718 Hist.
652 5669 840 5718 natur.
874 5632 1000 5733 cap.
1034 5659 1146 5733 30).
1181 5658 1475 5733 Expende,
1506 5632 1736 5730 quaeso,
1777 5672 1906 5727 qua
1964 5668 2035 5710 ex
2143 5664 2322 5721 supra
2353 5650 2503 5720 (cap.
2535 5645 2590 5715 2,
2627 5648 2736 5701 art.
2789 5644 2847 5717 2)
2903 5645 3250 5700 annotatum
3309 5646 3399 5696 est
3451 5638 3545 5693 his
3599 5632 3793 5690 verbis
