4134 6184
468 348 622 410 “59

987 345 1514 406 TER’I‘ULLIANI
1562 341 1880 404 OPERUM
1930 341 2127 402 PARS
2174 342 2221 401 Ι.
2256 374 2325 385 -
2361 341 2635 402 SEBIES
2682 343 2730 415 Ι,
2776 342 3338 404 APOLOGETICA.

3673 347 3805 407 “60

472 478 769 552 designari
798 477 1057 533 Albianaa
1088 476 1357 532 factionis
1405 475 1671 531 conscios
1722 475 2115 544 fautoresque,
2147 477 2199 542 Α
2230 477 2491 528 ratorum
2544 473 2754 540 salute,
2803 491 2981 546 quam
3033 473 3176 530 falsa
3232 473 3524 546 gentilium
3585 481 3717 545 vota,
3758 492 3813 531 ac

477 570 577 640 qui
608 570 666 623 in
700 566 893 623 Severi
924 565 1296 638 imperatoris
1323 565 1637 638 perniciem
1656 565 2124 633 conjuraverant.

474 659 708 715 Plenius
731 673 968 729 quoque
996 655 1139 711 illud
1164 655 1244 710 ibi
1268 653 1884 724 enucleavimus,quod
1917 654 2131 707 Auctor

476 755 677 806 noster
705 747 957 820 adjecit:
1000 770 1019 796 α
1056 747 1270 801 Eadem
1302 746 1495 800 olllcia
1526 744 1883 815 dependunt,
1916 746 1971 797 et
2027 752 2129 813 qui

476 838 831 910 astrologos,
864 842 922 893 et
953 834 1272 906 aruspices,
1307 840 1361 890 et
1387 850 1662 906 augures,
1708 838 1764 888 et
1814 848 2012 903 magos
2061 831 2132 885 de

475 929 764 984 (linearum
800 925 990 997 capite
1036 924 1379 980 consultant
1412 946 1439 971 ››
1488 922 1754 993 (Tertull.
1814 920 1925 975 loc.
1980 919 2129 989 cit.).

477 1019 594 1075 Cur
626 1017 783 1072 enim
817 1032 916 1072 eos
951 1018 1110 1069 tanta
1170 1013 1509 1068 curiositate
1557 1011 1963 1079 consulebant,
2016 1009 2129 1063 nisi

479 1107 619 1180 quia
650 1109 754 1161 aut
807 1105 1145 1176 cogitabant
1192 1104 1262 1157 de
1322 1102 1518 1156 futura
1573 1102 1869 1156 Caesarum
1924 1102 2131 1167 morte,

477 1214 655 1269 quam
679 1206 831 1251 certe
863 1195 1180 1264 cupiebant
1206 1191 1362 1246 brevi
1383 1195 1641 1260 tempore
1668 1190 1920 1243 futuram
1941 1187 1967 1240 ‘I
1988 1191 2131 1240 Nam

475 1286 844 1343 continenter
876 1282 972 1338 ille
1004 1282 1187 1337 dixit:
1225 1281 1339 1335 Non
1368 1297 1434 1334 ea
1494 1288 1672 1333 mente
1720 1278 1782 1333 de
1816 1277 2022 1341 charis,
2075 1275 2132 1330 id

474 1381 565 1431 est
619 1371 1071 1444 consanguineis
1134 1375 1309 1441 atque
1368 1368 1731 1441 parentibus,
1802 1366 2132 1453 consulitur,

473 1481 581 1537 qua
611 1463 676 1519 de
708 1461 946 1518 dominis
976 1458 1246 1531 (Tertull.
1280 1458 1391 1514 loc.
1434 1458 1534 1512 cit.
1598 1472 1729 1527 pag.
1784 1455 1929 1523 450),
1987 1471 2134 1525 quos

474 1554 701 1609 sincere
732 1568 844 1606 non
880 1548 1206 1620 diligimus.
1245 1549 1318 1602 De
1349 1546 1555 1618 primis
1589 1545 1886 1616 siquidem
1915 1545 2136 1599 curiosa

473 1652 572 1714 est,
608 1642 688 1697 ait
719 1640 836 1708 ille,
867 1638 1186 1694 sollicitudo
1223 1638 1535 1707 sanguinis,
1568 1634 1676 1690 hoc
1709 1641 1818 1697 est,
1874 1632 2131 1703 illorum,

474 1733 692 1803 quibus
746 1728 951 1785 1062
1012 1726 1294 1799 sanguine
1348 1723 1647 1797 conjuncti
1698 1740 1929 1793 sumus,
1987 1739 2133 1793 quos

473 1821 711 1893 quidem
744 1819 1018 1889 cupimus
1056 1833 1186 1872 esse
1246 1814 1609 1870 incolumes:
1663 1812 1779 1867 alia
1822 1828 1958 1866 vero
2012 1828 2132 1867 ser-
2165 1842 2210 1907 Β

469 1911 682 1975 vitulis,
728 1908 920 1977 cujus,
977 1907 1213 1977 jugum,
1284 1902 1515 1959 sublato
1565 1901 1824 1969 domino,
1887 1900 2133 1972 quilibet

473 2013 679 2055 servus
711 1996 825 2051 cito
856 1995 1031 2050 citius
1061 1995 1352 2049 discutere
1382 1995 1634 2063 exoptat.
1693 1992 1885 2045 Tuum
1932 1994 2129 2045 tamen

479 2103 553 2142 ne
582 2083 885 2140 induxeris
918 2082 973 2135 in
1008 2081 1269 2137 animum
1303 2079 1551 2151 primam
1575 2079 1645 2133 de
1670 2078 2130 2149 propinquorum

485 2174 677 2230 salute
730 2170 1221 2228 consultationem
1281 2167 1641 2223 Tertulliano
1699 2167 1952 2238 probari.
2010 2165 2133 2221 No'n

480 2264 638 2320 aliud
674 2262 889 2334 quippe
921 2259 1232 2332 significat,
1271 2256 1379 2312 nisi
1412 2256 1790 2329 posteriorem
1826 2256 1895 2309 de
1944 2255 2133 2309 Gaesa-

481 2369 613 2407 rum
640 2350 876 2406 interitu
913 2364 1040 2404 esse
1071 2347 1179 2402 bac
1209 2346 1381 2417 longe
1414 2346 1689 2416 pejorem.
1710 2347 1926 2399 Omnes
1948 2343 2133 2397 enim-

477 2456 612 2495 vero
670 2453 977 2510 magorum
1040 2435 1501 2491 consultationes
1561 2433 1732 2505 plane
1784 2432 2137 2504 penitusque

482 2529 856 2594 condemnat,
890 2531 1089 2596 utpote
1119 2525 1192 2579 ab
1222 2524 1454 2592 angelis,
1487 2522 1682 2593 inquit
1709 2521 1917 2590 (Ibid.),
1951 2520 2134 2576 deser-

492 2618 720 2680 toribus,
755 2619 819 2670 ut
866 2632 1045 2686 supra
1106 2614 1379 2682 vidimus,
1425 2611 1697 2683 proditas,
1749 2621 1798 2666 et
1829 2627 1867 2666 a
1896 2612 2000 2665 Deo
2046 2611 2134 2664 in-

493 2705 747 2762 terdictas
777 2706 992 2776 (Supr,
1027 2708 1135 2757 art.
1168 2704 1244 2769 5).

563 2812 702 2876 Quis
724 2828 892 2883 porro
908 2827 1022 2865 non
1042 2809 1275 2865 horreat
1298 2811 1613 2863 immanem
1638 2807 1847 2863 horum
1870 2806 2133 2861 omnium

492 2900 822 2974 perﬁdiam,
877 2900 970 2970 qui
1037 2920 1064 2948 «
1097 2899 1205 2953 sub
1257 2898 1387 2969 ipsa
1442 2914 1629 2969 usque
1662 2897 1980 2969 impietatis
2009 2913 2135 2950 cru-

496 2991 690 3063 ptione
721 2994 778 3045 et
810 3004 975 3044 sacra
1006 2987 1297 3041 faciebant
1326 3003 1429 3058 pro
1458 2985 1647 3041 salute
1694 2984 2134 3057 imperatoris...

495 3086 560 3135 ut
592 3084 721 3135 vota
754 3078 987 3151 prepria
1014 3077 1132 3148 jam
1167 3075 1461 3132 edicerent
1492 3076 1550 3129 in
1582 3074 1772 3130 aliena
1830 3074 2136 3146 [nimirum

488 3170 877 3240 imperatoris]
913 3165 1302 3235 solemnitate,
1335 3168 1387 3219 et
1420 3163 1751 3236 exemplum
1787 3168 1957 3236 atque
1990 3162 2136 3218 ima-

490 3259 686 3329 ginem
721 3256 841 3327 spei
875 3273 993 3310 suae
1024 3254 1467 3325 inaugurarent,
1504 3270 1711 3308 nomen
1746 3253 2027 3324 principis
2077 3251 2135 3305 in
2169 3227 2210 3293 (ἶ

494 3346 667 3401 corde
727 3348 1021 3400 mutantes
1051 3363 1082 3396 »
1134 3341 1399 3415 (Tertull.
1461 3342 1735 3413 Apologet.
1797 3358 1845 3396 c.
1906 3342 1994 3406 35,
2078 3358 2135 3412 p.

494 3436 642 3506 459),
677 3435 730 3489 id
765 3439 873 3503 est,
909 3434 1040 3487 ficta
1072 3450 1311 3504 prorsus
1354 3448 1455 3502 pro
1507 3431 1695 3485 salute
1747 3430 2137 3501 imperatoris,

494 3542 557 3580 ac
588 3542 725 3580 vera
758 3541 859 3596 pro
893 3522 1049 3577 illius
1084 3527 1288 3590 morte,
1322 3527 1379 3576 et
1412 3520 1674 3592 proximo
1725 3521 1851 3590 ejus
1902 3536 2138 3575 succes-

497 3629 626 3668 sore
659 3619 786 3667 vota
845 3615 1273 3682 nuncupantes,
1323 3609 1482 3664 illius
1523 3625 1732 3664 nomen
1794 3624 1890 3663 ore
1944 3612 2137 3677 tenus,

492 3701 733 3756 alterius
783 3704 976 3755 autem
1032 3699 1238 3753 intimo
1296 3699 1466 3753 corde
1523 3696 1939 3769 appellabant?
1991 3697 2139 3761 Quid

499 3794 694 3845 autem
730 3790 838 3844 hac
872 3787 1112 3861 perfidia
1140 3789 1327 3858 magis
1359 3787 1767 3842 detestandum
1789 3785 1816 3840 ?

564 3896 758 3951 Mirari
790 3897 989 3967 itaque
1021 3895 1165 3951 satis
1218 3912 1330 3949 non
1382 3910 1699 3965 possumus
1750 3894 2140 3949 temeritatem

496 3985 890 4049 ethnicorum,
922 3984 1020 4055 qui
1052 4000 1185 4038 cum
1219 3987 1306 4038 tot
1334 3983 1617 4053 exemplis
1675 3983 1873 4037 hostes
1923 3981 2139 4053 publici

496 4081 553 4129 et
579 4074 727 4130 lassas
788 4073 1115 4143 majestatis
1176 4071 1255 4127 rei
1290 4071 1523 4141 fuerint,
1586 4071 1833 4142 hujusce
1876 4071 2141 4126 criminis

496 4163 859 4219 Christianos
892 4160 1061 4233 plane
1084 4161 1422 4215 innocentes
1447 4160 1522 4214 im
1535 4160 1960 4232 pudentissime
1977 4176 2143 4214 accu-

496 4254 726 4307 sabant.
757 4250 967 4306 Nullus
1005 4251 1299 4304 enimvero
1338 4248 1489 4303 inter
1536 4254 1620 4302 tot
1670 4248 1996 4317 perduelles
2047 4248 2144 4303 ho-

496 4348 734 4412 slesque
764 4338 1030 4410 publicos
1059 4336 1428 4393 Christianus
1454 4352 1713 4406 unquam
1742 4336 2143 4407 deprehensus

498 4436 609 4484 est.
639 4428 923 4493 Quocirca
953 4429 1023 4483 ad
1055 4427 1361 4498 Scapulam
1411 4424 1617 4478 Africae
1666 4426 1971 4495 praesidem
2022 4425 2143 4481 haec

501 4515 898 4572 Tertullianus
933 4520 1133 4572 noster
1162 4514 1399 4585 scripsit
1426 4513 1484 4567 in
1517 4514 1726 4569 verba:
1762 4536 1789 4563 «
1824 4514 1987 4568 Circa
2018 4531 2143 4569 ma-

2238 566 2401 617 tanto
2432 563 2627 618 studio
2648 569 2704 618 et
2724 563 2942 619 honore
2966 564 3343 635 imperatores
3366 563 3816 636 colebant,quanto

2239 651 2416 707 iidem
2456 652 2676 708 ethnici
2736 652 2868 707 odio
2913 669 3012 708 eos
3072 653 3575 724 prosequebantur.
3624 654 3817 708 Etenim

2248 759 2270 789 ι
2306 740 2489 811 pietas
2520 746 2576 796 et
2605 740 2809 814 religio
2836 747 2893 797 et
2944 742 3109 809 fides,
3156 742 3347 813 inquit
3392 745 3590 796 Auctor
3634 748 3820 811 noster,

2242 828 2695 900 imperatoribus
2727 831 2940 898 debita,
2993 848 3107 886 non
3164 832 3222 885 in
3281 830 3599 902 hujusmodi
3645 831 3822 887 officiis

2242 918 2530 985 consistit,
2564 919 2780 989 quibus
2806 918 3099 974 hostilitas
3132 920 3317 991 magis
3366 919 3435 973 ad
3482 918 3820 974 velamentum

2243 1008 2333 1063 sui
2365 1012 2556 1079 potest
2581 1007 2743 1079 fungi
2773 1030 2800 1058 »
2837 1009 3043 1079 (Idem,
3064 1009 3334 1080 Apoloyet.
3366 1024 3492 1080 cap.
3530 1009 3609 1075 36,
3635 1027 3682 1080 p.
3706 1009 3824 1081 460),

2244 1099 2298 1153 id
2334 1103 2441 1168 est,
2475 1100 2691 1170 quibus
2730 1098 2932 1169 religio
2965 1099 3075 1153 sub
3106 1096 3401 1152 umbratili
3439 1096 3587 1152 falsae
3632 1097 3827 1167 pietatis

2242 1188 2401 1244 larva
2428 1193 2616 1260 potest
2642 1189 2927 1259 perfidum
2986 1185 3376 1257 hostilemque
3421 1185 3689 1242 occultare
3727 1187 3829 1242 ani~

2245 1296 2431 1335 mum.
2468 1284 2538 1333 At
2568 1279 2752 1350 pietas
2783 1283 2838 1334 et
2870 1277 3071 1350 religio
3104 1278 3321 1333 residet
3352 1301 3378 1328 «
3412 1277 3468 1331 in
3500 1276 3568 1331 iis
3588 1277 3830 1348 moribus,

2245 1368 2462 1441 quibus
2492 1369 2738 1424 civilitas
2771 1374 2890 1423 tam
2945 1384 3075 1423 vere
3119 1367 3179 1422 in
3231 1366 3649 1438 imperatorem,
3690 1383 3832 1437 quam

2246 1458 2401 1514 circa
2421 1474 2624 1514 omnes
2646 1457 2820 1513 habet
2850 1456 3132 1512 exhiberi.
3151 1481 3171 1509 1
3199 1456 3285 1511 Ita
3306 1456 3538 1527 quidem
3556 1472 3619 1511 ex
3631 1458 3831 1510 Wouve-

2244 1549 2409 1603 riano
2438 1548 2656 1616 codice,
2709 1552 2764 1602 et
2795 1546 3151 1618 quibusdam
3210 1546 3623 1601 recentioribus
3667 1545 3835 1600 editio-

2246 1637 2442 1691 nibus.
2478 1640 2543 1690 In
2574 1635 3005 1708 antiquioribus
3036 1651 3168 1691 vero
3213 1639 3271 1691 et
3321 1636 3534 1691 nostris
3580 1634 3836 1689 codicibus

2245 1725 2665 1797 manuscriptis
2695 1725 2929 1797 legitur,
2963 1724 3035 1781 iis
3068 1746 3091 1777 α
3127 1724 3411 1795 moribus,
3435 1724 3636 1794 quibus
3662 1721 3835 1778 divini-

2242 1819 2332 1870 tas
2363 1816 2631 1887 imperat,
2668 1819 2787 1870 tam
2819 1831 2969 1885 vere,
3023 1830 3202 1885 quam
3259 1814 3415 1869 circa
3462 1829 3673 1883 omnes,
3702 1835 3727 1862 ››
3752 1816 3835 1866 etc.

2242 1905 2445 1975 (Ibid.).
2507 1904 2708 1959 Nonne
2749 1907 2944 1959 autem
2997 1907 3085 1958 tot
3124 1902 3464 1958 vetustioris
3518 1900 3839 1971 meliorisque

2244 1998 2392 2047 notae
2449 1993 2716 2048 codicum
2779 1991 3099 2048 auctoritas
3158 1992 3425 2061 majoris,
3487 2007 3654 2062 quam
3702 1989 3838 2044 unius

2240 2081 2639 2150 Wouveriani,
2673 2084 2761 2136 est
2791 2080 3110 2152 ponderis?
3167 2082 3375 2136 1083
3432 2080 3622 2151 Neque
3665 2077 3839 2133 dixeris

2246 2188 2457 2226 nomen
2487 2172 2747 2240 civilitas,
2780 2187 2896 2241 quo
2925 2170 3139 2225 civium
3182 2170 3432 2225 societas
3477 2175 3532 2226 et
3577 2167 3840 2224 concordia

2247 2259 2633 2332 significatur,
2684 2259 2874 2332 magis
2924 2260 3229 2315 convenire
3281 2256 3621 2314 Tertulliani
3671 2272 3835 2328 propo-

2246 2352 2377 2406 sito.
2411 2349 2491 2405 De
2523 2349 2787 2404 moribus
2817 2349 3113 2403 enimvero
3154 2347 3416 2418 loquitur
3465 2365 3495 2402 a
3544 2347 3653 2401 Deo
3696 2346 3842 2414 impe-

2246 2438 2411 2505 ratis,
2445 2439 2660 2510 quibus
2692 2437 2895 2509 religio
2927 2443 2985 2492 et
3016 2437 3200 2507 pietas
3230 2436 3290 2491 in
3323 2436 3720 2509 imperatorem
3745 2448 3841 2488 om-

2248 2543 2466 2598 nesque
2497 2525 2643 2582 alios
2670 2526 2929 2582 exhiberi
2962 2526 3151 2581 debet.
3179 2525 3323 2581 Nam
3355 2526 3493 2581 inde
3547 2526 3710 2581 etiam
3755 2520 3842 2576 evi-

2247 2617 2481 2672 dentius
2496 2614 3435 2687 demonstratuerristianos,qui
3459 2614 3547 2669 Dei
3564 2611 3844 2682 suilegibns

2249 2721 2362 2761 non
2396 2720 2598 2776 parere
2630 2703 2795 2759 nefas
2825 2704 3138 2773 ducebant,
3188 2703 3417 2759 sincero
3468 2702 3656 2759 animo
3700 2701 3846 2769 impe-

2249 2799 2500 2849 ratorem
2536 2793 2931 2861 bonoravisse,
2963 2810 3028 2847 ac
3062 2793 3303 2863 proinde
3329 2808 3435 2847 nec
3466 2792 3657 2847 hostes
3700 2788 3847 2843 fuisse

2249 2882 2538 2956 publicos,
2572 2897 2678 2937 nec
2710 2879 2838 2937 re'os
2874 2882 3019 2936 lases
3052 2880 3382 2951 majestatis
3416 2881 3695 2935 humanis.

2866 3040 3183 3079 ARTICULUS
3221 3039 3280 3077 V.

2249 3134 2384 3202 Quae
2420 3135 2531 3188 sint
2560 3132 2779 3187 illicita:
2805 3132 3090 3201 factiones,
3124 3145 3190 3185 ac
3218 3133 3498 3201 quantum
3544 3130 3609 3183 ab
3652 3129 3723 3202 eis
3763 3124 3852 3178 dis-

2320 3214 2503 3271 crepet
2530 3206 2622 3274 pia
2654 3205 2883 3257 vivendi
2911 3203 3054 3257 ratio
3088 3200 3680 3271 ChriStianorum,qui
3697 3200 3852 3274 tinnie-

2322 3268 2430 3330 rito
2460 3268 2683 3345 factiosi
2710 3275 3051 3342 dicebantur,
3082 3276 3215 3345 quia
3234 3268 3665 3344 spectaculoram
3706 3268 3855 3340 fugie-

2322 3349 2451 3403 bant
2480 3349 2778 3415 voluptates
2833 3350 3055 3417 tamque
3093 3346 3275 3400 ticitas
3324 3346 3680 3408 sectabantur,
3724 3354 3857 3410 quam

2318 3417 2459 3474 aliis
2488 3418 2781 3489 prohibitis
2814 3419 3066 3488 Epicurei
3095 3425 3145 3471 et
3173 3419 3279 3471 atii
3309 3417 3677 3487 indulgebant.

2319 3541 2508 3598 Nullis
2558 3558 2814 3613 unquam
2870 3540 3218 3606 rationibus,
3270 3545 3450 3595 etiam
3501 3534 3852 3595 validissimis.

2250 3632 2441 3686 sedari
2472 3631 2660 3703 potuit
2686 3629 3059 3700 implacabile
3089 3630 3407 3701 gentitium
3458 3630 3517 3683 in
3543 3626 3853 3683 Christianos

2250 3720 2448 3774 odium
2479 3736 2491 3774 :
2526 3720 2627 3773 sed
2662 3717 2849 3789 magis
2882 3718 3188 3788 magisque
3246 3717 3629 3772 clamitabant
3663 3714 3852 3768 illorum

2252 3809 2584 3877 factionem,
2627 3813 2685 3862 et
2734 3807 3183 3877 imperatoribus
3232 3811 3288 3861 et
3350 3804 3676 3877 reipublice
3718 3801 3855 3872 plane

2252 3897 2627 3962 contrariam,
2651 3894 3011 3949 evellendam
3035 3911 3163 3951 esse
3186 3893 3629 3949 radicitus.Non
3651 3891 3857 3946 obscure

2254 3990 2446 4041 autem
2483 3983 2879 4040 Tertullianus
2911 3983 3107 4037 innuit
3139 3983 3410 4038 factionis
3445 3998 3647 4037 nomen
3690 3978 3738 4031 in
3778 3977 3858 4028 bo-

2255 4090 2391 4129 nam
2425 4073 2759 4144 malamque
2792 4077 3011 4139 partem
3062 4070 3245 4143 accipi
3290 4069 3563 4142 (Tertull.
3619 4064 3860 4138 Αροιυοιτ.

2257 4180 2383 4235 cap.
2413 4163 2502 4227 38,
2536 4178 2592 4232 p.
2627 4162 2772 4232 464).
2813 4162 3015 4215 Festus
3047 4176 3297 4230 quoque.
3359 4181 3387 4209 ‹‹
3424 4159 3636 4227 Factio,
3685 4150 3860 4223 inquit.

2256 4258 2312 4307 et
2343 4250 2618 4306 factiosus
2652 4250 2817 4305 initio
2874 4249 3123 4305 honesta
3175 4248 3464 4304 vocabula
3511 4250 3685 4303 erant.
3730 4240 3863 4297 Unde

2257 4340 2431 4396 etiam
2463 4339 2745 4394 factiones
2778 4339 3135 4393 histrionum
3168 4343 3224 4393 et
3246 4340 3669 4409 quadrigarum
3693 4332 3863 4387 dicun-

2257 4436 2374 4485 tur.
2408 4430 2572 4484 Modo
2604 4433 2798 4483 autem
2834 4427 3068 4482 nomine
3102 4428 3373 4483 factionis
3398 4426 3626 4489 seditio,
3657 4425 3708 4478 et
3733 4429 3867 4476 arma

2255 4522 2596 4575 vocantur»
2641 4518 2816 4585 (Fest.
2880 4518 2948 4572 de
2994 4517 3197 4588 Signi)“.
3250 4518 3403 4571 verb.
3456 4532 3580 4586 cap.
3627 4516 3676 4579 2,
3723 4508 3781 4563 ad
3822 4520 3862 4555 ν.

493 4608 767 4678 jestatem
801 4604 1176 4676 imperatoris
1208 4603 1567 4658 infamamur
1590 4627 1603 4669 ς
1625 4607 1823 4657 tamen
1851 4620 2151 4674 nunquam
2183 4597 2231 4661 D
2261 4606 2485 4679 Factio).
2518 4607 2876 4661 Circensium
2909 4605 3085 4661 etiam
3118 4606 3465 4671 factionum,
3494 4618 3637 4675 quas
3685 4590 3867 4654 ethnici

505 4693 818 4762 Albiniani,
855 4710 958 4749 nec
990 4692 1276 4764 Nigriani,
1308 4692 1395 4748 vel
1428 4692 1686 4747 Cassiani
1747 4691 1990 4748 inveniri
2044 4708 2149 4764 po-

502 4788 748 4839 tuerunt
777 4782 1094 4839 Christiani
1122 4802 1134 4849 ;
1167 4782 1269 4836 sed
1311 4781 1488 4836 iidem
1521 4780 1657 4852 ipsi,
1690 4782 1789 4852 qui
1819 4798 1919 4853 per
1948 4781 2150 4852 genios

505 4888 732 4942 eorum,
768 4894 795 4920 n
828 4872 980 4927 sicut
1002 4887 1182 4942 supra
1203 4870 1590 4939 ostendimus,
1618 4870 1727 4923 «in
1758 4870 1942 4941 pridie
1963 4886 2150 4941 usque

498 4963 858 5031 juraverant,
891 4958 986 5030 qui
1023 4976 1127 5030 pro
1158 4958 1345 5013 salute
1376 4974 1574 5012 eorum
1610 4957 1835 5013 hostias
1894 4964 1948 5013 et
1997 4959 2150 5014 fece-

505 5053 639 5103 rant
666 5052 723 5103 et
749 5051 1045 5113 voverant,
1090 5046 1191 5118 qui
1240 5046 1604 5101 Christianos
1647 5064 1796 5117 saepe
1845 5050 2153 5102 damnave-

503 5141 655 5205 rant,
688 5137 886 5192 hostes
924 5152 1124 5191 eorum
1158 5140 1296 5189 sunt
1324 5134 1557 5205 reperti.
1592 5134 1958 5190 Christianus
2016 5136 2151 5191 nul-

503 5225 622 5281 lius
652 5230 742 5282 est
774 5226 985 5293 hostis,
1020 5225 1236 5279 nedum
1272 5223 1666 5292 imperatoris,
1698 5240 1872 5291 quem
1896 5225 2086 5279 sciens
2118 5242 2152 5280 a

507 5314 625 5371 Deo
656 5315 1062 5380 constitutum,
1096 5326 1333 5367 necesse
1361 5316 1449 5365 est
1479 5316 1543 5364 ut
1577 5316 1631 5365 et
1681 5312 1876 5382 ipsum
1922 5312 2150 5385 diligat,

503 5416 561 5459 et
593 5409 945 5472 revereatur,
977 5408 1033 5456 et
1061 5401 1325 5465 honoret,
1357 5405 1413 5454 et
1443 5399 1664 5453 salvum
1696 5400 1837 5455 velit
1867 5418 1999 5457 cum
2031 5407 2151 5458 toto

505 5497 766 5548 Romano
799 5490 1044 5562 imperio
1078 5512 1105 5538 n
1138 5489 1345 5558 (Idem,
1378 5486 1479 5541 lib.
1513 5487 1583 5541 ad
1614 5487 1866 5561 Sceaput.
1895 5506 2021 5563 cap.
2070 5494 2148 5563 2).

504 5583 613 5638 Sed
647 5583 766 5637 haec
799 5580 944 5637 satis
977 5596 1008 5633 a
1039 5578 1209 5633 nobis
1240 5592 1420 5647 supra
1449 5576 1757 5647 explanata
1787 5586 1945 5636 sunt.

573 5669 714 5728 Tam
744 5686 878 5727 vera
907 5668 1106 5740 itaque
1135 5668 1302 5722 erant
1331 5664 1793 5723 Christianorum
1826 5688 1928 5743 pro
1967 5672 2152 5746 impe-

2262 4696 2448 4752 malas
2480 4711 2609 4751 esse
2640 4711 2753 4750 non
2788 4697 3093 4766 putabant,
3128 4693 3345 4749 mentio
3377 4693 3595 4765 saepius
3642 4690 3775 4743 facta
3799 4684 3871 4736 est

2259 4786 2317 4839 in
2350 4784 2607 4841 Suetonii
2640 4784 2763 4856 (lib.
2812 4801 2864 4852 ν,
2914 4784 2981 4838 de
3031 4783 3222 4839 Ctaud.
3258 4784 3365 4849 §5,
3414 4787 3471 4837 et
3519 4780 3617 4835 lib.
3662 4790 3772 4838 vm,
3820 4766 3871 4823 ἀι

2260 4876 2414 4931 Dom.
2450 4893 2578 4947 cap.
2609 4876 2686 4947 7),
2720 4874 3048 4930 Cassiodori
3076 4874 3204 4942 (lib.
3239 4890 3299 4927 ιιι
3341 4874 3557 4928 Variar.
3589 4868 3745 4940 epist.
3797 4860 3869 4947 Η,

2262 4981 2392 5036 pag.
2456 4945 2547 5031 56)
2594 4945 2703 5019 οόὶ.
2761 4964 2839 5034 2),
2901 4961 3271 5033 aliorumque
3328 4961 3499 5015 libris
3554 4963 3608 5013 et
3662 4945 3871 5009 diversis

2260 5052 2768 5125 inscriptionibus.

2329 5140 2729 5197 Tertullianus
2760 5140 2953 5213 itaque
3005 5140 3272 5196 ethnicos
3325 5134 3687 5211 gravissimis
3740 5126 3871 5184 hisce

2257 5231 2451 5286 verbis
2484 5230 2774 5301 castigat:
2808 5252 2835 5279 ‹‹
2866 5228 3112 5284 Proinde
3144 5245 3246 5283 nec
3299 5225 3477 5299 paulo
3528 5222 3709 5279 lenius
3748 5217 3871 5301 inter

2261 5321 2452 5375 licitas
2528 5297 2807 5375 factiones
2866 5323 3086 5373 sectam
3145 5297 3318 5372 istam
3398 5297 3871 5383 [Christianorum]

2263 5406 2529 5477 deputari
2569 5405 2894 5475 oportebat,
2928 5421 2960 5458 a
2991 5420 3107 5475 qua
3138 5401 3284 5458 nihil
3341 5402 3457 5455 tale
3506 5390 3869 5477 committitur,

2262 5476 2435 5567 quale
2467 5495 2539 5548 de
2588 5494 2809 5547 illicitis
2861 5492 3216 5547 factionibus
3259 5488 3454 5545 timeri
3504 5486 3643 5542 solet
3672 5504 3695 5529 ι»
3742 5476 3871 5545 (Τετ-

2261 5582 2390 5639 tull.
2433 5583 2706 5654 Apologet.
2758 5598 2886 5653 cap.
2929 5582 3020 5650 38,
3073 5598 3129 5653 p.
3183 5579 3324 5650 464).
3383 5575 3661 5633 Heraldus
3704 5570 3867 5623 autem

2262 5676 2468 5732 contra
2495 5671 2782 5744 omnium,
2806 5670 2928 5728 sive
2948 5671 3262 5743 editorum,
3319 5667 3441 5725 sive
3485 5655 3865 5726 manuscripto-
