4134 6184
333 334 481 395 1161

1248 332 1323 390 D.
1372 330 1465 429 ιβ
1509 329 1835 393 NOURBY
1878 328 2529 391 OBSERVATIONES
2574 329 2836 396 NOVJE.

3591 325 3748 389 1162

333 482 466 522 rum
496 464 765 520 codicum
798 462 1270 519 reclamationem
1315 460 1627 532 legendum
1662 464 1989 533 auguratur
2014 461 2071 527 Α
2101 461 2319 534 quippe
2369 462 2678 533 conjurati,
2730 461 2878 519 alios
2926 461 3187 536 perditos
3247 457 3518 516 homines
3563 459 3748 533 pretio

334 556 585 623 illicitas,
620 570 734 609 non
762 569 897 607 vero
922 553 1102 608 licitas
1134 551 1436 607 factiones.
1462 551 1585 606 Non
1615 551 1771 606 enim
1804 550 1988 621 aliud,

334 644 550 716 inquit,
592 642 703 697 sibi
749 641 1145 697 Tertullianus
1192 639 1393 706 voluit,
1446 640 1560 695 nisi
1590 640 1871 696 leniorem
1901 640 1989 693 vi—

336 733 455 789 deri
491 733 883 804 quorumdam
919 730 1288 785 ethnicorum
1332 730 1705 797 sententiam,
1742 728 1840 801 qui
1873 728 1987 784 exi-

338 822 662 878 stimabant
709 820 1175 877 Christianorum
1234 824 1456 873 sectam
1508 818 1757 890 legibus,
1791 823 1992 873 contra

338 911 621 967 factiones
660 908 1071 982 promulgatis,
1123 907 1417 980 prohiberi
1480 926 1492 963 :
1552 907 1609 962 in
1639 907 1746 963 hoc
1794 912 1989 962 tamen

338 1001 470 1056 illos
501 1015 749 1066 errasse,
785 999 937 1069 quod
984 997 1135 1053 hanc
1184 1002 1402 1052 sectam
1434 998 1489 1052 in
1527 998 1843 1052 factionum
1878 996 1988 1050 illi-

339 1090 586 1146 citarum
647 1103 891 1143 numero
963 1087 1348 1143 collocabant.
1401 1087 1512 1142 Sed
1573 1086 1711 1158 quid
1772 1086 1991 1141 audeas

338 1184 543 1238 contra
587 1176 923 1232 unanimem
975 1176 1243 1231 codicum
1284 1176 1549 1231 omnium
1583 1192 1935 1231 consensum
1965 1174 1992 1229 ?

337 1270 485 1333 Quid
518 1284 672 1333 vero;
706 1266 755 1320 si
796 1267 1156 1338 transposita
1201 1265 1276 1320 sit
1304 1265 1592 1337 particula
1622 1281 1736 1335 nec,
1772 1269 1871 1321 aut
1905 1281 1991 1319 re-

338 1357 577 1413 ferenda
623 1356 692 1410 ad
746 1371 959 1411 nomen
1010 1355 1209 1424 licitas,
1243 1354 1323 1409 ita
1374 1358 1436 1408 ut
1485 1354 1562 1409 sit
1598 1354 1690 1409 hic
1723 1353 1992 1410 Auctoris

337 1447 521 1502 nostri
557 1462 768 1501 sensus
800 1463 819 1499 :
853 1443 1085 1499 Ethnici
1133 1443 1449 1499 falsissime
1491 1443 1854 1499 Christianos
1885 1443 1988 1497 ho-

342 1539 461 1592 stes
495 1533 759 1607 publicos
792 1549 919 1588 esse
959 1532 1313 1588 clamabant.
1347 1532 1461 1587 Nec
1510 1532 1682 1602 paulo
1730 1532 1922 1587 lenius
1956 1531 1992 1585 ii

342 1642 474 1681 cum
509 1623 624 1679 illis
655 1623 929 1695 agebant,
962 1639 995 1677 a
1026 1621 1241 1693 quibus
1274 1637 1515 1676 numero
1548 1622 1995 1677 ascribebantur

342 1731 458 1770 non
497 1712 794 1768 licitarum
842 1710 1183 1777 factionum,
1237 1710 1591 1781 quibuscum
1625 1710 1771 1765 nihil
1814 1710 1991 1766 habe-

2102 568 2167 606 ac
2199 556 2465 607 mercede
2498 552 2558 608 in
2592 558 2785 624 partes
2818 552 3128 608 trahebant
3160 568 3319 607 suas.

2171 640 2325 696 Nihil
2360 650 2551 697 autem
2576 642 2706 711 tale,
2730 641 2817 697 vel
2843 642 2982 713 quid
3014 641 3105 696 his
3136 640 3446 696 minimum
3500 639 3694 697 simile
3716 658 3750 698 a

2099 730 2446 786 Christianis
2476 731 2803 786 timendum
2836 736 2979 785 erat.
3007 731 3195 785 Primo
3217 730 3371 786 enim
3404 730 3463 785 in
3495 730 3749 802 publicis

2101 820 2225 876 suis
2256 820 2569 893 synaxibus
2605 820 2747 874 nihil
2779 820 3081 891 agebatur,
3128 819 3241 873 nisi
3292 818 3456 890 pium
3509 823 3566 874 et
3612 835 3748 874 san-

2101 916 2262 965 ctum
2289 928 2302 977 ;
2336 916 2510 981 atque
2542 910 2640 979 ibi,
2674 910 2826 963 sicut
2865 908 3024 974 alibi,
3062 910 3233 963 Deum
3262 912 3378 963 toto
3410 908 3583 962 corde
3612 924 3748 963 ora-

2101 1001 2243 1054 bant
2286 1016 2389 1071 pro
2432 999 2903 1071 imperatoribus,
2939 997 3251 1069 tranquillo
3304 997 3534 1067 imperii
3566 1002 3746 1065 statu,

2101 1106 2203 1160 pro
2255 1088 2379 1144 suis
2436 1089 2711 1154 inimicis,
2791 1105 2856 1142 ac
2933 1088 3155 1142 caeteris
3222 1086 3519 1142 omnibus.
3581 1086 3744 1155 (Ibid.

2100 1196 2226 1249 cap.
2269 1179 2360 1247 39,
2406 1195 2536 1249 pag.
2570 1177 2717 1247 468).
2751 1178 2883 1241 Qua:
2934 1176 3169 1247 quidem
3200 1177 3397 1231 omnia
3427 1177 3545 1247 jam
3577 1192 3611 1230 a
3640 1192 3746 1231 no-

2098 1267 2191 1323 bis
2223 1268 2455 1323 abunde
2487 1268 2887 1321 demonstrata
2917 1271 3055 1321 sunt
3077 1266 3442 1337 (supra,cap.
3469 1265 3556 1333 14,
3576 1265 3747 1333 art.3,

2102 1361 2159 1412 et
2188 1373 2315 1427 cap.
2347 1358 2437 1419 21,
2471 1359 2581 1410 art.
2618 1356 2690 1422 1).

2173 1465 2437 1520 Secundo
2470 1463 2562 1517 his
2593 1462 2664 1517 ab
2697 1461 2858 1517 omni
2890 1461 3230 1527 ambitione,
3275 1478 3343 1516 ac
3391 1461 3746 1532 dignitatum

2102 1555 2509 1622 honorumque
2580 1552 2902 1619 cupiditate
2979 1568 3220 1622 prorsus
3278 1548 3747 1617 abhorrentibus,

2104 1645 2225 1699 sive
2256 1649 2320 1697 ut
2362 1642 2629 1697 Auctoris
2684 1640 2863 1695 nostri
2899 1640 3091 1695 verbis
3125 1645 3379 1706 utamur,
3414 1662 3443 1691 ‹‹
3477 1638 3646 1695 nobis
3678 1639 3749 1694 ab

2103 1733 2260 1788 omni
2294 1732 2490 1804 gloriae
2520 1735 2575 1786 et
2621 1730 2928 1800 dignitatis
2958 1730 3163 1784 ardore
3210 1728 3560 1800 frigentibus
3589 1727 3752 1783 nulla

341 1804 483 1858 bant
513 1817 842 1868 commune,
878 1804 935 1855 et
964 1817 996 1854 a
1026 1799 1240 1870 quibus
1282 1799 1435 1854 nihil
1478 1800 1588 1855 tale
1632 1802 1990 1867 commititur,

2119 1830 2191 1878 ast
2222 1799 2543 1878 necessitas
2572 1799 2755 1876 cintus
2783 1841 2811 1869 »
2844 1817 3105 1891 (Tertull.
3130 1799 3310 1887 ibid),
3335 1817 3390 1871 id
3424 1821 3604 1882 est,ut
3626 1833 3749 1872 me-

343 1892 505 1964 quale
532 1891 597 1946 de
624 1891 843 1946 illicitis
866 1889 1210 1961 factionibus
1235 1890 1431 1945 timori
1459 1891 1595 1945 solet
1626 1888 1857 1961 (Ibid).

415 2000 535 2063 Quo
568 2002 765 2054 autem
791 2000 962 2052 modo
991 2001 1207 2053 sectam
1231 1996 1695 2053 Christianorum
1720 2014 1833 2053 non
1868 2013 1997 2052 esse

343 2088 603 2143 illicitam
636 2085 985 2159 probaverit,
1019 2085 1461 2140 consideremus
1520 2103 1533 2141 :
1598 2108 1624 2135 «
1680 2086 1997 2141 Prohiben-

341 2178 572 2248 darum,
606 2176 706 2243 ait,
740 2175 1055 2231 factionum
1107 2190 1286 2229 causa
1335 2175 1406 2229 de
1454 2173 1818 2245 providentia
1866 2191 1998 2229 eon-

342 2273 459 2323 stat
491 2265 787 2322 modestiaa
821 2263 1089 2335 publicas,
1122 2280 1194 2317 ne
1224 2262 1428 2318 civitas
1460 2263 1517 2317 in
1545 2267 1737 2334 partes
1769 2264 1997 2319 scinde-

342 2362 502 2411 retur
560 2377 589 2404 »
649 2353 854 2425 (ibid).
929 2354 990 2407 In
1069 2351 1503 2423 antiquioribus
1560 2354 1769 2408 1064
1825 2353 1999 2407 editis

344 2445 616 2516 legimus,
667 2443 731 2497 de
777 2441 1123 2514 providentia
1175 2448 1227 2497 et
1272 2442 1533 2497 modestia
1584 2443 1826 2513 publica.
1887 2442 1998 2497 Sed

344 2550 459 2589 non
491 2533 575 2588 ita
603 2533 771 2598 bene,
806 2531 1042 2602 quando
1070 2532 1306 2602 quidem
1340 2534 1556 2586 Auctor
1582 2536 1780 2587 noster
1808 2531 1999 2586 decla-

344 2627 437 2679 rat
468 2621 965 2694 prohibendarum
1008 2620 1329 2675 factionum
1387 2621 1536 2676 hanc
1580 2638 1816 2677 causam
1849 2639 1998 2691 esse,

346 2717 412 2767 ut
461 2711 764 2766 modestiae
809 2708 1055 2781 publieae
1102 2708 1474 2779 provideatur
1522 2726 1589 2764 ac
1638 2710 1997 2769 consulatur.

346 2800 632 2856 Modestia
681 2814 816 2854 vero
876 2815 911 2853 a
967 2797 1171 2853 Latino
1230 2802 1459 2853 oratore
1517 2800 1601 2853 sic
1654 2800 1933 2856 delinitur
1985 2819 1998 2857 :

348 2913 377 2941 «
410 2889 667 2946 Scientia
689 2904 889 2943 earum
913 2903 1129 2953 rerum,
1152 2903 1279 2958 quas
1311 2891 1559 2959 agentur
1590 2893 1692 2943 aut
1713 2889 1999 2959 dicentur,

343 2978 473 3034 loco
503 2995 612 3035 suo
640 2977 1142 3035 collocandarum.
1184 2981 1384 3047 Itaque
1425 2976 1655 3032 videtur
1683 2979 1882 3034 eadem
1916 2981 2003 3036 vis

345 3068 592 3134 ordinis,
624 3071 681 3123 et
709 3066 1104 3122 collocationis
1136 3066 1324 3120 fore...
1360 3065 1522 3121 Sicut
1551 3067 1837 3123 modestia
1861 3069 2003 3136 haec,

347 3174 530 3230 quam
562 3156 1039 3227 interpretamur,
1076 3160 1137 3210 ut
1169 3154 1306 3219 dixi,
1345 3155 1589 3209 scientia
1621 3155 1697 3209 sit
1727 3162 2001 3226 opportu-

344 3247 548 3303 nitatis
584 3246 929 3300 idoneorum
980 3245 1049 3299 ad
1096 3245 1390 3315 agendum
1440 3249 1769 3315 temporum
1799 3267 1827 3295 ››
1882 3246 1998 3315 (Ci-
2032 3210 2073 3276 (ἶ

342 3354 459 3393 cer.
496 3336 595 3390 lib.
640 3351 657 3389 ι
701 3334 765 3389 de
796 3334 949 3404 Ofﬁc.
986 3350 1115 3405 pag.
1166 3332 1292 3400 370,
1335 3332 1440 3389 lin.
1493 3335 1558 3387 47
1589 3339 1645 3388 et
1676 3335 1885 3406 seqq.).
1923 3335 1998 3391 Eo

350 3429 546 3480 autem
578 3440 757 3479 sensu
788 3439 1000 3477 nomen
1036 3422 1332 3477 modestiae
1365 3427 1668 3494 sumptum
1700 3422 1932 3479 videtur
1970 3442 2002 3479 a

344 3512 711 3570 Tertulliano
760 3516 981 3577 nostro,
1031 3510 1127 3582 qui
1192 3510 1431 3578 idcirco,
1485 3510 1669 3566 malas
1724 3513 2001 3568 factiones

344 3604 556 3659 vetitas
599 3617 728 3656 esse
778 3605 1091 3667 asseverat,
1128 3616 1197 3655 ne
1247 3600 1483 3655 turbato
1532 3601 1735 3655 ordine
1783 3618 2001 3669 rerum,

346 3692 472 3748 loco
503 3694 559 3746 et
596 3694 859 3761 tempore
911 3690 1269 3760 agendarum
1304 3694 1401 3744 aut
1432 3690 1833 3757 dicendarum,
1869 3691 2004 3745 civi-

350 3787 444 3836 tas
477 3779 782 3834 scindatur
813 3777 871 3831 in
906 3782 1122 3849 partes.
1152 3776 1299 3831 Nam
1340 3794 1406 3832 ea
1437 3777 1647 3833 divisio
1680 3795 1745 3833 ac
1776 3779 2005 3834 dissen—

349 3869 439 3925 sio
493 3870 785 3938 inquietat,
822 3866 907 3921 uti
956 3864 1239 3936 loquitur,
1272 3866 1394 3921 sive
1427 3868 1725 3938 perturbat
1754 3870 2007 3935 comitia,

346 3956 409 4011 id
442 3963 549 4024 est,
584 3954 885 4027 generales
933 3954 1195 4009 omnium
1237 3955 1512 4009 ordinum
1562 3963 1766 4021 cestus,
1799 3961 1854 4010 et
1882 3972 2008 4011 con-

350 4046 491 4101 cilia
520 4043 792 4113 (Tertull.
826 4043 1097 4114 Apologet.
1124 4060 1249 4114 cap.
1283 4044 1371 4110 38,
1407 4060 1539 4114 pag.
1572 4043 1717 4115 465),
1760 4043 1869 4099 hoc
1899 4048 2009 4114 est,

353 4134 590 4189 illorum
651 4138 871 4205 partem
934 4138 1370 4203 congregatum.
1429 4131 1635 4187 Laelius
1670 4133 1823 4188 enim
1857 4133 2011 4188 Felix

354 4224 429 4278 ab
461 4222 607 4278 Aulo
638 4221 821 4277 Gellio
853 4220 1067 4276 citatus
1101 4237 1114 4275 :
1142 4243 1169 4270 (ς
1216 4222 1292 4287 Is,
1345 4219 1557 4291 inquit,
1584 4220 1682 4292 qui
1732 4238 1846 4277 non
1882 4222 2009 4276 uni-

352 4329 584 4367 versum
666 4309 973 4382 p0pulum,
1057 4310 1156 4363 sed
1216 4314 1440 4380 partem
1498 4309 1757 4381 aliquam
1807 4312 2013 4367 adesse

343 4403 538 4473 jubet,
562 4418 676 4455 non
709 4400 967 4464 comitia,
989 4415 1103 4453 non
1137 4398 1447 4453 concilium
1484 4399 1760 4455 adhibere
1785 4402 1955 4470 jubet
1984 4422 2011 4449 »

352 4490 523 4560 (Gell.
554 4492 699 4546 Noct.
732 4490 897 4545 Attis.
934 4487 1035 4543 lib.
1069 4504 1141 4543 xv
1173 4505 1300 4559 cap.
1331 4489 1387 4552 7,
1443 4504 1577 4560 pag.
1610 4490 1756 4560 847).
1792 4490 2015 4544 Turhat

352 4580 530 4637 etiam
580 4581 788 4645 curias,
835 4577 1052 4650 quibus
1105 4576 1243 4631 olim
1301 4578 1654 4646 sacerdotes,
1713 4582 1775 4632 ut
1832 4582 2014 4633 Varro
2047 4582 2091 4645 D

352 4670 623 4723 observat
654 4668 755 4722 lib.
791 4685 845 4722 1v
877 4667 943 4722 de
975 4668 1138 4733 Ling.
1176 4667 1357 4720 Latin.
1395 4682 1527 4736 pag.
1578 4668 1690 4737 51),
1750 4684 1839 4723 res
1870 4667 2012 4722 divi-

356 4775 485 4823 nas,
520 4763 577 4811 et
607 4762 851 4811 senatus
884 4756 1174 4809 humanas
1207 4757 1530 4819 curabant;
1572 4756 1771 4809 turbat
1801 4760 2015 4811 conrio-

354 4864 473 4913 nes,
509 4846 629 4901 sive
660 4845 924 4916 publicas
958 4849 1339 4915 patronorum
1373 4844 1691 4913 orationes,
1726 4850 1780 4899 et
1816 4847 1882 4900 ad
1918 4863 2015 4900 eas

354 4934 688 4989 audiendas
743 4932 1046 4988 hominum
1092 4938 1455 4998 conventus;
1510 4932 1761 5003 denique
1824 4935 2018 4988 turbat

354 5023 685 5094 spectacula,
720 5021 1073 5076 circensium
1107 5020 1475 5088 aliorumque
1513 5019 1788 5075 ludorum
1826 5021 2016 5091 publi-

354 5130 581 5181 corum,
616 5112 699 5166 uti
730 5110 899 5182 paulo
932 5116 1105 5165 antea
1137 5111 1505 5164 dicebamus.

432 5222 503 5274 At
535 5235 601 5274 ea
651 5218 872 5285 omnia,
903 5217 1092 5289 pergit
1141 5216 1564 5287 Tertullianus,
1598 5221 1738 5273 tunc
1778 5219 2015 5289 potissi-

360 5325 527 5364 mum
560 5308 821 5362 timenda
849 5310 1072 5375 erant,«
1102 5322 1236 5362 cum
1256 5306 1378 5376 jam
1412 5312 1468 5362 et
1495 5311 1553 5362 et
1579 5307 1638 5362 in
1671 5312 1897 5379 quaastu
1921 5308 2019 5363 ha-

358 5399 500 5453 bere
530 5398 845 5469 cmpissent
874 5394 1131 5451 venalem
1176 5398 1232 5450 et
1280 5395 1699 5451 mercenariam
1736 5396 2018 5453 violentia:

358 5503 482 5542 suae
533 5502 770 5558 operam
826 5508 852 5534 »
901 5484 1165 5557 (Tertull.
1227 5485 1328 5540 loc.
1378 5484 1518 5555 cit),
1572 5486 1641 5540 ad
1682 5486 2020 5543 excitandas

361 5577 642 5631 adversus
709 5576 1143 5648 imperatorem,
1205 5573 1701 5646 quemadmodum
1762 5576 2021 5633 animad-

357 5664 668 5733 vertimus,
720 5666 923 5720 turbas
971 5668 1147 5738 atque
1197 5662 1535 5720 seditiones.
1592 5662 1804 5721 Contra
1850 5665 2017 5721 illum

656 5796 919 5856 PATBOL.
967 5792 1014 5855 Ι.

2106 1911 2349 1967 moratis
2398 1910 2763 1965 ethnicorum
2816 1908 3061 1963 coetibus
3106 1906 3472 1976 intersimus,
3516 1906 3619 1961 ubi
3662 1905 3749 1960 di-

2106 2000 2375 2070 gnitates,
2402 1998 2802 2067 magistratus,
2828 2001 2884 2050 et
2915 1994 3199 2049 honorum
3233 1993 3489 2065 insignia
3520 1993 3750 2065 cupidis

2107 2087 2549 2156 ambitiosisque
2606 2085 2782 2140 tribui
2832 2084 3118 2140 solebant.
3166 2084 3249 2139 Ad
3303 2082 3422 2139 haec
3464 2100 3619 2150 vero,
3679 2084 3750 2139 ab

2107 2179 2302 2233 atibus
2357 2175 2609 2246 publicis
2656 2173 2851 2238 alieni,
2911 2190 3086 2229 unam
3148 2173 3431 2228 duntaxat
3487 2172 3754 2245 agnosci-

2110 2284 2242 2321 mus
2298 2265 2562 2320 omnium
2623 2263 2927 2317 hominum
2980 2260 3424 2333 rempublicam,
3487 2260 3757 2316 videlicet

2109 2356 2420 2419 mundum,
2448 2368 2619 2424 quem
2649 2350 3035 2422 tranquillum
3064 2354 3121 2406 et
3152 2355 3421 2421 pacatum
3456 2354 3751 2422 optamus.

2111 2447 2170 2501 In
2202 2460 2379 2499 unam
2414 2443 2593 2515 igitur
2624 2446 2846 2512 partem
2902 2457 3014 2495 non
3059 2439 3245 2513 magis
3277 2439 3545 2495 inclinati
3576 2456 3753 2510 quam

2109 2534 2372 2597 alteram,
2405 2529 2604 2603 procul
2640 2530 2711 2584 ab
2743 2529 2900 2584 omni
2936 2529 3173 2585 omnino
3206 2528 3564 2598 turbulenta,
3599 2528 3754 2584 sedi-

2111 2622 2280 2687 tiosa,
2315 2625 2370 2677 et
2398 2619 2603 2674 illicita
2634 2619 2885 2674 factione
2916 2619 3220 2674 absumus.

2183 2729 2462 2783 Praeterea
2498 2724 2811 2782 Christiani
2862 2723 3098 2796 publica
3127 2724 3497 2781 ethnicorum
3529 2728 3754 2797 specta-

2112 2820 2263 2887 cula,
2314 2835 2439 2889 quas
2493 2814 2970 2887 frequentissima
3019 2814 3337 2870 factionum
3378 2814 3759 2871 incitamenta

2112 2912 2297 2977 erant,
2341 2907 2542 2963 I065
2593 2905 2761 2977 plane
2809 2904 3161 2977 penitusque
3210 2902 3510 2974 fugiebant
3552 2907 3609 2959 et
3657 2904 3757 2959 de-

2110 2998 2493 3054 testabantur.
2540 2996 2665 3049 Non
2714 2993 2886 3049 aliam
2931 2994 3146 3065 quippe
3186 2992 3287 3048 illa
3316 2992 3535 3048 habent
3583 2992 3758 3065 origi-

2113 3103 2268 3156 nem,
2341 3085 2453 3140 nisi
2508 3086 2577 3139 de
2640 3085 3047 3155 superstitione,
3117 3083 3200 3138 uti
3261 3082 3343 3137 ait
3411 3082 3529 3137 sive
3577 3081 3758 3154 impio

2114 3176 2397 3231 falsorum
2430 3173 2738 3228 numinum
2773 3172 2954 3239 cultu,
2987 3171 3143 3227 sicut
3190 3170 3304 3227 alio
3350 3170 3475 3243 ipse
3504 3172 3561 3226 in
3610 3170 3757 3227 libro

2112 3265 2301 3320 fusius
2354 3268 2413 3319 et
2462 3261 2802 3334 singulatim
2853 3261 3239 3316 demonstrat.
3295 3261 3468 3317 Recte
3517 3276 3653 3333 ergo
3698 3260 3758 3317 in

2109 3355 2451 3427 Apologetico
2508 3369 2614 3407 suo
2669 3352 2817 3406 hanc
2864 3350 3001 3405 inde
3059 3350 3215 3405 elicit
3262 3349 3698 3406 conclusionem
3742 3366 3755 3404 :

2114 3467 2139 3495 ‹‹
2168 3443 2324 3498 Nihil
2355 3447 2445 3498 est
2477 3441 2643 3496 nobis
2674 3441 2855 3506 dictu,
2886 3440 3039 3507 visu,
3083 3440 3311 3504 auditu,
3344 3455 3477 3495 cum
3528 3438 3760 3495 insania

2112 3533 2270 3598 circi,
2333 3547 2466 3586 cum
2540 3528 2910 3601 impudicitia
2975 3528 3211 3594 theatri,
3265 3544 3397 3585 cum
3457 3528 3759 3585 atrocitate

2114 3639 2322 3682 arenae.
2347 3636 2479 3674 eum
2508 3618 2658 3692 xysti
2688 3618 2963 3672 vanitate.
2992 3638 3020 3667 >>
3055 3621 3246 3688 Atque
3274 3618 3357 3673 ita
3389 3617 3446 3673 in
3481 3617 3758 3673 omnibus

2117 3709 2535 3779 manuscriptis
2593 3707 2914 3775 codicibus,
2948 3712 3004 3762 et
3049 3707 3309 3779 antiquis
3349 3706 3707 3763 editionibus
3743 3723 3757 3761 :

2115 3801 2215 3855 sed
2248 3816 2281 3853 a
2304 3796 2553 3869 Rigaltio
2579 3797 2823 3867 ejusque
2854 3796 3207 3867 sequacibus
3239 3796 3358 3852 haec
3385 3795 3757 3863 verba,dictu,

2116 3891 2258 3958 visu,
2309 3887 2526 3949 auditu,
2569 3884 2802 3941 sublata
2853 3890 3011 3951 sunt,
3060 3903 3130 3940 an
3164 3889 3338 3950 recte,
3396 3889 3452 3940 te
3501 3884 3766 3956 judicem

2119 3975 2367 4049 appello.
2401 3976 2482 4030 Ea
2523 3975 2680 4030 enim
2711 3976 2968 4045 genuina
2995 3980 3053 4030 et
3093 3973 3528 4029 consultissime
3560 3973 3630 4027 ab
3662 3970 3763 4026 illo

2120 4066 2319 4121 addita
2345 4068 2506 4129 sunt,
2541 4066 2604 4118 ut
2650 4063 2985 4118 ostenderet
3028 4063 3147 4116 haec
3204 4060 3539 4133 spectacula
3576 4060 3705 4116 ideo
3735 4077 3769 4116 a

2119 4153 2469 4211 Christianis
2527 4152 2790 4218 devitari,
2824 4151 2962 4222 quia
3009 4156 3217 4223 praeter
3262 4149 3605 4206 idololatria
3656 4150 3768 4205 cri-

2122 4261 2256 4299 men
2306 4242 2468 4297 nefas
2510 4242 2801 4296 ducebant
2850 4239 3083 4294 illicitas
3134 4240 3315 4308 dictu,
3367 4240 3518 4306 visu,
3548 4244 3606 4293 et
3663 4255 3769 4294 au-

2122 4334 2245 4388 ditu
2298 4349 2501 4402 capere
2560 4329 2882 4400 voluptates
2934 4328 3194 4399 (Tertull.
3251 4328 3351 4384 loc.
3403 4329 3497 4383 cit.
3552 4332 3610 4383 et
3666 4327 3770 4381 lib.

2122 4423 2187 4478 de
2216 4422 2451 4493 Spectat.
2505 4436 2631 4491 cap.
2675 4420 2709 4473 6
2741 4425 2799 4473 et
2827 4420 2860 4470 7
2894 4423 2951 4472 et
2982 4418 3171 4487 seqq.)
3205 4419 3385 4482 Quam
3418 4421 3615 4471 autem
3647 4416 3771 4470 istae

2124 4512 2305 4567 noxiae
2337 4527 2402 4565 ac
2434 4509 2716 4581 pestifera:
2749 4513 2966 4571 essent,
3011 4506 3103 4562 his
3152 4506 3341 4561 disces
3385 4505 3514 4576 ejus
3558 4504 3773 4573 verbis,

2125 4600 2340 4671 quibus
2370 4599 2503 4655 illas
2533 4598 2671 4654 alibi
2703 4595 2961 4668 appellat
2992 4611 3005 4652 :
3040 4618 3066 4645 «
3104 4594 3396 4650 solemnes
3445 4593 3774 4666 voluptates

2126 4688 2263 4744 circi
2298 4688 2566 4757 furentis,
2614 4691 2671 4742 el.
2714 4702 2897 4741 caveae
2937 4683 3248 4750 saevientis,
3282 4686 3337 4737 et
3385 4698 3571 4738 scena
3602 4682 3774 4739 lasci-

2126 4778 2335 4832 vientis
2370 4800 2396 4826 ››
2449 4777 2651 4845 (Idem,
2704 4774 2805 4829 lib.
2860 4792 2874 4828 1
2922 4773 3137 4828 advers.
3182 4772 3465 4839 Marcion.,
3500 4788 3627 4844 cap.
3658 4773 3771 4844 27).

2127 4866 2276 4919 Alibi
2310 4881 2441 4919 vero
2475 4882 2487 4917 :
2523 4888 2549 4913 «
2584 4863 2756 4929 Perit,
2790 4868 2845 4918 et
2878 4862 3064 4917 fidelis
3096 4861 3333 4932 elapsus
3368 4861 3424 4917 in
3470 4867 3777 4933 spectacu—

2127 4953 2249 5007 lum
2300 4951 2657 5023 quadrigarii
2710 4952 2924 5006 furoris
2954 4955 3011 5005 et
3054 4950 3388 5022 gladiatorii
3443 4951 3688 5017 cruoris,
3722 4955 3780 5007 et

2128 5041 2369 5098 scenica:
2400 5040 2698 5107 foeditatis,
2732 5046 2787 5094 et
2835 5040 3066 5111 xystica‘:
3102 5040 3375 5095 vanitatis
3418 5060 3444 5091 υ
3500 5031 3681 5111 (Idem
3712 5040 3777 5097 de

2129 5132 2400 5198 Pudicit.,
2448 5147 2574 5202 cap.
2623 5131 2699 5201 7).
2752 5130 2864 5184 Sed
2916 5130 2985 5183 de
3036 5129 3128 5184 his
3186 5129 3357 5200 plura
3410 5129 3469 5183 in
3518 5127 3666 5185 libro
3714 5128 3778 5187 de

2128 5220 2485 5292 Spectaculis,
2527 5235 2749 5290 nosque
2778 5218 2836 5273 in
2868 5217 2977 5274 hac
3008 5225 3064 5273 et
3092 5217 3225 5274 aliis
3257 5218 3774 5274 dissertationibus

2129 5309 2368 5365 nostris.

2203 5397 2567 5468 Objiciebaut
2610 5402 2804 5452 tamen
2854 5396 3102 5470 gentiles
3149 5394 3236 5451 vel
3285 5412 3350 5451 eo
3383 5395 3510 5466 ipso
3542 5394 3777 5450 nomine

2130 5486 2558 5560 prohibendam
2608 5488 3121 5558 damnandamque
3176 5484 3646 5541 Christianorum
3686 5498 3777 5537 se-

2133 5581 2308 5647 ctam,
2333 5576 2487 5648 quod
2510 5576 2593 5631 illi
2627 5584 2964 5632 eaeterorum
2996 5575 3299 5631 hominum
3332 5576 3516 5627 costus
3544 5572 3782 5643 adsper-

2135 5669 2435 5736 narentur,
2478 5682 2541 5723 ac
2592 5665 2959 5738 publicorum
3007 5660 3474 5735 spectaculorum
3524 5659 3778 5718 oblecta-

3420 5795 3496 5857 37
