4134 6184
549 334 707 397 1163
1072 334 1599 397 TERTULLIANI
1644 334 1972 397 OPERUM
2016 335 2217 395 PARS
2260 336 2308 395 Ι.
2335 333 2714 396 —SERIES
2759 336 2808 411 l,
2854 334 3424 397 APOLOGETICA.
3768 339 3904 399 HM

546 471 767 537 menta,
801 466 1016 539 quibus
1047 466 1433 539 inperatores,
1464 466 1945 538 anliquioresque
1980 466 2190 522 huma-
2223 476 2274 542 Α
2307 466 2626 532 tianorum,
2655 467 2755 538 qui
2793 466 3028 523 illicitas
3060 466 3369 540 gentilium
3416 465 3728 524 voluntates
3758 486 3905 542 repu-

545 576 635 615 naa
664 557 819 630 leges
850 558 1140 627 favebant,
1174 573 1290 611 non
1337 573 1507 612 secus
1541 573 1607 611 ac
1639 562 1861 629 pestem
1894 555 2190 628 publicam
2300 555 2563 622 diabant,
2599 560 2817 611 sectam
2850 572 2964 611 non
3022 573 3151 612 esse
3212 556 3519 612 factionem
3576 557 3813 614 illicitam
3850 576 3905 615 ac

545 648 891 704 devitarent.
933 646 1044 701 Sed
1076 645 1167 701 his
1211 645 1612 702 Tertullianus
1662 647 1972 717 respondet
2005 663 2017 700 :
2053 647 2188 701 Esto
2299 645 2748 715 prohibendam,
2782 645 2884 701 sed
2930 645 3213 717 optimam
3247 661 3389 700 sane
3419 650 3474 700 et
3504 646 3630 702 aliis
3661 648 3902 703 omnibus

547 741 665 793 tam
698 736 893 801 licitae,
927 752 1103 806 quam
1125 735 1380 803 nefariae,
1416 736 1537 790 sint
1560 736 1648 791 hae
1679 733 2011 806 voluptates
2037 751 2049 790 :
2075 735 2187 802 Quo
2298 733 2781 804 praestantiorem.
2816 734 3030 790 Contra
3058 750 3193 790 vero
3224 734 3449 789 factiosi
3499 734 3659 807 plane
3697 742 3746 791 et
3774 737 3903 792 sedi-

541 841 653 895 vos,
687 825 898 896 inquit,
931 825 1283 896 oﬂendimus,
1307 827 1356 879 si
1402 826 1546 880 alias
1575 827 1967 893 prwsumimus
2001 829 2183 879 secta-
2296 823 2433 891 tiosi
2465 827 2631 878 erant
2660 822 2929 895 gentiles,
2973 823 3093 894 qui,
3148 828 3213 878 ut
3253 823 3512 878 articulis
3544 824 3901 895 superioribus

543 930 793 985 murque
824 914 1161 985 voluptates?
1203 914 1348 979 Quid
1398 930 1553 979 vero,
1602 916 1652 968 si
1689 914 1950 969 obiectari
1977 915 2187 969 novisse
2290 912 2566 979 vidimus,
2601 912 2982 983 imperatores
3014 928 3152 968 suos
3184 910 3404 967 scurilli
3436 912 3746 978 dicacitate,
3787 930 3900 970 con-

538 1004 817 1071 nolumus,
874 1019 938 1057 ac
987 1020 1158 1058 omne
1206 1002 1539 1074 respuimus
1591 1002 1906 1074 voluptatis
1956 1006 2186 1073 genus?
2293 1002 2459 1057 vioiis
2488 1018 2553 1057 ac
2584 1001 2955 1057 contumeliis
2978 1002 3173 1073 palam
3207 1002 3895 1072 insequebantur,mortem

536 1096 703 1152 Certe
758 1098 946 1151 nostra
994 1093 1205 1163 injuria
1235 1102 1327 1161 est,
1376 1094 1426 1147 si
1467 1097 1607 1164 [orte
1634 1110 1743 1149 non
1772 1097 1947 1149 vestra
1978 1093 2181 1164 (Idem,
2293 1108 2495 1146 eorum
2554 1092 2855 1163 optabant,
2915 1096 3121 1147 contra
3174 1089 3309 1145 illos
3362 1090 3775 1162 conspirabant,
3804 1092 3897 1148 vio-

533 1185 835 1258 Apologet.,
869 1200 995 1255 cap.
1028 1184 1116 1252 38,
1155 1200 1283 1254 pag.
1340 1184 1486 1253 467),
1534 1183 1641 1238 hoc
1693 1188 1801 1252 est,
1854 1182 2021 1237 nobis
2052 1186 2182 1236 tan-
2294 1180 2603 1252 lentaeque
2634 1180 2717 1235 eis
2750 1180 3079 1235 inferebant
3110 1196 3343 1234 manus.

531 1275 836 1329 tummodo
884 1274 1161 1328 damnum
1212 1272 1539 1343 inferimus,
1574 1288 1943 1343 nequaquam
1987 1277 2183 1326 autem

532 1322 858 1434 satis;
888 1322 2183 1419 es.";{;.;;.;;.;"a;;.'.;1.‘n1“;.;1;;gs»;
2691 1322 3357 1434 μηι,,.,ῗ⁵ἑ,ῗῖ³’ίῖ.ῗὲ³ῗξῖἶ’

532 1453 639 1509 riis
669 1469 771 1509 vos
803 1456 956 1508 totos
989 1453 1199 1508 dedere
1228 1451 1649 1523 voluptatibus.

604 1541 804 1613 Neque
850 1542 1110 1613 urgeatis
1159 1557 1227 1596 ea
1275 1557 1381 1596 nos
1430 1541 1763 1611 reprobare,
1809 1555 1929 1610 quae
1966 1540 2186 1611 placent
2816 1543 3137 1583 ARTICULUS
3178 1544 3421 1584 PRIMUS.

532 1631 681 1686 vobis
710 1630 918 1702 (Ibid.).
969 1631 1093 1685 Non
1142 1630 1465 1686 diffitemur
1512 1630 1692 1699 enim,
1726 1630 1842 1684 imo
1888 1628 2025 1683 inde
2058 1627 2183 1700 glo-
2296 1618 2429 1686 Qua?
2450 1617 2565 1672 εἷπε
2591 1617 2823 1702 Pii-bum
2850 1617 3050 1683 εῖαάεδι
3085 1633 3331 1702 Quart"?
3380 1618 3710 1702 (Πξζίεὲἱιζηοδ
3743 1622 3893 1673 aucto-

529 1720 776 1777 riamur.
837 1722 947 1776 Sed
1007 1720 1144 1792 quid
1204 1724 1393 1775 vestra
1452 1719 1597 1774 illud
1654 1718 1942 1774 interest?
1983 1718 2187 1773 Nonne
2367 1692 2974 1792 fisenfaﬁhgﬂi
3402 1691 3893 1792 ξξζῖξξεξῶἶξίῖυω·

529 1761 776 1821 ⁵“ῗ“⁴“⁸’
838 1761 947 1776 ”⁹“⁵
1007 1761 1144 1792 “"N
1214 1761 1393 1775 """m
1455 1761 1597 1774 ’“““
1656 1761 1934 1818 ““⁶.’“““”’“
1984 1761 2186 1773 ““””““’
2368 1762 2585 1828 bantur,
2620 1776 2683 1815 ac
2712 1761 2974 1833 quomodo
3006 1762 3369 1817 Tertullianus
3397 1778 3487 1818 eos
3514 1761 3750 1833 refellat;

529 1814 705 1866 etiam
767 1827 864 1865 nec
918 1826 1006 1865 vos
1053 1818 1249 1865 nostra
1297 1808 1621 1865 delectant?
1666 1812 1723 1862 Si
1769 1823 1907 1879 ergo
1954 1811 2187 1862 nostras
2216 1853 2261 1879 η
2377 1874 2426 1879 Α,
2932 1875 2986 1879 Η
3064 1876 3079 1879 _
3125 1876 3133 1879 _
3198 1876 3206 1879 Α
3350 1840 3353 1841 ν
3473 1877 3481 1879 Α
3586 1878 3589 1879 ν
3730 1878 3739 1879 7

530 1853 705 1866 .........
770 1853 861 1865 ..νυ
922 1853 1005 1865 ,νυ
1055 1853 1249 1865 ne"...
1297 1853 1612 1865 πωπω...
1667 1853 1723 1862 ν.
1771 1853 1904 1879 -.ον
1956 1853 2186 1862 ..-...-..-
2976 1875 2987 1886 .
3124 1876 3133 1885 .
3197 1876 3207 1886 .
3472 1877 3483 1887 .
3562 1878 3573 1889 ⁸
3754 1876 3762 1887 ¹

528 1898 719 1955 licitas
767 1902 1077 1970 vastasque
1108 1898 1523 1955 delectationes
1554 1896 1898 1969 repudiatis,
1932 1911 2036 1951 cur
2089 1912 2187 1951 ve-
2216 1853 2263 1918 B
2301 1968 2308 1970 _
2361 1874 2826 1970 ῼδεξτνδῐυωεξ
2854 1876 3023 1970 nobis
3056 1876 3165 1970 fuit
3194 1894 3257 1970 In,
3286 1878 3687 1970 superioribus
3714 1878 3891 1970 disser-

530 1992 683 2044 stras
714 1988 885 2059 plane
906 1987 1275 2053 libidinosas,
1300 1992 1475 2059 atque
1499 1986 1735 2042 homine
1766 1985 2011 2041 rationis
2032 2001 2161 2040 com

2292 1964 2616 2021 tationibus
2647 1965 2863 2021 nostris
2894 1966 3201 2034 (Dissertat.
3235 1968 3295 2021 in
3341 1967 3547 2023 Arnob.
3581 1983 3701 2039 cap.
3731 1969 3778 2031 6,
3807 1970 3892 2020 art.

531 2081 667 2148 pote
708 2054 950 2148 prorsus
990 2076 1285 2149 indignas,
1319 2054 1557 2147 rejieere
1587 2076 1756 2131 nobis
1787 2091 1903 2130 non
1932 2073 2185 2129 licebit?
2294 2055 2320 2109 ί
2438 2054 2516 2127 2)»
2552 2054 2772 2110 “Ullam
2805 2055 2982 2149 ξυίεξεςδ
3012 2055 3480 2149 οῐίωίηᾶιίφῐιθω
3513 2056 3802 2149 Θᾶξδθρίιξε
3827 2071 3891 2110 ΓΘ·

2290 2143 2554 2216 petitam,
2596 2161 2712 2215 qua
2754 2144 2975 2200 ethnici
3023 2147 3535 2216 conquerebantur
3578 2146 3889 2200 Christianos

2289 2234 2485 2301 omnis,
2518 2233 2669 2289 sicut
2720 2233 2801 2289 ait
2843 2234 3240 2289 Tertullianus
3266 2237 3506 2306 publicae
3534 2234 3719 2301 cladis,
3746 2235 3888 2289 omnis

2282 2324 2567 2394 popularis
2597 2323 2933 2379 incommodi
2962 2339 3075 2379 esse
3102 2339 3348 2379 causam.
3372 2324 3628 2379 deeret
3657 2340 3750 2378 nos
3776 2338 3886 2377 sane

2284 2411 2561 2467 cramben
2594 2414 2716 2466 tam
2760 2428 2912 2483 saepe
2954 2416 3267 2477 recoctam,
3321 2413 3540 2467 iterum
3596 2426 3881 2483 recoquere,

2283 2498 2434 2556 hanc
2464 2517 2670 2556 rursus
2702 2499 3018 2556 refellendo
3052 2499 3307 2556 insulam
3339 2502 3584 2558 omnino
3616 2517 3883 2574 argumen-

2279 2590 2581 2654 tationem,
2617 2589 2666 2645 si
2714 2588 2978 2644 ethnicos
3022 2588 3183 2643 illam
3216 2594 3334 2645 tam
3396 2590 3591 2662 inepte
3621 2590 3883 2645 obtrudere

2278 2677 2597 2750 aliquando
2620 2676 3007 2750 paenituisset.
3035 2678 3145 2733 Sed
3180 2678 3455 2734 homines
3481 2679 3691 2744 vesani,
3711 2678 3881 2732 imma-

2277 2769 2453 2838 nique
2505 2767 2565 2821 in
2623 2766 2989 2823 Christianos
3036 2767 3170 2822 odio
3218 2766 3505 2835 furentes,
3536 2768 3626 2822 vix
3663 2766 3799 2822 aliud
3826 2765 3880 2819 ad

2274 2857 2602 2929 perdendos
2624 2856 2985 2912 Christianos
3008 2855 3115 2911 hac
3146 2855 3447 2911 calumnia
3476 2856 3664 2928 aptius
3690 2853 3880 2925 excogi-

2270 2962 2428 3016 tasse
2486 2945 2926 3000 arbitrabantur
2980 2944 3248 3016 (Tertull.
3300 2946 3599 3016 Apologet.,
3644 2961 3758 3016 cap.
3807 2943 3876 2997 40.

2268 3051 2401 3107 pag.
2462 3035 2585 3097 479,
2645 3038 2701 3089 et
2754 3033 2853 3088 lib.
2915 3050 2933 3088 1
2980 3033 3048 3087 ad
3079 3034 3324 3103 Nattam,
3355 3049 3487 3107 cap.
3519 3035 3573 3103 9,
3605 3049 3726 3107 pag.
3754 3032 3875 3102 571).

2268 3124 2656 3188 Quamobrem
2700 3122 3127 3179 Tertullianum
3178 3127 3452 3179 nostrum
3482 3140 3796 3195 sequamur,
3823 3136 3873 3174 ac

2267 3212 2406 3284 quid
2438 3229 2566 3268 eam
2614 3212 2975 3283 exponendo,
3004 3216 3179 3283 atque
3217 3214 3551 3278 evertendo,
3586 3217 3681 3267 aut
3708 3210 3874 3281 singu-

2264 3301 2407 3373 lare,
2442 3306 2545 3357 aut
2574 3301 2747 3372 paulo
2792 3299 3099 3355 obscurius
3152 3300 3387 3369 dixerit,
3438 3301 3730 3357 enucleare
3772 3304 3871 3354 ten-

2266 3396 2479 3446 temus.

2335 3484 2374 3532 Δ
2418 3478 2698 3535 Romanis
2727 3483 2923 3534 autem
2965 3478 3049 3534 sic
3086 3476 3185 3533 ille
3233 3477 3508 3535 orditur:
3546 3501 3575 3530 «
3604 3478 3657 3533 Si
3685 3474 3870 3532 Tiberis

2262 3570 2465 3626 1067
2504 3568 2769 3624 ascendit
2799 3569 2870 3623 ad
2903 3566 3116 3623 mmnia
3146 3588 3176 3617 »
3230 3567 3443 3640 (Ibid.),
3476 3572 3578 3624 aut
3617 3571 3678 3623 ut
3699 3565 3797 3622 alio
3823 3564 3868 3617 in

2259 3658 2449 3714 libro:
2484 3681 2503 3708 ι
2540 3658 2600 3714 Si
2632 3657 2861 3714 Tiberis
2892 3656 3325 3727 redundaverit,
3376 3679 3407 3707 ››
3459 3658 3519 3713 id
3566 3661 3668 3724 est,
3716 3655 3759 3710 si
3799 3653 3868 3708 ni-

2260 3748 2444 3804 mium
2500 3748 2825 3815 exundans,
2889 3745 3061 3802 Urbis
3118 3745 3437 3814 mmnibus,
3493 3763 3559 3803 ac
3614 3750 3863 3801 terrarum

2257 3838 2433 3894 etiam
2467 3836 2751 3893 fertilitati
2803 3834 3103 3902 nocuerit;
3156 3840 3360 3892 contra
3390 3852 3547 3905 vero,
3581 3858 3606 3884 «
3639 3834 3695 3891 Si
3731 3829 3864 3887 Nilus

2256 3944 2373 3983 non
2406 3926 2668 3983 ascendit
2699 3926 2769 3981 ad
2802 3940 2957 3987 arva,
2992 3946 3020 3974 »
3074 3940 3180 3980 nec
3223 3941 3396 3997 agros
3447 3925 3619 3981 solita
3654 3920 3862 3978 inunda-

2253 4017 2429 4089 tione,
2463 4016 2582 4073 sive
2613 4020 2679 4071 ut
2707 4014 2863 4070 canit
2892 4012 3208 4084 Virgilius:

2296 1412 2635 1469 Christianos
2690 1412 3042 1482 publicarum
3090 1413 3343 1468 cladium
3378 1430 3491 1470 non
3531 1429 3642 1469 esse
3680 1429 3894 1469 causam.

604 2183 988 2257 Prosequitur
1007 2183 1697 2256 Tertullianus,illudque
1718 2182 2027 2238 confirmat
2046 2181 2180 2254 Epi-

534 2291 844 2331 cureorum
895 2274 1180 2347 exemplo,
1241 2275 1395 2345 quod
1454 2272 1547 2328 his
1613 2272 1857 2329 totidem
1911 2272 2178 2328 codicum

530 2367 867 2420 nostrorum
926 2363 1117 2419 verbis
1177 2362 1447 2435 proponit
1505 2378 1519 2418 ι
1567 2384 1587 2411 ι
1638 2361 1824 2416 Licuit
1876 2360 2176 2434 Epicurels

526 2452 787 2525 aliquam
837 2453 1147 2509 decernere
1202 2450 1518 2524 voluptatis
1572 2450 1874 2506 veritatem
1932 2451 2012 2519 [id
2063 2455 2171 2518 est,

522 2541 707 2596 animi
736 2540 1116 2613 aequitatem],
1161 2545 1217 2596 et
1263 2540 1455 2613 ampla
1502 2539 1735 2613 negotia
1763 2540 2108 2596 Christianae
2141 2561 2169 2589 ››

521 2629 731 2699 (Ibid.).
762 2630 975 2685 Eadem
1009 2646 1240 2701 quoque
1280 2629 1338 2683 in
1382 2630 1643 2700 antiquis
1674 2628 2033 2684 editionibus
2065 2628 2167 2683 ba-

516 2717 751 2783 bentur,
804 2718 853 2773 ei
895 2722 1090 2773 tamen
1140 2718 1393 2790 excipias
1440 2718 1715 2773 ultimum
1756 2734 1967 2773 nomen
2006 2718 2168 2773 Chri-

513 2808 925 2876 stianae;quod
962 2808 1196 2879 quidem
1231 2808 1604 2863 librariorum
1647 2806 1956 2862 oscitantis
2005 2807 2163 2877 adje-

515 2900 676 2951 ctum
725 2911 897 2951 nemo
953 2913 1093 2953 sane
1136 2897 1448 2968 negaverit.
1482 2896 1697 2951 Verum
1731 2894 2038 2966 Rigaltius,
2076 2896 2161 2951 uti

514 3001 695 3058 supra
724 2986 1064 3041 monuimus
1097 2987 1246 3059 (cap.
1280 2986 1334 3052 3,
1384 2990 1491 3041 art.
1547 2987 1618 3055 1),
1652 2985 1772 3039 Ι]ωο
1811 2988 2039 3039 tantum
2071 3001 2161 3041 re-

512 3074 691 3130 tinuit
719 3091 732 3130 :
768 3076 943 3131 Licuit
974 3077 1253 3147 Epicureis
1282 3076 1527 3146 aliquam
1573 3074 1865 3129 decernere
1895 3072 2159 3141 volupta-

513 3166 588 3219 tis
617 3165 1123 3235 veritatem,eoque
1156 3163 1278 3219 loco
1311 3180 1416 3219 suo
1449 3168 1607 3218 mota
1637 3163 1766 3218 istis
1798 3161 2152 3234 praeposuit:

514 3253 629 3321 Quo
658 3269 749 3308 vos
777 3224 1105 3325 offendimus
1130 3257 1154 3307 γ
1182 3254 1304 3308 Non
1331 3257 1527 3308 autem
1558 3252 1639 3306 ibi
1672 3224 2154 3307 mon.itos.l000
2185 3224 2228 3291 Ο

511 3356 641 3398 esse
660 3342 841 3397 voluit
862 3360 925 3399 se
954 3343 1105 3398 hanc
1126 3342 1593 3397 emendationem
1616 3341 1690 3395 ab
1725 3340 1793 3395 iis
1826 3340 2153 3412 collegisse,

508 3432 609 3502 qui
644 3431 993 3488 Fuldensem
1037 3432 1294 3487 codicem
1340 3430 1624 3484 viderant.
1674 3430 1781 3484 Sed
1815 3429 1925 3484 etsi
1954 3446 2044 3484 res
2074 3429 2156 3484 ita

507 3537 569 3576 se
601 3520 833 3587 habeat,
868 3521 1158 3590 numquid
1213 3519 1427 3573 idcirco
1461 3518 1637 3573 unius
1677 3517 1987 3573 Fuldensis
2016 3517 2150 3572 libri

507 3609 829 3664 auctoritas
860 3609 1082 3662 caeteris
1130 3608 1430 3671 omnibus,
1466 3623 1715 3679 quorum
1749 3606 1947 3678 plures
1980 3606 2151 3679 longe

502 3698 849 3753 vetustiores
882 3701 1041 3765 sunt,
1066 3697 1267 3752 debuit
1295 3696 1608 3752 anteferri?
1631 3696 1834 3752 Nonne
1856 3713 1924 3751 ea
1952 3697 2148 3763 verba,

502 3787 553 3843 si
586 3801 796 3842 nomen
830 3787 1181 3853 Christianae,
1208 3786 1709 3857 quemadmodum
1742 3786 2150 3854 diximus,tan-

503 3892 681 3949 quam
724 3876 1087 3947 superﬂuum
1128 3876 1437 3945 ademeris,
1474 3874 1737 3932 Auctoris
1785 3875 1969 3932 nostri
2022 3892 2149 3948 pro-

500 3967 691 4039 posito
719 3982 786 4021 ac
817 3966 999 4022 menti
1030 3966 1173 4021 satis
1201 3964 1350 4020 belle
1376 3964 1775 4021 conveniunt?

573 4075 720 4129 Eum
770 4072 1061 4129 enimvero
1111 4074 1171 4128 in
1222 4073 1461 4128 modum
1506 4076 1997 4143 argumentatur:
2031 4073 2146 4129 Cur

2736 4148 2897 4211 Nigra
2926 4160 3035 4211 non
3068 4147 3349 4211 foecundat
3374 4161 3558 4199 arena.

497 4162 844 4218 Christianis
875 4178 989 4217 non
1012 4161 1204 4231 liceat,
1236 4178 1413 4233 quam
1442 4161 1751 4216 honestam
1781 4162 2141 4230 existimant,
2410 4184 2422 4199 -
2494 4186 2505 4199 -
2574 4184 2588 4199 ο
2657 4185 2670 4199 ο
2736 4161 2897 4211 ΜΒΝ
2926 4161 3035 4219 90f!
3068 4161 3345 4221 ισὲουηαδῑ
3374 4161 3558 4199 “0118-

498 4252 658 4275 μη,
683 4252 1041 4275 ,ηιημιηη
1095 4267 1220 4275 mm
1252 4250 1546 4275 ,μευ-ηε,
1567 4249 1791 4275 "mnu
1824 4249 1979 4275 ηιμ,
2007 4251 2109 4275 __,,
2872 4211 3079 4273 (Virgil.
3110 4210 3203 4259 Ιώ.
3234 4224 3285 4260 iv
3318 4209 3510 4275 Georg.
3539 4225 3589 4260 ν.
3620 4211 3739 4270 299.)

496 4252 661 4323 sequi
683 4252 1067 4322 voluptatem,
1091 4267 1224 4306 cum
1249 4250 1548 4321 Epicureis
1566 4249 1794 4304 licuerit
1824 4249 1983 4305 illam
2007 4251 2140 4306 seli-

493 4356 627 4413 gere
686 4358 811 4412 quae
870 4344 1108 4412 praastat
1164 4342 1343 4395 animi
1397 4341 1740 4409 aequitatem,
1773 4338 1893 4393 sive
1943 4341 2139 4410 potius
2322 4337 2599 4391 Praeterea
2625 4337 2676 4390 si
2702 4334 2918 4401 calum,
2952 4333 3181 4389 addidit
3210 4336 3432 4389 Auctor
3475 4338 3685 4399 noster,
3712 4330 3855 4393 stetit,

489 4430 940 4501 arquabilitatem
991 4434 1046 4484 et
1077 4428 1584 4500 tranquillitatem,
1619 4445 1744 4499 qua:
1784 4428 1944 4484 nullo
1977 4434 2137 4485 motu
2249 4426 2369 4481 sive
2401 4430 2464 4481 ut
2497 4434 2716 4496 postea,
2750 4446 2778 4473 «
2812 4440 2945 4478 cum
2994 4422 3065 4477 ab
3098 4422 3391 4478 imbribus
3422 4423 3618 4479 mstiva
3646 4422 3854 4477 hiberna

486 4518 830 4588 injucundo,
882 4533 985 4572 nec
1034 4517 1245 4589 amplis
1297 4517 1546 4588 negotiis
1597 4517 1866 4571 turbetur
1902 4518 1930 4571 ?
1988 4518 2133 4574 Nam
2247 4515 2617 4586 suspendunt
2649 4536 2667 4560 ι
2708 4510 2966 4583 (Tertull.
3024 4509 3136 4566 loo.
3188 4510 3310 4582 cit.)
3354 4527 3369 4566 :
3422 4518 3482 4568 et
3512 4512 3589 4566 ibi
3620 4509 3736 4565 cmli
3770 4523 3855 4560 no-

485 4629 513 4656 ‹‹
547 4623 800 4672 summa,
833 4607 1137 4677 inquiebat
1185 4606 1401 4672 Cicero,
1453 4605 1717 4677 voluptas
1758 4610 1865 4673 est,
1901 4611 1965 4661 ut
2005 4609 2136 4678 Epi-
2172 4593 2215 4657 D
2247 4602 2403 4659 mine
2428 4602 2564 4673 quid
2596 4601 2851 4667 denotet,
2872 4599 2919 4655 si
2952 4598 3236 4671 postules,
3262 4598 3371 4653 tibi
3405 4596 3855 4671 respondebimus

484 4712 622 4751 curo
664 4695 871 4767 placet,
923 4695 1067 4749 nihil
1100 4695 1295 4750 dolere
1340 4718 1365 4745 ››
1405 4695 1603 4764 (Cicer.
1637 4695 1736 4749 lib.
1773 4713 1791 4750 ι
1823 4695 1887 4750 de
1916 4698 2124 4766 Finib.,
2238 4693 2330 4749 his
2374 4690 2541 4746 Tullii
2588 4690 2779 4745 verbis
2835 4706 2847 4743 :
2902 4710 2929 4737 ‹‹
2980 4687 3201 4743 Ccelum
3252 4689 3382 4755 hoc,
3417 4690 3477 4744 in
3536 4705 3645 4760 quo
3675 4686 3851 4749 nubes,

482 4802 617 4857 pag.
668 4785 755 4855 45,
807 4784 909 4838 lin.
960 4784 1075 4853 28),
1109 4784 1194 4838 vel
1227 4784 1400 4839 sicuti
1432 4784 1671 4839 tradidit
1700 4785 2126 4855 Theodoretus,
2237 4783 2457 4838 imbres
2485 4779 2759 4851 ventique
2788 4781 3078 4849 coguntur
3118 4799 3147 4828 »
3200 4777 3403 4849 (Cicer.
3439 4778 3543 4833 lib.
3575 4794 3613 4832 ιι
3644 4772 3848 4835 Tuscul.,

481 4890 549 4929 ea
578 4873 869 4945 voluptas,
904 4889 1032 4943 qua:
1062 4889 1233 4928 omne
1272 4889 1542 4928 curarum
1578 4873 1912 4945 fastidiique
1941 4892 2126 4946 genus
2238 4888 2370 4944 pag.
2406 4870 2528 4936 122,
2561 4868 2664 4922 lin.
2700 4867 2785 4938 14)
2813 4884 2825 4932 ;
2877 4883 2945 4921 ex
2988 4865 3096 4921 hoc
3129 4864 3268 4920 cmlo
3300 4866 3349 4921 si
3379 4866 3598 4921 imbres
3628 4877 3844 4936 opppor-

481 4978 545 5019 ac
606 4962 849 5035 proinde
917 4963 1099 5033 ampla
1162 4964 1379 5033 negotia
1434 4961 1687 5017 excludit
1753 4962 2123 5034 (Theodoret.
2235 4964 2377 5014 tuno
2412 4954 2637 5028 hyemis
2670 4952 2752 5008 vel
2784 4953 2998 5007 azslatis
3039 4956 3300 5025 tempore
3332 4970 3446 5008 non
3478 4953 3721 5018 efﬂuant,
3750 4954 3845 5002 ter-

478 5068 655 5108 serm.
692 5053 757 5105 12
787 5052 852 5106 de
884 5052 986 5106 Vit.
1021 5056 1185 5118 beat,
1221 5070 1275 5123 p.
1326 5054 1478 5122 675).
1542 5052 1598 5105 Si
1648 5057 1841 5107 autem
1875 5054 1969 5108 hic
2000 5054 2124 5124 ipse
2237 5062 2481 5117 ramque
2538 5060 2651 5097 non
2709 5042 2955 5096 reddant
3014 5041 3299 5111 fertilem;
3359 5043 3513 5115 quod
3556 5040 3843 5113 Cyprianus

360 5207 379 5223 .
476 5148 561 5197 est
591 5141 933 5197 Tertulliani
989 5158 1220 5209 sensus,
1271 5141 1327 5195 in
1380 5144 1507 5211 ejus
1551 5146 1707 5196 textu
1742 5142 1920 5197 scribi
1952 5142 2123 5197 debet
2234 5135 2661 5193 Tertullianum
2694 5135 2954 5199 secutus,
2988 5130 3095 5223 hoc
3127 5130 3544 5223 itaAe-xpressit
3588 5146 3607 5223 7:
3665 5126 3840 5223 acum

470 5247 588 5298 nec,
642 5248 758 5286 non
806 5247 939 5287 vero
988 5234 1040 5285 et
1088 5231 1270 5299 ampla
1314 5232 1551 5299 negotia,
1599 5230 1709 5285 nisi
1750 5230 1857 5285 hoc
1890 5230 2122 5287 nomine
2234 5227 2395 5281 dicas
2445 5222 2731 5296 plurimos
2776 5219 3053 5291 conqueri
3087 5219 3239 5289 quod
3274 5220 3491 5275 imbres
3546 5222 3600 5273 et
3646 5214 3841 5288 pluvias

468 5336 536 5377 ea
578 5321 812 5393 negotia
843 5319 1211 5393 intellexerit,
1259 5336 1384 5389 quae
1437 5318 1821 5388 amplitudine
1851 5336 1959 5376 sua
1991 5320 2119 5375 nul-
2234 5331 2439 5373 serena
2466 5313 2640 5383 longa
2670 5308 3082 5380 suspendunt;
3139 5330 3160 5356 ι
3219 5312 3276 5363 et
3317 5307 3455 5363 alibi
3507 5323 3519 5361 :
3572 5328 3600 5355 ‹‹
3630 5299 3838 5368 Quaado

464 5411 584 5466 lam
645 5414 1012 5465 commovent
1074 5407 1253 5462 animi
1304 5407 1822 5478 perturbationem.
1898 5414 1971 5463 De
2020 5408 2121 5465 illa
2230 5408 2473 5462 imbrem
2525 5400 2686 5457 nulla
2733 5413 2936 5453 serena
2981 5398 3417 5468 suspendunt»
3463 5395 3643 5467 (Cypr.
3689 5393 3832 5447 tract.

464 5516 633 5571 porro
664 5499 893 5570 Epicuri
942 5501 1413 5567 sectatorumque
1466 5496 1593 5565 ejus
1640 5496 1911 5567 opinione
1956 5498 2117 5565 alibi,
2228 5495 2295 5552 ad
2327 5497 2584 5559 Demetr.,
2635 5493 2693 5544 et
2736 5487 2838 5555 lib,
2872 5486 2938 5541 de
2983 5484 3302 5557 Mortalia).
3335 5486 3469 5542 item
3500 5486 3709 5541 sitarra
3735 5492 3833 5571 ma-

465 5568 570 5642 ncc
601 5568 781 5643 semel
814 5586 1265 5657 disputavimus.
1294 5583 1689 5639 Tertullianus
1721 5603 1890 5656 porro
1921 5604 1989 5642 ex
2024 5589 2117 5645 his
2227 5588 2323 5656 vit,
2356 5585 2599 5655 ejusque
2628 5576 2863 5633 insolito
2923 5578 3083 5631 motu
3134 5574 3349 5647 oppida
3399 5571 3722 5637 corruerint,
3748 5568 3831 5621 aut

465 5676 737 5732 omnibus
768 5675 1067 5733 rationum
1101 5674 1417 5731 momentis
1448 5677 1605 5730 recte
1638 5673 1932 5731 concludit
1960 5675 2114 5733 Chri-
2225 5678 2354 5748 ejus
2413 5673 2575 5729 hiatu
2625 5665 2885 5738 absorpti
2934 5665 3054 5722 sint
3083 5666 3371 5735 homines,
3406 5662 3486 5721 uti
3516 5659 3676 5734 paulo
3716 5657 3826 5729 post

4026 4628 4027 4705 ι

4024 4764 4025 4841 ι

4022 4884 4023 4975 ψ

4019 5010 4021 5111 φ

4016 5274 4017 5358 ι
