4134 6184
389 235 543 295 1165
620 184 623 191 γ
1335 234 1407 290 D.
1454 231 1553 291 LE
1600 231 1928 293 NOURRY
1971 230 2001 291 ί

2117 230 2613 295 ERVATIONES
2657 233 2918 296 NOVE.
3649 227 3808 290 1166

390 365 757 432 videbimus;
790 363 1045 436 denique
1072 364 1124 421 si
1150 366 1331 437 fames
1361 366 1411 419 et
1447 362 1565 419 lues
1612 364 1717 436 (ibi
1766 363 2045 437 supplen-
2076 365 2130 430 Α
2160 362 2298 435 gitis
2328 363 2607 421 historias
2637 370 2899 421 veterum
2931 369 3259 436 temporum
3292 362 3503 435 attigit,
3532 362 3811 435 ignorare

397 459 536 513 dum
566 456 822 519 saeviant,
855 458 1020 526 atque
1049 455 1423 523 grassenlur);
1471 458 1594 518 aut,
1631 458 1695 508 ut
1743 453 1880 508 alibi
1931 452 2048 509 cla-
2160 457 2369 523 potest,
2403 471 2578 525 quam
2613 454 2978 525 frequentem
3012 452 3245 507 illarum
3280 452 3637 507 mentionem
3670 451 3812 506 scri-

386 545 511 601 rius
550 561 563 599 :
598 543 661 599 Si
689 546 867 615 fames
892 544 1111 613 afﬂixit
1142 541 1410 612 (Tertull.
1445 542 1745 613 Apologet.,
1778 559 1905 613 cap.
1959 542 2048 609 40,
2158 546 2352 612 ptores
2385 542 2646 615 plerique
2678 560 2879 598 omnes
2911 543 3168 598 fecerint.
3206 547 3413 597 Parum
3457 542 3657 612 itaque
3707 556 3806 596 ne-

391 654 447 708 p.
485 635 607 699 480,
645 640 700 688 et
730 632 833 688 lib.
870 650 887 687 ι
919 632 989 688 ad
1014 632 1264 699 Nation.,
1317 648 1443 701 cap.
1493 633 1548 698 9,
1592 648 1723 701 pag.
1774 632 1933 703 571);
1985 631 2045 686 in
2156 646 2317 686 cosse
2360 632 2664 687 videbatur
2722 632 2890 703 plura
2938 631 3277 703 hujusmodi
3309 630 3576 702 exempla
3604 647 3636 685 a
3667 630 3803 685 Ter-

384 726 499 791 his,
536 723 729 795 inquit
762 720 1185 789 Tertullianus,
1219 720 1495 775 omnibus
1526 720 1777 792 publicis
1800 718 2043 774 calami-
2154 719 2399 775 tulliano
2430 720 2683 793 congeri,
2738 722 2847 777 nisi
2898 723 2967 775 ad
3025 721 3442 775 conterandam
3492 719 3799 791 gentilium

388 815 632 883 tatibus,
666 829 785 868 una
816 811 1082 867 omnium
1131 809 1440 879 gentilium
1488 826 1645 876 voce,
1697 810 2045 866 Christianos
2152 809 2533 879 pervicaciam
2570 812 2912 882 proferenda
2943 827 3071 864 esse
3104 810 3453 864 censuisset.
3495 809 3573 863 Ea
3603 809 3799 880 itaque

382 904 453 959 ad
486 903 698 958 leonem
727 899 1310 970 acclamatur(ldem,
1356 899 1641 971 Apologet.
1688 898 1875 970 ibid.).
1928 899 2037 953 Sed
2152 914 2184 951 a
2233 898 2400 953 nobis
2447 898 2813 954 discutienda
2856 904 3015 962 sunt,
3070 904 3195 953 tum
3257 902 3489 969 propter
3538 897 3797 953 diversas

388 992 499 1048 hoc
527 990 804 1046 ultimum
838 989 1102 1056 verbum,
1154 988 1307 1059 quod
1357 988 1414 1042 in
1472 988 1689 1043 nostris
1740 987 2040 1042 codicibus
2150 987 2415 1041 codicum
2450 986 2747 1055 lectiones,
2782 989 2998 1059 quibus
3043 989 3279 1059 propria
3330 987 3568 1042 nomina
3608 986 3796 1041 defor-

378 1078 805 1150 manuscriptis
852 1082 909 1133 et
957 1076 1220 1148 antiquis
1274 1076 1633 1133 editionibus
1664 1078 1973 1148 reperitur,
2008 1094 2042 1131 a
2151 1081 2408 1141 mantur,
2456 1081 2582 1131 tum
2632 1083 2869 1147 propter
2918 1078 3199 1147 quaedam
3236 1077 3635 1143 difficultates,
3668 1092 3794 1147 quis

379 1170 631 1243 Rigaltio
663 1170 1034 1239 amputatum
1065 1170 1172 1220 est.
1210 1169 1283 1219 At
1314 1165 1545 1221 etiamsi
1587 1166 1765 1234 absit,
1816 1166 2034 1221 subau-
2147 1165 2449 1222 nonnullis
2482 1167 2782 1237 negotium
2817 1166 3103 1221 facessere
3134 1171 3400 1237 possunt.

372 1258 485 1315 diri
542 1256 750 1328 utique
800 1255 989 1310 debet.
1044 1253 1147 1309 Illa
1198 1270 1331 1309 vero
1391 1253 1759 1320 acclamatio,
1809 1255 1880 1310 de
1918 1271 2036 1326 qua

374 1332 481 1404 nos
513 1363 693 1418 supra
724 1343 976 1417 egimus,
1009 1342 1070 1398 in
1101 1342 1253 1399 circo
1284 1342 1659 1416 potissimum
1713 1343 1837 1399 fieri
1890 1360 2029 1399 con-

377 1440 665 1494 sueverat.
696 1434 912 1489 Verum
945 1448 1014 1488 ea
1045 1432 1193 1497 sola,
1220 1433 1597 1503 quantumvis
1629 1432 2031 1503 iniquissima,

379 1526 761 1599 rapiebantur
788 1521 1199 1592 Christiani,ac
1232 1521 1538 1576 confestim
1573 1520 1841 1577 leonibus
1871 1521 2029 1577 aliis-

373 1632 486 1688 que
518 1613 729 1670 belluis
762 1612 1081 1668 devorandi
1125 1610 1582 1681 exponebantur.
1632 1610 2028 1667 Tertullianus

2217 1317 2477 1373 Primum
2510 1325 2703 1371 autem
2732 1315 3060 1386 exemplum
3084 1316 3176 1371 his
3198 1316 3252 1369 in
3282 1315 3513 1386 Rigaltii
3539 1316 3793 1371 editione

2142 1407 2335 1463 verbis
2393 1407 2740 1478 proponitur
2790 1422 2801 1460 :
2853 1428 2873 1453 ι
2930 1405 3202 1474 Legimus
3252 1406 3682 1476 Hierannapen,
3737 1411 3792 1460 et

2140 1496 2341 1566 Defon,
2374 1502 2430 1550 et
2462 1495 2726 1561 Rhodon,
2761 1498 2815 1549 et
2846 1494 2921 1549 Co
2948 1493 3171 1549 insulas
3204 1494 3406 1548 multis
3446 1510 3580 1548 cum
3613 1493 3790 1549 milli-

2140 1585 2248 1639 bus
2282 1583 2584 1639 hominum
2620 1600 2858 1654 pessum
2890 1582 3104 1637 abiisse
3140 1606 3159 1630 υ
3196 1582 3463 1653 (Tertull.
3488 1584 3787 1654 Apologet.,

364 1721 501 1760 vero
552 1702 713 1758 illam
766 1702 959 1756 tribus
1017 1703 1250 1756 tantum
1309 1699 1401 1754 his
1458 1698 1647 1754 verbis
1707 1699 2024 1765 irridendo,
2062 1727 2110 1793 Β

367 1791 629 1864 explodit
676 1806 690 1846 :
746 1796 947 1848 Tantos
990 1789 1061 1845 ad
1107 1805 1282 1845 unum
1330 1787 1535 1861 (Ibid.),
1591 1788 1831 1860 perinde
1877 1803 1944 1843 ac
1974 1787 2025 1842 si

366 1883 615 1938 dixisset
647 1897 660 1935 :
697 1881 899 1952 Papae!
938 1878 1241 1951 Numquid
1276 1876 1497 1950 putatis
1545 1877 1833 1931 infinitam
1886 1893 2023 1949 pro-

366 1969 708 2041 pemodum,
743 1966 895 2023 sicut
926 1970 1097 2021 antea
1139 1966 1618 2034 observabamus,
1669 1963 2024 2019 Christiano-

367 2076 498 2114 rum
549 2057 992 2113 multitudinem
1042 2055 1249 2127 exponi
1302 2054 1564 2126 potuisse
1615 2053 1767 2109 leoni
1824 2054 2017 2123 unico,

364 2156 540 2221 atque
570 2150 643 2204 ab
676 2147 775 2204 illo
807 2146 1117 2203 devorari?

431 2241 580 2295 Tum
616 2243 747 2311 post
777 2238 896 2292 haec
930 2236 1026 2292 ille
1056 2235 1333 2308 gravibus
1359 2234 1654 2291 rationum
1700 2235 2015 2291 momentis

360 2331 729 2385 demonstrat
754 2328 900 2383 nihil
934 2328 1140 2383 falsius
1176 2326 1314 2397 tingi
1350 2326 1818 2397 potuisse,quam
1850 2326 2013 2382 Chri-

356 2420 581 2475 stianos
616 2417 1009 2490 publicarum,
1037 2421 1138 2471 aut
1171 2414 1424 2471 aliarum
1456 2414 1861 2472 calamitatum
1883 2432 2012 2477 esse

356 2514 674 2565 auctores:
711 2528 739 2557 ‹‹
792 2506 937 2561 Nam
987 2510 1128 2559 ante
1176 2502 1502 2574 Tiberium,
1552 2503 1746 2575 inquit
1793 2504 1873 2575 [id
1923 2507 2009 2561 est

365 2604 500 2653 ante
548 2595 763 2652 Christi
814 2594 1174 2664 adventum].
1223 2598 1457 2663 quantas
1487 2591 1681 2647 clades
1720 2593 1919 2651 orbem
1953 2601 2009 2652 ct

347 2689 525 2743 urbes
557 2685 953 2741 occiderunt»
1006 2682 1227 2755 (lbid.)l
1278 2688 1403 2737 Non
1460 2698 1525 2737 eo
1578 2687 1777 2737 autem
1827 2700 2000 2740 sensu

346 2777 498 2833 dixit
544 2781 679 2831 ante
725 2773 1046 2841 Tiberium,
1090 2789 1203 2844 quo
1235 2771 1528 2843 significet
1559 2771 1854 2827 Christum
1887 2790 2000 2828 non

348 2870 521 2922 antea
565 2865 625 2920 in
674 2864 833 2919 hunc
866 2862 1155 2918 mundum
1212 2862 1462 2928 venisse,
1524 2861 1626 2916 sed
1685 2860 1999 2917 adventum

352 2958 483 3027 ejus
511 2954 731 3010 mundo
764 2952 1120 3025 patefactum
1152 2967 1287 3007 cum
1320 2950 1438 3019 ille,
1493 2953 1774 3021 regnante
1828 2951 1996 3006 Tibe-

355 3047 458 3110 rio,
492 3046 672 3101 edidit
706 3041 1009 3111 miracula,
1040 3058 1329 3113 suamque
1359 3040 1675 3096 Ecclesium
1707 3040 1992 3095 fundavit.

348 3136 497 3193 Nam
531 3134 589 3189 in
623 3134 770 3189 libro
812 3131 881 3187 ad
930 3132 1192 3188 Nationes
1239 3148 1251 3186 :
1305 3154 1330 3179 ‹‹
1386 3129 1671 3201 Principe,
1724 3129 1824 3199 ait,
1874 3131 1995 3184 Au-

347 3229 521 3297 gusto
572 3239 783 3277 nomen
835 3222 949 3277 huc
998 3224 1191 3276 ortum
1232 3226 1354 3285 est;
1404 3219 1591 3274 Tiberi

346 3314 475 3383 ejus
504 3311 697 3366 illuxit
727 3332 755 3359 ››
782 3310 991 3381 (Idem,
1022 3308 1124 3364 lib.
1158 3326 1175 3363 ι
1204 3307 1275 3363 ad
1305 3308 1555 3373 Nation.,
1587 3324 1711 3378 cap.
1753 3310 1807 3375 7,
1860 3324 1987 3378 pag.

340 3402 494 3472 567).
552 3399 835 3467 Quocirca
882 3397 981 3453 ille
1031 3402 1234 3469 postea
1260 3397 1404 3451 dixit
1438 3412 1451 3451 :
1490 3419 1509 3445 ι
1544 3396 1750 3451 Ᾰῖῐαῐίε
1778 3402 1989 3451 nostrae

345 3490 608 3544 nondum
646 3487 783 3543 anni
815 3486 1081 3556 trecenti,
1114 3491 1343 3557 quantae
1376 3484 1568 3540 clades
1599 3491 1732 3539 ante
1764 3484 1817 3538 id
1854 3502 1987 3557 spa-

340 3577 491 3631 tium
522 3592 703 3647 supra
732 3575 1071 3629 universum
1104 3574 1303 3628 orbem
1336 3573 1404 3627 ad
1439 3571 1701 3643 singulas
1730 3572 1903 3627 urbes
1934 3578 1992 3628 et

338 3665 673 3737 provincias
703 3663 1072 3719 ceciderunt!
1105 3665 1334 3727 Quanta
1363 3659 1513 3716 bella
1543 3666 1781 3717 externa
1811 3666 1867 3717 et
1898 3662 1990 3716 in-

338 3754 587 3809 testina!
619 3755 770 3820 Quot
800 3758 1013 3825 pestes,
1044 3753 1250 3821 fames,
1282 3751 1469 3821 ignes,
1520 3750 1715 3805 hiatus
1766 3754 1989 3804 motus-

342 3859 458 3914 que
505 3847 794 3899 terrarum
845 3841 1125 3897 seculum
1157 3838 1446 3911 digessit?
1476 3839 1681 3894 1068
1713 3838 1819 3893 Ubi
1853 3843 1991 3892 tunc

340 3931 682 4003 Christiani,
716 3948 850 3987 cum
883 3947 977 3986 res
1009 3931 1270 3986 Romana
1300 3932 1389 3983 tot
1419 3927 1693 3983 historias
1722 3928 1987 3982 laborum

340 4038 581 4077 suorum
633 4020 1111 4077 subministravit
1166 4041 1187 4066 ι»
1243 4017 1403 4088 (Ibid.
1455 4032 1583 4088 cap.
1634 4016 1690 4083 9,
1737 4033 1792 4087 p.
1823 4016 1992 4085 571)?

344 4110 572 4175 Quibus
605 4116 800 4165 autem
832 4107 1113 4180 exemplis
1144 4107 1265 4162 haec
1296 4106 1807 4172 demonstraverit,
1858 4121 1990 4159 cum

340 4201 470 4255 sine
502 4200 701 4271 aliqua
731 4198 1114 4271 explicatione
1170 4194 1462 4268 prieterire
1510 4212 1623 4249 non
1672 4196 1991 4266 possimus,

337 4290 413 4345 ad
446 4306 513 4344 ea
542 4288 890 4362 singillatim
922 4286 1285 4359 exponenda,
1331 4284 1382 4340 si
1432 4282 1641 4356 placet,
1692 4285 1993 4356 aggredia-

338 4395 498 4434 mur.

2023 4451 2070 4516 D

964 4523 1272 4564 ARTICULUS
1306 4523 1368 4561 ll.

336 4616 611 4687 Quomodo
672 4615 1048 4672 Tertullianus
1097 4615 1434 4670 demonstret
1482 4613 1825 4687 Christianos
1874 4612 1991 4667 ideo

410 4690 762 4757 publicarum
813 4688 1059 4745 cladium
1105 4703 1219 4740 non
1264 4701 1378 4740 esse
1407 4688 1671 4757 auctores,
1707 4685 1836 4757 quia
1868 4693 1993 4738 ante

414 4754 619 4815 Christi
649 4766 831 4815 ortum
861 4759 1121 4830 plurimis
1141 4768 1423 4813 terrarum
1452 4754 1909 4830 inundationihus
1931 4772 1994 4810 ac

414 4833 657 4887 motibus
709 4826 926 4903 pessum
983 4832 1237 4903 abierunt
1286 4830 1481 4903 Hiera,
1523 4826 1766 4903 Anaphe,
1812 4827 1993 4884 Delos.

412 4904 643 4969 Rhodos,
678 4898 800 4969 Cos,
830 4906 959 4958 item
984 4902 1166 4971 major
1194 4902 1362 4965 Asiae,
1394 4898 1481 4956 vel
1513 4901 1720 4969 Africae
1744 4914 1895 4971 pars,
1944 4907 1995 4953 et

412 4984 632 5044 epotum
682 4991 834 5030 mare
886 4970 1250 5039 Corinthium,
1298 4981 1465 5044 atque
1506 4988 1580 5025 ex
1611 4970 1853 5044 Lucania
1880 4970 1991 5044 Ita-

412 5041 509 5102 liae
533 5047 773 5102 abscissa
824 5048 975 5115 facta
1019 5050 1098 5101 est
1146 5041 1696 5115 Scilia,‘omnesqae
1752 5041 1995 5115 homines

407 5120 735 5189 cataclysmo
782 5114 891 5174 nan
943 5123 1159 5173 tantum
1206 5116 1521 5188 campestri,
1569 5114 1660 5169 sed
1693 5114 1998 5168 universali

402 5192 708 5262 perierunt.

406 5306 582 5363 Nulla
610 5309 771 5363 certe
814 5304 1082 5362 validiori
1124 5306 1469 5373 argumento
1522 5301 1753 5373 probari
1808 5306 1998 5373 potest

332 5395 701 5452 Christianos
733 5398 1002 5451 auctores
1033 5410 1145 5449 non
1170 5409 1299 5449 esse
1320 5391 1695 5465 publicarum
1716 5390 1993 5460 cladium,

334 5501 516 5557 quam
536 5484 928 5555 plurimarum
952 5482 1394 5556 exemplis,quaa
1414 5484 1545 5537 ante
1564 5480 1777 5536 Christi
1798 5484 1992 5537 ortum

336 5574 733 5648 contigerunt.
764 5574 944 5648 Atqui
976 5573 1197 5647 nullus,
1228 5572 1331 5645 qui
1360 5571 1448 5629 vel
1498 5570 1858 5643 primoribus
1902 5570 1992 5627 di-

2138 1691 2264 1745 cap.
2297 1674 2384 1743 45,
2418 1689 2548 1745 pag.
2581 1674 2694 1744 36).
2729 1674 2795 1727 At
2827 1672 2885 1727 in
2919 1672 3135 1727 nostris
3167 1671 3599 1742 exemplaribus
3641 1673 3785 1727 scri-

2138 1767 2302 1833 ptum
2330 1768 2419 1818 est
2450 1780 2463 1818 :
2495 1784 2523 1812 ‹‹
2558 1762 3046 1832 Hieraaanpeam,
3079 1766 3135 1816 et
3163 1760 3362 1825 Delon,
3407 1765 3464 1815 et
3514 1761 3782 1827 Rhodon,

2133 1856 2190 1906 et
2233 1851 2374 1917 Cho,
2433 1874 2461 1902 »
2513 1856 2750 1924 excepto
2799 1856 2995 1906 tamen
3045 1867 3161 1905 uno
3209 1849 3546 1921 exemplari,
3580 1851 3637 1905 in
3668 1867 3784 1921 quo

2135 1941 2398 2007 habetur,
2433 1943 2667 1997 Hierant
2692 1957 2857 2013 pean,
2892 1941 2951 1995 in
2982 1939 3387 2012 Bongarsiano
3428 1939 3781 2011 Iherrapean,

2128 2028 2187 2083 in
2223 2046 2336 2085 uno
2368 2029 2645 2085 Vaticano
2674 2031 3113 2102 Hieramapeam,
3148 2034 3203 2083 et
3234 2028 3291 2082 in
3343 2026 3526 2083 altero
3578 2028 3779 2083 itidem

2126 2118 2410 2174 Vaticano
2440 2121 2605 2175 Hiera
2634 2120 2937 2190 Niepaeam,
2967 2118 3025 2173 in
3059 2116 3334 2173 Fuldensi
3367 2119 3787 2174 Ilierearranda

2123 2224 2305 2280 penes,
2332 2208 2390 2263 in
2422 2210 2596 2266 editis
2628 2214 2761 2264 ante
2794 2208 3111 2280 Rigaltium
3144 2208 3582 2278 Hierapolis,sed
3616 2223 3786 2262 men-

2123 2296 2416 2353 dose.Non
2447 2298 2604 2353 enim
2637 2298 2759 2352 haec
2790 2297 2931 2353 urbs
2963 2296 3245 2352 cecidisse
3274 2294 3615 2367 perhibetur
3644 2300 3779 2351 ante

2122 2386 2462 2442 Christiana:
2542 2386 2844 2459 religionis
2922 2386 3265 2458 primordia.
3346 2385 3547 2439 Cernis
3622 2389 3777 2441 certe

2120 2480 2407 2545 quantum
2458 2480 2515 2530 et
2561 2491 2735 2546 quam
2769 2492 2802 2530 a
2826 2474 2997 2547 longo
3030 2479 3290 2545 tempore
3323 2472 3417 2527 hic
3448 2472 3611 2529 locus
3641 2490 3773 2529 cor-

2118 2571 2329 2635 ruptus
2362 2564 2547 2621 fuerit.
2580 2569 2641 2619 In
2695 2565 2843 2621 libro
2894 2568 3091 2619 tamen
3144 2563 3213 2617 ad
3260 2564 3523 2618 Nationes
3570 2567 3768 2636 aperte

2114 2652 2329 2725 legitur
2380 2671 2391 2709 :
2441 2677 2468 2704 ‹‹
2525 2654 2908 2724 Hierennape,
2937 2658 2992 2707 et
3028 2652 3297 2723 Delphos,
3329 2657 3386 2707 et
3422 2651 3676 2722 Rhodos,
3709 2656 3766 2707 et

2113 2742 2280 2798 Creta
2308 2742 2513 2799 insulsa
2545 2742 2743 2799 multis
2774 2759 2907 2797 cum
2960 2740 3221 2796 millibus
3270 2741 3576 2797 hominum
3628 2758 3763 2812 pes-

2112 2847 2240 2885 sum
2272 2831 2466 2887 ierunt
2496 2857 2517 2883 ι
2555 2832 2760 2901 (Idem,
2793 2830 2873 2885 lib
2906 2846 2921 2884 1
2953 2829 3023 2885 ad
3051 2830 3299 2895 Nation.,
3330 2846 3457 2901 cap.
3490 2830 3545 2894 9,
3580 2846 3634 2901 p.
3667 2830 3759 2895 54,

2108 2922 2200 2975 ed.
2235 2921 2408 2992 Rig,).
2441 2922 2548 2976 Sed
2584 2922 2700 2975 htec
2731 2921 2906 2974 verba
2953 2918 3358 2973 difﬁcultatem
3410 2934 3598 2987 neque
3650 2916 3762 2971 tol-

2108 3007 2258 3077 lunt,
2308 3026 2497 3080 neque
2542 3010 2716 3063 etiam
2751 3008 3046 3063 minuunt.
3078 3008 3192 3063 Nec
3223 3007 3412 3078 magis
3444 3024 3588 3062 sana
3620 3024 3733 3062 sun

2026 3089 2227 3153 C”haec
2249 3098 2512 3166 ejusdem
2545 3096 2889 3153 Tertulliani
2920 3096 3033 3152 alio
3064 3097 3122 3151 in
3156 3097 3304 3151 libro
3336 3096 3564 3151 verbazu
3586 3096 3759 3153 Nulla

1600 3236 1631 3273 ο
1658 3185 1994 3291 [disciplina
2096 3186 2221 3291 ja‘m
2256 3186 2460 3287 06108..
2477 3186 2691 3291 Rhene,
2725 3187 2929 3240 Samos
2960 3208 2987 3234 ››
3018 3186 3223 3291 (Idem,
3258 3185 3325 3239 de
3354 3186 3753 3291 Pall.,cap.2).

2104 3274 2309 3330 Plures
2363 3275 2578 3346 quippe
2626 3275 2704 3329 ibi
2758 3292 2859 3346 pro
2920 3275 3119 3340 Rhene,
3182 3273 3493 3345 legendum
3549 3273 3753 3330 volunt

2104 3366 2354 3431 Harenas,
2386 3364 2622 3420 tametsi
2658 3363 2875 3419 Plinius
2904 3363 3029 3434 (lib.
3081 3380 3135 3418 1v
3181 3364 3376 3417 Natur.
3431 3364 3564 3417 Hist.
3615 3378 3744 3435 cap.

2104 3455 2186 3518 12,
2221 3470 2352 3526 pag.
2401 3455 2524 3515 456)
2573 3453 2789 3526 aliique
2845 3452 3030 3509 Rhene
3085 3451 3288 3507 insulas
3348 3452 3743 3521 meminerint,

2098 3545 2417 3600 Videamus
2446 3544 2625 3617 igitur
2674 3550 2871 3600 utrum
2923 3544 3159 3599 aliunde
3208 3544 3279 3597 ad
3332 3542 3742 3613 explicandum

2098 3633 2267 3689 illum
2300 3635 2616 3689 obscurum
2662 3639 2719 3689 et
2761 3639 3100 3705 corruptum
3152 3631 3496 3688 Tertulliani
3550 3632 3743 3688 locum

2099 3723 2342 3779 luminis
2368 3722 2588 3794 aliquid
2618 3724 2873 3779 mutuari
2908 3724 3229 3794 possimus.

2170 3876 2402 3932 Primus
2430 3880 2623 3930 autem
2660 3875 2826 3931 nobis
2860 3873 3112 3929 occurrit
3144 3873 3389 3943 Plinius,
3424 3890 3557 3928 mox
3605 3872 3753 3928 cita-

2100 3969 2219 4033 tus,
2255 3964 2351 4019 ubi
2384 3966 2454 4018 de
2486 3964 2648 4029 locis,
2684 3964 2836 4017 unde
2869 3962 3053 4016 maria
3086 3965 3537 4027 recssserant,et
3566 3961 3757 4016 enatis

2102 4054 2314 4109 insulis
2346 4054 2557 4109 1069
2592 4052 2832 4107 disserit
2864 4070 2876 4107 :
2913 4074 2938 4099 ‹‹
2973 4050 3170 4118 Clara‘,
3206 4050 3416 4121 inquit,
3464 4051 3583 4120 jam
3636 4050 3755 4121 pri-

2103 4144 2234 4197 dem
2270 4142 2477 4197 insulte
2509 4140 2675 4197 Delos
2708 4146 2763 4196 et
2794 4140 3030 4195 Rhodos
3090 4140 3381 4194 memorias
3436 4140 3763 4210 produntur

2104 4230 2523 4287 enataz.Postea
2555 4228 2811 4285 minores
2845 4228 2998 4283 ultra
3044 4228 3231 4283 Melon
3283 4227 3556 4298 Anaphe;
3612 4227 3763 4281 inter

2108 4326 2385 4374 Lemnum
2436 4324 2493 4374 et
2533 4317 2997 4389 Hellespontum,
3034 4318 3190 4385 Nea,
3226 4317 3377 4371 inter
3405 4316 3671 4370 Lebedon
3703 4320 3760 4371 et

2101 4409 2281 4477 Teon,
2316 4406 2569 4475 Hanelo;
2598 4409 2750 4462 inter
2780 4407 3059 4479 Cycladas
3092 4405 3442 4479 Olympiadis
3476 4404 3755 4474 t35,anno

2103 4502 2334 4570 quarto,
2368 4497 2557 4552 Thcra
2588 4500 2645 4551 et
2676 4496 2996 4563 Therasia;
3030 4495 3182 4550 inter
3211 4494 3446 4550 easdem
3479 4497 3612 4565 post
3651 4510 3753 4549 an-

2102 4604 2208 4641 nos
2242 4586 2364 4652 130,
2392 4586 2563 4640 Hiera
2595 4585 2981 4656 eamdemque
3013 4587 3322 4639 Automate
3346 4605 3373 4631 »
3407 4581 3578 4655 (Plin.
3603 4582 3753 4639 lib.u

2102 4675 2238 4731 ibid.
2273 4691 2397 4746 cap.
2433 4675 2524 4744 87,
2557 4689 2690 4746 pag.
2740 4674 2890 4742 236).
2946 4672 3067 4727 Huc
3115 4672 3289 4728 etiam
3341 4672 3564 4727 accedit
3611 4677 3752 4727 Am-

2103 4764 2338 4817 mianus
2371 4762 2760 4827 Marcellinus,
2795 4762 2893 4816 ubi
2929 4768 3189 4815 motuum
3224 4767 3385 4815 terra:
3419 4777 3627 4816 causas
3664 4761 3752 4816 in-

2100 4852 2353 4923 vestigat
2387 4870 2399 4907 :
2437 4875 2463 4900 ‹‹
2499 4852 2852 4920 Brasmatiae,
2887 4852 2989 4919 ait,
3024 4851 3121 4920 qui
3156 4849 3401 4905 humum
3449 4849 3754 4906 molestius

2103 4942 2459 4996 suscitantes
2492 4940 2827 5012 propellunt
2877 4940 3276 4995 imanissimas
3326 4939 3531 5009 moles,
3582 4944 3648 4994 ut
3696 4940 3755 4995 in

2102 5031 2243 5086 Asia
2288 5030 2453 5086 Delos
2486 5030 2744 5096 emersit,
2778 5034 2835 5084 et
2865 5030 3056 5099 Hiera,
3091 5034 3149 5084 et
3182 5029 3494 5101 Anaphane
3528 5051 3555 5078 »
3586 5030 3755 5100 (Mar-

2104 5120 2232 5175 cell.
2287 5119 2387 5174 lib.
2438 5136 2574 5187 xvu,
2626 5135 2751 5189 cap.
2801 5120 2856 5185 7,
2905 5135 3036 5191 pag.
3087 5120 3231 5187 456).
3286 5118 3534 5174 Videsne
3575 5118 3633 5174 in
3664 5118 3757 5174 his

2102 5207 2248 5264 locis
2282 5206 2594 5263 memorari
2629 5205 2833 5275 Delon,
2866 5213 2923 5261 et
2953 5207 3216 5275 Rhodon,
3253 5205 3756 5277 quemadmodum

2106 5298 2178 5352 ab
2212 5297 2463 5369 ipsomet
2492 5295 2897 5351 Tertulliano?
2930 5300 3131 5351 Nonne
3182 5301 3379 5350 autem
3433 5292 3755 5366 suspicioni

2104 5387 2267 5443 locus
2302 5386 2477 5441 datur
2508 5402 2573 5441 ex
2597 5386 2827 5440 duabus
2851 5384 2980 5440 aliis
3003 5384 3213 5440 insulis
3243 5387 3409 5440 Iliera
3430 5389 3486 5440 et
3518 5382 3757 5453 Anaphe,

2105 5477 2259 5534 sicut
2290 5476 2538 5546 Plinius,
2570 5474 2656 5531 vel
2691 5477 2847 5531 Hiero
2878 5480 2932 5531 et
2975 5476 3300 5547 Antiphane,
3350 5477 3414 5528 ut
3466 5468 3755 5529 Marcelli-

2105 5584 2219 5624 nus
2252 5568 2476 5635 scribit,
2529 5566 2749 5622 factum
2801 5566 2983 5621 fuisse
3032 5565 3103 5620 ab
3156 5562 3446 5636 imperitis
3494 5560 3750 5619 librariis
