4134 6184
332 354 483 416 1169

379 484 661 531 Diasiluisso
691 485 859 533 ferunt.
884 495 994 528 cum
1027 482 1244 542 protinus
1270 487 1469 539 utraque
1496 481 1639 528 tellus

379 550 486 595 Una
516 549 653 599 foret,
683 547 811 593 venit
840 547 998 592 medio
1028 548 1072 589 vi
1103 553 1287 603 pontus.
1320 551 1366 589 et
1402 546 1544 590 undis

376 611 663 667 Hesperium
694 608 856 653 Siculo
887 610 1009 653 latus
1045 608 1266 657 abscidit.
1296 621 1506 664 arvaque
1526 615 1575 653 et
1602 608 1762 659 urbes,

377 674 559 719 Littore
587 670 817 718 deductas
844 676 1049 727 angusto
1077 672 1284 717 interluit
1310 676 1449 717 cestu.

771 742 960 798 (Virgil.
994 742 1055 787 lib
1111 754 1163 788 ιιι
1192 741 1374 789 ίΕιιεὶᾱ.
1403 756 1446 786 v.
1474 742 1551 787 «illi
1574 746 1621 787 et
1652 742 1804 798 seqq.)

1244 352 1316 411 D.
1365 352 1460 411 LE
1506 351 1829 412 movear
1875 326 2529 412 OBSERVATIONES
2576 348 2835 410 nova.

2002 483 2057 549 Α
2088 487 2184 554 pto
2217 482 2572 555 migrassent
2603 482 2662 536 in
2697 479 3091 547 Palaestinam,
3154 494 3218 533 ac
3274 476 3517 549 proinde
3563 475 3737 547 longe

2010 616 2019 619 -
2086 572 2356 645 pluribus
2390 572 2637 639 saculis,
2673 571 2833 642 prius
2896 586 3071 641 quam
3130 566 3467 635 Christiani,
3520 582 3585 620 ex
3618 564 3735 620 illis

2085 662 2216 728 orti,
2252 661 2548 717 venissent
2579 660 2638 714 in
2672 656 3311 728 mundum.Utriusque
3334 658 3529 709 autem
3552 653 3732 723 hujus

2084 749 2247 805 urbis
2282 750 2451 804 ruina
2483 748 2811 805 certissimo
2842 764 3017 801 sacra
3050 745 3361 817 Scriptura
3394 740 3730 797 testimonio

322 836 526 892 Citatis
559 838 753 889 autem
788 834 877 888 his
924 833 1189 889 versibus
1238 837 1457 889 Seneca
1514 832 1779 886 addidit:
1815 854 1841 881 «
1878 830 1970 886 Sic
2080 839 2497 911 comprobatur
2529 838 2681 909 (σεη,
2733 854 2849 905 χιχ,
2907 835 3019 905 24),
3080 834 3190 889 Sed
3252 832 3521 905 quamvis
3580 830 3727 885 illud

318 922 846 992 hacinundatione,
870 939 1041 993 quam
1063 927 1364 994 poetarum
1388 920 1623 977 maximi
1649 919 1965 987 celebrant,

315 1014 387 1069 ab
418 1011 587 1069 Italia
616 1010 813 1067 Sicilia
844 1012 1059 1083 rejecta
1089 1015 1177 1067 est
1210 1034 1237 1060 »
1265 1010 1492 1083 (Senec.
1528 1009 1629 1064 lib.
1680 1025 1734 1064 IV
1766 1011 1962 1063 Natur.

314 1104 513 1173 Quast.
551 1119 677 1174 cap.
710 1102 800 1170 29,
827 1116 961 1173 pag.
992 1101 1141 1173 898).
1196 1100 1418 1157 Videsis
1482 1099 1737 1154 Plinium
1790 1098 1962 1170 (Plin.

310 1192 416 1249 lib.
446 1209 487 1248 ιι
517 1193 708 1248 Ναων.
768 1191 927 1257 Hist.,
977 1206 1105 1261 cap.
1154 1192 1245 1255 87,
1304 1206 1437 1261 pag.
1497 1189 1648 1260 235),
1709 1188 1961 1244 Statium

311 1282 505 1352 (Stat,
552 1280 653 1335 lib.
711 1296 775 1335 ιιι
817 1279 1065 1333 Thebaie.
1117 1282 1175 1333 et
1216 1278 1315 1333 lib.
1365 1297 1381 1333 1
1432 1278 1692 1350 Sylvar.),
1752 1276 1958 1331 Silium

311 1370 602 1439 Italicum,
636 1368 967 1424 Cluverium
999 1372 1056 1423 et
1086 1368 1251 1423 alios.

377 1460 526 1525 Quid
577 1458 748 1530 plura
788 1456 816 1511 ‘I
870 1460 1016 1511 Ante
1072 1462 1388 1512 Saturnum
1446 1456 1703 1527 aliosque
1752 1472 1958 1511 omnes

304 1548 613 1623 gentilium
647 1548 784 1602 deos
815 1551 1087 1602 evenerat
1114 1546 1187 1613 is,
1236 1548 1337 1619 qui
1363 1569 1390 1597 «
1429 1552 1617 1603 totum
1670 1547 1886 1602 orbem.
1926 1567 1954 1594 ››

309 1637 464 1694 sicut
492 1637 574 1692 ait
593 1634 1011 1705 Tertullianus,
1046 1658 1072 1685 «
1103 1635 1494 1708 cataclysmus
1536 1634 1809 1704 abolevit,
1840 1637 1953 1700 vel,

315 1732 382 1783 ut
412 1727 570 1783 Plato
591 1725 840 1798 putavit,
863 1730 1189 1796 campestre
1222 1725 1592 1781 solummodo
1626 1747 1654 1775 »
1688 1724 1950 1794 (Tertull.

309 1816 605 1888 Apologet.,
638 1831 765 1886 cap.
807 1814 898 1883 40,
933 1832 989 1886 p.
1018 1814 1167 1884 481).
1210 1814 1527 1869 Breviusin
1558 1814 1706 1869 libro
1736 1815 1809 1869 ad
1834 1817 1948 1868 Na-

306 1906 479 1960 tiones
518 1921 538 1961 :
570 1926 599 1954 «
658 1904 870 1959 Totum
926 1903 1125 1958 orbem
1184 1904 1574 1975 cataclysmus
1624 1903 1873 1958 abolevit
1917 1925 1945 1953 ››

299 1993 424 2065 (lib.
458 2011 498 2064 ι,
529 2010 655 2064 cap.
688 1993 742 2061 9,
778 2010 833 2064 p.
860 1992 1025 2063 571);
1058 1993 1160 2048 sed
1218 1992 1457 2049 uberius
1504 1992 1618 2048 alio
1655 1994 1710 2048 in
1746 1993 1894 2048 libro
1930 2009 1943 2049 :

299 2106 322 2134 ι
349 2083 549 2138 Adhuc
580 2082 760 2137 maris
793 2082 1048 2147 concha,
1108 2081 1323 2153 inquit,
1382 2087 1439 2137 et
1482 2083 1742 2138 buccina
1788 2098 1948 2154 pere-

294 2172 607 2245 grinantur
634 2171 695 2225 in
739 2173 1061 2235 montibus,
1094 2172 1397 2242 cupientes
1452 2171 1675 2227 Platoni
1704 2173 1948 2243 probare

292 2262 473 2317 etiam
501 2262 686 2315 ardua
743 2260 1060 2315 ﬂuitasse»
1118 2260 1322 2327 (Idem,
1381 2261 1447 2315 de
1486 2262 1629 2317 Pali.
1689 2278 1815 2333 cap.
1865 2263 1943 2331 2).

308 2350 489 2407 Nemo
519 2355 607 2406 est
636 2354 855 2415 autem,
876 2350 977 2420 qui
1008 2366 1122 2403 non
1157 2348 1444 2421 intelligat
1472 2350 1641 2405 illum
1672 2351 1751 2405 ibi
1785 2351 1947 2421 loqui

304 2441 377 2495 de
407 2439 622 2494 diluvio
653 2437 1156 2510 universali,quod
1187 2438 1247 2493 in
1279 2455 1445 2494 sacro
1477 2440 1768 2496 Geneseos
1800 2439 1948 2496 libro

301 2528 657 2584 describitur
686 2527 840 2597 (Gen.
895 2543 948 2581 νι
979 2534 1038 2583 et
1064 2529 1187 2597 vn).
1222 2527 1521 2584 Platonem
1553 2545 1685 2585 vero
1718 2530 1797 2584 ibi
1830 2546 1952 2585 cor-

301 2618 462 2688 ripit,
495 2616 597 2688 qui
629 2616 950 2672 arbitratus
990 2621 1079 2672 est
1137 2616 1317 2687 hujus
1378 2616 1584 2673 diluvii
1643 2634 1829 2689 aquas
1877 2618 1949 2673 ad

297 2722 537 2762 summa
566 2722 681 2761 non
714 2704 1050 2775 pervenisse
1074 2707 1359 2761 montium
1380 2707 1775 2771 cacumina,in
1794 2724 1949 2778 qua,

299 2795 388 2850 uti
416 2795 516 2850 ille
547 2795 961 2861 somniaverat,
995 2800 1261 2865 pastores
1291 2795 1529 2866 plurimi
1553 2796 1947 2865 convolantes,

299 2900 437 2939 cum
468 2883 601 2938 aliis
631 2900 745 2939 non
783 2884 967 2939 fecere
999 2884 1372 2956 naufragium
1416 2885 1667 2955 (Platon.
1703 2892 1845 2941 tom.
1879 2888 1948 2953 Il,

301 2972 407 3027 lib.
444 2988 505 3027 ιιι
536 2973 601 3027 de
624 2972 784 3043 legib.
820 2987 952 3044 pag.
985 2973 1131 3039 677;
1164 2978 1221 3028 et
1252 2978 1393 3028 tom.
1429 2974 1505 3029 III
1539 2976 1695 3040 Tim.,
1734 2992 1789 3045 p.
1833 2976 1947 3046 22).

302 3061 535 3117 Falsam
565 3076 699 3116 vero
730 3062 880 3116 hanc
931 3061 1265 3132 opinionem
1297 3062 1432 3118 inde
1487 3066 1703 3120 Auctor
1757 3070 1951 3121 noster

300 3148 535 3213 refellit,
568 3149 723 3219 quod
755 3148 814 3203 in
847 3150 1147 3206 montibus
1178 3150 1424 3205 inventa
1459 3152 1674 3207 fuerint
1728 3153 1951 3209 conchae

1979 1864 2026 1929 B

2080 926 2248 983 nobis
2277 928 2526 994 deesset,
2560 926 2745 982 cladis
2777 925 2933 979 illius
2964 922 3249 978 indicium
3289 920 3444 976 haud
3479 918 3723 974 dubium

2076 1016 2204 1087 ipsa
2234 1017 2407 1071 etiam
2445 1016 2630 1083 daret,
2664 1032 2788 1087 qua
2811 1013 2895 1069 uti
2925 1010 3319 1067 Tertullianus
3350 1008 3511 1082 loqui
3535 1011 3720 1063 amat:

2074 1127 2102 1155 ‹‹
2136 1105 2261 1161 Olet
2292 1105 2483 1160 adhuc
2515 1104 2784 1159 incendio
2813 1108 2968 1159 terra
3001 1120 3014 1168 ;
3043 1106 3099 1157 et
3131 1101 3176 1156 si
3241 1116 3355 1171 qua
3395 1097 3515 1153 illic
3547 1097 3720 1152 arbo-

2072 1212 2200 1250 rum
2235 1212 2409 1267 poma
2431 1198 2718 1250 conantur
2756 1191 2940 1247 oculis
2988 1195 3183 1257 tenus,
3244 1193 3517 1245 caterum
3577 1203 3717 1241 con-

2067 1288 2223 1341 tacta
2250 1284 2619 1340 cinerescunt
2656 1307 2675 1332 ι
2714 1280 2978 1354 (Tertull.
3018 1280 3123 1335 loc.
3159 1279 3301 1350 cit.).
3359 1282 3444 1333 lta
3476 1276 3715 1349 quidem

2068 1374 2126 1429 in
2162 1372 2580 1445 manuscriptis
2629 1371 2844 1427 nostris
2903 1369 3204 1425 codicibus
3265 1372 3321 1422 et
3378 1366 3528 1421 aliis.
3572 1363 3715 1419 Male

2066 1480 2201 1519 vero
2232 1464 2290 1519 in
2334 1463 2709 1535 quibusdam,
2766 1460 3029 1516 oriuntur
3078 1462 3135 1513 et
3177 1462 3505 1514 cernuntur.
3568 1454 3713 1510 Nam

2065 1551 2290 1625 ellipsis
2321 1556 2428 1620 est,
2455 1557 2511 1607 et
2540 1551 2619 1606 ibi
2678 1549 3150 1606 subaudiendum
3209 1551 3579 1601 maturescere
3619 1558 3709 1597 co-

2062 1644 2289 1697 nantur.
2326 1640 2453 1697 Alio
2485 1646 2681 1696 autem
2712 1639 2769 1694 in
2812 1638 2959 1693 libro
2995 1653 3007 1692 ε
3046 1659 3073 1687 α
3138 1634 3438 1707 Impietas,
3494 1631 3709 1703 inquit,

2060 1729 2287 1802 ignium
2318 1730 2535 1786 meruit
2562 1730 2801 1785 imbres.
2834 1728 3126 1783 Hactenus
3156 1725 3427 1790 Sodoma,
3459 1725 3516 1777 et
3545 1719 3710 1776 nulla

2061 1818 2404 1890 Gomorrba,
2440 1823 2497 1875 et
2518 1818 2667 1874 cinis
2701 1816 2919 1887 omnia,
2942 1819 2998 1869 et
3056 1810 3463 1887 propinquitas
3497 1808 3701 1873 maris,

2048 1908 2218 1979 juxta
2249 1924 2381 1963 cum
2432 1907 2555 1963 solo
2605 1910 2851 1962 mortem
2909 1903 3048 1958 vivit
3099 1924 3127 1953 »
3193 1901 3397 1973 (Idem,
3443 1899 3511 1954 de
3556 1898 3700 1954 Pall.

2057 2014 2183 2069 cap.
2217 1998 2294 2069 2).
2322 1997 2533 2053 Verum
2566 1996 2863 2051 enimvero
2888 1990 3387 2063 narratJosephus
3408 1988 3489 2045 ibi
3511 1989 3704 2044 adhuc

2056 2085 2237 2141 videri
2271 2086 2547 2157 reliquias
2578 2084 2733 2156 ignis
2765 2082 3032 2149 divini,et
3060 2080 3322 2152 quinque
3352 2078 3702 2151 oppidorum

2056 2173 2346 2246 imagines
2378 2175 2718 2245 cineresque
2749 2175 3121 2227 rcnascentes
3154 2186 3220 2225 ex
3264 2167 3570 2238 fructibus,
3604 2166 3709 2237 qui

2057 2262 2291 2317 tametsi
2314 2262 2590 2317 edulibus
2621 2261 2866 2331 similes,
2896 2260 3170 2315 manibus
3227 2262 3423 2312 tamen
3482 2255 3706 2323 attacti,

2060 2350 2118 2405 in
2152 2351 2377 2406 fumum
2402 2355 2459 2407 et
2491 2350 2741 2406 cinerem
2776 2348 3183 2405 dissolvuntur
3212 2344 3474 2418 (Joseph.
3534 2342 3637 2398 lib.
3676 2359 3711 2399 v

2059 2440 2299 2497 deBello
2328 2440 2577 2510 Iudaico,
2637 2457 2763 2511 cap.
2822 2440 2875 2506 5,
2937 2453 3069 2510 pag.
3128 2437 3273 2507 892).
3330 2434 3480 2500 Quin
3532 2434 3710 2488 etiam

2060 2530 2419 2603 Augustinus
2452 2529 2660 2586 asserit
2692 2528 2834 2583 illud
2864 2526 3170 2598 gentilium
3223 2526 3571 2597 scriptorum
3604 2539 3713 2577 au-

2061 2620 2325 2675 ctoritate
2356 2618 2713 2675 corroborari
2778 2618 3047 2689 (August.
3106 2614 3209 2669 lib.
3265 2631 3381 2685 xxx,
3439 2614 3509 2670 de
3546 2612 3709 2667 Cit-it.

2060 2725 2187 2782 cap.
2217 2710 2270 2778 3,
2296 2725 2428 2782 pag.
2460 2709 2609 2780 629).
2639 2706 2698 2763 Si
2728 2707 2862 2779 quis
2894 2722 3028 2760 vero
3062 2703 3315 2776 aliquem
3371 2702 3482 2758 sibi
3540 2702 3708 2758 citari

2060 2798 2217 2869 velit,
2251 2799 2364 2854 cito
2396 2798 2635 2869 quidem
2690 2796 2965 2851 dabimus
3022 2793 3355 2849 Cornelium
3418 2793 3707 2863 Tacitum,

2060 2888 2231 2958 cujus
2262 2888 2383 2943 hac
2432 2890 2570 2942 sunt
2608 2886 2832 2941 verba:
2887 2908 2915 2935 «
2975 2884 3136 2940 Haud
3197 2882 3398 2955 procul
3458 2883 3617 2949 inde,
3678 2898 3711 2936 a

2057 2980 2281 3032 Mortuo
2303 2976 2525 3032 scilicet
2546 2975 2715 3046 mari,
2751 2974 2940 3045 campi
2995 2990 3143 3044 quos
3177 2971 3527 3028 feruntolim
3565 2970 3711 3025 ube-

2059 3066 2539 3139 res,magnisque
2572 3065 2818 3120 urbibus
2851 3062 3169 3131 habitatos,
3204 3059 3521 3117 fulminum
3547 3061 3709 3131 jactu

2062 3156 2302 3223 arsisse,
2331 3161 2387 3211 et
2408 3172 2643 3211 manere
2675 3154 2945 3225 vestigia,
2980 3157 3317 3223 terramque
3369 3149 3561 3222 specie
3592 3154 3710 3203 tor-

299 3243 354 3293 et
384 3240 656 3302 buccinae,
686 3238 807 3292 sive
835 3238 1103 3303 buccina,
1136 3246 1201 3294 ut
1232 3242 1312 3294 ait
1345 3240 1694 3313 Plinius,qui
1727 3242 1949 3297 ibidem
1983 3237 2027 3305 C
2068 3245 2255 3300 ridam
2312 3245 2429 3299 vim
2492 3244 2828 3315 frugiferam
2902 3242 3250 3315 perdidisse,
3309 3257 3446 3296 nam
3503 3242 3717 3295 cuncta

302 3328 578 3383 observat
608 3326 716 3381 hoc
747 3328 947 3383 minus
978 3344 1105 3383 esse
1132 3330 1489 3384 concharum
1512 3331 1783 3401 genus,in
1811 3332 1949 3386 buc-

301 3416 419 3471 cini
452 3432 554 3471 seu
586 3417 738 3471 tuba
770 3417 1221 3472 similitudinem
1258 3418 1426 3487 (Plin.
1482 3420 1582 3475 lib.
1644 3438 1700 3475 1x
1753 3422 1947 3476 Natur.

300 3506 464 3574 Hist,
488 3521 615 3575 cap.
647 3504 737 3570 36,
773 3522 904 3577 pag.
937 3505 1063 3574 340,
1096 3511 1152 3561 et
1207 3523 1335 3579 cap.
1383 3509 1474 3573 33,
1535 3526 1666 3581 pag.
1700 3511 1846 3577 328).
1879 3512 1951 3565 At

301 3591 477 3664 paulo
510 3598 680 3648 antea
717 3593 991 3649 Ovidium
1050 3596 1383 3661 citavimus,
1442 3598 1542 3668 qui
1592 3598 1846 3654 conchas
1894 3604 1951 3653 et

299 3680 618 3737 anchoram
676 3682 736 3736 in
795 3682 1039 3737 summis
1097 3685 1397 3740 montibus
1454 3688 1720 3741 inventas
1766 3686 1949 3743 fuisse

299 3770 671 3825 testificatur.
706 3771 881 3842 Atqui
912 3771 1203 3843 generalis
1237 3773 1397 3829 illius
1428 3774 1627 3829 diluvii
1686 3781 1949 3847 tempore

301 3859 568 3914 nondum
601 3862 767 3913 erant
820 3863 1109 3916 Saturnus
1165 3862 1380 3932 aliique
1433 3863 1514 3917 dii
1571 3864 1642 3919 ab
1700 3865 1948 3921 ethnicis

300 3947 581 4019 deinceps
612 3948 863 4015 conficti,
898 3949 979 4003 uti
1014 3949 1184 4022 plane
1215 3952 1622 4007 demonstrant
1669 3954 1845 4010 urbes
1876 3956 1947 4009 ab

300 4038 375 4093 iis
406 4038 674 4103 condita,
709 4042 810 4093 aut
840 4038 899 4093 in
930 4039 1146 4109 quibus
1178 4041 1298 4095 nati
1352 4046 1409 4096 et
1448 4043 1688 4107 mortui,
1721 4042 1810 4097 vel
1870 4044 1948 4098 si-

301 4126 421 4181 cuti
451 4127 511 4180 in
544 4126 693 4181 libro
750 4126 820 4181 ad
874 4128 1153 4198 Nationes,
1214 4132 1354 4195 nati,
1410 4134 1613 4187 morati
1667 4142 1720 4187 et
1748 4134 1953 4203 sepulti

299 4224 429 4270 sunt
455 4214 720 4287 (Tertull.
754 4215 853 4271 loc.
876 4219 969 4271 cit.
1006 4218 1083 4272 De
1111 4217 1204 4273 his
1235 4235 1427 4290 porro,
1462 4236 1528 4275 ac
1588 4220 1658 4275 de
1706 4221 1949 4277 deorum

301 4310 360 4360 et
387 4302 729 4360 idololatria
760 4304 1004 4377 origine,
1038 4306 1092 4361 in
1127 4308 1530 4379 superioribus
1584 4309 1950 4367 dissertatio-

301 4393 480 4450 nibus
508 4393 965 4466 disputavimus,
996 4400 1053 4452 et
1081 4396 1274 4452 adhuc
1330 4397 1528 4470 aliqua
1584 4399 1831 4457 inferius
1861 4402 1950 4457 di-

302 4487 529 4538 centur.

916 4624 1121 4668 ARTICU
1128 4629 1233 4669 LUS
1264 4628 1350 4671 ιιι.

304 4727 379 4783 De
410 4725 679 4805 cladibus,
727 4743 854 4805 quae
906 4731 1426 4805 antewchristianze
1481 4733 1770 4804 religionis
1824 4737 1946 4805 pri-

372 4798 586 4881 mordia
615 4798 1097 4881 (ωείἳᾳιᾶεηθζξ
1128 4808 1256 4857 sunt
1299 4806 1434 4881 ign!
1476 4798 1695 4881 caelesti,
1754 4798 1948 4862 et'ho-

372 4874 840 4953 minumarmis:
892 4875 959 4928 de
994 4874 1223 4929 Sodoma
1279 4874 1337 4931 et
1388 4874 1690 4933 Gomorrha’
1714 4881 1945 4947 exustis,

371 4946 538 5025 atque
592 4944 818 5025 illorum
874 4952 1057 5025 terra,
1114 4963 1235 5016 qua
1320 4959 1595 5025 conantur
1641 4968 1828 5025 poma,
1888 4944 1951 5006 ac

371 5013 568 5088 deinde
593 5021 847 5071 contacta
888 5013 1266 5074 cinerescunt:
1335 5019 1400 5075 de
1458 5013 1730 5088 Volsiniis,
1797 5013 1950 5079 Pom-

369 5087 537 5161 peiis,
560 5103 654 5142 seu
689 5088 933 5159 Tarpeiis
954 5090 1083 5158 igne
1127 5090 1435 5161 absumptis
1460 5110 1481 5155 ,°
1510 5093 1576 5149 de
1620 5087 1774 5150 clade
1805 5094 1949 5150 Can-

371 5158 539 5212 nensi
603 5167 727 5229 post
776 5158 950 5230 quam
1017 5162 1253 5217 Annibal
1327 5158 1709 5222 Romanorum
1770 5169 1950 5223 cades

372 5234 662 5307 raptorum
674 5232 1028 5307 gannulorum
1058 5234 1243 5290 modio
1268 5251 1491 5293 mensus
1520 5242 1619 5307 est,
1653 5255 1717 5295 ac
1736 5239 1820 5295 .de
1851 5240 1950 5296 Ca-

371 5302 570 5373 pitolio
600 5321 634 5357 α
664 5302 967 5360 Senonibus
996 5310 1270 5377 occupato.

372 5416 455 5472 Ad
485 5416 629 5473 alias
660 5418 856 5476 clades
883 5421 1015 5492 igne
1044 5422 1287 5491 calesti,
1318 5428 1375 5480 et
1429 5425 1735 5483 hominum
1768 5428 1948 5484 armis

298 5507 583 5564 excitatas
611 5510 770 5566 venit
798 5511 1218 5582 Tertullianus,
1251 5530 1318 5569 ac
1365 5538 1392 5565 «
1426 5518 1699 5585 Sodoma,
1730 5505 1945 5589 inquit,

298 5598 359 5648 et
384 5593 714 5654 Gomorrba
744 5598 954 5671 igneus
981 5599 1171 5657 imber
1197 5601 1419 5658 exussit
1451 5626 1478 5653 »
1510 5605 1773 5674 (Tertull.
1807 5606 1945 5677 Apo-

300 5682 486 5755 loget.,
521 5701 646 5758 cap.
674 5686 762 5760 40,
795 5705 852 5761 p.
878 5690 1346 5763 482),antequam
1376 5692 1652 5750 Israelita
1684 5710 1753 5750 ex
1780 5698 1943 5767 Egy-

2062 3340 2270 3407 Sponte
2302 3334 2480 3404 edita,
2516 3338 2617 3389 aut
2641 3349 2816 3388 manu
2851 3336 3000 3403 sata,
3035 3332 3154 3386 sive
3177 3331 3357 3386 herba
3387 3334 3579 3400 tenus,
3612 3332 3714 3384 aut

2062 3424 2221 3492 ﬂore,
2246 3441 2349 3480 seu
2396 3422 2631 3478 solitam
2685 3422 2743 3477 in
2789 3420 3041 3493 speciem
3100 3418 3422 3485 adolevere,
3475 3422 3600 3474 atra
3660 3419 3719 3473 et

2060 3512 2259 3568 inania
2288 3512 2445 3569 velut
2474 3512 2531 3566 iu
2579 3512 2831 3567 cinerem
2861 3514 3185 3565 vanescunt
3217 3528 3244 3557 ››
3294 3508 3497 3581 (Tacit.
3532 3507 3639 3563 lib.
3678 3523 3714 3559 v

2062 3604 2282 3673 Histor.,
2314 3603 2489 3674 paulo
2522 3605 2654 3674 post
2686 3599 2864 3671 init.).
2915 3600 3023 3653 Sed
3084 3598 3359 3653 ethnicus
3406 3596 3603 3666 homo,
3656 3599 3713 3651 et

2060 3710 2237 3748 sacra
2268 3692 2584 3763 Scriptura
2634 3690 2897 3763 ignarus,
2940 3688 3089 3742 hanc
3135 3688 3436 3743 fructuum
3493 3685 3711 3740 imma-

2058 3781 2359 3836 turitatem
2392 3780 2528 3835 oriri
2556 3780 2890 3850 suspicatur
2934 3794 3001 3832 ex
3029 3775 3192 3831 lacus
3222 3775 3431 3844 halitu,
3462 3792 3577 3848 quo
3610 3792 3713 3830 su-

2057 3871 2331 3943 perfusus
2364 3874 2527 3925 terra
2555 3866 3095 3941 spiritus,primum
3129 3867 3554 3937 corrumpitur,
3587 3869 3709 3919 ter-

2059 3976 2305 4030 ramque
2362 3958 2571 4013 deinde
2630 3954 2971 4026 corrumpit.
3050 3954 3165 4009 Nec
3235 3955 3433 4009 minus
3496 3953 3712 4009 erravit

2060 4047 2319 4117 Solinus,
2351 4047 2450 4119 qui
2484 4046 2758 4101 similiter
2801 4044 2961 4099 hunc
3018 4043 3230 4099 divina
3271 4042 3541 4099 vindicta
3573 4041 3711 4097 effe-

2061 4141 2221 4203 ctum
2255 4135 2363 4191 soli
2394 4135 2575 4190 tribui
2633 4132 2879 4203 calesti,
2914 4149 3029 4204 quo
3060 4136 3279 4187 terram
3310 4131 3461 4187 hanc
3492 4134 3711 4186 tactam

2059 4226 2241 4282 fuisse
2272 4226 2355 4281 sic
2388 4227 2622 4281 enarrat
2653 4242 2666 4280 :
2704 4247 2731 4273 ‹‹
2770 4222 2963 4294 Longo
3024 4222 3096 4277 ab
3154 4220 3571 4292 Hierosolymis
3624 4236 3714 4275 re-

2060 4331 2253 4384 cessu,
2284 4315 2473 4370 tristis
2506 4314 2673 4370 sinus
2704 4310 3189 4385 panditur,quem
3215 4310 3285 4365 de
3318 4308 3459 4365 calo
3489 4312 3712 4364 tactum

2060 4407 2307 4460 testatur
2336 4403 2556 4458 humus
2590 4402 2777 4474 nigra,
2812 4404 2868 4456 et
2933 4400 2991 4455 in
3026 4400 3282 4455 cinerem
3328 4397 3540 4454 soluta.
3587 4397 3712 4453 Duo

2060 4494 2141 4549 ibi
2163 4493 2379 4566 Oppida
2408 4494 2726 4549 Sodomum
2762 4489 3151 4558 nominatum,
3185 4487 3433 4544 alterum
3464 4490 3711 4542 Gomor-

1976 4604 2024 4668 D
2061 4583 2419 4656 rhum,apud
2448 4600 2576 4654 qua
2605 4596 2843 4654 pomum
2866 4578 3022 4651 quod
3052 4576 3553 4651 gignitur,habeat
3576 4574 3711 4631 licet

2058 4674 2313 4745 speciem
2374 4669 2753 4737 maturitatis,
2816 4668 3016 4723 mandi
3083 4672 3272 4722 tamen
3324 4683 3436 4721 non
3494 4669 3704 4738 potest,

2061 4762 2365 4835 fuliginem
2398 4760 2751 4816 intrinsecus
2812 4756 3155 4813 favillaciam
3201 4755 3443 4811 ambitio
3474 4759 3704 4810 tantum

2057 4852 2284 4908 extima
2308 4850 2457 4906 cutis
2475 4848 2730 4915 cohibet,
2764 4864 2914 4919 qua,
2972 4844 3059 4900 vel
3118 4844 3227 4900 levi
3288 4861 3491 4917 pressa
3522 4848 3701 4913 tactu,

2059 4941 2282 4997 fumum
2316 4938 2547 4995 exhalat
2576 4943 2632 4993 et
2687 4935 2905 4992 fatiscit
2966 4934 3021 4988 in
3080 4950 3295 5006 vagum
3352 4932 3706 5006 pulverem»

2057 5032 2263 5105 (Solin.
2302 5031 2598 5103 Polyhist.,
2630 5045 2759 5099 cap.
2791 5026 2883 5096 35,
2914 5040 3047 5097 pag.
3080 5026 3191 5095 65).

2130 5158 2336 5213 I073
2371 5156 2575 5211 Postea
2595 5168 2728 5207 vero
2751 5148 3153 5205 Tertullianus
3187 5166 3199 5202 :
3234 5172 3259 5198 ‹‹
3291 5150 3403 5204 Sed
3435 5167 3541 5206 nec
3570 5151 3713 5207 Tus-

2058 5246 2169 5317 cia,
2194 5247 2409 5319 inquit,
2428 5247 2555 5317 jam
2584 5249 2726 5298 tunc
2752 5246 2926 5311 atque
2955 5240 3274 5309 Campania
3330 5241 3402 5296 de
3432 5241 3708 5298 Christia-

2060 5337 2151 5392 nis
2182 5336 2559 5408 querebatur,
2589 5347 2723 5387 cum
2759 5328 3052 5386 Vulsinios
3100 5329 3171 5383 de
3201 5328 3369 5397 coelo,
3400 5331 3707 5402 Pompeios

2059 5429 2130 5481 de
2161 5442 2267 5481 suo
2326 5430 2523 5480 monte
2577 5419 2830 5495 perfudit
2886 5417 3043 5490 ignis
3068 5438 3092 5469 ν
3126 5418 3391 5490 (Tertull.
3430 5422 3701 5491 Apologet.

2056 5531 2183 5585 cap.
2218 5515 2306 5584 40,
2356 5531 2413 5585 p.
2482 5513 2627 5583 485).
2680 5511 2905 5566 Rursus
2962 5511 3158 5561 autem
3214 5506 3329 5562 alio
3388 5508 3447 5562 in
3504 5508 3697 5564 libro:

2061 5626 2081 5652 ι
2116 5603 2196 5658 Ex
2224 5604 2568 5675 hujusmodi
2609 5600 2895 5669 nubilo,et
2925 5597 3138 5653 Tuscia
3172 5595 3463 5652 Vulsinios
3494 5596 3696 5668 pristi-

2055 5711 2162 5753 nos
2193 5695 2540 5767 deusta,quo
2572 5692 2760 5764 magis
2789 5690 2861 5746 de
2890 5686 3192 5744 montibus
3222 5686 3347 5744 suis
3376 5686 3696 5762 Campania

3583 342 3739 404 H7O
3808 390 3809 397 η
