4134 6184
349 280 505 340 1173

1254 285 1328 343 D.
1377 286 1474 345 LE
1520 281 1846 344 NOURRY
1891 279 2541 343 OBSERVATIONES
2587 282 2844 343 NOVIE.

3611 286 3765 345 1174

347 414 605 471 nonibus
666 412 1019 487 Cpitolium,
1070 416 1171 472 sed
1221 420 1466 473 Romam
1514 421 1746 473 tantum
1793 415 1867 471 ab
1911 414 1995 470 eis
2026 416 2079 481 Α
2110 413 2224 470 culi
2277 420 2698 489 temperavere,
2750 415 2937 472 multo
2999 418 3205 472 1076
3282 416 3499 473 leviora
3550 418 3769 473 fuerint

347 507 621 577 captam?
651 503 805 559 Nihil
847 508 999 561 certe
1045 506 1262 563 verius.
1316 507 1706 571 Quamobrem
1749 505 1993 560 verbum

345 601 760 667 occupaverant,
793 593 873 648 ibi
909 594 1192 667 accipitur
1226 613 1327 669 pro
1373 602 1667 652 tenuerant
1696 596 1997 651 abscessum

345 684 518 757 Atqui
553 688 690 739 tunc
724 684 1010 739 Saturnus
1044 684 1261 757 aliique
1306 685 1618 758 gentilium
1650 685 1754 753 dii,
1789 684 1872 739 uti
1917 683 1999 738 ait

346 772 769 835 Tertullianus,
804 772 875 828 ab
909 773 1183 829 omnibus
1215 778 1335 829 tam
1371 773 1996 842 obsidentibus,quam

346 862 603 919 obsessis
636 860 1322 918 colebantur.Christiani
1355 863 1556 935 igitur,
1580 862 1680 934 qui
1712 867 1849 918 tunc
1881 878 1998 916 non

348 956 534 1022 erant,
585 968 774 1025 neque
820 952 996 1024 hujus
1060 952 1437 1021 calamitatis,
1508 968 1697 1025 neque
1748 952 1999 1009 aliarum

350 1058 497 1115 quas
546 1040 841 1098 haceenus
888 1040 1236 1114 retulimus,
1289 1046 1555 1099 auctores
1604 1058 1731 1098 esse
1796 1046 2001 1113 potue-

350 1135 509 1189 runt.

954 1264 1276 1304 ARTICULUS
1316 1264 1391 1303 IV.

352 1357 529 1425 Quam
578 1356 864 1428 perspicue
931 1356 1297 1411 Tertullianus
1357 1354 1599 1428 ostendat
1655 1352 2005 1428 publicarum

416 1426 796 1484 calamitatum
829 1437 1083 1485 auctores
1113 1444 1220 1484 non
1251 1444 1363 1484 esse
1410 1427 1775 1494 Christianos,
1808 1426 1906 1497 qui
1937 1426 2006 1479 iis

421 1500 858 1563 imminentibus,
892 1502 1011 1556 veri
1036 1502 1132 1556 Dei
1174 1500 1617 1556 misericordiam
1653 1498 1807 1553 duris
1835 1498 2004 1568 paeni.

421 1574 610 1629 tentitse
663 1573 941 1628 laboribus
1002 1573 1414 1644 implorabant;
1459 1571 1550 1627 sed
1614 1570 1864 1641 gentiles,
1912 1570 2009 1644 qui

418 1644 642 1713 ebriosi,
675 1645 924 1710 balneis,
959 1641 1265 1716 cauponis,
1307 1644 1690 1716 lupanaribus
1717 1641 2009 1716 operanti-

421 1716 550 1782 bus,
581 1712 860 1787 aquilicia
888 1717 1015 1772 Jovi
1050 1712 1455 1781 immolabant,
1488 1714 1869 1787 nudipedalia
1907 1712 2001 1767 de-

419 1786 756 1844 nuntiabant
781 1790 1005 1861 papula,
1052 1794 1107 1845 et
1137 1789 1340 1844 nubila
1372 1789 1441 1844 de
1488 1786 1865 1859 laquearibus
1906 1800 2000 1839 es:-

420 1862 730 1915 vectabant.

417 1864 730 1932 pectabant.

416 1975 678 2032 Ethnicis
709 1976 1147 2049 inquirentibus
1182 1974 1307 2047 qui,
1342 1974 1454 2031 nisi
1492 1971 1834 2039 Christiani,
1865 1971 1997 2027 deo-

349 2080 480 2119 rum
512 2064 714 2120 hostes
746 2064 1152 2132 infensissimi,
1189 2064 1557 2136 publicarum
1590 2062 1844 2118 cladium
1868 2076 2001 2115 cau-

348 2170 415 2209 sa
444 2170 573 2210 esse
605 2154 1215 2226 poterant,respondet
1244 2152 1645 2209 Tertullianus
1675 2167 1802 2206 eam
1834 2150 1891 2204 in
1916 2148 2000 2221 ip-

350 2248 573 2299 sosmet
611 2248 841 2300 tantum
893 2244 1141 2315 gentiles
1186 2259 1317 2299 esse
1365 2242 1790 2297 retundendam
1836 2239 1995 2310 (Apo-

353 2335 539 2405 loget.,
598 2334 686 2403 40,
739 2351 794 2405 p.
866 2334 1013 2404 487).
1085 2333 1311 2388 Etenim
1385 2350 1398 2388 :
1458 2332 1684 2399 Semper
1729 2331 1994 2392 humana,

354 2422 566 2494 inquit,
596 2438 726 2493 gens
773 2422 918 2477 male
946 2424 1014 2478 de
1058 2423 1183 2488 Deo,
1231 2438 1367 2477 vero
1425 2425 1483 2477 et
1529 2420 1723 2487 unico,
1771 2418 1994 2487 meruit,

354 2511 648 2583 duplicem
674 2513 745 2568 ob
775 2512 1082 2567 rationem.
1128 2517 1209 2566 Ac
1242 2510 1431 2583 primo
1459 2509 1720 2582 quidem,
1756 2516 1813 2563 ut
1859 2510 1999 2580 ino/o

355 2603 543 2673 ﬁciosa
572 2603 708 2674 ejus,
742 2617 905 2673 quam
934 2617 1059 2655 cum
1089 2601 1422 2671 intelligeret
1449 2616 1521 2655 ex
1572 2603 1749 2671 parte,
1780 2614 1891 2653 non
1920 2613 2000 2653 re-

355 2692 582 2762 quisivit
612 2690 818 2761 (lbid.),
858 2690 914 2744 id
947 2694 1056 2757 est,
1091 2706 1218 2745 cum
1250 2689 1374 2745 solo
1406 2688 1630 2743 lumine
1662 2687 2001 2743 naturaliex

356 2784 522 2851 parte
565 2778 773 2835 saltem
828 2778 1199 2851 cognovisset
1242 2778 1405 2833 illum
1455 2793 1652 2833 revera
1698 2776 1998 2841 exsistere,

356 2885 461 2925 nec
494 2868 676 2924 alium
710 2885 838 2924 esse
868 2884 1039 2940 posse
1066 2868 1273 2935 Deum,
1308 2884 1423 2922 non
1474 2866 1699 2921 curavit
1746 2863 2001 2935 amplius

354 2957 710 3031 investigare
743 2957 877 3030 quis
909 2956 1005 3012 ille
1051 2961 1226 3027 esset,
1268 2972 1375 3011 nec
1406 2955 1650 3028 proinde
1695 2953 1893 3009 debita
1918 2952 2003 3007 illi

356 3046 569 3113 ofﬁcia,
605 3046 975 3118 honoresque
1006 3045 1234 3101 debitos
1266 3043 1613 3117 persolvere.

423 3136 713 3207 Secundo,
764 3136 968 3191 eadem
1018 3151 1162 3208 gens
1206 3134 1465 3189 humana
1517 3131 1665 3189 alios
1713 3132 1854 3188 deos
1895 3130 2005 3187 sibi
2036 3152 2079 3219 ρ

352 3228 579 3298 insuper
606 3229 969 3282 commentata
1012 3228 1107 3293 est,
1135 3239 1266 3297 quos
1312 3224 1528 3280 coleret.
1574 3221 1699 3277 Non
1749 3220 2004 3293 amplius

354 3316 555 3388 itaque
603 3316 903 3388 quwrendo
951 3316 1287 3384 magistrum
1336 3314 1672 3369 innocentia
1717 3310 1921 3383 (lbid.),
1951 3314 2008 3366 et

356 3404 643 3461 scelerum
689 3405 1005 3471 vindicem,
1056 3420 1121 3460 eo
1169 3402 1464 3471 derelicto,
1509 3401 1568 3456 in
1617 3398 2006 3456 idololatriam

357 3499 414 3549 et
444 3510 618 3549 omne
650 3492 1005 3566 ﬂagitiorum
1038 3508 1225 3565 genus
1248 3508 1377 3548 sese
1430 3490 1789 3563 prascipitem
1822 3489 2003 3544 dedit.

358 3582 543 3638 Deum
576 3598 713 3655 ergo
741 3582 983 3649 ethnici,
1018 3598 1191 3654 quem
1225 3580 1689 3652 recognoscendo
1731 3594 1819 3647 ac,
1853 3578 2007 3633 sicut

356 3688 463 3743 par
494 3678 638 3738 erat,
671 3672 936 3740 colendo,
973 3670 1289 3743 propitium
1322 3669 1537 3724 habere
1569 3671 1854 3739 poterant,
1899 3684 2007 3723 sua

355 3761 429 3817 ob
469 3760 717 3817 crimina
762 3763 980 3817 iratum
1028 3760 1248 3833 experti
1305 3762 1463 3814 sunt.
1514 3757 1642 3813 Non
1690 3755 2003 3813 Christiani

354 3851 559 3923 igitur,
590 3851 689 3923 qui
722 3850 908 3907 Deum
938 3865 1139 3907 verum
1182 3848 1341 3904 cultu
1373 3846 1567 3903 debito
1619 3850 1677 3901 et
1718 3845 1830 3917 piis
1863 3860 2003 3917 Ope-

353 3939 522 3996 ribus
572 3956 795 4011 semper
833 3939 1083 4007 coluere,
1152 3937 1523 4011 publicarum
1599 3934 2003 3991 calamitatum

359 4044 541 4085 causa
587 4032 776 4099 erant,
828 4030 926 4085 sed
986 4029 1216 4101 ingrata
1260 4026 1587 4099 ipsorumet
1636 4024 2005 4080 ethnicorum

352 4134 520 4191 gens,
554 4136 680 4192 que
704 4118 868 4175 illum
890 4119 1243 4191 adspernata
1271 4120 1381 4184 est,
1404 4119 1461 4171 et
1492 4113 1822 4170 idololatria
1842 4112 2003 4169 aliis-

355 4222 471 4279 que
495 4208 819 4264 sceleribus
849 4207 1197 4279 gravissime
1244 4204 1504 4262 oil‘endit.
1560 4204 1760 4259 Totam
1808 4206 2003 4257 autem

357 4296 510 4353 hanc
541 4296 1107 4369 argumentationem
1139 4295 1232 4351 his
1282 4294 1645 4358 corroborat,
1697 4308 1846 4363 quae,
1879 4294 2007 4346 orta

354 4385 520 4442 clade
549 4386 746 4459 aliqua
776 4390 877 4443 aut
902 4384 1349 4453 imminente,ab
1372 4382 1639 4453 utrisque
1658 4379 2004 4436 Christianis

353 4478 414 4531 et
442 4476 763 4548 gentilibus
794 4476 1139 4548 agebantur.
1170 4475 1315 4530 Cum
1348 4472 1505 4529 enim
1538 4472 1606 4526 ab
1622 4468 2001 4537 imbribus,in-

354 4564 501 4636 quit,
531 4567 730 4622 wstiva
756 4565 992 4621 hiberna
1018 4562 1361 4635 suspendunt
1394 4560 1715 4627 facundos,
1741 4563 1807 4613 ut
1830 4556 2001 4630 paulo

354 4657 529 4709 antea
560 4654 815 4710 diximus
847 4653 1053 4726 (Ibid.),
1087 4670 1152 4709 ac
1183 4651 1542 4708 desideratos
1594 4648 1845 4704 maxime
1893 4647 2001 4703 im-

352 4743 526 4812 bres;
562 4746 613 4800 et
641 4761 820 4802 annus
852 4746 913 4799 in
940 4760 1074 4800 cura
1121 4746 1221 4811 est,
1270 4740 1393 4796 sive
1441 4740 1512 4794 de
1561 4737 1722 4795 illius
1762 4738 2004 4793 timetur

351 4832 683 4903 sterilitate,
716 4837 818 4890 aut
855 4834 1011 4890 sicut
1058 4831 1195 4888 alibi
1231 4831 1357 4902 ipse
1406 4827 1690 4900 loquitur,
1742 4843 1867 4883 eum
1896 4832 2006 4883 stu-

349 4930 444 4993 pet
472 4923 686 4989 calum,
717 4932 770 4979 et
796 4932 914 4979 aret
942 4938 1127 4979 annus
1156 4917 1414 4992 (Tertull.
1447 4917 1681 4990 Apolog.
1735 4916 1845 4973 loc.
1880 4917 2001 4985 cit.,

350 5015 412 5067 et
441 5010 544 5082 lib.
578 5010 641 5068 de
669 5012 911 5083 Jejun.o.
948 5012 1057 5082 16),
1084 5014 1209 5065 tum
1240 5006 1557 5063 Christiani
1581 5005 1829 5078 jejuniis
1852 5004 2006 5062 aliis-

350 5117 468 5173 que
508 5101 845 5158 durissimis
895 5098 1252 5174 paenitentiae
1296 5095 1617 5165 laboribus,
1667 5096 1739 5151 de
1787 5095 2004 5167 quibus

353 5206 538 5260 supra
566 5190 796 5263 egimus
830 5190 1051 5262 (supra,
1085 5204 1217 5258 cap.
1261 5185 1348 5253 14,
1382 5186 1540 5241 art.1
1577 5187 1634 5241 et
1661 5184 1716 5240 2.
1750 5200 1877 5256 cap.
1914 5184 1999 5252 15,

352 5283 466 5335 art.
502 5280 575 5351 1),
611 5280 903 5336 inﬁnitam
935 5277 1039 5335 Dei
1070 5274 1535 5332 misericordiam
1579 5278 1747 5346 grata
1784 5273 1837 5329 vi
1866 5288 1998 5330 exo-

348 5369 584 5427 rabant.
618 5370 741 5435 Quo
780 5370 1017 5442 quidem
1064 5368 1285 5423 factum
1337 5370 1447 5432 est,
1498 5366 1999 5436 quemadmodum

354 5458 610 5531 illejure
655 5460 862 5517 merito
912 5454 1328 5517 animadvertit
1372 5454 1638 5527 (Tertull.
1694 5456 1997 5527 Apoloaei.,

352 5565 482 5620 cap.
517 5550 631 5621 40),
679 5554 741 5605 ut
792 5550 863 5606 ab
912 5565 978 5605 eo
1027 5552 1312 5620 tempore,
1364 5561 1478 5615 quo
1529 5544 1843 5601 Christiani
1875 5544 1999 5601 vita

352 5637 834 5707 sanctimoniam
857 5638 1021 5697 hisce
1051 5635 1166 5710 piis
1197 5632 1472 5708 operibus
1520 5632 1863 5705 iniquitates
1895 5650 1999 5690 sae-

2108 504 2503 562 incommoda.
2538 507 2757 579 quibus
2788 506 3059 563 solebant
3092 506 3359 563 homines
3382 511 3553 563 antea
3578 508 3764 581 afﬂigi

2107 611 2174 649 80
2205 612 2418 651 vexari.

2179 686 2391 740 Contra
2415 701 2545 739 vero
2577 684 3203 756 ethnici,impendente
3225 685 3425 758 aliqua
3446 686 3533 742 vel
3566 692 3763 743 exorta

2108 772 2441 830 calamitate
2474 775 2659 844 magis
2692 773 3279 841 formidanda,Deum
3315 792 3514 830 verum
3539 792 3763 831 comes-

2109 863 2461 931 sationibus,
2497 864 2792 931 ebrietate,
2827 864 3071 935 stupris,
3122 863 3449 930 adulteriis,
3483 868 3542 919 et
3583 866 3767 937 impia

2110 952 2393 1008 falsorum
2425 953 2666 1008 deorum
2702 953 3068 1009 invocatione
3103 953 3764 1027 irritabant.Tumenim

2111 1065 2138 1092 (ι
2173 1043 2434 1114 quotidie
2458 1042 2669 1114 pasti,»
2691 1044 2775 1098 uti
2807 1041 3208 1098 Tertullianus
3225 1059 3323 1098 eos
3354 1042 3643 1099 allocutus
3665 1042 3763 1113 ait,

2118 1152 2140 1183 α
2174 1130 2492 1202 statimque
2525 1131 2822 1203 pransuri,
2855 1130 3103 1199 balneis,
3158 1135 3214 1187 et
3244 1132 3551 1203 cauponis,
3584 1136 3641 1187 et
3678 1131 3765 1187 lu-

2112 1221 2434 1293 panaribus
2460 1220 2861 1290 operantibus,
2896 1220 3173 1291 aquilicia
3200 1220 3325 1275 Jovi
3376 1221 3699 1278 immolatis
3731 1241 3759 1271 »

2113 1310 2321 1383 (Ibid)
2355 1310 2423 1364 Et
2454 1308 2576 1365 haec
2608 1310 2842 1382 quidem
2876 1314 3014 1364 sunt
3043 1308 3282 1365 totidem
3335 1310 3463 1381 ejus
3492 1311 3668 1365 verba
3701 1308 3759 1363 in

2115 1399 2332 1457 nostris
2362 1399 2782 1471 manuscriptis
2821 1398 3009 1465 libris,
3036 1398 3150 1454 nisi
3176 1399 3332 1469 quod
3364 1400 3423 1453 in
3455 1398 3539 1454 eis
3572 1400 3760 1470 scrip-

2114 1494 2240 1545 tum
2268 1494 2380 1559 est,
2411 1490 2849 1561 cauponiis,quo
2882 1488 3119 1543 nomine
3146 1488 3421 1543 Justinus
3444 1487 3759 1542 historicus

2115 1579 2319 1647 utitur,
2357 1579 2456 1634 sed
2490 1576 2718 1633 addidit
2747 1577 2959 1631 artibus
2990 1576 3227 1649 (Justin.
3280 1576 3379 1631 lib.
3431 1576 3495 1647 1).
3541 1575 3756 1631 Eadem

2116 1667 2438 1740 legimusin
2464 1666 2725 1738 antiquis
2742 1667 3005 1737 ejusdem
3028 1666 3360 1737 Apologetici
3378 1666 3756 1738 editionibus,

2029 1786 2077 1852 B
2120 1757 2233 1812 nisi
2273 1756 2428 1828 quod
2479 1756 2766 1827 scripturn
2816 1760 2923 1825 est,
2972 1757 3241 1828 cauponis
3289 1756 3522 1826 operati,
3565 1756 3663 1810 sed
3698 1755 3759 1809 in

2110 1846 2242 1903 aliis
2292 1845 2506 1901 melius
2555 1839 2929 1917 operantibus,
2980 1845 3089 1901 hoc
3135 1849 3242 1913 est,
3296 1861 3534 1917 operam
3589 1861 3759 1899 suam

2108 1934 2727 1992 subministrantibus.
2758 1934 2977 1989 Verum
3013 1933 3304 2005 Rigaltius
3354 1933 3510 1989 nullo
3559 1934 3758 1988 codice

2107 2024 2308 2089 citato,
2341 2040 2407 2079 ac
2434 2023 2669 2095 propria
2695 2021 2897 2094 procul
2932 2022 3110 2077 dubio
3144 2023 3488 2078 auctoritate
3519 2022 3756 2093 penitus

2108 2112 2320 2169 delevit
2350 2113 2545 2184 priora
2575 2112 2697 2167 haec
2728 2112 2923 2182 verba,
2965 2111 3209 2183 quotidie
3250 2112 3417 2183 pasti,
3465 2113 3763 2181 statimque

2102 2205 2389 2275 pransuri.
2426 2203 2587 2257 Itane
2618 2217 2753 2273 ergo
2783 2200 2991 2256 editori
3023 2200 3159 2256 licet
3206 2201 3460 2258 auctoris
3509 2201 3602 2256 sui
3631 2204 3753 2255 tex-

2106 2296 2254 2362 tum,
2298 2290 2461 2347 nulla
2508 2290 2730 2346 ratione
2778 2289 2974 2359 allata,
3042 2291 3348 2361 corrigere,
3406 2289 3495 2345 vel
3554 2290 3751 2361 potius

2107 2397 2481 2453 corrumpere
2506 2382 2528 2435 Ρ
2554 2378 2949 2435 Tertullianus
2974 2379 3131 2434 enim
3164 2379 3527 2435 Christianos
3576 2394 3752 2450 oppo-

2108 2470 2197 2525 nit
2244 2468 2516 2532 ethnicis,
2566 2468 2940 2540 ostenditque
2998 2485 3177 2540 quam
3228 2468 3458 2523 diverso
3513 2467 3749 2538 utrique

2110 2562 2282 2618 modo
2304 2561 2676 2633 ingruentem
2710 2560 3005 2632 publicam
3056 2558 3451 2615 calamitatem
3500 2576 3533 2615 a
3564 2573 3624 2614 se
3657 2560 3752 2614 de-

2110 2655 2510 2725 precarentur.
2544 2650 2694 2705 Tum
2726 2665 2857 2705 vero
2889 2648 3224 2719 Christiani,
3258 2649 3470 2721 inquit,
3500 2664 3667 2705 sacco
3697 2652 3755 2704 et

2112 2744 2304 2796 cinere
2332 2738 2639 2809 sordidati,
2671 2738 2899 2793 nullum
2933 2738 3072 2794 totis
3104 2738 3311 2794 diebus
3343 2739 3653 2809 capiebant
3675 2738 3755 2793 ci-

2113 2830 2275 2885 bum.
2326 2828 2559 2885 Ethnici
2610 2844 2639 2883 e
2692 2827 2980 2883 contrario
3034 2844 3149 2883 non
3218 2832 3549 2899 exspectata
3616 2828 3759 2883 hora

2116 2918 2371 2991 prandii,
2406 2918 2571 2974 cibos
2604 2921 2775 2973 antea
2807 2917 3263 2988 praegustabant,
3296 2933 3430 2973 mox
3460 2916 3678 2971 lautius
3701 2916 3761 2969 in

2116 3006 2399 3080 cauponis
2434 3006 2945 3079 pransuri.Postea
2976 3006 3316 3062 balnearum
3349 3006 3765 3062 recreabantur

2116 3099 2436 3169 voluptats,
2471 3102 2647 3169 atque
2678 3097 2740 3151 in
2774 3097 2932 3152 omni
2964 3100 3169 3169 stupro
3202 3110 3330 3152 sese
3359 3096 3419 3151 in
3469 3094 3766 3168 lupanari-

2117 3191 2229 3245 bus
2263 3186 2623 3243 volutabant.

2185 3278 2311 3333 Alio
2336 3282 2612 3349 praeterea
2650 3274 2992 3331 idololatriae
3042 3275 3286 3331 crimine
3334 3292 3536 3331 verum
3566 3274 3758 3331 irrita-

2115 3368 2257 3423 bant
2282 3367 2488 3422 Deum.
2521 3365 2687 3431 Nam,
2720 3382 2786 3419 eo
2817 3364 3162 3436 repudiatio,
3183 3365 3570 3421 immolabant
3598 3367 3757 3437 aqui-

2118 3458 2249 3513 licia
2276 3457 2413 3512 Jovi.
2442 3453 2794 3524 Aquilicium
2826 3458 3021 3509 autem
3052 3454 3174 3509 sive
3203 3453 3757 3526 aqueelicium,teste

2114 3546 2303 3610 Festo,
2344 3564 2364 3591 ι
2398 3543 2629 3609 dicitur,
2663 3559 2797 3597 cum
2832 3559 2985 3614 aqua
3015 3542 3285 3615 pluvialis
3319 3544 3593 3600 remediis
3626 3544 3754 3615 qui-

2116 3635 2365 3689 busdam
2397 3632 2647 3698 elicitur,
2680 3636 2743 3686 ut
2773 3632 3090 3703 quondam,
3123 3632 3173 3687 si
3203 3633 3477 3701 creditur,
3539 3632 3760 3689 manali

2115 3724 2310 3795 lapide
2341 3722 2399 3777 in
2435 3722 2647 3777 Urbem
2679 3722 2853 3776 ducto
2880 3740 2905 3771 υ
2944 3721 3120 3789 (Fest.
3167 3738 3293 3793 cap.
3344 3723 3415 3777 20
3445 3721 3509 3777 de
3544 3722 3759 3779 Verbor.

2113 3814 2325 3884 signi/.,
2354 3811 2425 3866 ad
2457 3810 2908 3883 v.Aqualicium).
2944 3809 3083 3873 Quis
3114 3826 3248 3865 vero
3281 3810 3359 3865 sit
3390 3811 3644 3868 manatis
3666 3811 3763 3866 ille

2112 3901 2285 3973 lapis,
2328 3902 2381 3955 si
2436 3916 2685 3971 quaeras,
2726 3899 2831 3953 tibi
2866 3898 3021 3953 idem
3074 3899 3284 3955 Festus
3330 3901 3757 3972 respondebit:

2118 3988 2460 4045 «Manalem
2508 3988 2763 4060 lapidem
2817 3988 3101 4043 vocabant
3148 3992 3375 4059 petram
3422 3990 3758 4059 quamdam,

2114 4096 2242 4151 quae
2273 4082 2397 4134 erat
2425 4080 2589 4132 extra
2618 4084 2841 4148 porlam
2872 4075 3163 4147 Capenam
3190 4077 3361 4147 juxta
3399 4078 3581 4131 eadem
3615 4076 3762 4131 Mar-

2115 4168 2397 4239 tis,quam
2428 4181 2561 4220 cum
2593 4169 2831 4236 propter
2852 4163 3094 4219 nimiam
3118 4164 3439 4221 siccitatem
3462 4164 3523 4220 in
3546 4163 3760 4219 Urbem

2116 4255 2539 4329 protrahsrent.
2570 4252 2993 4324 insequebatur
3023 4251 3219 4324 pluvia
3247 4253 3472 4321 statim,
3505 4268 3758 4324 eumque

2114 4345 2270 4418 quod
2297 4360 2483 4416 aquas
2528 4344 2814 4407 manaret,
2867 4341 3154 4397 manalem
3203 4340 3455 4413 lapidem
3502 4341 3696 4398 dixere
3728 4365 3750 4392 η

2113 4434 2321 4505 (ldem.
2356 4432 2451 4500 ad,
2483 4448 2539 4487 v.
2576 4430 2896 4501 Manualis).
2945 4429 3236 4485 Siccitatis
3268 4429 3465 4501 itaque
3493 4434 3757 4503 tempore

2034 4519 2078 4583 D
2109 4524 2267 4579 hunc
2290 4522 2547 4594 lapidem
2580 4538 2648 4576 ex
2681 4519 2885 4575 Martis
2938 4520 3057 4574 aede
3102 4519 3533 4591 protrahentes,
3590 4538 3758 4577 sacra

2109 4612 2406 4668 faciebant
2432 4610 2582 4676 Jovi,
2625 4608 2782 4664 haud
2832 4607 3007 4663 dubie
3054 4607 3277 4679 Pluvio,
3330 4610 3450 4666 sive
3490 4609 3754 4683 Pluviali,

2112 4702 2211 4773 qui
2245 4717 2279 4756 a
2307 4699 2597 4755 Pausania
2631 4695 2801 4757 ὑέτιος
2833 4697 3126 4768 (Pausan,,
3159 4697 3258 4755 lib.
3294 4716 3355 4765 II,
3390 4701 3616 4772 pag.61,
3651 4700 3754 4756 lin.

2113 4792 2226 4862 44),
2259 4791 2330 4845 ab
2363 4788 2495 4844 aliis
2527 4780 2757 4858 ὅμϐριος
2788 4783 2914 4846 Ζεὺς
2948 4785 3295 4858 appellatur.
3352 4790 3510 4845 Unde
3556 4790 3759 4846 Tibul-

2113 4881 2206 4937 lus
2237 4881 2309 4936 de
2337 4882 2581 4951 Egypto
2613 4876 2747 4947 haec,
2762 4877 3007 4932 canebat
3040 4893 3052 4931 :

2236 5005 2305 5078 Te
2336 5005 2555 5078 propter
2587 5000 2763 5078 nullos
2792 4996 3077 5078 tellus‘tua
3105 5001 3341 5078 postulet
3370 5002 3585 5078 imbres,

2268 5063 2559 5117 Arida'nec
2590 5065 2774 5115 Pluvio
2807 5063 3074 5126 supplicat
3105 5063 3270 5113 herba
3299 5065 3433 5116 Jovi.

2640 5144 2844 5207 (Tibull.
2874 5144 2964 5193 lib.
2996 5157 3033 5207 ι,
3065 5144 3198 5206 eleg.
3235 5150 3280 5207 7,
3317 5160 3366 5199 v.
3398 5150 3457 5197 25
3488 5150 3541 5198 et
3567 5148 3665 5204 26.)

2112 5275 2196 5331 Ad
2229 5272 2349 5328 haec
2378 5285 2534 5337 vero,
2566 5268 2783 5333 ethnici
2816 5268 2914 5323 illo
2947 5267 3226 5325 siccitatis
3259 5275 3539 5345 tempore,
3588 5276 3757 5331 nudi-

2106 5364 2334 5436 pedalia
2381 5359 2577 5432 populo
2625 5358 3046 5414 denuntiabant.
3100 5359 3225 5416 Mos
3272 5361 3427 5417 enim
3478 5363 3595 5419 illis
3644 5365 3755 5420 fuit

2112 5453 2469 5525 quibusdam
2514 5448 2722 5505 diebus
2771 5448 2936 5504 festis
2984 5452 3084 5503 aut
3130 5449 3492 5507 solemnibus
3531 5454 3752 5525 templa

2110 5540 2288 5597 nudis
2321 5539 2566 5613 pedibus
2597 5538 2777 5593 adire.
2810 5535 3050 5595 Ovidius
3097 5537 3254 5594 enim
3305 5539 3559 5598 Vestalis
3587 5540 3751 5600 hisce

2104 5629 2373 5691 versibus
2401 5626 2697 5686 celebrat:
