4134 6184
408 304 563 365 1175

534 436 690 485 Forte
719 437 1031 486 revertebar
1060 438 1195 486 festa
1226 437 1543 499 Vestalibus,
1573 437 1664 486 illa

600 501 713 558 Qua
741 513 884 548 nova
914 514 1135 549 romano
1165 514 1310 549 nunc
1337 501 1425 549 via
1448 501 1637 563 juncta
1664 499 1779 548 foro
1807 503 1904 548 est.

540 563 657 611 Hue
688 563 824 625 pede
852 568 1149 612 matronam
1182 564 1330 611 nudo
1360 564 1685 612 descendere
1716 563 1841 610 vidi.

601 624 861 689 Obstupui
893 627 1103 683 tacitus,
1138 626 1474 688 sustinuique
1505 625 1748 690 gradum.

1094 706 1243 755 Ovid.
1277 706 1366 755 lib.
1400 720 1448 754 γι
1479 706 1679 754 Fastor.
1714 708 1737 763 §
1774 704 1845 766 9.)

409 831 619 887 Postea
646 847 782 887 vero
812 847 989 902 quam
1041 835 1340 886 mortuum
1394 830 1642 901 Augusti
1694 826 2063 899 imperatoris

412 937 622 991 corpus
654 922 853 977 1077
890 920 1139 976 solemni
1175 937 1389 992 pompa
1417 928 1740 975 crematum
1790 923 1880 973 est
1914 934 1926 970 :
1963 920 2059 972 [te-

412 1009 636 1082 liquias,
698 1011 782 1065 uti
839 1015 1040 1064 narrat
1089 1010 1420 1077 Suetonius,
1475 1010 1722 1079 legerunt
1788 1009 2064 1078 primores

412 1100 675 1170 equestris
709 1099 927 1154 ordinis
978 1100 1238 1167 tunicati,
1298 1103 1349 1153 et
1405 1098 1673 1163 distincti,
1727 1096 2061 1167 pedibusque

411 1187 597 1255 nudis,
630 1204 694 1243 ac
733 1190 792 1242 in
820 1188 1099 1243 mausoleo
1150 1187 1512 1243 condiderunt
1561 1188 1828 1258 (Sueten.
1863 1186 1965 1240 lib.
1999 1203 2061 1249 ιι,

414 1279 474 1332 in
502 1279 605 1332 Vit.
638 1278 869 1345 August.
906 1276 935 1350 §
968 1278 1110 1349 100).
1132 1276 1377 1342 Quidem
1409 1277 1652 1346 insuper
1681 1274 1902 1345 opinati
1927 1278 2066 1328 sunt

415 1366 487 1422 ad
518 1366 678 1421 hunc
702 1367 876 1420 ritum
914 1373 1210 1438 spectasse
1259 1364 1624 1431 Juvenalem,
1666 1364 1763 1418 ubi
1794 1364 1864 1418 de
1896 1361 2066 1434 gallis

417 1452 622 1510 Matris
652 1454 828 1509 deum
858 1453 1257 1510 sacerdotibus
1287 1452 1407 1506 haec
1437 1450 1646 1506 cecinit
1679 1466 1692 1504 :

1272 1575 1400 1625 Inde
1432 1575 1649 1640 superbi

573 1613 761 1692 Totum
794 1615 933 1704 regis
962 1615 1167 1704 agrum,
1198 1640 1345 1689 nuda
1374 1654 1434 1689 ac
1454 1611 1812 1689 trtemebunda
1831 1634 2070 1686 cruentis

572 1704 828 1769 Erumpet
855 1703 1100 1768 genibus.
1198 1738 1211 1751 .
1312 1737 1325 1751 .
1425 1738 1438 1751 .
1539 1737 1550 1748 .
1652 1735 1665 1749 .

1097 1782 1363 1848 (Juvenal.
1396 1782 1540 1833 satir.
1563 1786 1608 1842 6,
1640 1796 1691 1831 v.
1723 1780 1852 1842 466.)

912 303 1440 366 TERTULLIANI
1485 304 1808 367 OPERUM
1853 305 2057 367 PARS
2101 306 2151 366 ῐ.
2198 341 2274 349 -
2319 306 2593 368 SERIES
2638 306 2688 378 Ι,
2736 305 3298 367 APOLOGETICA.

3640 312 3767 368 H76

2088 446 2142 506 Α
2173 438 2388 493 ethnici
2435 438 2801 510 publicarum
2852 436 3258 493 calamitatum
3302 455 3491 493 revera
3538 446 3773 496 auctores

2168 532 2353 598 erant,
2389 528 2632 583 minimc
2680 544 2813 583 vero
2863 528 3203 595 Christiani,
3235 528 3334 599 qui
3384 545 3571 583 verum
3614 529 3773 585 Deum

2174 618 2354 672 Deum
2388 618 2718 688 adorantes,
2751 620 3014 688 poterant
3067 617 3269 689 utique
3311 617 3379 672 ab
3408 634 3471 673 eo
3503 619 3770 688 postulata

2171 706 2454 762 obtinere.

2790 840 2994 879 ARTICU
3007 841 3108 879 LUS
3146 841 3199 877 ν.

2174 915 2594 968 Examinantur
2626 914 2813 967 allatae
2842 932 2875 966 ιι
2930 914 3268 967 Tertulliano
3298 915 3553 983 rationes,
3584 915 3639 968 ob
3667 930 3780 984 quas

2244 986 2381 1039 Deus
2435 986 2657 1054 patitur
2709 986 3058 1041 Christianos
3108 986 3343 1055 publicis
3408 986 3781 1041 calamitatibus

2245 1058 2441 1127 afﬂigi,
2475 1066 2523 1112 et
2546 1073 2645 1110 cur
2668 1072 2744 1111 ex
2771 1072 2868 1127 pro
2900 1058 3130 1112 ethnicis
3160 1058 3338 1112 valere
3366 1073 3472 1111 non
3499 1059 3706 1128 possint.

2242 1189 2598 1244 Gravissimo
2628 1196 2709 1245 tot
2738 1196 3153 1262 tantorumque
3179 1194 3640 1261 argumentorum
3664 1209 3786 1263 pon-

2175 1280 2309 1334 dere
2356 1280 2561 1333 1078
2602 1279 2793 1334 ebruti
2847 1279 3114 1349 gentiles,
3167 1281 3315 1334 mira
3366 1280 3669 1352 pertinacia
3709 1297 3782 1335 ce-

2175 1368 2311 1422 dere
2342 1385 2644 1438 nunquam
2680 1368 2984 1433 volebant;
3018 1370 3117 1422 sed
3142 1369 3358 1423 intorta
3400 1386 3432 1423 a
3477 1369 3786 1423 Christianis

2174 1457 2291 1512 tela
2320 1458 2379 1511 in
2412 1458 2571 1528 ipsos
2605 1464 2935 1526 retorquere
2966 1474 3201 1529 quoquo
3232 1459 3403 1514 modo
3435 1460 3784 1514 conabantur.

2177 1546 2237 1601 Si
2266 1546 2605 1611 Christiani,
2632 1546 2998 1617 inquiebant,
3023 1548 3391 1618 publicarum
3424 1548 3664 1603 cladium
3694 1565 3786 1602 non

2178 1640 2319 1690 sunt
2348 1651 2544 1690 revera
2574 1641 2861 1699 auctores,
2889 1652 2993 1690 cur
3021 1636 3254 1690 illorum
3289 1637 3524 1695 Deus.si
3556 1637 3786 1708 omnipo-

2177 1728 2308 1779 tens
2339 1724 2417 1778 sit
2446 1730 2501 1778 et
2523 1725 2744 1793 justus,
2778 1725 2920 1779 adeo
2969 1724 3281 1794 tranquille
3339 1726 3554 1797 patitur
3597 1743 3684 1781 eos
3712 1726 3791 1779 iis-

2098 1812 2145 1876 B
2176 1813 2307 1868 dem
2339 1810 2798 1881 calamitatibus,
2829 1830 2894 1868 ac
2938 1820 3176 1868 czeteros
3210 1814 3479 1869 homines
3512 1817 3695 1869 noxios
3738 1832 3788 1868 ac

2183 1901 2516 1966 sceleratos,
2573 1902 2787 1970 vexari,
2848 1902 2975 1955 laedi
3034 1909 3090 1958 et
3144 1904 3446 1975 opprimi?
3503 1903 3790 1975 Respondet

2182 1989 2577 2044 Tertullianus
2621 1990 2729 2045 hoc
2778 1990 2958 2044 telum
2992 1993 3314 2063 retorqueri
3350 1993 3618 2064 plumbea
3648 1992 3790 2062 plane

2182 2083 2239 2133 et
2267 2078 2460 2133 hebeti
2491 2079 2917 2133 caecutientium
2961 2079 3265 2135 hominum
3300 2096 3501 2146 manu,
3535 2081 3625 2153 qui
3658 2085 3793 2134 aeter-

2182 2184 2289 2223 nas
2347 2168 2559 2222 summi
2614 2168 2712 2221 Dei
2761 2167 3142 2238 dispositiones
3198 2171 3440 2224 omnino
3486 2170 3798 2242 ignorabant

2183 2256 2447 2327 (Tertull.
2472 2258 2766 2327 Apotoget.,
2793 2273 2920 2327 cap.
2945 2257 3054 2328 41).
3089 2258 3234 2312 Nam
3269 2258 3363 2313 hic
3399 2274 3662 2330 supremo
3690 2260 3797 2328 post

417 1902 606 1959 Simili
635 1920 869 1976 quoque
900 1904 1075 1960 modo
1107 1904 1327 1959 Seneca
1359 1902 1577 1973 scripto
1608 1900 1851 1956 tradidit
1882 1915 1897 1956 :
1928 1899 2073 1953 Cum

418 2014 446 2043 «
482 1993 727 2049 sistrum
759 1992 972 2063 aliquis
1003 1993 1343 2048 concutiens
1392 2009 1460 2047 ex
1490 1990 1737 2061 imperio
1770 1988 2073 2057 mentitur,

418 2097 554 2137 cum
603 2080 818 2153 aliquis
867 2080 1105 2136 secandi
1150 2080 1398 2135 lacertos
1429 2096 1569 2135 suos
1599 2078 1806 2134 artifex
1834 2076 2075 2132 brachia

417 2175 596 2241 atque
635 2168 913 2225 humeros
945 2185 1237 2240 suspensa
1280 2186 1454 2223 manu
1486 2174 1769 2232 cruentat,
1804 2183 1935 2221 cum
1969 2163 2073 2219 ali-

419 2275 539 2330 qua
579 2257 828 2330 genibus
887 2275 989 2329 per
1041 2259 1194 2313 viam
1257 2273 1485 2328 repens,
1537 2255 1784 2311 ululat»
1833 2255 2063 2326 (Senec.

421 2346 525 2403 lib.
556 2347 622 2403 de
656 2349 758 2403 Vit.
791 2346 929 2402 beat.
964 2363 1090 2418 cap.
1123 2347 1213 2413 27,
1248 2363 1382 2417 pag.
1428 2347 1578 2412 640).
1630 2346 1740 2399 Sed
1774 2343 1889 2408 hic,
1923 2342 2075 2397 sicut

421 2436 743 2502 Juvenalis,
775 2438 847 2492 de
876 2437 946 2490 iis
987 2436 1179 2507 potius
1212 2435 1471 2502 disserit,
1504 2434 1604 2505 qui
1652 2433 1899 2505 genibus
1953 2430 2073 2485 nixi

423 2525 866 2598 gradiebantur,
899 2542 1076 2597 quam
1128 2527 1227 2596 qui
1283 2524 1531 2595 pedibus
1582 2522 1755 2577 nudis
1799 2521 1963 2575 ibant
2012 2519 2073 2574 in

424 2613 731 2685 templum,
771 2614 868 2669 ubi
903 2616 1041 2669 deos
1073 2630 1211 2669 suos
1243 2620 1646 2684 precarentur.
1684 2611 1870 2682 Magis
1895 2608 2077 2680 igitur

424 2703 498 2758 ad
530 2701 875 2758 Tertulliani
906 2698 1273 2774 propositum
1305 2702 1484 2757 citata
1512 2699 1700 2755 Ovidii
1730 2699 1907 2754 verba
1937 2714 2072 2752 con-

424 2792 667 2847 ducunt

488 2880 678 2938 Nudis
721 2880 915 2952 itaque
954 2881 1202 2953 pedibus
1233 2880 1570 2936 incedentes
1603 2877 1845 2943 ethnici,
1877 2876 2074 2932 venie-

418 2970 562 3026 bant
590 2972 651 3027 in
695 2971 1045 3042 Capitolium,
1078 2971 1160 3025 ait
1206 2968 1623 3035 Tertullianus,
1673 2969 1732 3023 id
1781 2972 1891 3035 est,
1926 2972 2072 3020 tem-

419 3060 584 3131 plum
642 3060 804 3116 Jovis
850 3058 1182 3132 Capitolini,
1238 3058 1437 3130 ibique
1486 3058 1823 3129 quaerebant
1877 3054 2074 3110 cwlum

420 3149 708 3222 pluvium,
741 3165 807 3205 ac
840 3150 1040 3205 nebula
1070 3148 1337 3204 fecundis
1384 3147 1676 3202 imbribus
1707 3144 1945 3217 gravida
1977 3160 2072 3198 ex-

423 3238 772 3309 spectabant
800 3238 866 3293 de
919 3238 1267 3309 laquearibus
1316 3236 1475 3292 illius
1523 3236 1803 3291 nimirum
1846 3231 2070 3303 templi,

424 3326 488 3381 in
538 3343 654 3397 quo
699 3343 1001 3382 summum
1028 3327 1227 3382 Jovem
1269 3342 1444 3381 suum
1480 3324 1742 3379 habitare
1774 3337 2077 3394 perperam

427 3415 886 3471 arbitrabantur.

501 3505 780 3568 Quamvis
827 3509 1023 3560 autem
1084 3503 1165 3559 ibi
1221 3506 1437 3559 Auctor
1493 3506 1691 3558 noster
1736 3500 1947 3557 dixerit
1971 3500 2080 3555 hoc

429 3594 561 3665 ipso
584 3592 924 3649 calamitoso
973 3600 1232 3663 tempore
1253 3591 1478 3647 nullum
1503 3592 1574 3646 ab
1597 3591 1713 3645 illis
1735 3589 2081 3661 praetermis-

432 3696 566 3735 sum
608 3680 1075 3750 intemperantiae
1103 3679 1483 3747 libidinisque
1513 3678 1763 3745 crimen;
1786 3676 1895 3731 alio
1926 3674 2077 3729 nihi-

429 3767 689 3824 lominus
730 3767 790 3822 in
849 3768 997 3823 libro
1041 3768 1387 3823 testificatur
1423 3766 1709 3837 quosdam
1742 3782 1855 3820 non
1888 3763 2077 3819 solum

427 3857 679 3930 pedibus
710 3857 905 3923 nudis,
930 3874 1129 3913 verum
1165 3855 1371 3927 positis
1401 3856 1578 3911 etiam
1601 3855 1957 3927 dignitatum
1989 3853 2077 3907 in-

428 3946 720 4019 signibus,
743 3947 1063 4018 quamdam
1096 3962 1213 4017 pras
1236 3962 1296 4001 se
1327 3944 1535 4001 tulisse
1566 3944 1917 4017 pmnitentize
1946 3960 2077 4014 spe-

430 4037 600 4093 ciem.
632 4040 779 4092 Nam
812 4036 924 4093 alio
956 4036 1014 4091 in
1048 4037 1197 4091 libro
1225 4052 1236 4091 ;
1262 4040 1403 4091 Cum
1433 4058 1461 4085 α
1494 4039 1712 4107 stupet,
1741 4034 2074 4106 inquit,coe-

429 4123 576 4194 lum,
631 4130 688 4181 et
743 4129 869 4181 aret
920 4142 1133 4195 annus,
1194 4124 1569 4196 nudipedalia
1632 4124 2076 4191 denuntiantur,

429 4213 813 4288 magistratus
843 4230 1137 4287 purpuras
1194 4219 1441 4286 ponunt,
1476 4215 1662 4269 fasces
1717 4217 1869 4268 retro
1913 4228 2077 4267 aver-

428 4306 583 4374 tunt,
606 4319 837 4375 precem
867 4303 1203 4375 indigitant,
1231 4302 1483 4358 hostiam
1514 4304 1895 4356 instaurant»
1917 4300 2075 4371 (Ter-

428 4391 562 4447 tull.
592 4393 666 4449 de
692 4392 900 4464 Jejun.,
933 4408 1060 4464 cap.
1095 4392 1202 4461 16).

500 4480 713 4537 Verum
744 4481 838 4538 his
866 4480 1211 4536 idololatrias
1249 4480 1524 4551 operibus
1573 4478 1720 4535 nihil
1752 4478 1925 4551 plane
1973 4494 2078 4533 nec

2184 2346 2387 2400 mundi
2422 2345 2595 2400 ﬁnem
2624 2346 2850 2414 judicio
2880 2346 3065 2401 bonos
3094 2347 3389 2402 discernet
3420 2365 3452 2402 a
3484 2347 3665 2412 malis,
3690 2347 3798 2401 has-

2183 2450 2296 2503 que
2344 2451 2447 2503 pro
2507 2435 2712 2488 merito
2770 2434 3143 2505 sempiternis
3202 2440 3306 2491 aut
3364 2436 3661 2508 suppliciis
3714 2440 3798 2489 aut

2184 2524 2438 2594 praemiis
2468 2523 2700 2577 afﬁciet.
2726 2524 2959 2577 Interim
2991 2541 3123 2579 vero
3156 2524 3343 2579 voluit
3375 2525 3640 2581 omnibus
3667 2540 3797 2579 com-

2183 2610 2384 2665 munia
2429 2627 2557 2665 esse
2600 2612 2775 2679 hujus
2809 2612 2939 2667 vitae
2985 2615 3295 2669 commoda
3325 2620 3385 2670 et
3414 2613 3796 2669 incommoda:

2183 2723 2212 2750 «
2247 2698 2318 2755 Ut
2347 2700 2494 2771 pari,
2545 2700 2759 2770 inquit,
2807 2703 3097 2757 consortio
3145 2719 3354 2758 omnes
3404 2704 3796 2775 experientur»

2184 2789 2388 2860 (lbid.),
2422 2792 2523 2843 aut
2550 2788 2847 2844 lenitatem
2897 2791 3026 2860 ejus
3078 2796 3178 2846 aut
3218 2794 3606 2855 severitatem,
3638 2791 3798 2845 illam-

2184 2894 2296 2950 que
2328 2876 2658 2949 diligerent,
2692 2882 2749 2933 et
2797 2878 2948 2934 hanc
2981 2886 3332 2937 metuerent.
3375 2880 3620 2936 Publicae
3650 2878 3800 2951 igitur

2183 2966 2548 3023 calamitates
2577 2967 2927 3023 Christianis
2956 2973 3123 3023 erant
3152 2969 3209 3023 in
3247 2969 3692 3024 admonitionem
3727 2966 3800 3019 of-

2184 3057 2320 3124 ﬁcii,
2351 3055 2599 3111 ethnicis
2646 3073 2775 3110 vero
2816 3058 2873 3110 in
2906 3057 3191 3112 scelerum
3224 3058 3676 3129 castigationem.
3707 3055 3800 3109 Nec

2186 3160 2392 3216 urgere
2422 3144 2481 3198 hi
2512 3150 2780 3215 poterant
2811 3144 2863 3199 id
2893 3146 2962 3199 ab
2989 3146 3133 3216 ipsis
3158 3146 3512 3202 Christianis
3535 3159 3799 3218 perperam

2188 3232 2410 3286 fictum.
2445 3232 2589 3287 Nam
2639 3234 2774 3298 haec,
2811 3233 2996 3304 pergit
3046 3232 3164 3300 ille,
3218 3236 3303 3288 ita
3358 3234 3646 3289 didicimus
3681 3228 3802 3301 apud

2187 3323 2367 3390 ipsum
2396 3321 2579 3375 Deum
2627 3321 2833 3392 (Ibip.),
2882 3321 2991 3377 hoc
3038 3327 3146 3390 est,
3182 3322 3240 3376 in
3291 3323 3481 3378 sacris
3530 3320 3733 3375 Veteris
3759 3321 3803 3371 et

2187 3409 2328 3464 Novi
2376 3410 2734 3464 Testamenti
2782 3409 2949 3464 libris
3008 3410 3232 3482 (Latth).
3289 3428 3345 3476 v,
3399 3412 3505 3478 45;
3558 3426 3672 3474 xm,
3706 3406 3801 3471 i9;

2186 3515 2314 3566 xxv,
2364 3499 2433 3552 32
2462 3502 2517 3552 et
2549 3500 2754 3569 seqq.),
2801 3516 3054 3570 quorum
3103 3516 3431 3566 summam,
3460 3507 3523 3555 ut
3562 3496 3799 3569 superius

2185 3588 2443 3642 vidimus
2476 3588 2660 3658 (supr.
2694 3604 2821 3659 cap,
2854 3588 2909 3657 8,
2952 3593 3061 3643 art.
3092 3590 3117 3642 1
3164 3596 3221 3644 et
3247 3590 3302 3660 5)
3333 3586 3802 3645 demonstraverat

2188 3677 2615 3732 auctoritatem.

2258 3765 2523 3821 Secundo
2558 3765 2871 3837 respondet
2900 3766 3259 3825 Christianos
3304 3768 3486 3825 nullis
3535 3767 3694 3823 rebus
3719 3763 3802 3819 ad-

2185 3854 2367 3909 versis
2422 3855 2479 3909 in
2528 3854 2639 3910 hoc
2685 3856 2902 3911 mundo
2953 3858 3243 3927 afﬂictari,
3275 3859 3378 3913 sed
3430 3859 3619 3929 potius
3648 3852 3800 3909 laztari

2187 3942 2445 4012 (Tertull.
2500 3944 2601 3999 loc.
2652 3946 2818 4013 cit.);
2879 3946 3357 4016 quandoquidem
3421 3944 3562 4001 nihil
3609 3940 3802 4014 gratius

2186 4032 2538 4103 chariusque
2587 4032 2899 4103 habebant,
2933 4050 3113 4104 quam
3144 4035 3213 4089 de
3258 4034 3368 4090 hoc
3402 4035 3616 4090 mundo
3645 4030 3795 4091 exire,

2186 4126 2250 4174 ut
2272 4121 2442 4176 citius
2463 4125 2743 4176 aeternam
2762 4120 2923 4177 illam
2947 4129 3454 4193 consequerentur
3476 4121 3802 4179 felicitatem,

2186 4226 2360 4279 quam
2407 4210 2757 4266 certissimis
2789 4226 2855 4265 ac
2885 4209 3100 4265 divinis
3131 4211 3383 4267 oraculis
3416 4212 3530 4269 sibi
3561 4226 3659 4265 nec
3693 4205 3801 4261 aliis

2185 4298 2538 4369 promissam
2590 4299 2771 4353 fuisse
2818 4302 2974 4354 certo
3006 4299 3223 4355 certius
3255 4308 3555 4356 noverant.
3605 4291 3801 4353 Ethnici

2185 4404 2319 4443 vero
2353 4388 2677 4458 nequibant
2703 4386 2882 4443 simili
2914 4388 3085 4443 modo
3117 4389 3296 4459 hujus
3320 4380 3799 4461 argumenti,quod

2185 4475 2245 4531 in
2278 4493 2377 4532 eos
2409 4476 2564 4532 solos
2598 4476 2844 4544 valebat,
2876 4476 2990 4531 vim
3040 4494 3302 4548 unquam
3336 4479 3647 4533 inﬁrmare.
3676 4472 3795 4527 Nam

431 4586 465 4625 a
494 4569 607 4625 diis
637 4570 785 4638 suis,
816 4569 914 4641 qui
945 4568 1092 4625 nulli
1140 4574 1325 4639 erant,
1358 4586 1463 4623 nec
1495 4587 1529 4624 a
1559 4586 1688 4624 vero
1719 4574 1777 4624 et
1807 4567 2070 4639 omnipo-
2094 4554 2151 4621 .D
2184 4566 2233 4621 si
2266 4565 2496 4621 illorum
2527 4565 2607 4620 dii
2644 4565 2931 4620 mundum
2966 4570 3200 4637 propter
3227 4565 3611 4629 Christianos,
3631 4564 3799 4618 hostes

429 4662 592 4715 tents
614 4658 752 4726 Deo,
773 4659 875 4730 qui
905 4658 1068 4714 solus
1088 4658 1351 4714 omnium
1383 4657 1667 4712 honorum
1698 4656 1940 4728 largitor
1969 4662 2078 4721 est,

430 4746 747 4818 impetrare
789 4764 1048 4818 unquam
1097 4750 1382 4818 poterant.
1416 4746 1555 4810 Quis
1587 4751 1778 4801 autem
1808 4747 1930 4816 jam
1963 4761 2079 4800 non

431 4834 710 4908 intelligit
737 4852 915 4908 quam
946 4852 1079 4891 vera
1107 4841 1379 4906 certaque
1400 4836 1478 4890 sit
1500 4834 1842 4890 Tertulliani
1873 4834 2079 4902 nostri,

434 4926 667 4981 eosdem
726 4922 976 4997 gentiles
1028 4923 1404 4997 alloquentis,
1463 4922 1761 4979 conclusio
1815 4939 1828 4978 :
1888 4946 1915 4974 ‹‹
1963 4923 2081 4978 Vos

432 5012 617 5085 igitur
649 5012 971 5084 importuni
1002 5013 1176 5068 rebus
1209 5011 1511 5084 humanis,
1540 5029 1645 5068 vos
1685 5013 1767 5068 rei
1820 5012 2079 5083 publico-

430 5118 564 5157 rum
596 5102 1125 5171 incommodorum,
1158 5118 1258 5157 vos
1290 5102 1581 5157 malorum
1614 5102 1800 5157 illices
1830 5116 2080 5170 semper,

431 5191 588 5263 apud
648 5206 793 5260 quos
842 5189 1005 5253 Deus
1064 5191 1382 5261 spernitur,
1426 5195 1626 5246 statuas
1676 5191 1993 5246 adorantur
2051 5210 2079 5239 ››

431 5278 633 5351 (Idem,
666 5277 970 5351 Apologet.,
1004 5295 1131 5350 cap.
1167 5278 1255 5348 41,
1287 5296 1419 5351 pag.
1451 5280 1598 5348 488).
1631 5280 1696 5334 In
1725 5278 2079 5350 quibusdam

431 5369 790 5426 editionibus
825 5386 837 5424 :
870 5369 1024 5424 [lices
1060 5383 1291 5439 semper.
1336 5371 1580 5423 Summa
1624 5368 1915 5425 enimvero
1964 5368 2079 5423 im-

433 5460 647 5531 pietate
695 5458 876 5513 falsos
904 5457 1067 5524 deos,
1100 5460 1443 5527 statuasque
1473 5457 1752 5522 adoratis,
1785 5474 1849 5514 ac
1880 5474 2079 5513 verum

436 5547 758 5619 repudiatis
788 5551 990 5613 Deum,
1016 5544 1117 5615 qui
1148 5544 1363 5616 impios
1389 5550 1445 5600 et
1473 5545 1781 5602 sceleratos
1812 5547 2081 5602 homines

437 5634 693 5710 publicis
713 5633 1145 5691 calamitatibus
1166 5633 1375 5693 merito
1397 5634 1662 5708 castigat.
1687 5635 1928 5708 Ipsimet
1944 5652 2079 5709 ergo

2188 4673 2347 4721 suos,
2382 4654 2636 4727 publicis
2686 4654 3029 4726 premebant
3071 4654 3525 4720 calamitatibus,
3558 4669 3663 4708 non
3692 4650 3799 4704 sine

2187 4745 2400 4815 ingrati
2434 4743 2615 4798 animi
2657 4743 2795 4798 vitio
2845 4743 3216 4814 patiebantur
3245 4744 3377 4800 illos
3409 4744 3651 4801 cultores
3681 4751 3797 4794 suos

2188 4832 2396 4888 iisdem
2430 4834 2696 4888 cladibus
2726 4832 2939 4887 involvi
2978 4848 2990 4888 :
3031 4852 3053 4881 ι
3085 4834 3262 4901 Quos,
3310 4839 3375 4889 ut
3404 4839 3553 4891 recte
3582 4832 3659 4887 ait
3684 4833 3798 4882 Ter-

2190 4921 2496 4986 tullianus,
2528 4937 2787 4993 separare
2828 4922 3118 4977 debebant
3167 4939 3201 4977 a
3248 4925 3466 4979 meritis
3497 4920 3801 4977 Christiano-

2189 5027 2316 5067 rum
2366 5011 2625 5082 (Tertull.
2678 5010 2857 5083 ibid.).
2913 5015 3227 5081 Postquam
3278 5029 3411 5068 vero
3460 5010 3733 5082 expositas
3774 5019 3801 5057 a

2192 5103 2361 5156 nobis
2393 5102 2449 5156 in
2482 5101 2821 5156 eorumdem
2868 5100 3336 5156 Christianorum
3381 5101 3618 5172 gratiam
3650 5093 3798 5150 ratio-

2189 5208 2293 5247 nes
2325 5190 2587 5262 protulit,
2617 5188 2881 5245 ethnicos
2911 5189 3004 5245 his
3040 5189 3253 5245 aﬂ‘atur
3280 5192 3468 5246 verbis
3502 5206 3514 5245 :
3547 5210 3572 5238 «
3605 5186 3659 5241 Si
3688 5195 3798 5237 vero

2189 5282 2260 5336 ab
2308 5282 2412 5348 eis,
2448 5296 2594 5352 quos
2651 5278 2865 5344 colitis,
2897 5279 3097 5335 omnia
3152 5278 3318 5335 vobis
3364 5277 3514 5334 mala
3557 5271 3796 5331 eveniunt

2188 5370 2375 5426 nostri
2406 5386 2603 5440 causa,
2626 5368 2765 5440 quid
2789 5368 2975 5424 colere
3007 5369 3389 5440 perseveratis
3409 5374 3523 5423 tam
3544 5366 3793 5435 ingratos.

2186 5462 2304 5514 tam
2351 5458 2625 5529 injustos,
2659 5457 2758 5528 qui
2800 5457 2987 5528 magis
3011 5474 3119 5536 (vos
3148 5458 3209 5512 in
3240 5458 3494 5513 dolorem
3523 5455 3673 5526 (Mss.
3702 5462 3791 5500 no-

2189 5549 2293 5604 stri
2326 5549 2385 5602 in
2412 5548 2621 5617 dolore)
2654 5547 3119 5603 Christianorum
3166 5547 3437 5617 adjuvare
3466 5551 3522 5600 et
3565 5549 3789 5597 asserere

2187 5638 2532 5708 debuerunt,
2558 5652 2705 5708 quos
2734 5650 3004 5707 separare
3033 5635 3313 5693 deberent
3340 5652 3374 5693 a
3402 5632 3613 5697 meritis
3643 5623 3784 5683 Chri-
