4134 6184
294 333 451 394 1177

1208 336 1280 395 n.
1328 335 1425 396 LE
1470 335 1798 396 novaav
1843 286 2495 397 OBSERVATlONES
2540 336 2803 397 nova.

3557 335 3715 395 H78

290 466 621 521 stianorum
670 487 698 515 ››
749 466 952 537 (Ibid.).
1004 467 1181 522 Vides
1226 467 1345 523 haec
1398 467 1721 538 posteriora
1771 466 1946 521 verba
1978 478 2019 535 Α
2056 465 2154 519 lib.
2190 483 2266 533 vx,
2301 483 2428 538 cap.
2459 468 2508 537 4,
2544 484 2672 539 pag.
2716 469 2864 539 265),
2924 470 3258 524 asseverant
3324 465 3711 523 bracbmanes

291 553 378 609 bis
411 554 614 626 repeti,
650 571 781 626 quas
810 555 1028 612 idcirco
1060 556 1349 629 Rigaltius
1380 561 1665 628 tanquam
1720 572 1944 628 priapo-

290 648 442 698 stere
476 642 694 710 addita,
727 643 787 698 in
821 662 929 699 sua
968 645 1225 701 editione
1248 650 1452 701 contra
1498 645 1768 701 codicum
1828 661 1946 699 om-

293 732 481 799 nium,
515 732 633 788 sive
667 733 976 801 editorum,
1020 736 1140 791 sive
1186 736 1724 806 manuscriptorum
1748 734 1943 803 ﬁdem,

294 821 530 894 penitus
572 822 1057 878 abstulit.Verum
1091 824 1253 896 quid,
1287 825 1497 880 amabo
1524 827 1601 889 te,
1650 822 1949 895 prohibuit

295 909 611 981 quominus
641 912 1040 968 Tertullianus
1074 914 1358 969 adversus
1423 913 1691 969 ethnicos
1750 913 1947 983 dispu-

295 1000 493 1067 tando,
529 1000 731 1055 eadem
763 1001 957 1070 verba,
991 1002 1208 1073 quibus
1240 1002 1455 1058 thesim
1500 1017 1668 1058 suam
1730 1017 1945 1073 propo-

292 1090 431 1156 suit,
462 1093 592 1160 post
620 1088 827 1145 allatas
860 1091 931 1145 ad
966 1106 1094 1147 eam
1128 1092 1493 1163 probandam
1551 1090 1806 1146 rationes
1839 1089 1945 1145 ite-

298 1195 431 1233 rum
466 1179 802 1253 repeteret?

364 1270 435 1323 At
456 1266 597 1337 haec,
632 1266 861 1339 inquiet
878 1267 1114 1340 aliquis,
1150 1271 1298 1326 tanti
1333 1288 1447 1328 non
1471 1279 1611 1329 sunt
1641 1277 1944 1346 momenti,

296 1356 501 1428 quanti
534 1356 684 1413 scire
717 1358 958 1414 interest
1002 1360 1156 1415 unde
1224 1360 1319 1417 ille
1364 1363 1949 1437 conﬁcerepotuerit

297 1446 437 1501 deos
467 1446 799 1517 gentilium,
834 1447 883 1501 si
915 1448 1048 1519 quis
1078 1449 1134 1503 in
1167 1449 1250 1505 eis
1290 1452 1441 1522 grati
1476 1458 1532 1508 et
1563 1454 1712 1526 aequi
1764 1456 1945 1511 animi

297 1552 508 1590 sensus
541 1535 1053 1605 fuisset,debuisse
1080 1538 1234 1608 illos,
1269 1542 1325 1594 in
1360 1540 1610 1611 publicis
1641 1542 1942 1600 calamita—

2056 554 2232 608 Indire
2264 553 2485 611 incolas
2520 556 2720 627 fuisse,
2753 573 2989 628 eosque,
3015 556 3100 611 uti
3147 554 3283 610 alibi
3346 554 3510 621 dixit,
3567 573 3709 625 γυμ-

2064 640 2431 714 vob<(nudos)
2452 661 2552 699 seu
2587 645 3104 717 gymnosOpbistas
3136 643 3343 699 collem
3376 644 3709 698 habitantes

2058 748 2263 803 parum
2299 750 2330 787 a
2360 732 2471 787 Nili
2509 733 2651 805 ripis
2685 734 3025 789 distantem.
3072 733 3158 787 Ab
3201 733 3550 804 Hieronymo
3610 748 3714 787 au-

2056 823 2176 875 tem
2212 821 2423 876 alicubi
2459 845 2485 871 «
2523 822 2799 878 Indorum
2851 822 3247 890 hrachmanaa,
3302 826 3357 876 et
3415 820 3711 892 Egyptio-

2056 925 2187 964 rum
2240 912 2735 982 gymnOSOphistm
2810 935 2838 962 »
2884 912 3237 984 (llieronym.
3291 910 3459 982 epist.
3501 911 3591 977 57,
3643 909 3713 963 ad

2056 1002 2188 1055 Lat.
2233 1006 2289 1055 et
2344 999 2446 1055 lib.
2498 1019 2515 1056 ι
2565 1002 2685 1057 arto.
2725 1002 2953 1074 Jovin.),
3007 1001 3146 1057 alibi
3198 1017 3355 1066 vero,
3398 1004 3453 1055 et
3484 1000 3553 1053 ab
3588 997 3707 1066 illo,

2059 1088 2292 1157 etaliis,
2329 1107 2475 1160 quos
2508 1089 2623 1146 alia
2654 1090 2710 1145 in
2763 1091 3179 1147 dissertatione
3231 1089 3561 1157 citavimus,
3614 1104 3711 1160 gy-

2061 1178 2480 1248 mDOSOphlsim
2514 1181 2688 1234 Indiae
2721 1180 3093 1252 appellantur
3123 1184 3263 1248 (tom
3301 1177 3711 1250 IApparatJib.

2055 1279 2147 1332 In,
2181 1266 2413 1321 dissert.
2447 1268 2500 1333 2,
2535 1285 2660 1340 cap.
2700 1270 2784 1333 19,
2814 1274 2918 1323 art.
2958 1270 3005 1339 1,
3039 1286 3168 1341 pug.
3222 1269 3356 1322 1160
3388 1274 3443 1322 et
3484 1266 3710 1338 seqq.).

2058 1356 2131 1409 At
2188 1355 2403 1410 ibidem
2458 1356 2702 1428 insuper
2758 1358 3167 1412 adnotavimus
3222 1357 3435 1428 duplex
3504 1356 3712 1411 saltem

2059 1444 2243 1500 fuisse
2273 1445 2508 1502 illorum
2539 1464 2744 1519 genus.
2781 1448 2838 1503 Si
2873 1448 3005 1518 quis
3034 1464 3202 1518 porro
3236 1444 3711 1519 probaveritillos

2054 1551 2167 1589 non
2204 1534 2397 1590 solum
2432 1536 2490 1591 in
2526 1537 2711 1602 India,
2748 1538 2848 1591 sed
2874 1537 2928 1591 in
2964 1538 3207 1609 ngypto
3240 1536 3416 1591 etiam
3451 1553 3591 1591 suas
3615 1552 3715 1607 po-

298 1624 456 1680 tibus
489 1641 789 1680 secernere
811 1628 1074 1683 1079a
1125 1628 1491 1686 Christianis.
1540 1631 1650 1686 Sed
1708 1632 1766 1687 id
1810 1632 1946 1689 inde

2067 1623 2241 1679 suisse
2282 1626 2471 1690 sedes,
2529 1627 2578 1679 is
2630 1626 2798 1681 facile
2851 1626 3278 1681 Tertullianum
3350 1624 3614 1695 aliosque
3679 1641 3712 1679 α

299 1713 371 1767 ab
408 1729 473 1768 eo
517 1718 670 1769 recte
716 1713 1033 1786 colligitur,
1093 1718 1233 1789 quia
1281 1718 1532 1774 ethnicis
1555 1718 1715 1775 nulla
1773 1721 1945 1792 plane
2046 1711 2403 1792 Philostrato
2436 1713 2707 1770 laudatos
2742 1715 2892 1770 inter
2924 1732 2985 1771 se
3017 1715 3370 1772 conciliabit.
3420 1717 3700 1769 Caeterum

298 1797 456 1849 certa
478 1794 625 1849 ratio
675 1797 1045 1869 suppetebat,
1090 1814 1206 1869 qua
1254 1816 1488 1870 sperare
1537 1791 1787 1871 possent,
1823 1802 1944 1857 fore
1984 1871 2013 1873 κ
2055 1791 2162 1870 illi,
2198 1801 2369 1857 sicuti
2397 1804 2681 1860 et1080
2716 1804 3126 1873 braehmanes,
3170 1807 3241 1859 ab
3287 1804 3418 1859 aliis
3452 1802 3713 1859 homini-

298 1888 383 1949 ut,
414 1888 725 1956 postquam
758 1902 824 1940 ex
858 1885 965 1940 hac
986 1886 1106 1942 vita
1145 1889 1556 1955 excessissent,
1595 1895 1869 1946 aeternam
1919 1908 1952 1946 a
1980 1871 2027 1934 B
2058 1889 2169 1946 bus
2203 1892 2478 1963 sejuncti,
2512 1894 2895 1951 durissimam
2927 1895 3419 1950 consectabantur
3460 1893 3713 1961 vivendi,

300 1971 417 2026 diis
448 1973 594 2041 suis,
629 1973 726 2044 qui
755 1974 897 2030 nulli
930 1980 1118 2044 erant,
1150 1977 1480 2049 acciperent
1510 1980 1791 2034 virtutum
1821 1996 1954 2035 sua-

307 2077 439 2116 rum
472 2063 1140 2120 mercedem.Christiani
1177 2083 1308 2121 vero
1340 2066 1524 2136 illam,
1562 2073 1625 2121 ut
1673 2069 1954 2141 diximus,

305 2149 377 2203 ab
411 2151 810 2223 omnipotente
846 2155 954 2209 Deo
981 2171 1088 2210 suo
1140 2154 1462 2211 certissime
1517 2157 1954 2228 exspectabant.

302 2238 430 2293 Non
463 2240 754 2296 debebant
784 2243 962 2314 igitur
1007 2244 1222 2299 ethnici
1284 2245 1392 2300 hos
1441 2246 1580 2300 deos
1637 2246 1844 2313 colere,
1906 2247 1955 2303 si

304 2344 653 2399 persuasum
697 2330 991 2387 habebant
1021 2350 1083 2388 se
1115 2335 1185 2388 ab
1218 2333 1334 2389 illis
1364 2334 1436 2389 ob
1461 2334 1828 2391 Christianos
1852 2354 1955 2408 pu-

306 2416 474 2473 blicis
497 2419 936 2476 calamitatibus
959 2423 1239 2478 vexari.Si
1268 2423 1423 2478 enim
1449 2424 1773 2480 cultoribus
1805 2424 1952 2493 suis,

306 2508 407 2579 qui
442 2508 686 2565 aliorum
722 2528 899 2567 causa
924 2512 1189 2584 publicas
1219 2512 1577 2570 calamitates
1611 2515 1667 2569 in
1700 2516 1805 2570 hac
1835 2516 1955 2570 vita

305 2599 569 2668 perpessi
609 2601 920 2670 sunt,nihil
955 2606 1088 2673 post
1128 2610 1377 2659 mortem
1410 2604 1669 2660 conferre
1702 2605 1951 2677 possint,

303 2685 520 2758 ingrati
548 2705 790 2759 prorsus
820 2694 877 2744 et
908 2690 1109 2761 injusti
1144 2696 1301 2761 sunt,
1353 2698 1454 2748 aut
1507 2698 1659 2749 certe
1714 2693 1951 2760 infirmi,

310 2792 376 2831 ac
403 2776 646 2851 proinde
676 2779 1002 2835 divinitatis
1032 2796 1271 2852 prorsus
1304 2787 1589 2853 expertes.
1648 2782 1952 2838 Tertullia-

308 2882 422 2920 nus
446 2866 642 2938 itaque
660 2879 809 2924 recte
836 2868 1135 2925 concludit
1163 2870 1373 2926 horum
1406 2873 1647 2927 deorum
1680 2871 1952 2939 cultores,

308 2954 553 3011 minime
582 2973 713 3012 vero
731 2957 1114 3025 Christianos,
1140 2958 1509 3031 publicarum
1551 2960 1953 3016 calamitatum

307 3060 437 3100 esse
467 3050 757 3103 auctores.
802 3048 996 3104 Palam
1033 3066 1165 3104 vero
1195 3066 1298 3105 nos
1323 3050 1462 3106 alibi
1486 3118 1489 3119 ν
1514 3050 1759 3107 fecimus
1807 3051 1952 3119 (Dis-

304 3137 435 3187 sert.
466 3135 526 3189 in
556 3136 778 3204 Arnob.,
814 3154 942 3209 cap.
988 3139 1044 3207 6,
1076 3143 1185 3193 art.
1240 3140 1271 3193 4
1310 3145 1364 3195 et
1410 3139 1598 3211 seqq.)
1660 3141 1953 3211 quomodo

2065 1984 2122 2034 et
2151 1997 2184 2034 a
2223 1981 2369 2036 cibis
2402 1982 2735 2039 abstinendi
2770 1984 3077 2052 rationem,
3108 2002 3141 2040 a
3192 1984 3361 2039 nobis
3422 1982 3545 2040 loco
3585 1984 3715 2055 jam

2067 2069 2243 2124 citato
2274 2071 2647 2142 explicatam.

2136 2158 2245 2214 Sed
2270 2161 2441 2232 longe
2480 2160 2809 2229 dissimilis,
2855 2167 2917 2217 ut
2965 2167 3114 2217 recte
3167 2161 3560 2217 Tertullianus
3608 2178 3711 2217 no-

2065 2252 2185 2301 ster
2214 2254 2666 2313 asseverat,erat
2690 2250 3047 2306 abstinentia
3086 2251 3575 2319 Christianorum,
3609 2250 3708 2322 qui

2065 2337 2226 2393 cibos
2257 2338 2370 2393 sibi
2395 2356 2427 2393 a
2456 2340 2571 2395 Deo
2594 2340 2761 2395 datos
2793 2357 2923 2394 cum
2953 2340 3277 2411 gratiarum
3330 2340 3556 2395 actione
3615 2357 3711 2395 su-

2065 2428 2322 2495 mebant,
2356 2429 2457 2482 sed
2488 2429 2734 2484 servatis
2764 2446 2996 2500 semper
3028 2428 3422 2499 temperantiae
3454 2428 3704 2501 legibus.

2062 2514 2261 2586 Neque
2311 2517 2465 2570 enim
2510 2517 2692 2573 ullum
2750 2521 3012 2589 fructum,
3058 2517 3251 2588 inquit
3294 2518 3411 2587 ille,
3483 2535 3707 2589 operum

2064 2604 2160 2658 Dei
2192 2606 2584 2675 repudiamus:
2631 2609 2792 2676 plane
2838 2611 3228 2677 temperamus,
3273 2623 3342 2661 ne
3384 2607 3541 2662 ultra
3586 2624 3706 2662 mo-

2062 2692 2217 2757 dum,
2251 2699 2349 2747 aut
2375 2711 2662 2765 perperam
2691 2700 2914 2750 utamur
2958 2695 3218 2766 (Tertull.
3252 2695 3554 2766 Apologet.,
3580 2713 3706 2769 cap.

2065 2784 2175 2853 42).
2207 2784 2405 2857 Neque
2437 2786 2613 2839 etiam
2640 2786 2815 2840 iidem
2855 2785 3166 2840 Christiani
3198 2793 3365 2840 erant
3412 2786 3708 2859 sylvarum

2064 2872 2288 2941 incolae,
2323 2890 2387 2927 ac
2418 2873 2590 2929 veluti
2641 2874 3028 2929 brachmanes
3086 2880 3143 2929 et
3189 2874 3707 2946 gymnosophistae,

2063 2963 2278 3018 exsules
2308 2964 2437 3019 vitae
2467 2964 2795 3018 communis
2826 2963 3038 3031 (lbid.),
3070 2968 3123 3017 et
3157 2980 3190 3017 a
3216 2967 3551 3018 caeterorum
3604 2963 3707 3017 ho-

2064 3052 2289 3105 minum
2320 3052 2789 3123 consortioplane
2816 3051 3093 3123 separati.
3128 3053 3185 3106 In
3238 3052 3471 3122 oppidis
3520 3053 3707 3123 siqui-

2063 3141 2194 3195 dem
2227 3145 2284 3196 et
2314 3141 2556 3197 urbibus
2588 3158 2722 3196 cum
2752 3141 3025 3211 ethnicis,
3076 3141 3228 3196 sicut
3268 3143 3391 3211 jam
3433 3141 3709 3208 diximus,

307 3220 430 3277 haec
462 3224 795 3281 criminatio
829 3231 946 3282 tam
972 3244 1144 3299 saepe,
1174 3245 1347 3299 quam
1382 3228 1606 3284 insulse
1638 3230 1708 3284 ab
1761 3228 1950 3284 ethni-
1983 3238 2027 3305 ί]
2067 3230 2356 3285 commisti
2396 3230 2757 3296 habitabant,
2792 3247 2855 3285 ac
2888 3246 3233 3285 communes
3264 3246 3396 3284 cum
3429 3230 3547 3285 illis
3581 3230 3711 3284 ubi-

306 3310 393 3366 cis
418 3314 682 3384 repetita,
711 3315 781 3371 ab
807 3316 1062 3372 Arnobio
1113 3318 1413 3373 confutata
1451 3318 1643 3388 fuerit,
1694 3335 1759 3373 ac
1806 3335 1949 3390 quo-

308 3401 483 3455 modo
530 3402 810 3460 Minutius
855 3407 1011 3461 Felix
1058 3410 1115 3463 et
1164 3407 1503 3463 Lactantius
1552 3410 1956 3464 demonstrent

306 3492 603 3548 imbecilla
636 3494 805 3565 plane
837 3500 892 3551 et
922 3495 1111 3552 fulilia
1159 3514 1287 3553 esse
1314 3497 1545 3553 illorum
1587 3504 1953 3569 argumenta,

308 3581 410 3654 qui
444 3582 578 3637 inde
609 3583 864 3639 divinam
888 3586 1315 3657 providentiam
1366 3584 1716 3641 labefactare
1766 3586 1955 3641 conati

308 3676 447 3725 sunt
470 3672 715 3743 (Dissert.
749 3675 807 3729 in
839 3675 1064 3742 Minuc.,
1098 3692 1225 3747 cap.
1248 3676 1302 3745 6,
1337 3677 1505 3741 art.3,
1529 3679 1585 3729 et
1617 3677 1673 3730 in
1706 3677 1953 3731 Lactant.

309 3777 440 3831 cap.
484 3762 569 3826 14,
604 3767 713 3818 art.
745 3763 820 3834 3).
854 3765 960 3818 Sed
990 3765 1115 3834 jam
1167 3765 1239 3819 ad
1294 3762 1568 3819 ultimum
1617 3766 1957 3820 eorumdem

308 3850 642 3921 gentilium,
686 3856 886 3908 contra
918 3852 1251 3909 Christianae
1283 3852 1583 3925 religionis
1630 3854 1957 3923 veritatem,

309 3946 728 4011 argumentum
762 3943 1131 3998 accedamus.

906 4084 1135 4139 CAPUT
1165 4084 1351 4141 XXIV.

312 4172 494 4241 Quam
562 4173 799 4227 absurde
844 4174 1059 4228 ethnici
1103 4174 1575 4245 conquerebantur
1622 4173 1961 4229 Christianos

380 4245 700 4317 reipublicz
746 4261 863 4301 esse
908 4246 1158 4312 inutiles,
1225 4254 1387 4317 atque
1444 4247 1642 4302 idcirco
1706 4246 1962 4301 extermi-

378 4315 609 4371 nandos.

828 4439 1152 4479 ARTICULUB
1194 4440 1435 4480 PRIMUS.

311 4510 597 4583 Quomodo
638 4512 1008 4567 Tertullianus
1054 4514 1368 4583 probaverit
1426 4512 1766 4568 Christianos
1846 4529 1957 4569 non

2068 3336 2181 3392 que
2215 3321 2541 3375 miscebant
2569 3336 2794 3391 cperas,
2828 3322 2885 3374 in
2924 3323 3063 3388 foro,
3119 3320 3369 3389 macello,
3426 3319 3733 3385 nundinis,

2065 3411 2234 3479 agris,
2268 3410 2504 3477 balneis,
2538 3409 2775 3464 tabernis
2799 3409 3006 3474 (lbid.),
3044 3425 3156 3462 non
3190 3408 3427 3479 quidem
3451 3407 3712 3477 vinariis,

2066 3499 2167 3553 sed
2200 3498 2715 3570 sadificiie,quae,ut
2741 3498 2823 3552 ait
2857 3499 3061 3552 Festus
3095 3498 3190 3570 (ad
3222 3514 3273 3551 ν.
3302 3497 3712 3563 Tabernacula),

2067 3589 2372 3643 extabulis
2404 3592 2758 3652 constructa,
2793 3588 2941 3651 usui,
2972 3592 3118 3669 teste
3149 3586 3358 3653 Nonio,
3401 3592 3570 3642 erant
3616 3602 3713 3657 p0-

2065 3678 2254 3748 putari
2282 3676 2623 3745 (Nonius,ad
2659 3694 2710 3729 v.
2746 3677 3151 3744 Taber.),Artes
3175 3675 3349 3730 etiam
3381 3692 3521 3731 suas
3553 3691 3719 3730 exer-

2068 3766 2278 3820 cebant
2308 3765 2364 3819 in
2389 3765 2625 3836 ofﬁcinis
2673 3763 2913 3819 cuilibet
2958 3764 3314 3836 patentibus,
3353 3781 3418 3819 ac
3459 3780 3717 3819 commo-

2068 3855 2350 3909 rabantur
2381 3855 2438 3908 in
2469 3854 2699 3907 stabulis
2730 3852 2994 3921 (Tertull.
3018 3852 3132 3906 ibid
3160 3856 3202 3919 ),
3234 3870 3335 3907 seu
3382 3852 3716 3907 diversoriis

2070 3948 2127 3998 et
2171 3942 2465 4014 hospitiis,
2519 3942 2615 3996 ubi
2668 3941 2929 4012 hospites
2979 3946 3035 3995 et
3072 3942 3412 4013 peregrinos
3468 3940 3716 4011 excipie~

2069 4034 2233 4097 bant,
2259 4048 2360 4087 seu
2412 4030 2609 4103 potius
2655 4030 3142 4093 habitationibus,
3189 4035 3246 4084 et
3294 4030 3532 4100 privatis
3582 4045 3721 4099 quo-

2070 4122 2366 4189 rumdam,
2397 4119 2573 4174 veluti
2607 4118 2995 4190 agricolarum
3021 4118 3317 4185 domibus,
3370 4117 3441 4172 de
3497 4116 3715 4189 quibus

2071 4211 2151 4265 ita
2179 4211 2333 4264 canit
2356 4206 2636 4280 Virgilius
2671 4225 2683 4262 :

2162 4334 2339 4383 Ardua
2368 4336 2505 4383 tecta
2530 4333 2662 4395 petit
2690 4331 2883 4381 stabuli
2916 4335 2970 4382 et
2998 4332 3063 4381 de
3098 4331 3330 4381 culmine
3360 4342 3571 4380 summo

2163 4399 2343 4446 Pastor
2354 4396 2434 4447 ale
2464 4396 2613 4447 canit
2642 4395 2873 4457 signum.

2659 4475 2862 4538 (Virgil.
2899 4474 2987 4524 lib.
3022 4488 3095 4525 vn
3125 4472 3338 4527 xEneid.
3360 4488 3409 4525 v.
3440 4471 3571 4532 51!.)

380 4584 555 4643 fuisse
582 4582 967 4678 praetimanas,
1011 4582 1109 4667 nec
1142 4584 1412 4678 ludorum
1461 4585 1955 4678 gymnospphistas,

2068 4609 2256 4678 Atque
2278 4604 2358 4660 ita
2387 4601 2726 4670 Christiani,
2752 4602 2834 4657 ait
2879 4598 3097 4658 Auctor
3143 4605 3363 4669 noster,
3425 4598 3723 4656 cohabita-

381 4670 482 4708 nee
509 4655 819 4725 sytvicotas,
851 4655 946 4710 sed
975 4657 1298 4727 reipublicae
1323 4655 1629 4728 plurimum
1648 4657 1828 4712 utiles.

381 4796 634 4867 Ethnici,
681 4796 908 4852 nullum
970 4815 1085 4853 non
1145 4801 1443 4853 moventes
1501 4798 1558 4853 in
1597 4797 1969 4855 Christianos

306 4876 785 4948 lapidem,adhuc
811 4879 1179 4948 objectabant
1202 4877 1333 4934 illos
1358 4877 1691 4949 reipublicae
1719 4895 1961 4949 prorsus

308 4982 440 5023 esse
474 4965 734 5032 inutiles,
764 4982 949 5037 eoque
980 4966 1105 5021 solo
1135 4967 1374 5022 nomine
1405 4967 1642 5039 penitus
1685 4967 1959 5022 extermi-

309 5055 560 5111 nandos.
584 5056 692 5111 Sed
734 5054 814 5121 hi,
848 5055 1041 5126 inquit
1078 5055 1726 5128 Tertullianus,«neque
1752 5056 1960 5112 brach-

312 5161 523 5211 manaz,
587 5149 690 5200 aut
747 5145 1023 5200 Indorum
1073 5144 1590 5217 gymnos0phistm,
1642 5143 1955 5217 sylvicolaa,

312 5240 368 5288 et
389 5234 621 5290 exsules
642 5234 770 5288 vitea
792 5239 930 5290 sunt
950 5254 976 5284 ι
1013 5233 1277 5305 (Tertull.
1318 5235 1622 5306 Apotoget.,
1666 5250 1795 5305 cap.
1841 5235 1954 5306 42).

311 5324 422 5379 Sed
465 5323 731 5395 quinam,
781 5323 1008 5394 inquiet
1044 5324 1288 5379 fortasse
1340 5322 1575 5395 aliquis,
1629 5328 1797 5379 erant
1869 5323 1957 5379 illi

310 5412 685 5469 braehmane
724 5416 781 5467 et
819 5412 1359 5485 gymnosophistas?
1404 5412 1702 5481 Numquid
1753 5411 1952 5481 iidem,

311 5507 414 5558 aut
462 5501 674 5557 diversi
723 5518 756 5556 a
809 5519 871 5557 se
909 5502 1157 5557 invicem
1203 5501 1404 5573 populi
1459 5501 1754 5558 fuerunt?
1808 5502 1956 5560 Nam

310 5589 653 5663 Apollonius
674 5589 960 5662 Tyanasus
985 5593 1043 5645 et
1073 5589 1367 5661 Damides,
1401 5606 1435 5646 a
1484 5589 1834 5648 Philostrato
1882 5589 1959 5646 ci-

311 5680 417 5737 tati
437 5678 565 5750 (lib.
597 5695 662 5735 m
693 5678 765 5737 de
799 5680 914 5737 Vita
944 5678 1231 5750 Apotton.,
1290 5695 1417 5751 cap.
1441 5679 1495 5749 4,
1517 5695 1649 5752 pag.
1682 5680 1832 5753 _119,
1900 5682 1957 5736 et

2074 4695 2214 4751 bant
2243 4696 2342 4750 hoc
2372 4693 2660 4759 saeculum,
2694 4691 2835 4761 sive,
2867 4692 3021 4748 sicut
3050 4692 3109 4747 in
3146 4690 3568 4763 manuscriptis
3616 4706 3719 4746 no-

2071 4784 2179 4841 tris
2210 4784 2448 4857 legitur,
2472 4785 2532 4838 in
2563 4782 2665 4839 hoc
2693 4782 2907 4838 szeuto.

2142 4874 2532 4940 Quamobrem
2557 4871 2804 4943 gentiles
2834 4872 2959 4943 ipos
2986 4871 3068 4926 sic
3116 4876 3286 4944 urget
3316 4888 3329 4927 :
3386 4871 3719 4943 Navigamus

2070 4967 2120 5018 et
2150 4980 2248 5019 nos
2286 4962 2578 5031 vobiscum,
2611 4969 2666 5015 et
2682 4960 2958 5016 vobiscum
2982 4961 3114 5033 (hoc
3146 4961 3421 5017 ultimum
3471 4960 3718 5016 verbum

2070 5069 2102 5107 a
2130 5049 2550 5122 manuscriptis
2582 5049 2798 5105 nostris
2839 5049 3005 5106 libris
3053 5051 3239 5122 abest)
3287 5051 3614 5117 militamus,
3670 5057 3722 5106 et

2068 5144 2421 5205 rusticamur,
2466 5148 2519 5196 et
2566 5156 2898 5205 mercamur,
2938 5140 3167 5211 proinde
3210 5142 3503 5197 miscemus
3554 5148 3718 5207 artes,

2067 5247 2255 5302 operas
2283 5233 2495 5286 nostras
2516 5228 2928 5300 (manuscripti
2950 5234 3005 5284 et
3037 5237 3169 5287 ante
3197 5230 3519 5302 Rigaltium
3578 5228 3718 5284 editi

2068 5321 2297 5376 codices
2326 5336 2494 5391 Opera
2543 5318 2755 5389 nostra)
2798 5318 3153 5390 publicamus
3203 5322 3329 5375 usui
3382 5327 3580 5383 vestro,
3636 5321 3716 5373 at-

2067 5430 2180 5485 que
2210 5412 2291 5467 ita
2322 5411 2543 5466 mutuis
2569 5410 2847 5482 operibus
2891 5428 2995 5467 nos
3044 5413 3290 5469 invicem
3340 5414 3714 5483 adjuvamus.

2064 5501 2245 5573 Atqui
2276 5517 2343 5557 ea
2361 5499 2559 5555 omnia
2580 5515 2647 5556 eo
2681 5500 2965 5571 majorem
3017 5503 3123 5559 toti
3181 5501 3517 5573 reipublicae
3576 5497 3714 5552 011⁵0-

2065 5592 2271 5647 rebant
2291 5588 2623 5661 utilitatem,
2656 5605 2773 5660 quo
2806 5590 2995 5662 major
3022 5596 3184 5660 tunc,
3216 5592 3371 5647 sicut
3409 5591 3581 5643 antea
3636 5585 3719 5641 vi-

2064 5681 2285 5751 dimus,
2318 5684 2445 5737 erat
2487 5679 2832 5738 earumdem
2881 5679 3349 5739 Christianorum
3407 5690 3714 5734 numerus.
