4134 6184
422 239 575 299 1179

946 231 1475 296 TERTULLIANI
1520 226 1847 291 OPERUM
1895 226 2091 288 PARS
2135 225 2289 286 1.-
2318 225 2595 286 SERIES
2640 226 2690 298 Ι,
2734 225 3303 288 APOLOGETICA.

3646 230 3785 290 1180

417 368 575 427 Nihil
607 385 742 441 ergo
775 385 809 423 a
838 366 1081 424 veritate
1111 364 1301 436 magis
1334 364 1589 419 alienum
1618 359 1929 432 excogitari
1962 375 2062 430 po-
2097 360 2152 427 Α
2184 361 2247 413 ut
2279 357 2642 430 probabilius
2673 362 2905 430 putant,
2939 358 3233 414 continuis
3257 359 3458 415 diebus
3487 368 3786 433 agerentur-

417 460 554 531 tuit,
588 474 765 532 quam
818 456 1181 514 Christianos
1230 453 1483 527 publicis
1533 452 1709 509 rebus
1762 466 1890 506 esse
1946 448 2071 503 inu-

421 549 575 606 tiles.

1041 649 1363 691 ARTICULUS
1404 648 1463 686 II.

425 728 650 787 Nullum
680 724 1011 799 reipublica:
1055 725 1331 799 damnum
1374 720 1582 791 inferri
1627 735 1664 799 ᾳ
1720 716 2070 799 Christianis,

494 805 587 874 qui
639 789 987 874 ethnicorum
1042 789 1581 874 caeremoniashmon
1622 789 2073 874 frequentabant,

496 859 598 930 nec
615 871 1010 928 Saturnalibus
1064 868 1326 923 lavabaul
1372 859 1634 930 diluculo,
1671 859 1763 917 sed
1804 864 1937 916 hora
1985 859 2077 913 de-

498 947 631 1007 bila,
658 960 756 999 nec
783 941 1111 997 lzberalibus
1133 938 1545 993 discumdebant
1569 938 1626 989 in
1654 934 1896 1006 publica,
1936 932 2078 987 sicut

508 1017 785 1072 bestiariis
813 1029 1136 1086 supremum
1168 1009 1513 1066 comantibus
1537 1023 1651 1062 mos
1681 1014 1778 1062 est.

499 1122 885 1191 Quantumvis
905 1121 1058 1178 clare
1090 1124 1145 1175 et
1178 1124 1335 1175 certo
1384 1116 1781 1172 Tertullianus
1832 1114 2077 1168 demon-

423 1216 694 1270 straverit
732 1212 1095 1268 Christianos
1129 1209 1303 1264 rebus
1338 1206 1590 1279 publicis
1641 1204 1910 1259 maximae
1950 1216 2079 1256 esse

426 1302 669 1358 utilitati
695 1320 709 1368 ;
743 1300 992 1372 gentiles
1022 1304 1218 1355 tamen
1248 1302 1447 1352 contra
1477 1293 1793 1350 reclamare
1824 1308 1939 1345 non
1982 1306 2078 1344 ve-

426 1392 709 1446 rebantur
740 1388 871 1443 illos
904 1386 1235 1458 reipublicaa
1268 1385 1395 1439 ideo
1428 1399 1542 1438 non
1567 1398 1691 1437 esse
1725 1382 2079 1443 fructuosos,

432 1480 573 1550 quia
620 1495 821 1533 omnes
871 1477 1132 1547 ipsorum
1181 1472 1580 1536 caeremonias,
1623 1470 2084 1537 secretioresque

428 1566 733 1639 religionis
762 1571 927 1621 actus
952 1562 1310 1636 adspernati,
1346 1562 1416 1616 iis
1441 1562 1723 1615 interesse
1754 1557 1926 1631 plane
1988 1573 2084 1627 pe-

431 1657 713 1729 nitusque
762 1656 1135 1712 recusabant.
1179 1652 1288 1707 Sed
1331 1651 1438 1705 hoc
1489 1648 1891 1705 Tertullianus
1944 1661 2083 1700 con-

2181 448 2329 503 Tum
2361 451 2583 518 autem,
2617 452 2765 505 teste
2796 448 3053 505 Luciano
3085 448 3362 521 (Lucian.,
3394 451 3534 505 Dial.
3562 455 3787 522 Saturn,

2182 553 2239 609 p.
2277 538 2456 608 1021),
2493 554 2608 595 non
2640 538 2853 597 licebat
2885 539 3099 597 serium
3134 538 3362 611 aliquod
3407 540 3679 611 privatum
3703 550 3791 595 aut

2183 627 2485 700 publicum
2517 629 2817 703 negotium
2850 630 3117 703 transigi,
3152 630 3250 686 sed
3285 634 3500 701 potare,
3522 630 3790 695 inebriari,

2182 718 2509 789 vociferari,
2542 718 2765 791 ludere,
2797 724 3018 776 certare
3048 718 3308 788 tesseris,
3362 718 3545 773 nudos
3589 735 3793 785 canere,

2186 806 2401 863 saltare
2432 807 2651 865 lascivo
2682 809 2944 881 corporis
2978 813 3161 879 motu,
3195 824 3322 865 sese
3365 807 3519 863 vultu
3578 807 3794 879 luligine

2186 895 2365 953 oblito
2397 898 2457 953 in
2488 915 2704 970 aquam
2739 899 3058 972 aliquando
3090 899 3247 968 dare,
3284 913 3350 953 ac
3380 895 3621 954 famulos
3649 895 3793 953 adhi-

2187 986 2323 1042 bere
2354 988 2411 1041 in
2444 988 2797 1055 convivium,
2832 988 3328 1061 quemadmodum
3386 987 3587 1043 Accius
3640 986 3723 1042 his
3770 1004 3799 1041 a

2189 1075 2479 1132 Macrobio
2502 1078 2876 1150 transcriptis
2906 1078 3174 1134 versibus
3203 1076 3442 1133 cecinit:

2190 1184 2415 1233 Maxima
2449 1198 2572 1246 pars
2593 1185 2805 1233 Graium
2839 1184 3089 1244 Saturno,
3127 1187 3180 1233 et
3203 1183 3433 1233 maxime
3466 1182 3693 1246 Athenas,

2190 1245 2491 1295 Conﬁciunt
2511 1262 2677 1308 sacra,
2710 1262 2831 1308 quas
2865 1249 3063 1297 Cronia
3089 1261 3204 1297 esse
3241 1248 3509 1296 iterantur
3533 1246 3595 1295 ab
3623 1245 3748 1305 illis;

2189 1310 2429 1374 Qumque
2460 1311 2602 1374 diem,
2618 1309 2908 1374 celebrant.
2941 1326 3034 1374 per
3052 1323 3206 1372 agros
3228 1311 3497 1372 urbesque
3519 1309 3623 1359 fere
3641 1322 3801 1358 omnes

2191 1373 2455 1437 Exercent
2485 1373 2657 1435 epulis
2683 1374 2809 1429 lmti.
2836 1372 3172 1437 famulosque
3204 1376 3511 1435 procurant.

2191 1436 2426 1498 Quisque
2458 1431 2932 1500 suos,_nostrisque
2964 1431 3146 1485 itidem
3166 1452 3179 1495 ;
3203 1431 3254 1486 et
3282 1450 3401 1485 mos
3437 1434 3653 1500 traditus
3678 1431 3802 1482 illine

2192 1501 2313 1559 Iste,
2345 1497 2407 1547 ut
2436 1512 2557 1547 cum
2589 1498 2822 1549 dominis
2845 1497 3041 1549 iamuli
3072 1504 3184 1549 tum
3216 1500 3506 1563 epulantur
3527 1497 3726 1547 ibidem.

2881 1580 3151 1639 (Macrob,
3174 1579 3267 1630 lib.
3300 1592 3321 1626 ι
3348 1576 3610 1628 Satumal.
3631 1591 3736 1640 cap.
3765 1579 3803 1623 7.

2271 1677 2393 1733 Non
2429 1677 2643 1733 mirum
2674 1678 2874 1752 itaque
2906 1679 2955 1734 si
2980 1678 3296 1734 Christiani
3321 1678 3428 1734 hos
3451 1675 3689 1733 nefarios
3708 1675 3804 1729 ido-

428 1762 618 1840 ⁸9³⁸0»
650 1762 892 1840 Hm"???
925 1748 1097 1815 negat
1128 1741 1365 1840 θοδάξθφ
1398 1739 1759 1840 Οδτίῗίίθηοῗ
1796 1734 2074 1840 ηυῃῖιξάξ
2104 1736 2151 1801 Β
2193 1765 2455 1833 lolatriae,
2482 1767 2751 1835 lascivias,
2782 1734 3108 1836 ebrietatis,
3141 1768 3429 1840 aliosque,
3460 1782 3600 1837 quos
3647 1779 3709 1818 ex
3747 1760 3809 1816 ci'

432 1835 587 1891 circo
620 1834 949 1906 reipublicae
982 1847 1111 1887 esse
1144 1830 1276 1885 usui
1300 1834 1357 1886 et
1407 1827 1824 1885 emolumento.
1877 1823 2079 1879 1081

433 1924 763 1988 Quemlibet
793 1924 990 1994 itaque
1021 1921 1297 1993 gentilem
1330 1920 1414 1975 sic
1440 1916 1784 1989 compellat:
1822 1937 1848 1966 «
1878 1915 1936 1969 Si
1981 1929 2088 1968 caa-

440 2013 738 2070 remonias
762 2018 894 2068 tuas
927 2028 1042 2067 non
1085 2011 1407 2081 frequento,
1456 2012 1711 2063 attamen
1758 2010 1815 2061 et
1856 2003 1960 2059 illa
1998 2002 2092 2058 die

443 2104 617 2159 homo
638 2118 772 2157 sum
818 2122 847 2151 n
883 2098 1148 2171 (Tertull.
1189 2100 1433 2171 Apolog.,
1477 2114 1603 2169 cap.
1657 2095 1772 2164 42),
1813 2094 1913 2166 qui
1964 2091 2094 2165 qui-

446 2193 601 2259 dem,
674 2195 739 2247 ut
797 2205 931 2246 mox
992 2188 1214 2244 dictum
1270 2192 1377 2254 est,
1413 2204 1531 2242 una
1555 2202 1689 2241 cum
1718 2183 1969 2240 ethnicis
2008 2181 2094 2236 vi—

446 2282 661 2349 vendo,
698 2296 976 2352 measque
1009 2277 1443 2335 commiscendo
1469 2281 1650 2344 artes,
1699 2274 1805 2329 tibi
1848 2273 2098 2344 aliisque

452 2371 732 2444 plurima,
774 2386 900 2442 quze
950 2369 1023 2425 ad
1076 2373 1237 2426 tuam
1285 2385 1351 2423 ac
1398 2371 1741 2423 caeterorum
1786 2362 2096 2418 hominum

451 2464 634 2516 vitam
664 2465 720 2514 et
750 2459 1087 2515 societatem
1123 2457 1455 2512 necessaria
1485 2455 1736 2521 sunt,ita
1764 2450 2095 2523 suppedito,

458 2554 523 2605 ut
558 2548 878 2604 maximum
903 2564 971 2603 ex
1003 2546 1278 2618 operibus
1310 2545 1457 2600 meis
1484 2545 1739 2599 fructum
1773 2539 2099 2613 unusquis-

455 2654 568 2709 que
596 2636 896 2709 percipiat.

528 2726 709 2781 Nemo
749 2730 837 2781 est
894 2728 1113 2794 autem,
1154 2723 1254 2794 qui
1299 2738 1411 2779 non
1467 2722 1718 2777 fateatur
1764 2719 1873 2775 hoc
1916 2734 2099 2774 cuneo

463 2815 727 2871 funditus
758 2814 933 2871 everti
964 2812 1252 2869 insulsam
1284 2811 1523 2867 omnino
1570 2808 1880 2883 gentilium
1930 2825 2100 2865 accu-

455 2905 765 2962 sationem.
815 2904 1230 2959 Verumtamen
1284 2900 1676 2957 Tertullianus
1706 2898 1882 2970 ultra,
1924 2888 2100 2969 quam

458 2996 601 3054 satis
650 2994 748 3065 sit,
794 2992 1175 3050 manifestum
1218 2991 1487 3064 pluribus
1535 2988 1815 3061 exemplis
1862 2987 2105 3044 cuilibet

2198 1856 2338 1911 talis
2369 1857 2643 1927 superius
2673 1858 3055 1929 scriptoribus
3088 1857 3516 1924 recensuimus,
3546 1855 3808 1909 detestan-

2202 1945 2307 2000 dos
2338 1951 2504 2001 actus
2536 1946 3021 2017 improbaverint,
3054 1946 3471 2018 noluerintque
3501 1946 3715 1999 noctem
3762 1944 3808 1994 et

2204 2034 2357 2089 diem
2390 2034 2595 2090 1082
2621 2034 2880 2106 perdere,
2916 2040 3036 2091 tam
3069 2034 3253 2107 impia
3283 2034 3436 2090 festa
3480 2028 3810 2089 celebrando.

2204 2124 2594 2187 Quamobrem
2625 2140 2737 2180 non
2760 2125 2901 2191 lavo,
2931 2124 3126 2197 inquit
3155 2122 3571 2191 Tertullianus,
3599 2118 3813 2177 diluculo

2207 2212 2605 2269 Saturnalibus
2636 2214 2899 2283 (Tertull.
2930 2215 3230 2287 Apologet.,
3263 2230 3313 2269 c.
3351 2214 3443 2284 42,
3472 2229 3527 2285 ρ.
3574 2209 3710 2280 482),
3764 2210 3815 2261 υἱ

2207 2306 2277 2360 ad
2310 2303 2411 2359 illa
2443 2305 2669 2377 agenda
2698 2322 2790 2361 me
2821 2322 3163 2378 praeparem.
3219 2304 3364 2369 Quis
3420 2302 3572 2359 enim
3627 2298 3816 2355 nesciat

2209 2410 2429 2449 morem
2464 2394 2831 2449 ethnicorum
2865 2394 3048 2450 fuisse
3080 2408 3142 2449 se
3197 2396 3332 2448 ante
3393 2388 3706 2448 convivium
3750 2385 3815 2439 la-

2207 2483 2381 2538 vandi
2414 2487 2436 2539 ?
2469 2484 2576 2538 Sed
2610 2483 2927 2539 Christiani
2958 2483 3046 2540 fas
3075 2482 3185 2539 sibi
3218 2499 3348 2539 esse
3382 2498 3496 2537 non
3542 2477 3817 2535 credebant

2210 2591 2339 2630 sese
2372 2575 2444 2630 ad
2476 2574 2577 2630 illa
2607 2575 2858 2631 nefanda
2889 2575 3155 2631 convivia
3185 2578 3241 2630 et
3299 2571 3577 2647 mysteria
3631 2565 3819 2641 agenda

2208 2664 2483 2733 diluculo,
2516 2681 2649 2720 cum
2682 2663 2887 2737 hyeme
2922 2664 3219 2735 saeviebat,
3255 2663 3312 2717 in
3348 2661 3684 2734 tempestivo
3721 2652 3817 2709 bal-

2208 2770 2316 2810 neo
2340 2770 2686 2826 preparare.

2280 2841 2521 2897 Nullum
2553 2846 2750 2898 tamen
2782 2842 2955 2898 rebus
2988 2841 3240 2914 publicis
3290 2838 3699 2895 detrimentum
3752 2832 3820 2885 id-

2212 2930 2363 2987 circo
2396 2931 2811 3002 importabant.
2852 2931 3074 2986 Etenim
3107 2931 3249 3001 lavo,
3283 2931 3370 2985 ait
3400 2931 3609 2984 Auctor
3630 2927 3818 2983 noster,

2212 3020 2434 3077 honesta
2463 3021 2599 3076 hora
2637 3028 2687 3076 et
2716 3020 2953 3076 salubri.
2988 3019 3276 3092 Rigaltius
3304 3035 3444 3075 vero
3503 3013 3668 3072 scribi
3722 3026 3824 3065 ma-

458 3085 614 3152 facit’
651 3100 690 3183 Ξ
734 3081 1133 3183 afflati“?ng
1156 3080 1418 3183 EtimeBi,
1448 3080 1757 3183 ξθξήϋὴξξῃ
1808 3076 2103 3183 ῬΥδίθΪίίθ
2137 3110 2179 3177 C
2217 3076 2328 3166 luit
2356 3111 2560 3178 debita,
2594 3126 2773 3183 quam
2805 3111 3030 3167 honesta
3058 3076 3193 3166 liora
3226 3125 3241 3164 :
3285 3109 3389 3164 sed
3441 3111 3637 3163 contra
3686 3097 3818 3155 codi-

460 3191 573 3229 non
608 3172 901 3239 ati’uerint,
925 3175 1026 3228 aut
1056 3170 1203 3227 nihil
1226 3170 1362 3226 inde
1388 3169 1725 3225 detrimenti
1766 3168 1943 3224 rebus
1990 3166 2105 3222 im-

460 3261 675 3335 portari
710 3261 982 3335 publicis,
1015 3264 1116 3317 aut
1160 3259 1210 3315 si
1247 3260 1403 3331 quod
1447 3259 1829 3330 imperiatum
1870 3254 2108 3312 aliunde

463 3350 607 3407 illud
644 3351 715 3406 ab
741 3350 815 3405 iis
850 3350 1067 3406 aﬂ‘atim
1102 3349 1447 3404 resarcitum
1484 3347 1687 3403 fuisse.

532 3441 640 3496 Sed
674 3440 864 3506 illum,
899 3440 949 3495 si
983 3438 1165 3506 lubet,
1200 3456 1233 3494 a
1278 3436 1691 3493 Saturnalibus
1735 3434 2107 3491 ethnicorum

465 3530 635 3585 festis
664 3529 1044 3600 incipientem
1081 3528 1396 3583 audiamus
1430 3544 1443 3583 :
1476 3528 1594 3582 Non
1652 3526 1822 3592 lavor,
1892 3525 2106 3596 inquit,

466 3618 711 3673 diluculo
733 3617 1141 3687 Saturnalibus,
1164 3632 1233 3672 ne
1258 3624 1309 3671 el
1356 3621 1567 3671 noctem
1613 3618 1663 3670 et
1711 3614 1853 3669 diem
1883 3614 2110 3686 perdam

470 3704 677 3777 (lbid.).
739 3708 926 3775 Atque
958 3704 1038 3760 ita
1069 3705 1304 3774 quidem
1362 3703 1484 3759 haec
1539 3704 1715 3759 verba
1774 3704 1832 3759 in
1893 3703 2111 3759 nostris

469 3794 901 3866 exemplaribus
934 3794 1353 3865 manuscriptis
1383 3798 1439 3849 et
1468 3793 1642 3849 editis
1682 3793 2112 3865 antiquioribus

470 3884 842 3941 exhibentur.
890 3884 1109 3939 Verum
1167 3882 1456 3955 Rigaltius
1513 3882 1715 3953 rejeeit
1770 3882 2111 3938 adverbium

470 3974 737 4043 diluculo,
770 3977 827 4029 et
856 3973 1037 4029 scribi
1084 3973 1289 4045 jussit,
1338 3975 1513 4030 Lavor
1558 3971 1656 4028 sub
1711 3975 1964 4027 noctem:
2011 3971 2112 4027 sed

474 4080 667 4120 meras
700 4079 909 4136 nugas,
943 4062 1197 4136 genuino
1225 4063 1492 4120 Auctoris
1522 4062 1707 4117 nostri
1730 4062 1910 4118 textui
1934 4061 2114 4130 (Idem

473 4153 537 4210 de
568 4152 770 4210 Idolol.
804 4168 932 4225 cap.
974 4152 1054 4223 10)
1115 4152 1417 4223 mentique
1472 4154 1888 4223 repugnantes,
1946 4150 2116 4206 nobis

474 4242 692 4298 vendit.
723 4242 808 4297 Ab
849 4240 1125 4296 omnibus
1153 4243 1370 4307 autem,
1406 4244 1469 4295 ut
1500 4239 1730 4295 facilius
1760 4239 1818 4295 id
1851 4237 2116 4311 dignosci

475 4333 672 4401 queat,
705 4329 1134 4385 observandum
1165 4332 1255 4384 est
1286 4327 1622 4384 Saturnalia
1645 4328 1808 4396 festa,
1870 4331 1934 4382 ut
1989 4327 2116 4399 ipse

476 4418 617 4473 alibi
655 4422 713 4474 et
743 4422 924 4474 Varro
954 4418 1075 4490 (lib.
1108 4433 1142 4471 v
1172 4417 1235 4473 de
1264 4418 1427 4486 Ling.
1477 4418 1700 4482 Latina,
1760 4434 1816 4489 p.
1874 4417 1991 4488 51.)
2050 4432 2116 4472 ac

2215 3217 2345 3256 cum
2379 3200 2644 3255 omnium
2676 3199 3168 3256 reclamationem.
3198 3198 3407 3254 Nonne
3430 3200 3620 3252 autem
3647 3192 3826 3247 Auctor

2216 3292 2416 3345 noster
2444 3290 2635 3345 dicere
2667 3289 2856 3361 potuit
2881 3288 3245 3345 Christianos
3267 3304 3385 3342 non
3410 3282 3693 3357 respuisse
3720 3274 3821 3332 bal-

2217 3396 2379 3448 neas,
2412 3379 2514 3434 sed
2548 3377 2805 3433 lavatum
2836 3378 3053 3433 abiisse
3083 3379 3217 3434 hora
3248 3377 3480 3431 honesta
3522 3380 3572 3429 et
3622 3365 3824 3427 salubri,

2218 3483 2336 3538 qua
2358 3467 2623 3523 videlicet
2654 3484 2788 3522 eum
2821 3467 3128 3524 honestate
3155 3472 3213 3522 et
3256 3464 3602 3521 salubritate
3656 3469 3824 3513 omnes

2220 3573 2283 3612 se
2314 3556 2505 3613 lavare
2536 3561 2979 3613 consueverant.
3005 3556 3136 3612 Haec
3167 3560 3363 3612 autem
3398 3554 3610 3625 hyeme,
3666 3550 3721 3602 ut
3768 3541 3831 3597 ait

2221 3645 2468 3717 Plinius,
2498 3656 2779 3704 eratnona
2808 3646 2945 3701 hora
2970 3650 3165 3703 (estate
3196 3652 3388 3700 octava
3420 3640 3591 3711 (Plin.
3623 3637 3712 3692 lib.
3758 3646 3824 3695 in,

2222 3736 2393 3808 epist.
2430 3737 2480 3793 1.
2515 3753 2648 3810 pag.
2680 3737 2795 3809 90),
2824 3743 2925 3793 aut
2956 3739 3020 3792 ut
3056 3734 3157 3792 alii
3216 3734 3551 3800 observant,
3600 3746 3632 3783 a
3682 3719 3827 3780 meri-

2222 3825 2315 3884 die
2346 3826 2415 3881 ad
2440 3841 2767 3898 vesperam.
2802 3825 3079 3882 Horatius
3110 3827 3307 3881 autem
3341 3820 3622 3878 canebat:

2319 3932 2415 3983 Ast
2434 3931 2524 3981 ubi
2546 3946 2630 3982 me
2660 3931 2861 3983 fessum
2896 3932 2974 3983 sol
3001 3932 3175 3982 acrior
3229 3930 3306 3979 ire
3336 3928 3573 3977 lavatum

2315 3995 2624 4055 Admonuit,
2654 3996 2803 4055 fugio
2838 3996 3034 4046 rabiosi
3064 3999 3314 4056 tempora
3345 3993 3507 4055 signi.

2909 4068 3121 4131 (Horat.
3152 4052 3243 4115 lib.
3278 4078 3293 4114 ι
3324 4052 3476 4113 εαῐὶτ.
3533 4063 3579 4121 6,
3636 4070 3683 4105 ν.
3735 4052 3826 4101 125.

2298 4165 2501 4223 Nonne
2530 4182 2667 4239 ergo
2699 4165 3094 4222 Tertullianus
3125 4164 3438 4236 designare
3456 4160 3675 4217 videtur
3690 4147 3832 4210 meri-

2226 4253 2463 4311 dianam
2494 4254 2725 4325 horam,
2758 4271 2934 4328 quam
2960 4271 3161 4311 mense
3183 4251 3513 4321 Decembri,
3540 4263 3647 4321 quo
3670 4244 3835 4299 Satur-

2229 4343 2389 4400 nalia
2421 4327 3040 4416 agebantur,ihonesta
3060 4348 3117 4400 et
3141 4342 3399 4400 salubris
3431 4344 3588 4406 erat;
3619 4340 3679 4391 ut
3703 4327 3836 4394 mihi:

2227 4432 2444 4505 inquit,
2481 4435 2718 4491 calorem
2748 4442 2803 4491 ct
2826 4436 3160 4506 sanguinem
3199 4440 3397 4488 servet.
3439 4430 3562 4485 Non
3619 4424 3703 4479 his
3750 4416 3837 4488 iBl'

475 4508 703 4597 Festus
739 4508 829 4597 (ad
886 4484 1320 4577 vISaturm'a)’
1351 4484 1797 4597 téstiacanturig
1850 4484 3837 4597 ίιᾳειίιυιαι)ὶῖιῖτὲὶέῖᾱίὲζᾗὲτξςέι’”ίὶῖθζ”ὲίἧρίόιῐίιὲιῖεαιυτηαιίοτιῑφ

477 4594 661 4651 fuisse
692 4595 751 4651 in
807 4596 1067 4665 Saturni,
1139 4612 1439 4668 agrorum,
1488 4595 1660 4651 sicuti
1708 4595 2120 4667 opinabantur,

480 4685 770 4760 prasidis,
794 4686 1098 4741 honorem.
1128 4685 1322 4742 Livius
1353 4702 1483 4742 vero
1531 4684 1767 4741 illorum
1800 4684 2123 4758 originem,

483 4778 543 4832 et
573 4779 857 4832 statutqu
892 4790 1095 4830 eorum
1117 4773 1599 4831 celebrandorum
1621 4775 1775 4832 diem
1808 4774 1898 4831 his
1921 4775 2127 4847 pandit

481 4864 675 4920 verbis
709 4880 723 4920 :
760 4886 787 4913 «
818 4863 1119 4921 Decembri
1150 4865 1277 4937 jam
1311 4881 1513 4922 mense
1542 4864 1615 4921 ad
1647 4865 1828 4921 sedem
1888 4864 2127 4921 Saturni

481 4954 677 5009 Roma!
706 4952 1072 5010 immolatum
1104 4959 1211 5020 est,
1270 4954 1820 5027 lectisterniumque
1874 4955 2128 5027 impera-

477 5046 631 5109 tum,
671 5046 729 5098 et
748 5059 883 5098 eum
914 5042 1127 5100 lectum
1161 5051 1459 5101 senatores
1502 5050 1853 5109 straverunt,
1889 5048 1945 5099 et
1991 5060 2129 5100 con-

481 5131 703 5187 vivium
737 5131 1060 5204 publicum,
1093 5150 1159 5189 ac
1189 5150 1291 5205 per
1321 5134 1533 5191 Urbem
1590 5132 1921 5190 Saturnalia
1972 5132 2129 5188 diem

485 5236 552 5279 ac
584 5225 812 5277 noctem
835 5221 1556 5296 clamatum,populusque
1585 5239 1721 5280 eum
1751 5222 2130 5279 diemfestum

483 5310 700 5367 habere
728 5329 794 5368 ac
823 5329 1055 5369 servare
1084 5312 1141 5369 in
1180 5317 1527 5385 perpetuum
1553 5314 1763 5384 jussus
1795 5336 1821 5364 ››
1857 5313 1999 5387 (Liv.
2025 5312 2127 5370 lib.

486 5418 552 5469 ιι,
583 5405 611 5471 §
640 5402 753 5474 21).
785 5402 897 5458 Sed
928 5402 1260 5458 Macrobius
1291 5402 1416 5472 (lib,
1443 5419 1461 5457 ι
1500 5402 1807 5473 Saturnal.,
1867 5420 1921 5461 ο.
1986 5404 2020 5458 8
2076 5407 2133 5460 et

490 5492 600 5562 10),
632 5508 698 5546 ac
729 5495 932 5562 postea
959 5490 1187 5562 Lipsius
1218 5491 1338 5557 (lib.
1372 5508 1391 5546 ι
1420 5492 1670 5565 Saturn.,
1700 5509 1751 5550 ο.
1785 5494 1839 5561 3,
1870 5499 2013 5550 tom.
2039 5494 2129 5559 Ill)

490 5580 874 5652 disputarunt
904 5584 1102 5638 utrum
1134 5580 1254 5637 hac
1286 5597 1403 5639 uno
1434 5582 1735 5652 duntaxat,
1770 5599 1843 5639 an
1883 5588 2130 5655 septem,

2235 4595 2454 4668 diebus
2478 4622 2598 4670 lavo
2627 4595 2892 4685 diluculo,
2926 4612 3403 4684 quandoquidem
3444 4611 3617 4679 rigere
3649 4611 3695 4658 et

2236 4701 2353 4759 lere
2378 4706 2499 4775 post
2556 4704 2844 4760 lavacrum
2878 4681 3458 4772 vniortuus—possum.
3514 4693 3718 4760 Quibus
3763 4681 3839 4739 ille

2234 4793 2432 4849 verbis
2463 4792 2675 4849 alludit
2724 4791 2923 4865 procul
2968 4789 3147 4847 dubio
3205 4790 3277 4845 ad
3336 4788 3516 4844 alium
3567 4780 3837 4849 antiquum

2238 4900 2459 4939 morem
2494 4887 2729 4938 mortua
2764 4881 3065 4937 hominum
3100 4894 3345 4949 corpora
3372 4872 3621 4939 lavandi,
3644 4884 3704 4926 ac
3722 4866 3839 4922 forte

2238 4973 2309 5028 ad
2344 4971 2467 5028 haec
2497 4971 2727 5045 Virgilii
2750 4969 3059 5043 delMiseni
3094 4970 3298 5025 funere
3326 4964 3586 5023 carmina
3614 4977 3626 5017 :

2334 5080 2464 5128 Pars
2494 5079 2690 5128 calidos
2719 5078 2902 5128 latices
2932 5082 2987 5128 et
3016 5078 3191 5127 ahena
3218 5074 3478 5126 undantia
3504 5066 3715 5120 ﬂammis

2334 5127 2994 5206 ExpediunﬁrcOrpusque
3024 5140 3204 5190 lavant
3230 5137 3471 5201 frigentis
3501 5139 3553 5185 et
3580 5127 3782 5206 ungunt.

2706 5201 3029 5287 (Vi'rguInb.
3058 5234 3110 5270 Vl
3135 5218 3340 5270 Eneid.
3370 5232 3420 5267 v.
3452 5216 3538 5266 2n
3567 5216 3617 5262 et
3642 5201 3790 5269 seqq-l

2239 5322 2470 5379 Servius
2507 5338 2635 5378 vero
2666 5320 2727 5377 in
2759 5320 2885 5377 suis
2915 5321 2988 5376 ad
3018 5320 3141 5375 hinc
3195 5316 3453 5374 carmina
3515 5305 3838 5369 animadver'

2242 5412 2511 5471 sionibus
2545 5412 2687 5469 citat
2714 5410 2860 5468 illud
2892 5411 2964 5468 ab
2998 5408 3182 5466 Ennio
3212 5404 3631 5480 compositum:

2335 5519 2609 5585 Tarquinii
2633 5532 2828 5585 corpus
2846 5518 2992 5569 bona
3018 5514 3225 5569 femina
3252 5513 3398 5573 lavit,
3427 5513 3482 5561 et
3510 5506 3668 5585 unxit.

3159 5585 3335 5653 (Serv.
3364 5595 3483 5649 pag.
3505 5578 3630 5639 su.)
