4134 6184
344 258 492 317 1181

1255 259 1329 318 D.
1376 259 1473 320 LE
1516 259 1842 323 NOURRY
1886 261 2536 323 OBSERVATIONES
2584 261 2847 322 ΝΟνΑε.

3605 261 3761 322 1182

348 391 500 448 Dicit
532 390 727 462 itaque
758 390 1158 448 Tertullianus
1188 408 1358 464 posse
1390 392 1626 464 quidem
1663 398 1793 464 post
1851 411 1999 449 mor-
2027 397 2082 461 Α
2111 395 2265 450 Nihil
2301 412 2436 465 ergo
2463 394 2813 449 mutandum
2836 392 2892 446 in
2928 396 3083 447 textu
3120 389 3757 463 Tcrtulliani,quiscite

347 485 464 534 tem
498 495 564 533 eo
597 479 821 535 lavacro
856 480 1035 551 rigere
1075 485 1131 536 et
1162 481 1395 551 pallere,
1432 480 1585 536 nolle
1612 487 1808 537 autem
1860 483 2002 538 dum
2109 500 2445 554 supremam,
2480 483 2599 538 sive
2631 482 2899 536 ultimam
2935 479 3191 551 appellat
3223 479 3637 536 bestiariorum
3660 498 3766 537 cm-

347 558 588 635 viveret,
622 568 765 624 illud
802 576 1145 641 praevertere
1176 570 1585 642 intempestivo
1610 571 1860 643 hyemali
1886 572 2007 627 bal-

355 676 480 725 neo,
528 676 643 731 quo
693 660 1024 714 Saturnalia
1077 660 1525 715 inchoabantur.
1575 662 1851 725 Quamvis
1900 679 2003 717 au-

351 756 467 805 tem
500 750 622 803 hac
655 750 796 804 ratio
828 750 904 804 sit
936 767 1092 805 mere
1124 749 1434 817 naturalis,
1467 767 1533 805 eo
1564 755 1760 806 tamen
1810 751 2004 806 acrius

352 841 617 895 ethnicos
675 840 989 911 pungebat,
1051 856 1165 912 quo
1244 839 1562 895 absurdius
1646 840 2007 911 objiciebant

354 929 718 986 Christianos
747 928 876 984 ideo
908 928 1243 1001 reipublicae
1271 946 1400 985 esse
1434 928 1696 1001 inutiles,
1730 930 1868 1002 quia
1898 932 2006 985 hoc

357 1017 630 1072 balneum
665 1020 840 1088 atque
896 1016 1112 1087 impias
1156 1016 1554 1083 caeremonias,
1610 1015 1755 1071 illud
1808 1019 2008 1073 subse-

353 1112 620 1178 quentes,
649 1106 1025 1162 meritissimo
1049 1106 1184 1177 jure
1217 1106 1520 1179 fugiebant
1549 1112 1606 1163 et
1630 1108 2008 1163 exsecraban-

354 1202 470 1251 tur.

429 1285 513 1340 Ad
538 1283 799 1340 liberalia
820 1283 1049 1351 deinde,
1072 1284 1189 1341 sive
1215 1285 1285 1340 ad
1310 1284 1433 1341 dies
1458 1286 1743 1358 ludosque
1782 1286 2008 1352 Libero,

360 1374 479 1430 sive
512 1373 754 1439 Baccho,
787 1372 1033 1440 dicatos,
1066 1373 1148 1428 sic
1190 1375 1432 1430 transit:
1466 1396 1495 1423 ‹‹
1527 1373 1650 1428 Non
1681 1374 1740 1429 in
1776 1374 2010 1446 publico

362 1461 729 1518 Liberalibus
751 1461 1057 1516 discumbo
1088 1483 1115 1512 »
1140 1462 1399 1532 (Tertull.
1432 1464 1732 1535 Apotoget.,
1766 1481 1890 1536 cap.
1920 1465 2011 1529 42,

363 1569 495 1627 pag.
530 1554 675 1624 492).
710 1553 1010 1607 Rationem
1042 1553 1115 1607 ab
1147 1569 1213 1608 eo
1244 1554 1292 1608 si
1345 1554 1627 1625 postules,
1668 1553 1780 1609 alio
1828 1554 1886 1608 in
1940 1554 2011 1609 li-

363 1644 467 1699 bro
500 1659 625 1698 eam
660 1642 753 1696 his
778 1641 971 1697 verbis
1002 1642 1200 1697 datam
1233 1642 1491 1698 videbis:
1536 1664 1565 1692 «
1597 1646 1741 1698 Cum
1791 1643 2011 1714 promi-

364 1748 501 1789 scue
531 1730 652 1786 ludi
688 1729 975 1786 Liberalia
1002 1730 1656 1797 vocarentur,honorem
1691 1731 1875 1786 Liberi
1911 1749 2009 1803 pa-

362 1823 469 1877 tris
502 1820 871 1876 manifestata
902 1820 1205 1875 sonabant.
1266 1820 1469 1875 Libero
1523 1820 1676 1875 enim
1713 1839 1746 1875 a
1777 1820 2015 1875 rusticis

362 1912 550 1984 primo
580 1912 819 1976 ﬁebant,
851 1910 923 1965 ob
958 1910 1305 1966 beneficium
1340 1911 1494 1982 quod
1545 1912 1593 1965 ei
1648 1912 2013 1981 adscribunt,

364 2003 765 2058 demonstrata
793 1999 981 2072 gratia
1008 1999 1127 2053 vini
1163 1999 1422 2070 »(Idem,
1483 1999 1548 2054 de
1594 1999 1834 2069 Spectac.
1886 2016 2013 2069 cap.

362 2093 439 2163 5).
475 2094 600 2157 Qua
648 2089 718 2144 de
777 2105 837 2144 re
892 2105 1007 2143 non
1065 2088 1244 2143 semel
1305 2089 1543 2160 quidem
1604 2088 2015 2144 disseruimus.

364 2179 650 2244 Quoniam
683 2194 819 2249 ergo
852 2177 972 2232 haec
1005 2178 1150 2232 festa
1180 2177 1385 2233 1083
1419 2178 1475 2231 in
1515 2176 1644 2232 falsi
1688 2178 1780 2232 Dei
1831 2176 2017 2231 hono-

369 2284 513 2338 rem,
545 2284 659 2323 non
692 2267 818 2322 sine
847 2266 1189 2321 idololatriae
1242 2266 1491 2338 aliisque
1531 2283 1595 2321 ac
1642 2266 2018 2337 potissimum

370 2355 623 2428 crapula:
674 2360 732 2411 et
774 2354 1074 2411 ebrietatis
1122 2355 1493 2424 criminibus,
1546 2355 2017 2424 celebrabantur,

371 2462 607 2502 summo
629 2445 979 2500 Christianis
1011 2449 1176 2499 erant
1208 2444 1459 2499 horrori.
1509 2444 1753 2499 Addidit
1804 2448 2023 2497 Auctor

372 2540 617 2590 noster:
656 2556 676 2583 α
713 2533 839 2589 Νοη
872 2534 930 2587 in
986 2532 1217 2603 publico
1270 2531 1634 2587 Liberalibus
1685 2531 2020 2593 discumbo,

374 2627 529 2699 quod
563 2623 857 2679 bestiariis
890 2638 1235 2694 supremum
1269 2621 1639 2677 ccenantibus
1692 2638 1819 2676 mos
1874 2623 1963 2675 est
1995 2641 2024 2668 »

372 2716 579 2787 (Idem,
610 2712 909 2782 Apotoget.,
952 2710 1062 2765 loc.
1095 2710 1241 2777 cit.).
1275 2710 1368 2764 Sic
1416 2714 1613 2765 autem
1661 2708 1912 2781 legimus
1964 2708 2025 2761 in

372 2802 776 2873 manuscripto
815 2804 1095 2867 Puteano,
1158 2805 1217 2854 et
1265 2798 1454 2870 primo
1512 2797 1872 2864 Colbertino;
1924 2796 2024 2852 sed

374 2895 431 2949 in
467 2892 754 2948 Harleano
786 2894 843 2946 et
872 2889 1202 2945 Colbertino
1235 2890 1518 2959 secundo,
1576 2904 1909 2960 supremam.
1962 2887 2029 2941 At

376 2983 597 3039 Junius
640 2980 925 3052 scriptum
972 2978 1330 3051 suspicatur,
1386 2978 1484 3033 sub
1540 2980 1822 3050 primam;
1890 2974 2030 3047 quia

380 3072 666 3138 bestiarii,
692 3072 764 3126 de
785 3070 1002 3142 quibus
1026 3074 1197 3125 antea
1223 3069 1475 3141 egimus,
1511 3068 1775 3136 meridie,
1807 3066 2021 3138 inquit,

378 3162 697 3218 certabant.
735 3160 1095 3232 Bulengerus
1127 3175 1260 3215 vero
1293 3159 1440 3214 hanc
1484 3158 1879 3229 conjecturam
1912 3172 2026 3211 non
2060 3142 2103 3210 C

382 3254 510 3309 sine
543 3251 664 3307 risu
697 3250 826 3307 ideo
859 3249 1118 3321 explodit
1144 3248 1410 3321 (Buleng.
1446 3248 1545 3304 lib.
1576 3249 1652 3304 de
1681 3250 1868 3303 Vertat.
1900 3249 2033 3302 circ.

384 3359 511 3413 cap.
545 3341 658 3409 34),
693 3340 830 3410 quia
860 3337 1123 3394 bestiarii
1158 3355 1271 3393 non
1306 3337 1497 3393 solum
1535 3336 1777 3393 meridie
1811 3352 2038 3409 pugna-

385 3433 549 3498 bant,
581 3430 682 3486 sed
718 3434 977 3499 tempore
1008 3428 1186 3483 etiam
1219 3428 1531 3484 matutino.
1565 3426 1713 3491 Quid
1746 3425 1901 3481 enim
1948 3424 2040 3479 his

384 3519 649 3576 Suetonii
704 3519 776 3573 de
834 3516 1074 3573 Claudio
1126 3516 1478 3588 imperatore
1527 3515 1719 3571 verbis
1785 3513 2038 3570 clarius:

389 3632 417 3662 ‹‹
450 3605 751 3665 Bestiariis
800 3604 1263 3675 meridianisque
1314 3605 1459 3659 adeo
1513 3603 1931 3671 delectabatur,
1978 3605 2045 3656 ut

387 3699 559 3754 etiam
595 3698 784 3769 prima
814 3695 943 3752 luce
973 3695 1045 3749 ad
1080 3693 1479 3765 spectaculum
1539 3692 1937 3760 descenderet,
1989 3694 2047 3746 et

389 3785 637 3841 meridie
668 3786 734 3840 ad
771 3783 1086 3855 prandium
1120 3782 1368 3837 dimisso
1400 3781 1635 3853 populo,
1658 3780 1988 3852 persederet
2015 3802 2036 3831 ι

391 3877 650 3948 (Sueton.
686 3872 788 3929 lib.
821 3890 878 3943 v,
910 3875 965 3927 in
999 3873 1116 3928 Vita
1166 3872 1360 3927 ()Iaud.
1395 3872 1422 3940 §
1451 3872 1564 3941 34).
1615 3874 1830 3924 Seneca
1873 3884 2042 3923 vero:

400 3969 611 4020 utilene
642 3963 911 4019 leonibus
946 3967 1002 4018 et
1036 3962 1190 4017 ursis
1222 3960 1514 4027 homines,
1547 3959 1791 4015 meridie
1824 3962 2048 4030 specta-

395 4055 622 4109 toribus
655 4052 779 4107 suis
809 4051 1170 4122 objiciuntur
1201 4072 1229 4099 »
1261 4050 1472 4123 (Senec.
1508 4049 1679 4120 epist.
1702 4048 1792 4113 70,
1818 4064 1871 4119 p.
1898 4045 2046 4117 295).

396 4142 577 4197 Visne
607 4146 663 4196 et
693 4140 808 4194 alia
840 4156 954 4194 non
988 4138 1186 4193 minus
1216 4138 1525 4210 perspicua
1545 4136 1703 4192 illius
1725 4134 2047 4191 verba?En

402 4232 520 4287 haec
552 4230 681 4302 ipsa
712 4232 887 4284 sunt:
926 4246 947 4276 ι
980 4230 1123 4282 Casu
1149 4227 1206 4281 in
1231 4226 1623 4281 meridianum
1647 4223 2050 4298 spectaculum

398 4320 602 4387 incidi,
632 4318 803 4374 lusus
834 4320 1271 4390 exspectans....
1307 4315 1470 4371 Mane
1500 4314 1790 4384 leonibus,
1822 4314 2052 4371 etursis

398 4407 689 4474 homines,
724 4404 969 4461 meridie
1011 4403 1442 4476 spectatoribus
1492 4402 1617 4458 suis
1669 4401 2050 4473 objiciuntur.

2114 590 2279 640 nam;
2330 573 2467 645 quia
2527 571 2807 643 postridie
2856 586 2991 625 cum
3052 568 3183 623 aliis
3243 569 3609 641 gladiatoriis
3667 576 3767 626 aut

2112 660 2315 715 bestiis
2349 659 2690 731 pugnaturi,
2730 675 2924 713 necem
2962 658 3177 729 potius,
3228 675 3403 729 quam
3460 660 3763 715 victoriam

2114 764 2348 820 sperare
2376 750 2685 804 debebant.
2725 748 2947 802 Etenim
2997 750 3384 817 pugnantium,
3421 747 3590 802 sicuti
3644 766 3766 804 mo-

2116 838 2350 908 netjam
2381 837 2657 893 laudatus
2690 838 2927 905 Seneca,
2989 837 3169 891 exitus
3216 852 3361 892 mors
3412 843 3492 892 est
3540 838 3765 907 (Senec.

2115 927 2286 998 epist.
2318 929 2374 995 7,
2408 945 2459 999 p.
2496 930 2640 999 173).
2674 929 2731 982 Si
2766 927 2864 999 qui
2914 926 3209 982 enimvero
3258 927 3391 982 inde
3442 926 3768 982 incolumes

2116 1016 2458 1081 evadebant,
2486 1016 2589 1071 hoc
2617 1022 2811 1071 tamen
2842 1032 3075 1086 sperare
3126 1032 3239 1069 non
3274 1015 3425 1080 ausi,
3454 1032 3769 1086 supremam

2118 1121 2340 1160 comam
2368 1105 2553 1176 pridie
2579 1122 2639 1159 se
2658 1121 2893 1176 carpere
2916 1105 3376 1159 arbitrabantur.
3401 1107 3485 1159 Ab
3531 1110 3767 1160 auctore

2119 1211 2290 1267 porro
2321 1196 2593 1250 Actorum
2630 1195 2731 1250 SS.
2782 1195 3075 1264 Perpetua:
3125 1200 3181 1248 et
3232 1195 3549 1250 Felicitatis
3595 1194 3767 1249 disci-

2122 1300 2254 1338 mus
2309 1282 2460 1339 hanc
2510 1299 2735 1339 coenam
2781 1282 3017 1337 liberam
3061 1281 3325 1349 vocitari,
3377 1282 3534 1336 haud
3593 1281 3768 1336 dubie

2121 1372 2259 1443 quia
2288 1371 2622 1428 lautissima
2651 1376 2792 1439 erat,
2819 1388 2884 1426 ac
2901 1370 3251 1442 gladiatores
3271 1370 3415 1426 cibis
3442 1372 3510 1426 ad
3536 1370 3769 1426 libitum

2121 1462 2405 1532 appositis
2438 1478 2563 1516 sese
2594 1460 3054 1532 ingurgitabant.

2192 1550 2508 1606 Christiani
2543 1567 2677 1623 ergo
2712 1550 2978 1621 publicas
3010 1548 3144 1604 illas
3184 1565 3378 1604 omnes
3434 1548 3639 1604 merito
3690 1565 3779 1604 re-

2122 1639 2481 1711 pudiabant;
2536 1644 2738 1710 utpote
2785 1656 2911 1709 qua:
2964 1639 3018 1693 in
3072 1637 3279 1692 Bacchi
3332 1639 3638 1705 honorem,
3708 1653 3773 1693 ac

2123 1729 2583 1800 intemperanter
2614 1728 2925 1783 dabantur.
2960 1726 3199 1782 Nullum
3236 1734 3429 1782 tamen
3491 1728 3774 1782 damnum

2125 1819 2300 1873 rebus
2334 1817 2583 1890 publicis
2618 1818 2752 1872 inde
2804 1817 3134 1872 accedebat.
3188 1816 3331 1871 Nam
3384 1817 3484 1871 ubi
3528 1817 3643 1884 ubi,
3692 1817 3775 1871 sic

2123 1907 2520 1963 Tertullianus
2580 1907 2903 1979 quemlibet
2950 1905 3249 1960 ethnicum
3310 1905 3645 1976 alloquitur,
3710 1905 3775 1960 de

2124 1999 2298 2068 copiis
2327 1999 2437 2051 tuis
2467 2012 2638 2067 caeno,
2675 1997 2730 2050 id
2766 2001 2873 2062 est,
2907 1994 3074 2061 cibis,
3132 2012 3280 2066 quos
3311 2011 3343 2050 a
3371 1994 3491 2049 tuis
3545 1993 3778 2066 gentili-

2124 2084 2282 2140 libus
2348 2085 2407 2140 in
2452 2102 2797 2157 quocunque
2841 2084 3074 2157 publico
3122 2084 3246 2140 loco
3295 2084 3454 2141 talsis
3504 2085 3614 2141 diis
3659 2102 3774 2141 non

2129 2179 2492 2240 consecrato,
2525 2190 2716 2230 emere
2745 2174 3041 2229 consuevi.

2734 2340 3050 2379 ARTICULUS
3089 2340 3149 2379 III
3162 2366 3173 2379 .

2132 2432 2303 2501 Quam
2337 2432 2540 2486 insulse
2570 2432 2773 2486 ethnici
2802 2431 3098 2501 objicerent
3135 2431 3475 2485 Christianos
3499 2430 3616 2483 ideo
3666 2432 3779 2484 rei-

2196 2504 2436 2575 publicae
2467 2503 2670 2558 I084
2698 2504 3001 2572 fructuosos
3050 2518 3160 2556 non
3212 2519 3345 2571 esse,
3385 2503 3513 2572 quia
3554 2518 3780 2575 coronas

2204 2593 2313 2629 non
2370 2577 2644 2638 emebant,
2705 2575 2773 2628 ad
2826 2574 3131 2644 spectacula
3187 2590 3297 2628 non
3364 2574 3777 2639 conveniebant,

2206 2648 2371 2702 thura
2399 2663 2505 2702 non
2539 2646 2940 2712 mercabantur,
2977 2647 3192 2700 tametsi
3218 2647 3379 2717 plura
3408 2661 3471 2700 ac
3500 2647 3780 2715 chariora,

2205 2735 2239 2772 α
2279 2718 2486 2775 Sabaeis
2521 2723 2719 2788 empta,
2753 2719 2813 2771 in
2851 2722 3198 2772 mortuorum
3251 2718 3587 2787 sepulturam
3634 2718 3784 2771 insu-

2206 2797 2441 2857 merent,
2476 2806 2640 2862 quam
2669 2789 2899 2861 gentiles
2929 2789 2997 2844 ad
3026 2788 3149 2844 deos
3176 2804 3299 2843 suos
3327 2790 3710 2860 fumigandos.

2208 2924 2502 2994 Frequens
2533 2922 2733 2995 procul
2762 2922 2941 2977 dubio
2981 2927 3105 2977 erat
3132 2921 3475 2977 Tertulliani
3528 2927 3793 2993 tempore

2139 3029 2483 3069 coronarum
2520 3029 2700 3067 usus:
2737 3012 3211 3083 quandoquidem
3247 3010 3463 3066 ethnici
3500 3012 3569 3067 de
3630 3009 3729 3066 illo
3762 3028 3795 3065 a

2140 3102 2489 3158 Christianis
2536 3103 2769 3171 rejecto,
2834 3107 3113 3172 tanquam
3188 3116 3401 3171 magno
3462 3099 3794 3172 reipublicae

2148 3193 2385 3260 damno,
2419 3189 2844 3262 querimoniam
2904 3187 3263 3259 singularem
3318 3189 3630 3244 habebant.
3683 3194 3798 3246 Ve-

2149 3298 2280 3337 rum
2314 3279 2553 3336 cuilibet
2583 3278 2815 3335 ethnico
2842 3278 2924 3333 sic
2957 3277 3051 3335 ille
3109 3279 3461 3348 respondet:
3514 3280 3628 3335 Non
3678 3296 3799 3336 emo

2148 3370 2318 3440 capiti
2338 3384 2635 3429 coronam;
2688 3368 2787 3422 sed
2842 3368 2976 3437 quid
3025 3375 3120 3421 tua
3170 3368 3442 3421 interest?
3491 3368 3798 3433 Quodnam

2150 3458 2304 3514 enim
2352 3458 2487 3512 inde
2518 3457 2693 3511 rebus
2742 3454 2996 3527 publicis
3048 3455 3514 3509 detrimentum?
3560 3455 3800 3511 Nullum

2150 3547 2340 3619 plane.
2374 3546 2598 3618 Emptis
2638 3544 2928 3616 siquidem
2964 3543 3206 3597 floribus
3234 3548 3387 3611 utor,
3435 3544 3629 3615 inquit
3681 3544 3803 3609 ille,

2153 3638 2251 3693 sed
2287 3637 2377 3703 iis,
2413 3640 2477 3690 ut
2502 3637 2653 3707 pulo,
2686 3636 2907 3704 gratius
2938 3634 3129 3688 liberis
3158 3636 3207 3688 et
3227 3635 3445 3700 solutis,
3478 3638 3531 3689 et
3554 3635 3802 3705 undique

2152 3728 2309 3796 vagis
2338 3724 2598 3798 (Tertull.
2628 3726 2929 3795 Apologet.,
2981 3724 3152 3792 c.142,
3187 3740 3241 3794 ρ.
3292 3724 3439 3793 493),
3491 3740 3596 3778 nec
3644 3740 3810 3778 com-

2154 3816 2339 3886 pactis
2372 3815 2430 3869 in
2462 3830 2758 3869 coronam.
2786 3812 2996 3869 Nullus
3017 3813 3231 3883 quippe
3253 3811 3499 3882 capillis,
3527 3813 3628 3867 sed
3652 3812 3814 3867 nari-

2155 3905 2266 3959 bus
2296 3907 2525 3957 tantum
2559 3903 2701 3957 odor
2730 3901 2939 3957 florum
2972 3900 3311 3971 percipitur.
3344 3900 3460 3955 Nos
3498 3914 3632 3955 vero
3684 3900 3805 3955 haec

2154 3992 2347 4048 fusius
2379 3991 2672 4063 prosecuti
2707 4008 2915 4045 sumus
2948 3990 3006 4044 in
3053 3988 3169 4045 alia
3216 3988 3653 4055 dissertatione,
3705 3988 3807 4044 ubi

2159 4085 2433 4154 praeterea
2462 4079 2828 4135 ostendimus
2860 4079 2989 4134 ideo
3022 4076 3429 4149 hujuscemodi
3450 4092 3804 4133 coronarum

2158 4186 2336 4227 usum
2368 4187 2401 4225 a
2429 4168 2776 4224 Christianis
2810 4170 3113 4239 rejectum.
3149 4167 3287 4236 quia
3317 4183 3484 4222 suam
3514 4166 3587 4221 ab
3618 4164 3805 4221 idolo-

2159 4258 2332 4316 latria
2360 4261 2615 4315 traxerat
2645 4257 2930 4330 originem
2972 4258 3293 4329 (Dissertat.
3337 4256 3397 4310 in
3441 4254 3642 4310 Minue.
3675 4270 3807 4326 cap.

2164 4351 2251 4416 13,
2282 4352 2391 4405 art.
2426 4350 2508 4421 3).

2234 4440 2526 4513 Urgebant
2554 4437 2771 4495 ethnici
2803 4436 3169 4493 Christianos
3204 4451 3415 4507 magno
3467 4433 3804 4507 reipublicaa

401 4500 559 4601 1?“?
566 4498 812 4601 {Pompei}.
840 4600 845 4601 ί
876 4495 991 4601 813.,
1024 4492 1777 4601 lPte,’_f?,ctf’ri81‘11???“
1797 4491 2053 4601 "f’l’ji‘fE
2081 4509 2128 4576 D
2160 4491 2986 4601 mmeopublicivsspectaculis
3019 4544 3131 4582 non
3157 4491 3506 4581 interfuisse
3544 4491 3809 4594 (Tertull.

401 4592 459 4642 et
490 4586 765 4641 victorem
798 4583 857 4637 in
891 4582 1065 4637 aliam
1124 4581 1390 4637 detinent
1438 4584 1684 4635 mortem
1721 4602 1747 4630 ››
1796 4580 1939 4652 (Lib.
1990 4595 2053 4636 ιιι

404 4677 479 4732 de
507 4677 621 4744 Ira,
656 4690 781 4743 cap.
824 4672 913 4739 43,
950 4688 1081 4744 pag.
1112 4671 1267 4740 583).
1303 4671 1528 4726 Rursus
1579 4669 1751 4725 alibi:
1808 4691 1829 4718 ι

406 4766 469 4820 in
528 4764 666 4818 ludo
718 4761 1130 4817 bestiariorum
1179 4776 1335 4816 unus
1366 4758 1733 4815 eGermanis
1783 4774 1917 4813 cum
1983 4756 2055 4812 ad

409 4852 703 4910 matutina
759 4849 1093 4922 spectacula
1144 4852 1471 4921 pararetur,
1516 4847 1818 4903 secessit»
1851 4847 2055 4918 (Idem,

411 4943 585 5015 epist.
615 4942 669 5009 7,
725 4956 854 5013 pag.
893 4941 994 4994 172
1023 4944 1080 4995 et
1112 4939 1257 5010 173).
1292 4937 1550 5008 Denique
1579 4935 1682 4991 illa
1725 4953 1829 4992 nec
1876 4933 2057 4991 semel

413 5032 651 5105 quidem
683 5035 849 5085 vocat
892 5031 1168 5085 matutina
1213 5042 1407 5083 arente
1452 5026 1764 5097 spectacula
1806 5025 1893 5097 (de
1939 5029 2055 5090 Ira,

413 5142 542 5195 cap.
576 5123 663 5192 43,
714 5138 845 5193 pag.
892 5121 1039 5186 583).
1088 5118 1203 5173 Nec
1252 5116 1491 5173 difficile
1541 5117 1687 5172 foret
1729 5116 1843 5171 huc
1891 5114 2061 5187 plura

414 5210 530 5268 alia
563 5224 907 5282 congerere:
943 5207 1042 5262 sed
1064 5204 1201 5278 quia
1229 5205 1351 5261 haec
1384 5204 1705 5273 sufﬁciunt,
1730 5202 1877 5259 nihil
1900 5202 2059 5259 aliud

417 5301 726 5365 addemus,
759 5297 873 5354 nisi
902 5298 1011 5353 hoc
1040 5295 1324 5351 Martialis
1354 5311 1623 5351 carmen:

764 5450 822 5564 In?
856 5449 1117 5523 matutina
1136 5459 1314 5510 nuper
1342 5448 1613 5509 spectatus
1633 5457 1797 5496 arena

821 5527 992 5563 ucius.

821 5527 992 5563 1101118.

1147 5607 1398 5675 (Martial.
1426 5606 1519 5659 lib.
1549 5620 1603 5671 x,
1635 5605 1801 5671 epigr.
1830 5607 1939 5671 85.)

2162 4619 2272 4676 Ioc.
2308 4620 2452 4691 cit.).
2484 4619 2714 4673 Grande
2765 4616 2988 4672 scilicet
3027 4614 3250 4671 malum
3295 4619 3419 4670 erat
3464 4630 3532 4669 ea
3590 4615 3812 4686 iugere,

2164 4725 2290 4782 qua)
2321 4706 2716 4763 Tertullianus
2750 4706 2861 4762 alio
2892 4705 2951 4760 in
2982 4704 3131 4760 libro
3164 4707 3289 4761 orta
3319 4718 3447 4759 esse
3498 4703 3707 4774 probat
3752 4700 3818 4758 de

2164 4802 2323 4855 reatu
2352 4797 2604 4869 generali
2631 4796 2965 4852 idololatriae
3024 4794 3317 4850 Genitricis
3362 4809 3476 4849 sua:
3525 4792 3705 4864 (Idem
3751 4791 3817 4848 de

2166 4888 2434 4960 Spectac.,
2469 4903 2598 4958 cap.
2629 4887 2708 4957 7).
2742 4885 2889 4940 Aliis
2941 4890 3138 4939 autem
3198 4884 3256 4938 in
3302 4881 3815 4939 dissertationibus

2168 4975 2577 5032 annotavimus
2607 4973 2729 5030 haec
2761 4972 3099 5046 spectacula
3130 4988 3242 5027 non
3279 4971 3402 5028 solo
3450 4970 3815 5038 idololatria,

2169 5067 2270 5122 sed
2295 5064 2561 5138 pluribus
2580 5063 2711 5119 aliis
2744 5064 2934 5119 adhuc
2951 5062 3327 5134 coinquinata
3352 5062 3531 5117 fuisse
3554 5060 3817 5117 crimini-

2169 5155 2303 5220 bus,
2336 5171 2459 5225 quaa
2490 5152 2806 5209 Christiani
2842 5170 2952 5207 non
2989 5168 3158 5207 secus
3190 5168 3256 5207 ac
3274 5156 3497 5223 pestem
3522 5150 3817 5223 publicam

2165 5244 2297 5314 jure
2330 5243 2534 5298 merito
2588 5242 2908 5314 fugiebant.
2960 5243 3096 5306 Quae
3148 5256 3284 5313 ergo
3340 5240 3475 5295 inde
3521 5239 3660 5295 boni
3711 5254 3817 5308 pu-

2170 5332 2305 5388 blici
2333 5332 2611 5403 jactura?
2660 5331 2868 5403 Magna
2915 5331 3175 5402 quidem,
3233 5329 3579 5402 inquiebant
3626 5325 3818 5399 genti-

2168 5420 2274 5478 les.
2325 5422 2388 5477 In
2420 5421 2660 5493 longum
2712 5421 3008 5477 enimvero
3054 5425 3290 5492 tempus
3344 5415 3677 5491 spectacula
3717 5415 3820 5471 illa

2171 5511 2666 5584 producebantur,
2702 5515 2871 5582 atque
2919 5509 3136 5566 idcirco
3180 5513 3540 5581 spectatores
3589 5505 3646 5561 in
3694 5521 3819 5561 am-

2173 5599 2491 5675 phitheatri
2541 5600 2705 5659 aditu
2758 5599 2929 5674 plura
2984 5598 3316 5657 eduliorum
3373 5596 3649 5654 emebant
3716 5592 3815 5669 ge-
