4134 6184
453 273 605 333 1183
1008 272 1535 333 TERTULLIANI
1580 273 1900 336 OPEBUM
1948 275 2085 334 PAF

2191 272 2238 334 ι.
2271 306 2349 320 -
2379 274 2655 337 sumas
2700 278 2746 346 ι,
2793 254 3355 338 APOLOGETICA.
3667 280 3795 340 usi

452 421 612 473 nera,
645 404 861 476 quibus
913 409 1151 476 possent
1202 404 1501 461 interdum
1550 406 1728 461 refici.
1779 405 2093 463 Christiani
2125 409 2178 475 Α
2211 407 2379 463 nobis
2412 425 2645 479 quoque
2693 408 2937 480 insuper
2975 408 3047 463 ad
3097 407 3303 463 solatia
3352 406 3643 479 sepultum
3688 412 3800 465 usui

448 492 647 563 itaque
678 492 872 549 nullos
904 493 1073 564 plane
1106 493 1397 548 faciebant
1426 494 1768 565 hujusmodi
1801 501 2096 566 sumptus.
2210 501 2354 552 sunt
2386 521 2413 547 »
2445 498 2651 566 (Idem,
2684 498 2749 554 de
2774 499 2998 562 idolol.,
3035 514 3157 569 cap.
3203 496 3307 569 11).

521 586 630 641 Sed
656 585 706 640 si
738 585 907 653 nihil,
942 584 1139 656 inquit
1166 585 1586 658 Tertullianus,
1619 587 1697 641 ibi
1745 603 2096 655 mercamur,
2278 586 2435 654 Esto,
2470 592 2675 659 arguet
2714 587 2953 658 aliquis,
3008 604 3073 643 ac
3124 586 3443 642 meridiana
3474 586 3589 641 luce
3617 585 3799 642 clarius

449 697 478 725 «
511 674 645 738 Qum
676 679 875 731 tamen
907 676 1062 746 apud
1096 674 1227 730 illos
1260 684 1443 731 ccetus
1474 677 1873 748 venditantur,
1905 677 1955 733 si
2005 678 2101 733 de-
2210 675 2675 731 demonstratum
2709 677 2996 732 habeatur
3025 676 3381 731 Christianos
3405 692 3533 730 usos
3556 675 3715 730 fuisse
3742 678 3798 730 ad

447 764 798 829 sideravero,
849 764 1130 821 libentius
1177 768 1247 821 de
1298 768 1549 838 propriis
1595 767 1738 823 locis
1800 785 2032 823 sumam
2067 790 2095 818 »
2207 764 2544 837 sepelienda
2570 771 2937 822 mortuorum
2969 782 3212 838 corpora
3250 766 3445 820 Sabaeo
3492 764 3665 833 thure,
3708 782 3800 818 ρεθ-

449 853 713 924 (Tertull.
764 855 1063 925 Apologet.,
1123 872 1248 923 cap.
1300 858 1387 925 42,
1439 874 1566 927 pag.
1624 857 1771 927 493).
1821 857 2096 921 Quaedam
2208 858 2466 910 terorum
2499 856 2761 911 omnium
2796 855 3260 927 pretiosissimo;
3296 853 3569 925 numquid
3602 853 3799 908 Tertul.

448 940 703 1013 antiquae
734 943 1040 1006 editiones,
1083 960 1275 998 sumo:
1328 945 1451 999 alia:
1502 947 1765 1018 quaedam
1818 945 2096 1001 recentio-
2205 942 2401 1000 lianus
2432 960 2647 1017 magna
2677 945 2803 1001 sine
2842 944 3157 1017 hyperbole
3203 959 3457 999 asserere
3507 944 3676 1014 potuit
3712 946 3798 996 Sa-

446 1046 561 1099 res,
592 1040 896 1087 sumentur.
934 1032 1142 1089 Melius
1174 1032 1232 1088 in
1269 1036 1487 1090 nostris
1540 1036 1839 1091 codicibus
1884 1040 1941 1091 et
1993 1051 2098 1090 eaa—
2205 1032 2359 1088 binos
2386 1033 2576 1089 thuris
2608 1034 2698 1089 sui
2729 1050 2931 1089 merces
2959 1034 3136 1107 pluris
3164 1044 3216 1090 et
3247 1033 3509 1089 charioris
3555 1033 3618 1087 ad
3662 1031 3798 1086 Chri-

444 1121 584 1176 teris
616 1121 994 1189 editionibus,
1022 1140 1256 1178 sumam.
1291 1124 1448 1179 Nihil
1498 1142 1633 1197 ergo
1683 1126 1751 1180 de
1798 1126 1950 1180 bono
1997 1142 2098 1196 pu-
2202 1124 2531 1180 stianorum
2564 1124 2928 1196 sepulturam
2959 1124 3310 1193 vendidisse,
3344 1140 3515 1195 quam
3562 1124 3797 1195 gentibus

447 1212 598 1269 blico
623 1215 1019 1287 deperditum,
1053 1217 1100 1269 si
1133 1216 1442 1271 Christiani
1477 1218 1608 1273 aliis
1653 1218 1828 1273 licitis
1879 1218 1988 1273 sibi
2034 1218 2092 1272 in
2206 1214 2272 1270 ad
2310 1215 2447 1269 deos
2478 1232 2615 1271 suos
2646 1214 3285 1286 fumigandos7Nonne
3309 1212 3561 1285 plurimi,
3585 1212 3798 1284 inquiet,

447 1302 592 1358 locis
624 1320 690 1357 ea
734 1305 1026 1371 emebant,
1069 1322 1193 1375 quea
1238 1308 1389 1378 apud
1432 1307 1801 1363 ethnicorum
1858 1307 2094 1363 illicitos
2203 1304 2450 1375 gentiles
2481 1304 2619 1359 thus
2650 1306 2903 1359 sabaaum
2938 1303 3105 1374 plena
3139 1304 3489 1374 prodigaque
3520 1320 3681 1357 manu
3706 1302 3799 1357 diis

448 1395 633 1447 cmtus
662 1393 1137 1448 venditabantur.
2202 1394 2328 1449 suis
2360 1393 2796 1449 incendebant?
2826 1394 2933 1447 Sed
2966 1394 3065 1463 qui
3099 1392 3220 1447 haec
3267 1392 3592 1462 objectabit,
3634 1391 3680 1446 is
3722 1392 3798 1445 edo

518 1483 673 1539 Nihil
707 1486 901 1553 etiam,
937 1487 1219 1559 quidquid
1255 1489 1445 1545 adhuc
1479 1489 1652 1546 iidem
1686 1496 2091 1556 causarentur,
2200 1489 2424 1539 vertero
2457 1483 2628 1539 debet
2660 1483 2765 1538 hos
2795 1482 2926 1538 aliis
2957 1481 3198 1538 ditiores
3231 1482 3433 1548 fuisse,
3462 1486 3520 1538 et
3542 1480 3696 1552 longe
3716 1480 3799 1535 mi-

447 1572 780 1646 reipublicze
814 1576 1055 1648 deperit,
1098 1578 1146 1632 si
1192 1578 1385 1647 thura,
1438 1580 1628 1652 inquit
1672 1580 2088 1647 Tertullianus,
2200 1574 2329 1628 nori
2362 1589 2626 1641 numero,
2658 1590 2833 1645 quam
2868 1570 3058 1627 οωῐϐτί
3112 1571 3505 1643 ραιιρθτίοτθε,
3553 1572 3644 1636 (illi
3684 1570 3797 1625 thus

445 1679 561 1719 non
588 1665 805 1719 eminus
837 1665 1041 1737 (Ibid),
1077 1683 1203 1737 quae
1242 1667 1459 1723 ethnici
1513 1668 1675 1723 falsis
1735 1668 1847 1724 diis
1897 1667 2092 1724 adole-
2201 1661 2513 1717 adolebant
2542 1665 2643 1716 aut
2671 1661 2861 1717 tribus
2891 1666 3123 1716 tantum
3152 1661 3376 1733 digitis,
3418 1664 3517 1715 aut
3544 1660 3702 1714 unius
3727 1676 3799 1714 as-

446 1752 611 1808 bant.
643 1753 788 1809 Nam
822 1754 879 1808 id
912 1754 1081 1809 nobis
1112 1755 1351 1811 omnino
1383 1757 1624 1813 vetitum
1662 1762 1803 1825 erat,
1866 1757 2087 1812 thuris-
2116 1785 2164 1849 B
2200 1751 2303 1815 sis,
2338 1750 2836 1849 quemadmodum
2870 1750 3024 1849 infra
3053 1749 3282 1848 dicetur
3328 1749 3527 1848 (Infra,
3573 1749 3795 1849 cap..29,

443 1858 555 1912 que
586 1842 836 1913 pretium
870 1844 1067 1899 minus
1090 1849 1236 1913 erat,
1269 1862 1444 1918 quam
1480 1846 1695 1901 ethnici
1724 1848 1793 1902 de
1826 1846 1932 1901 hoc
1985 1846 2082 1900 de-
2116 1836 2163 1849 ”
2194 1846 2303 1895 art.
2335 1842 2411 1910 2).
2445 1844 2518 1893 At
2548 1839 2667 1893 haec
2700 1855 2853 1906 vero,
2888 1838 3322 1894 observavimus
3356 1838 3627 1907 majorem
3649 1836 3798 1892 fuisse

438 1928 712 1985 trimento
772 1932 1049 2003 conqueri
1128 1950 1388 2004 unquam
1460 1935 1784 1991 debuerint.
1854 1932 2082 1990 Etenim
2192 1929 2658 1984 Christianorum
2719 1928 3181 1995 multitudinem,
3261 1943 3442 1997 quam
3514 1925 3796 1992 gentilium.

437 2017 671 2085 Arabiae,
706 2020 895 2091 pergit
922 2019 1037 2087 ille,
1072 2022 1276 2093 potiori
1304 2024 1437 2094 jure
1495 2032 1813 2095 queruntur.
1863 2023 2080 2077 Verum
2191 2017 2505 2073 Christiani
2540 2017 2743 2088 igitur,
2777 2017 2826 2071 si
2858 2016 3029 2072 thure
3059 2017 3249 2072 sabaeo
3283 2022 3639 2071 mortuorum
3682 2030 3796 2069 con-

437 2106 487 2162 si
521 2124 647 2179 quas
678 2108 754 2163 sit
784 2109 1041 2165 Arabum
1073 2112 1143 2165 de
1174 2112 1435 2168 chariore
1467 2130 1573 2169 suo
1603 2114 1773 2169 thure
1806 2130 1921 2167 non
1944 2129 2081 2167 ven.
2192 2107 2431 2161 diebant
2460 2123 2725 2177 corpora,
2757 2106 2828 2160 ad
2861 2105 2969 2160 hoc
3002 2106 3231 2177 pietatis
3253 2106 3510 2160 ofﬁcium
3532 2103 3696 2160 Sabaei
3716 2104 3795 2157 de-

437 2196 557 2252 dito
589 2198 993 2270 qumrimonia,
1035 2202 1231 2269 scient,
1282 2202 1380 2272 ait,
1431 2202 1549 2259 sive
1598 2220 1699 2275 pro
1748 2203 1917 2258 nobis
1960 2218 2081 2257 res-
2194 2197 2408 2251 bebant
2466 2195 2636 2266 plura
2692 2194 2811 2249 illis
2868 2211 2977 2249 sua
3061 2195 3237 2250 thura
3308 2196 3575 2264 vendere,
3646 2210 3792 2265 quam

437 2288 816 2359 pondebunt:
854 2312 881 2339 ‹‹
913 2290 1093 2345 Sabaei
1131 2290 1313 2363 pluris
1346 2296 1400 2347 et
1431 2292 1712 2348 charioris
1743 2309 1881 2347 suas
1927 2307 2079 2347 mer-
2191 2284 2530 2357 gentilibus,
2585 2300 2835 2355 quorum
2892 2284 3143 2355 plurima
3192 2299 3329 2356 pars
3382 2300 3561 2356 pauca
3620 2282 3793 2337 admo-

437 2392 532 2431 ces
559 2376 909 2433 Christianis
967 2379 1318 2451 sepeliendis
1377 2381 1697 2454 profligari,
1742 2397 1918 2452 quam
1966 2378 2079 2433 diis
2190 2375 2332 2429 dum
2362 2372 2583 2428 vilioris
2637 2378 2695 2429 et
2754 2374 3085 2429 communis
3136 2389 3321 2445 grana
3362 2372 3475 2428 diis
3522 2371 3638 2428 suis
3680 2372 3794 2423 dare

437 2464 797 2536 fumigandis
831 2490 851 2519 υ
892 2466 1070 2538 (Ibid.)
1109 2472 1184 2524 De
1242 2468 1443 2525 Sabaeo
1501 2474 1695 2524 autem
1746 2468 1919 2523 thure
1962 2466 2082 2522 Vir-
2190 2466 2591 2519 consueverat.

440 2552 655 2626 gilius:

2794 2621 3111 2661 ARTICULUS
3151 2622 3226 2663 IV.

506 2688 685 2736 I086
715 2688 867 2738 India
895 2690 1055 2740 mittit
1082 2692 1215 2785 ebur
1245 2691 1430 2785 molles
1454 2691 1743 2785 suanthura
1764 2690 1957 2785 Sabaei:
2187 2718 2365 2785 Quam
2393 2714 2675 2768 immerito
2726 2712 2934 2768 ethnici
2986 2712 3471 2785 conquerebantur
3513 2708 3797 2785 templorum

1148 2772 1344 2835 (Virgil.
1376 2772 1514 2822 lib.1
1554 2773 1737 2835 Georg.
1775 2786 1823 2821 v.
1854 2773 1957 2827 57.)
2200 2772 2221 2785 “
2261 2802 2486 2839 suorum
2537 2785 2780 2854 vectigal;

2200 2772 2221 2785 ’
2261 2802 2486 2839 suorum
2537 2785 2829 2854 vectigalia
2885 2772 3115 2856 decoqui
3168 2801 3239 2840 ex
3317 2801 3425 2855 quo
3502 2772 3627 2837 orti.
3660 2782 3796 2836 erant

438 2875 507 2930 Et
538 2874 650 2930 alio
683 2876 741 2931 in
776 2875 926 2931 libro
959 2877 1028 2933 de
1064 2882 1319 2934 Venere:
2260 2856 3798 3000 5:333:33?n33,“ggoﬂmmegmfnimmigii:

654 3043 751 3081 .___.
820 3045 833 3056 .
861 3010 961 3081 Ubi
995 3011 1254 3081 templum
1287 3010 1381 3071 illi,
1416 3015 1739 3077 centumque
1772 3010 1943 3061 Sabeo
2261 2973 2286 3055 ἓ

2261 3002 2538 3081 solvebant
2571 3005 2749 3081 Δτιιηιςι
2777 3016 2963 3081 _cura,
3017 2973 3237 3081 quantis
3292 2973 3457 3081 dolis.
3491 3000 3590 3081 ab_
3628 2973 3798 3081 hisdem

680 3072 855 3121 Thura
886 3072 1061 3122 calent
1088 3069 1212 3123 arae.
1370 3069 1375 3071 ’
1654 3069 1669 3077 ’
2261 3073 2502 3128 ethnicis
2556 3072 2972 3142 fraudabanlur
2993 3069 3040 3127 :'
3070 3073 3349 3128 neminem
3424 3070 3487 3125 de
3548 3069 3800 3142 sterilitate

1241 3154 1424 3216 (Idem,
1449 3156 1537 3203 lib.
1570 3168 1587 3202 ι
1617 3154 1825 3204 Enna.
1857 3169 1906 3202 ν.
1944 3156 2076 3213 420.)
2109 3152 2152 3219 C
2262 3138 2699 3231 {.‘hristianorum
2728 3146 2993 3231 conqueri
3023 3146 3289 3231 potuisse,
3342 3146 3550 3231 prater
3595 3138 3799 3231 inflame

704 3266 716 3278 .
893 3268 903 3280 ,
1558 3271 1568 3282 ,
2122 3216 2151 3219 “
2261 3216 2496 3283 lenones,
2528 3217 2888 3287 perductores,
2920 3217 3253 3288 aquariolos,
3299 3217 3549 3281 sicarios,
3594 3226 3796 3266 venena-

434 3266 588 3331 Quos
620 3267 855 3337 qundem
890 3286 947 3323 1n
972 3286 1175 3325 versus
1206 3270 1327 3325 haec
1360 3288 1393 3325 a
1414 3272 1609 3326 Servno
1634 3274 1944 3326 notantur:
1979 3271 2077 3326 Sa-
2258 3290 2390 3354 rios,
2421 3304 2626 3356 magos,
2663 3290 2952 3358 aruspices,
3007 3289 3235 3352 arimos,
3281 3286 3797 3358 mathematicos)“

434 3353 542 3410 basi
595 3357 790 3427 populi
824 3366 950 3413 sunt
991 3362 1163 3429 juxta
1222 3359 1446 3431 Syriam
1496 3366 1549 3414 et
1602 3360 1884 3431 Arabiam,
1943 3360 2080 3416 dicti
2255 3362 2307 3414 si
2336 3353 2466 3431 quid
2493 3353 2636 3431 forte
2665 3353 2883 3414 malum
2911 3361 3227 3430 reipublicae
3255 3376 3295 3414 a
3323 3358 3645 3431 Christianis
3691 3353 3796 3408 illa-

430 3439 616 3499 διιὺωί
645 3442 753 3496 ἀπα
780 3447 875 3497 τοῦ
907 3427 1170 3517 σέϐεσθαι,
1204 3427 1347 3519 quod
1395 3447 1541 3519 apud
1590 3464 1675 3503 eos
1724 3427 2062 3503 thus'nasci-

2258 3427 2375 3519 ίῖέῖίι
2404 3437 2425 3500 Ι
2432 3427 2605 3499 κέναι,
2630 3432 2773 3487 illud
2800 3449 2923 3487 cum
2946 3427 3154 3502 faenore
3171 3432 3241 3487 ab
3264 3431 3380 3485 illis
3402 3427 3620 3485 aliunde
3639 3440 3795 3482 resar-

431 3532 542 3597 tur,
574 3547 678 3602 quo
708 3532 830 3587 deos
852 3506 1170 3604 placamus:
1213 3506 1226 3519 l
1431 3506 1441 3519 ι

813 3550 830 3587 ς
852 3506 1170 3604 placamus:
1213 3506 1226 3519 ι
1431 3506 1441 3519 ι
2256 3506 2445 3559 cuum“

502 3617 696 3688 Neque
728 3637 898 3691 porro
946 3622 1348 3678 Tertullianus
1392 3622 1571 3695 hujus
1622 3627 1853 3680 tantum
1904 3626 2078 3681 sabaei

2259 3645 2392 3709 Quae
2425 3643 2711 3699 hactenus
2763 3643 3095 3709 retulimus,
3144 3643 3529 3715 quantumvis
3575 3640 3713 3696 clara
3754 3640 3797 3688 et

430 3705 643 3805 ίξξξυτίεθ
670 3709 741 3763 de
764 3726 880 3805 (illo
910 3710 1324 3805 ΡῘΠΓᾏΫῙῨΙΑί-Πίυε
1366 3714 1812 3805 memoratlllbo
1853 3732 1905 3769 νι
1955 3717 2074 3770 Ναί·
2188 3705 2464 3788 om'nibus
2496 3733 2808 3805 perspicua
2837 3733 2976 3801 sint,
3010 3705 3124 3789 non
3158 3705 3479 3805 potuerunt
3501 3736 3678 3786 tamen
3706 3741 3794 3779 ce-

433 3798 591 3863 Hist.,
624 3813 749 3870 cap.
782 3800 871 3869 28,
907 3817 1037 3873 pag.
1070 3803 1220 3873 726),
1274 3818 1602 3858 sermonem
1657 3804 1813 3869 fecit,
1864 3805 1962 3860 sed
2008 3805 2065 3860 de

2187 3837 2284 3875 eos
2316 3822 2705 3892 comprimere
2745 3821 3112 3877 ethnicorum
3164 3822 3449 3893 impetus,
3499 3836 3599 3875 nec
3641 3815 3794 3871 etfre-

432 3884 585 3953 aliis,
630 3888 714 3942 uti
750 3904 819 3943 ex
850 3906 983 3944 mox
1012 3890 1275 3946 dicendis
1308 3891 1551 3963 patebit,
1614 3892 1790 3948 etiam
1841 3891 2064 3948 illorum

2187 3914 2395 3966 natum
2425 3910 2484 3964 in
2516 3910 2879 3966 Christianos
2920 3911 3177 3967 furorem
3209 3912 3595 3983 exstinguere.
3616 3905 3791 3974 Magno

432 3976 751 4049 menibus;
808 3994 913 4033 seu
964 3980 1348 4035 θνοωθιίδιιε·
1408 3981 1592 4036 Tanta
1640 3982 1937 4037 enimvero
2016 3980 2077 4036 in
2186 4000 2340 4054 enim
2366 3999 2557 4054 adhuc
2607 3999 2863 4054 clamore
2910 4000 3129 4071 ubique
3178 3976 3644 4055 vociferabantur
3686 3990 3792 4047 illos

431 4082 632 4123 eorum
666 4069 903 4141 regione
932 4074 1056 4126 erat
1086 4072 1292 4126 horum
1327 4072 1708 4140 abundantia,
1742 4076 1806 4127 ut
1853 4072 1948 4143 iis,
1997 4072 2063 4128 si-

2186 4087 2248 4143 in
2279 4087 2613 4161 reipublicae
2645 4092 2804 4144 ortos
2836 4104 2964 4145 esse
2994 4088 3332 4160 perniciem.
3388 4088 3469 4144 Ex
3516 4102 3623 4159 quo
3663 4080 3791 4137 enim

432 4157 548 4212 cuti
580 4159 787 4215 Strabo
819 4165 1016 4214 narrat
1046 4160 1172 4230 (lib.
1202 4177 1294 4216 xvr
1336 4159 1548 4232 Geogr.,
1598 4176 1729 4232 pag.
1774 4162 1924 4229 776),
1973 4178 2064 4233 prc

2186 4194 2388 4234 eorum
2420 4176 2622 4249 religio
2645 4176 2703 4233 in
2734 4178 3021 4233 mundum
3054 4176 3441 4233 disseminata
3461 4180 3548 4232 est
3569 4192 3582 4230 :
3607 4171 3792 4226 «Tem-

430 4248 767 4317 sarmentis,
827 4252 1004 4321 atque
1051 4249 1206 4321 ignis
1262 4249 1511 4305 faciendi
1560 4250 1827 4318 materia,
1872 4250 2062 4307 cinna-

2184 4267 2416 4340 plcrum
2448 4248 2807 4337 nostrorum,
2842 4266 3209 4339 inquiebant,
3240 4266 3545 4339 vectigalia
3574 4257 3795 4336 quotidie

433 4351 648 4405 mcmc,
682 4337 861 4405 casia,
896 4348 953 4395 et
992 4338 1123 4394 aliis
1172 4339 1511 4410 bujusmcdi
1560 4355 1735 4394 suave
1782 4340 2065 4396 olentibus

2185 4337 2518 4428 decoquunt
2549 4380 2570 4408 ι
2610 4356 2872 4428 (Tertull.
2903 4337 3215 4431 Ᾱροιορειξφ
3255 4337 3524 4429 cap—42,
3573 4370 3627 4425 p.
3672 4343 3792 4414 493),

431 4427 782 4518 υίεξιίξδοίυνοί
816 4427 1110 4500 Scriptum
1172 4445 1407 4500 quoque
1450 4446 1482 4483 ⁸
1535 4428 1723 4485 Plinio
1784 4429 2071 4502 legimus:
2103 4516 2135 4518 _
2182 4445 2293 4502 hoc
2324 4427 2413 4501 est
2441 4427 2722 4518 paulatim
2756 4427 3127 4503 minuuntur.
3161 4427 3416 4502 Cuilibet
3473 4444 3622 4501 enim
3658 4433 3792 4493 Chri-

434 4535 464 4563 «
496 4514 669 4571 Cibos
697 4517 879 4574 Sobazi
913 4523 1174 4590 coquunt
1193 4519 1386 4575 thuris
1425 4518 1633 4591 ligno»
1658 4519 1828 4591 (Plin.
1862 4519 1963 4575 lib.
1992 4537 2066 4576 x11

2181 4534 2397 4600 stiano,
2424 4514 2507 4589 uti
2531 4536 2778 4605 ipsemet
2794 4534 3191 4591 Tertullianus
3212 4535 3447 4604 fatetur,
3470 4526 3792 4606 prohibitum

431 4603 568 4657 Hist.
599 4612 811 4671 nalur.,
842 4623 968 4679 cap.
1004 4609 1090 4674 17,
1125 4625 1181 4679 p.
1214 4608 1323 4680 3'2).
1358 4612 1429 4663 At
1457 4607 1849 4664 Tertullianus
1878 4612 2063 4665 noster

2183 4627 2328 4695 erat,
2363 4644 2392 4673 »
2424 4639 2496 4679 ne
2527 4603 2697 4679 curas
2729 4622 3084 4696 templorum
3117 4622 3366 4695 deleget,
3401 4603 3501 4677 aut
3527 4610 3793 4687 vectigalia

432 4707 541 4747 suo
571 4708 685 4748 non
718 4694 907 4751 solum
963 4696 1022 4751 in
1064 4698 1432 4768 Apologetico,
1475 4698 1578 4753 sed
1630 4696 1743 4753 alio
1791 4698 1959 4753 etiam
2014 4699 2072 4753 in
2183 4728 2385 4769 eorum
2435 4717 2707 4785 procuret
2737 4735 2765 4764 ,,
2823 4694 3032 4785 (idam,
3082 4712 3157 4768 de
3205 4694 3482 4781 mactat,
3532 4723 3650 4779 cap.
3703 4699 3791 4769 i7).

428 4780 580 4839 libro
603 4789 795 4856 aperte
822 4786 1079 4843 declarat
1105 4788 1436 4845 Sabaeorum
1470 4788 1608 4844 thus
1630 4790 1700 4845 ad
1740 4788 2074 4860 sepelienda
2183 4805 2323 4857 cum
2386 4780 2575 4872 ωλι]οτ
2630 4780 2852 4873 itaque;
2914 4803 3000 4858 uti
3059 4801 3275 4875 sapius
3328 4800 3602 4867 diximus,
3664 4792 3795 4849 esset

427 4870 487 4926 in
520 4872 727 4944 primis
760 4882 1128 4934 mortuorum
1164 4896 1406 4953 corpora
1436 4898 1469 4936 a
1497 4879 1846 4936 Christianis
1903 4880 2072 4935 adhi-
2182 4870 2671 4959 Christianbmm,
2704 4870 2879 4964 qnam
2932 4870 3302 4948 ethnicéwm
3352 4902 3642 4951 numerus,
3684 4893 3792 4954 pro-

429 4958 653 5055 bitum:
690 4986 711 5015 ι
746 4963 1018 5038 Corpora,
1070 4968 1280 5040 inquit,
1329 4970 1619 5025 medicata
1657 4968 2067 5036 condimentis,
2182 4979 2331 5036 fecto
2363 4980 2533 5053 longe
2562 4958 2866 5053 pauciores
2896 4980 3249 5055 templorum
3279 4977 3579 5053 vectigalia
3605 4970 3793 5047 pende-

426 5049 1087 5122 sepulturze,mansoleis
1108 5064 1165 5111 et
1188 5057 1584 5114 monumentis
1599 5062 2067 5129 sequestrantur;
2186 5068 2348 5124 bant,

424 5155 773 5231 ξΐοοβεευτα
798 5143 932 5201 inde
953 5146 1046 5217 [ad
1071 5147 1390 5202 secundum
1414 5146 1616 5217 Vitam]
1646 5162 1780 5201 cum
1823 5146 2072 5217 jUBSGPit
2265 5157 2475 5213 Verum
2509 5158 2617 5215 etsi
2650 5177 2742 5216 res
2767 5161 2846 5216 ita
2870 5160 3216 5231 sit,ethnici,
3244 5177 3357 5216 non
3386 5160 3455 5215 de
3480 5145 3791 5213 Christianis

426 5227 711 5289 Dominus
737 5256 762 5283 ”
784 5234 1047 5307 (ΤθτίυΠ-
1074 5235 1173 5290 lib-
1198 5235 1262 5291 άθ
1284 5237 1586 5291 Ῑῗθδυννεσί·
1609 5251 1763 5290 εανη·
1798 5252 1925 5307 οηΡ·
1942 5235 2058 5308 2’⁷)ο
2181 5249 2437 5319 tantum,
2460 5249 2561 5304 sed
2586 5249 2657 5305 de
2688 5249 2812 5305 suis
2840 5250 3016 5306 etiam
3049 5227 3437 5306 sectatoribus
3462 5238 3791 5317 expostulare

425 5322 578 5380 Alibi
636 5342 770 5383 vero
826 5328 1136 5400 magisque
1192 5328 1263 5383 ad
1320 5332 1586 5383 nostrum
1664 5328 2057 5399 propositum:

2182 5336 2492 5394 debebant.
2516 5338 2600 5394 Ab
2622 5338 2706 5396 eis
2728 5356 2945 5412 quippe
2966 5339 3362 5396 Tertullianus
3376 5336 3559 5411 petiit:
3583 5356 3609 5382 «
3630 5327 3790 5398 ειίρθε

428 5437 457 5464 α
491 5416 758 5472 Viderint
777 5418 1014 5486 ethnici,
1050 5417 1263 5490 inquit,
1290 5417 1339 5473 si
1371 5418 1585 5472 eaedem
1612 5433 1857 5486 merces,
1897 5418 2072 5474 thura
2178 5428 2655 5501 quotusquisque
2697 5431 2821 5501 jam
2862 5430 3049 5501 jactat
3103 5431 3311 5502 (Idem,
3368 5426 3631 5499 Apologet.
3697 5415 3787 5508 loc:

434 5503 586 5572 dico,
638 5509 695 5559 et
730 5511 938 5561 (uetera
984 5506 1418 5579 peregrinitatis
1448 5506 1520 5561 ad
1546 5505 1897 5562 sacriﬁcium
1946 5509 2071 5565 ido~
2181 5514 2305 5577 cit.)
2329 5515 2357 5570 ?
2382 5534 2409 5567 ι
2446 5516 2639 5589 Stipes
2670 5524 2868 5576 autem
2902 5536 3187 5575 nummus
3218 5523 3343 5576 erat
3380 5518 3654 5589 signatus.
3698 5503 3788 5568 Οαί

434 5590 648 5663 lorum,
671 5594 848 5651 etiam
877 5594 1220 5653 hominibus
1252 5596 1322 5653 ad
1354 5596 1656 5669 pigmenta
1676 5596 2069 5672 medicinalis,
2180 5603 2346 5664 enim
2379 5627 2409 5657 cx
2445 5604 2563 5664 diis
2594 5621 2729 5665 cum
2760 5608 3083 5679 thesauris,
3114 5608 3198 5666 ait
3225 5606 3422 5679 vam,
3470 5615 3623 5661 asses
3649 5591 3786 5656 dant:
