4134 6184
343 263 497 326 1185

1262 270 1337 331 D.
1381 270 1480 331 LE
1521 271 1854 335 NOUthY
1898 274 2543 338 OBSERVATIONES
2586 275 2842 337 NOVE.

3599 279 3757 341 1186

341 397 553 470 stipem
584 399 809 456 dicunt.
843 422 871 449 ››
902 401 1091 473 (Varr.
1124 401 1225 457 lib.
1254 419 1310 458 iv
1337 403 1404 459 de
1444 405 1605 474 Ling.
1639 407 1847 478 Latin.,
1881 407 1989 462 sub
2021 410 2075 476 Α
2105 409 2481 463 contendimus
2513 407 2753 479 (Justin.
2778 408 2995 479 Apolog.
3062 409 3141 464 ad
3197 410 3437 481 Anton).
3486 410 3561 465 Ea
3617 429 3749 467 vero

340 486 462 558 (in).
498 488 887 553 Quamobrem
919 489 1159 547 Ovidius
1188 493 1437 548 canebat
1464 509 1477 549 :

492 622 846 688 Contulitrses
875 625 1135 688 populus:
1173 625 1238 674 de
1269 640 1377 688 quo
1410 626 1631 676 delubra
1664 628 1910 678 Metellus

522 684 684 748 Fecit,
718 687 825 735 ait:
859 684 1052 737 dandas
1083 703 1197 737 mos
1227 684 1379 752 stipis
1409 690 1534 738 inde
1568 695 1773 740 manet.

1056 759 1208 811 Ovid.
1240 760 1333 811 lib.
1366 775 1415 810 ix
1444 761 1651 811 Faster.
1682 766 1706 822 §
1736 764 1809 825 3.)

331 878 559 935 Ethnici
585 896 722 952 ergo
782 882 829 938 si
862 883 1074 955 stipem
1133 885 1371 955 templis
1427 903 1540 940 non
1601 887 1836 954 dabant,
1872 904 1988 943 non

332 968 524 1025 minus
557 976 709 1026 certe
768 989 944 1043 quam
993 973 1308 1028 Christiani
1368 974 1440 1029 iis
1487 976 1780 1031 faciebant
1811 977 1991 1032 detri-

334 1063 624 1113 mentum.

402 1148 707 1203 Instabant
735 1149 1006 1222 gentiles,
1057 1154 1233 1222 atque
1274 1156 1337 1207 ut
1386 1151 1467 1207 ait
1509 1154 1817 1220 Arnobius,
1849 1172 1985 1211 con-

323 1236 600 1306 jectores,
633 1238 823 1305 arioli,
870 1244 1032 1295 vates
1080 1243 1138 1294 et
1167 1239 1267 1295 alii
1316 1242 1686 1298 amarissime
1718 1245 1983 1317 deplora-

328 1324 467 1379 bant
522 1324 582 1379 in
645 1327 879 1398 templis
936 1328 1061 1384 suis
1119 1332 1405 1385 raritatem
1458 1332 1698 1402 (Arnob.
1761 1334 1985 1390 lib..u

324 1412 531 1469 advers.
564 1416 761 1486 gent.),
792 1434 858 1471 ac
906 1434 1010 1473 nec
1057 1418 1300 1489 exiguas
1333 1420 1569 1491 quidem
1604 1421 1785 1493 stipes
1813 1438 1983 1494 posse

323 1517 357 1556 a
413 1503 791 1573 paucissimis
850 1506 1290 1563 consultoribus
1348 1512 1699 1580 extorqueri.
1758 1512 1982 1568 Scimus

323 1590 562 1660 quidem
592 1591 849 1648 Plinium
898 1596 1230 1650 Secundum
1291 1598 1348 1651 in
1405 1615 1515 1653 sua
1557 1599 1627 1653 ad
1662 1600 1981 1670 Trajanum

322 1678 739 1749 imperatorem
789 1682 1037 1754 epistola
1086 1685 1397 1758 scripsisse
1442 1687 1658 1759 templa
1707 1693 1764 1743 et
1815 1706 1981 1746 sacra

323 1767 612 1824 solemnia
665 1771 908 1840 ccepisse
966 1790 1072 1829 suo
1128 1778 1392 1846 tempore
1450 1778 1653 1847 repeti.

321 1857 478 1911 enim
510 1862 630 1913 haec
660 1858 821 1915 illius
852 1861 1027 1916 verba
1075 1861 1365 1933 legimus:
1401 1887 1428 1914 «
1463 1865 1625 1920 Certe
1656 1867 1801 1921 satis
1833 1884 1974 1922 con-

320 1950 436 2001 stat
468 1963 645 2020 prope
673 1948 794 2017 jam
827 1950 1088 2005 desolata
1134 1954 1355 2024 templa
1396 1956 1641 2025 coepisse
1671 1955 1972 2027 celebrari,

318 2040 374 2088 et
402 2051 571 2090 sacra
600 2036 885 2093 solemnia
916 2038 1015 2093 diu
1048 2039 1390 2096 intermissa
1420 2044 1974 2116 repeti,passimque

315 2124 512 2179 venire
542 2126 829 2196 victimas,
865 2144 1115 2199 quarum
1148 2130 1341 2185 adhuc
1372 2132 1715 2187 rarissimus
1746 2140 1975 2204 emptor

314 2210 723 2268 inveniebatur
757 2239 776 2264 ι
813 2216 984 2287 (Plin.
1036 2216 1137 2272 lib.
1171 2235 1226 2287 x,
1281 2220 1450 2291 epist.
1498 2222 1619 2284 101,
1655 2238 1785 2293 pag.
1821 2223 1966 2294 376).

315 2300 426 2356 Sed
461 2303 616 2373 quod
653 2304 867 2359 fatetur
898 2322 1075 2377 prope
1092 2306 1356 2363 desolata
1389 2308 1569 2364 fuisse
1600 2311 1967 2366 ethnicorum

312 2390 535 2462 templa
565 2396 622 2447 et
676 2408 862 2463 sacra,
904 2394 1014 2449 hoc
1069 2395 1447 2452 verissimum
1498 2402 1605 2453 est.
1639 2398 1798 2462 Quod
1830 2418 1967 2458 vero

311 2480 620 2551 subjungit
664 2480 762 2536 illa
819 2485 1064 2555 coepisse
1122 2486 1326 2555 repeti,
1388 2486 1479 2542 his
1538 2490 1727 2544 verbis
1772 2491 1966 2562 inepte

312 2568 585 2624 adulatus
610 2576 701 2625 est
728 2571 1000 2641 Trajano,
1034 2576 1203 2644 cujus
1232 2574 1602 2632 clementiam
1652 2595 1754 2648 per
1780 2580 1863 2634 fas
1909 2587 1968 2637 et

310 2656 475 2712 nefas
531 2658 806 2714 extollere
859 2661 1107 2717 volebat.
1169 2663 1316 2719 Nam
1374 2670 1671 2720 crescente
1718 2684 1964 2725 numero

314 2745 803 2815 Christianorum,
829 2750 1028 2805 minus
1050 2751 1571 2821 frequentabantur
1595 2754 1962 2813 ethnicorum

311 2834 533 2905 templa
562 2836 878 2908 minusque
909 2838 1215 2910 vectigalia
1246 2839 1643 2897 solvebantur.

382 2922 782 2979 Tertullianus
806 2925 999 2996 itaque
1030 2927 1086 2981 id
1114 2926 1265 2983 ultro
1297 2930 1528 2995 fatetur,
1561 2934 1619 2985 et
1646 2932 1961 3000 gentilibus

318 3011 518 3067 1087
610 3015 924 3084 respondet
1005 3021 1533 3089 quantumcunque
1588 3020 1763 3075 fuerit
1814 3023 1959 3079 illud

308 3100 618 3169 damnum,
649 3120 683 3157 a
709 3103 1056 3160 Christianis
1086 3106 1318 3161 abunde
1350 3108 1601 3163 restitui.
1656 3109 1773 3165 Nos
1803 3112 1959 3167 enim

308 3205 423 3244 non
477 3190 831 3261 sufﬁcimus,
892 3191 1108 3263 inquit,
1160 3216 1187 3243 «
1238 3198 1296 3249 et
1342 3195 1680 3252 hominibus
1738 3204 1797 3253 et
1849 3200 1961 3257 diis

306 3277 516 3333 vestris
548 3279 1018 3335 mendicantibus
1052 3298 1223 3353 opem
1259 3283 1404 3338 ferre
1436 3306 1465 3333 »
1518 3284 1786 3356 (Tertull.
1818 3290 1959 3360 Apo-

306 3366 494 3434 loget.,
528 3384 654 3439 cap.
686 3369 777 3435 42,
812 3385 867 3439 p.
893 3369 1037 3441 494).
1076 3372 1188 3425 Hoc
1209 3376 1318 3437 est,
1346 3375 1546 3429 omnia
1575 3375 1729 3431 bona
1762 3383 1962 3435 nostra

306 3471 629 3526 omnesque
661 3462 872 3512 nostris
903 3458 1210 3515 facultates
1232 3477 1349 3517 non
1371 3462 1772 3530 sufﬁciunt,ut
1803 3483 1960 3522 men-

305 3544 642 3601 dicantibus
672 3546 905 3614 vestris,
956 3563 1090 3602 cum
1140 3548 1277 3616 diis,
1317 3554 1444 3605 tum
1496 3551 1856 3619 hominibus,
1890 3557 1959 3611 de

303 3634 526 3703 quibus
556 3634 696 3689 alibi
757 3653 791 3690 a
821 3636 989 3692 nobis
1020 3641 1217 3693 aetum
1278 3645 1367 3694 est
1413 3642 1581 3707 (tom.
1641 3642 1662 3696 Ι
1693 3643 1955 3713 Apparat.

306 3736 443 3791 pag.
473 3722 621 3791 784),
654 3739 824 3793 opem
883 3726 1161 3781 feramus.
1221 3727 1284 3781 In
1340 3727 1610 3783 aerarium
1642 3746 1778 3801 ergo
1809 3737 1958 3785 tem-

305 3808 539 3880 plorum
570 3816 918 3883 vestrorum,
944 3814 1001 3869 in
1034 3832 1164 3886 quae
1184 3832 1290 3871 nos
1316 3816 1618 3871 vobiscum
1652 3819 1958 3875 convenire

305 3898 471 3953 nefas
500 3905 609 3965 est,
638 3901 747 3956 etsi
771 3900 991 3957 nullam
1010 3904 1222 3975 stipem
1242 3906 1556 3975 jactemus,
1591 3905 1729 3961 alibi
1760 3915 1955 3963 tamen

302 3987 664 4058 quibuslibet
694 3991 1027 4061 petentibus
1074 3992 1289 4065 sepius
1335 3998 1392 4049 et
1438 3993 1609 4066 longe
1646 3994 1952 4052 abundan-

300 4074 423 4130 tius
474 4093 603 4132 eam
650 4076 1022 4150 impertimur
1066 4081 1309 4153 (Dissert.
1372 4085 1433 4137 in
1485 4086 1693 4140 Minue.
1742 4084 1951 4157 Octav.,

300 4180 429 4235 cap.
458 4164 549 4234 20,
600 4171 708 4223 art.
762 4168 873 4238 30).
908 4168 1042 4226 Plus
1097 4170 1412 4241 enimvero,
1476 4172 1558 4228 ait
1602 4172 1722 4241 ille,
1766 4180 1956 4232 nostra

299 4253 681 4310 misericordia
714 4258 944 4312 insumit
975 4260 1224 4329 vicatim,
1253 4276 1355 4315 seu
1393 4262 1563 4332 plura
1593 4262 1953 4333 quibuslibet

296 4358 401 4413 per
432 4342 589 4399 vicos
618 4348 675 4399 et
706 4346 827 4400 vias
850 4346 1154 4403 civitatum
1181 4350 1651 4407 mendicantibus
1681 4351 1949 4425 largitur,

296 4448 462 4501 quam
494 4442 675 4488 vestra
721 4435 917 4505 religio
962 4435 1279 4507 templatim
1329 4438 1596 4509 (Tertull.
1652 4440 1760 4496 loc.
1802 4444 1948 4515 cit.),

294 4519 414 4574 sive
447 4520 505 4575 in
537 4521 788 4593 singulis
820 4523 1057 4596 templis
1090 4527 1297 4582 vestris
1330 4527 1555 4583 tribuit.

363 4608 582 4664 Deinde
613 4627 745 4665 vero
780 4612 1102 4684 vectigalia,
1155 4615 1226 4671 ab
1271 4616 1725 4687 imperatoribus
1759 4618 1943 4692 impo-

288 4696 427 4765 sita,
460 4697 775 4754 Christiani
810 4700 996 4756 multo
1027 4704 1248 4773 majore
1274 4720 1434 4772 cura,
1466 4710 1521 4760 et
1552 4706 1778 4762 meliori
1809 4708 1942 4779 fide,

289 4802 467 4857 quam
491 4786 740 4859 gentiles
773 4789 1093 4847 solvebant.
1120 4793 1267 4857 Quin
1291 4793 1466 4849 etiam
1491 4794 1609 4849 haec
1630 4797 1940 4865 vectigalia,

286 4875 502 4946 inquit,
543 4899 563 4925 α
600 4878 821 4949 gratias
860 4885 1037 4951 agent
1087 4881 1434 4938 Christianis
1465 4900 1531 4938 ex
1581 4885 1694 4939 fide
1726 4888 1939 4957 depen-

286 4963 563 5020 dentibus
596 4967 883 5033 debitum,
935 4986 1048 5039 qua
1089 4968 1276 5026 alieno
1326 4972 1651 5028 fraudando
1685 4974 1943 5030 abstine-

283 5069 421 5107 mus
457 5077 476 5102 -
517 5054 729 5124 (Ibid.).
770 5057 1061 5114 Noverant
1108 5060 1321 5131 quippe
1374 5060 1516 5116 illud
1549 5061 1762 5118 Christi
1797 5081 1941 5134 pra:-

282 5144 557 5211 ceptum:
592 5143 815 5200 Reddite
853 5162 973 5218 quis
1021 5157 1151 5203 sunt
1199 5152 1432 5205 Caesaris
1491 5150 1700 5208 Caesari
1727 5152 1939 5223 (Matth.

279 5245 423 5298 xxu,
456 5230 567 5298 21).
602 5238 791 5305 Atque
823 5235 958 5291 inde
986 5235 1259 5294 Justinus
1308 5239 1522 5313 Martyr
1553 5241 1806 5296 ethnicis
1838 5259 1937 5314 pa-

280 5316 395 5373 lam
443 5317 672 5376 dicebat
703 5339 716 5377 :
746 5321 957 5395 Φόρους
1009 5324 1099 5379 καὶ
1160 5326 1414 5404 εἶσφορὰς
1464 5333 1580 5391 τοῖς
1642 5329 1728 5408 ὑφ’
1789 5330 1939 5402 ὑμῶν

278 5407 639 5481 τεταγμένοις
688 5417 969 5487 πανταχοῦ
1027 5415 1131 5489 πρὸ
1194 5414 1407 5471 πάντων
1461 5419 1773 5494 πειρώμεθα
1831 5420 1942 5495 φὲ-

280 5515 413 5569 ρειν,
463 5497 755 5569 Vectigalia
800 5519 935 5558 sane
976 5508 1025 5559 et
1079 5507 1398 5563 collatione:
1446 5511 1542 5579 eis,
1578 5512 1678 5581 qui
1726 5528 1757 5565 α
1789 5513 1939 5567 vobis

275 5594 404 5643 sunt
434 5586 679 5645 ordinati
721 5594 1066 5651 exactoribus
1091 5612 1209 5668 pra:
1230 5598 1479 5654 omnibus
1503 5597 1701 5671 ubique
1734 5601 1942 5670 inferre

2102 496 2320 552 ethnici
2352 497 2435 553 sic
2468 498 2838 568 fraudabant,
2868 521 2895 549 ‹‹
2929 503 2994 553 ut
3043 498 3090 554 si
3146 497 3398 569 ineatur,
3436 524 3462 549 »
3519 501 3748 557 Tertul-

2106 586 2245 641 liani
2289 588 2463 642 verba
2503 591 2663 653 sunt,
2711 591 3045 658 «quantum
3106 587 3489 660 vectigalibus
3553 594 3751 662 pereat

2101 675 2303 731 fraude
2330 680 2386 731 et
2408 675 2711 731 mendacio
2738 680 3064 731 vestrurum
3096 677 3550 747 professionum,
3586 679 3753 734 facile

2100 765 2243 820 ratio
2274 764 2473 821 haberi
2498 766 2702 836 possit,
2739 765 2914 820 unius
2947 766 3157 836 speciei
3194 767 3429 838 querela
3470 784 3750 839 compen-

2100 858 2227 907 sata
2259 871 2359 924 pro
2383 856 2688 909 commodo
2722 859 3060 909 casterarum
3096 854 3385 909 rationum
3420 878 3440 903 υ
3477 857 3744 925 (Tertull.

2098 944 2399 1013 Apologet.,
2434 960 2557 1014 cap.
2586 945 2672 1014 42,
2706 961 2831 1015 pag.
2869 944 3014 1014 495).
3050 943 3132 998 Ibi
3167 949 3321 999 certe
3366 946 3747 1015 professionis

2098 1048 2307 1087 nomen
2334 1033 2620 1104 accipitur
2682 1050 2779 1103 pro
2839 1032 3074 1104 publica
3121 1034 3408 1088 bonorum
3455 1034 3741 1102 omnium,

2096 1137 2226 1192 quae
2256 1121 2668 1193 unusquisque
2703 1122 3062 1193 possidebat,
3088 1122 3447 1193 expositione
3478 1139 3579 1177 seu
3641 1125 3741 1179 de-

2096 1211 2433 1266 claratione.
2468 1211 2575 1266 Sed
2624 1228 2736 1265 non
2785 1211 2920 1266 inde
2974 1210 3201 1267 tollitur
3239 1216 3360 1268 tota
3426 1212 3741 1269 difficultas

2095 1299 2450 1354 obscurioris
2481 1299 2727 1368 hujusce
2752 1300 3003 1369 phrasis,
3049 1317 3176 1371 quae
3227 1301 3447 1371 duplici
3481 1302 3651 1357 modo
3711 1320 3744 1357 a

2093 1388 2496 1459 sagacioribus
2528 1386 3123 1458 explicatur.0uidam
3159 1390 3313 1443 enim
3350 1395 3555 1460 putant
3586 1391 3741 1445 hunc

2093 1492 2221 1531 esse
2254 1476 2598 1530 Tertulliani
2631 1493 2868 1530 sensum
2903 1494 2915 1531 :
2950 1477 2996 1529 si
3031 1478 3425 1548 perpendetur
3453 1485 3739 1548 quantum

2091 1567 2337 1637 gentiles
2370 1567 2592 1622 malum
2644 1567 2976 1638 reipublicae
3045 1568 3381 1640 importent,
3433 1569 3631 1640 fraude
3686 1578 3739 1626 et

2086 1660 2369 1714 mendacio
2398 1659 2795 1729 professionum
2820 1658 3027 1729 (lbid.),
3079 1658 3198 1714 sive
3244 1657 3391 1713 falsa
3443 1658 3734 1715 bonorum

1711 1778 1977 1833 Totidem
2009 1783 2056 1849 B
2088 1764 2332 1803 suorum
2363 1746 2777 1813 declaratione,
2805 1748 3110 1801 confestim
3138 1746 3227 1800 vel
3260 1747 3367 1801 hac
3396 1750 3592 1817 specie,
3616 1749 3734 1804 sive

2086 1836 2194 1892 hoc
2228 1836 2349 1891 solo
2398 1834 2663 1907 exemplo
2723 1839 3072 1906 agnoscetur
3120 1833 3263 1888 illud
3334 1837 3553 1890 malum
3602 1853 3732 1893 esse

2084 1926 2301 1996 majus,
2334 1942 2509 1996 quam
2532 1924 2814 1995 quidquid
2851 1924 2987 1978 boni
3039 1923 3168 1977 aliis
3218 1924 3542 1981 rationibus
3599 1928 3734 1982 affe-

2084 2021 2243 2070 runt.
2277 2014 2386 2068 Alii
2416 2030 2549 2068 vero
2581 2013 2923 2069 Tertulliani
2959 2018 3214 2068 mentem
3257 2014 3341 2068 sic
3395 2015 3723 2086 explicant:

2082 2103 2396 2158 Christiani
2416 2108 2579 2156 tanta
2608 2118 2743 2156 cura
2776 2106 3054 2173 tantaque
3088 2102 3198 2155 fide
3221 2102 3454 2156 solvunt
3482 2103 3725 2173 tributa,

2081 2193 2318 2263 quantis
2340 2192 2489 2246 dolis
2521 2207 2586 2244 ac
2609 2190 2931 2245 mendaciis
2961 2190 3325 2260 agentilibus
3357 2192 3722 2259 fraudantur,

2080 2285 2305 2349 hocque
2323 2283 2444 2338 solo
2464 2282 2729 2351 exemplo
2758 2281 2926 2351 plane
2944 2282 3253 2334 coniicitur
3282 2281 3721 2350 iniquissimam

2079 2389 2206 2427 esse
2241 2373 2445 2426 borum
2476 2373 2545 2426 de
2567 2370 3029 2425 Christianorum
3056 2368 3371 2423 inutilitate
3389 2370 3683 2440 querelam
3708 2389 3721 2439 ;

2077 2462 2215 2533 quia
2253 2460 2556 2530 vectigalia
2586 2458 2806 2513 caeteris
2864 2458 3141 2513 omnibus
3198 2460 3531 2513 accuratius
3589 2475 3725 2530 pen-

2076 2550 2309 2619 debant,
2344 2565 2408 2602 ac
2455 2548 2501 2602 si
2553 2549 2692 2619 quid
2740 2546 2975 2601 aliunde
3031 2548 3303 2600 afferrent
3360 2547 3718 2616 detrimenti,

2074 2646 2421 2700 czcternrum,
2458 2653 2585 2706 quas
2615 2635 2882 2689 indicates
2906 2639 3067 2701 sunt,
3108 2635 3386 2688 rationum
3444 2637 3721 2690 commodo

2074 2726 2294 2779 aﬂ‘atim
2328 2724 2839 2794 compensabatur.
2872 2726 2942 2776 At
2973 2738 3112 2777 sane
3143 2722 3189 2777 si
3214 2723 3291 2777 ibi
3325 2724 3717 2780 Tertullianus

2073 2814 2337 2867 ethnicos
2361 2831 2474 2868 non
2498 2812 2797 2882 componit
2835 2827 2969 2866 cum
2995 2811 3363 2878 Christianis,
3401 2813 3589 2883 potior
3635 2813 3721 2867 vi-

2073 2905 2245 2958 detur
2277 2903 2464 2974 prima
2506 2901 2925 2974 interpretatio,
2966 2917 3082 2972 qua
3122 2902 3417 2973 colligitur
3472 2901 3602 2957 illos
3646 2904 3717 2957 de

2074 2991 2250 3046 allato
2282 2992 2353 3046 ab
2384 2991 2476 3045 his
2508 2990 2841 3062 reipublicae
2883 2992 3098 3043 damno
3124 3006 3366 3060 prorsus
3423 2990 3718 3045 immerito

2072 3079 2513 3152 expostulasse;
2547 3079 3018 3152 quandoquidem
3052 3078 3209 3133 aliud
3244 3080 3436 3147 majus
3496 3080 3715 3135 bonum

1992 3151 2035 3216 (ἶ
2073 3151 2470 3224 conferebant.
2505 3151 2572 3223 Si
2606 3185 2736 3222 vero
2795 3167 2874 3222 ibi
2920 3174 3195 3237 utrosque
3243 3166 3609 3222 Christianos
3661 3172 3718 3223 et

2071 3258 2320 3326 gentiles
2352 3258 2558 3313 1088
2580 3258 2732 3311 inter
2761 3272 2822 3311 se
2852 3255 3120 3319 contulit,
3172 3256 3494 3310 secundam
3539 3272 3713 3327 expo-

2070 3346 2342 3400 sitionem
2378 3348 2669 3418 praaferas,
2698 3361 2799 3416 per
2818 3361 2924 3398 nos
2955 3344 3107 3398 licet.

2139 3435 2418 3490 Caeterum
2456 3440 2519 3488 ut
2539 3436 2753 3489 Auctor
2772 3438 2970 3487 noster
2998 3432 3264 3487 ethnicos
3298 3433 3559 3503 pressius
3621 3450 3713 3488 ur-

2069 3528 2207 3593 gent
2246 3523 2451 3593 (Idem,
2498 3523 2677 3593 ibid.),
2734 3521 2852 3577 illis
2912 3520 3064 3575 ultro
3114 3520 3379 3576 concedit
3427 3521 3713 3591 quosdam

2069 3613 2220 3680 apud
2245 3630 2346 3667 eos
2370 3612 2628 3682 reperiri,
2664 3610 2760 3680 qui
2798 3611 2867 3664 de
2918 3609 3407 3677 Christianorum,
3466 3614 3530 3663 ut
3591 3609 3716 3679 ipse

2068 3700 2169 3768 ait,
2202 3701 2507 3756 sterilitate
2538 3700 3065 3770 conquerebantur.
3099 3698 3209 3752 Sed
3242 3699 3505 3768 quinam,
3562 3697 3715 3752 Deus

2066 3788 2238 3855 bona,
2272 3789 2716 3844 hierant?Non
2779 3788 2875 3841 alii
2940 3790 3217 3858 profecto,
3282 3787 3392 3839 nisi
3446 3785 3715 3841 homines

2066 3875 2297 3946 perditi,
2334 3876 2455 3930 suis
2485 3875 2643 3930 vitiis
2689 3881 2747 3929 et
2794 3875 3114 3929 sceleribus
3174 3875 3446 3937 infames,
3497 3875 3713 3943 quibus

2065 3979 2170 4017 nec
2192 3962 2440 4035 placere,
2476 3980 2580 4017 nec
2612 3964 2799 4017 favere
2825 3979 3061 4018 summa
3102 3966 3191 4016 est
3215 3960 3550 4030 reipublicm
3602 3962 3711 4015 uti-

2064 4050 2221 4106 litas.
2254 4052 2561 4121 Triplicem
2596 4060 2787 4106 autem
2834 4068 2933 4105 eos
2956 4048 3273 4120 distinguit
3329 4049 3383 4102 in
3438 4046 3709 4113 classem,

2064 4156 2310 4210 quorum
2337 4141 2527 4212 prima
2557 4146 2682 4193 erat
2720 4139 3200 4210 turpissimarum
3247 4136 3507 4191 nefandae
3568 4134 3707 4190 libi-

2063 4229 2218 4285 dinis
2249 4230 2678 4293 ministrorum,
2713 4229 2813 4297 qui
2847 4227 3041 4282 abillo
3074 4224 3444 4295 appellantur
3485 4224 3709 4279 lenone:

2058 4320 2426 4390 perductores,
2470 4319 2776 4388 aquarioli.
2828 4317 2985 4371 Duos
3050 4321 3245 4370 autem
3284 4316 3504 4385 priores
3552 4329 3709 4367 com-

2062 4412 2349 4462 memorat
2374 4408 2588 4475 Cicero,
2615 4406 2711 4460 ubi
2745 4410 2943 4459 contra
2976 4404 3211 4458 Verrem
3248 4403 3332 4457 sic
3388 4400 3703 4456 invehitur.

2062 4520 2088 4547 ‹‹
2116 4498 2369 4553 Sileatur
2390 4499 2460 4552 de
2493 4496 2792 4551 nocturnis
2822 4496 2949 4563 ejus
3007 4490 3491 4548 bacchationibus
3532 4496 3588 4545 et
3630 4492 3708 4545 vi-

2057 4587 2254 4657 giliis;
2314 4586 2615 4654 lenonum,
2675 4584 3019 4649 alcatorum,
3072 4582 3483 4650 perductorum
3547 4579 3705 4634 nulla

2055 4676 2276 4730 mentio
2310 4676 2412 4730 fiat
2446 4697 2472 4724 »
2495 4675 2697 4745 (Cicer,
2734 4673 2835 4726 lib.
2870 4689 2907 4726 ii
2932 4674 2991 4726 in
3027 4676 3216 4731 Vcrr.,
3245 4685 3375 4740 pag.
3398 4668 3487 4735 68,
3515 4668 3697 4737 lin.3).

2056 4766 2318 4819 Lenones
2340 4780 2477 4819 vero
2510 4764 2665 4817 inter
2683 4768 2739 4816 et
2771 4761 3150 4832 perductores
3183 4758 3289 4811 hoc
3319 4763 3442 4810 erat
3492 4757 3704 4811 discri-

2056 4870 2212 4917 men,
2243 4854 2397 4923 quod
2418 4852 2585 4922 primi
2612 4851 2888 4905 mulieres
2920 4866 3033 4903 non
3063 4847 3438 4913 reluctantes,
3459 4846 3701 4900 secundi

2052 4942 2265 4997 invitas
2296 4943 2365 4996 ad
2401 4949 2669 5013 stuprum
2706 4939 3081 4994 adducerent.
3110 4938 3471 5006 Quapropter
3493 4933 3705 4989 cecinit

2054 5030 2366 5085 Horatius:

2179 5162 2432 5225 Laudato,
2466 5163 2726 5225 scortator
2756 5160 2846 5225 ait,
2878 5174 3005 5225 cave
3038 5163 3087 5225 te
3114 5160 3265 5225 roget
3294 5156 3449 5205 ultra.

2178 5196 2700 5286 EEEEYJSEJYMH‘;
2732 5196 2923 5284 potiori
2949 5222 3117 5270 trade.
3154 5196 3390 5286 ﬂutasne

2182 5282 2409 5337 Perduci
2439 5288 2633 5349 poterit
2656 5282 2763 5334 tam
2794 5286 3189 5349 frngi,tamque
3221 5282 3437 5345 pudica.

2455 5368 2660 5427 (Horat.
2691 5366 2783 5415 lib.
2817 5378 2870 5426 ll,
2904 5364 3051 5414 satir.
3078 5367 3125 5425 5,
3157 5377 3207 5413 v.
3239 5367 3296 5413 75
3329 5366 3381 5411 et
3409 5370 3576 5423 seqq.)

2049 5513 2326 5584 Ejusdem
2354 5510 2551 5567 farinze
2583 5514 2747 5565 erant
2777 5507 3075 5580 apuarioli,
3112 5506 3230 5578 qui,
3261 5508 3324 5559 ut
3355 5503 3437 5558 ait
3464 5501 3694 5565 Festus,

2047 5602 2369 5658 dicebantur
2396 5602 2697 5657 mulierum
2724 5597 3153 5673 :impudicarum
3208 5590 3416 5650 sordidi
3471 5588 3696 5646 asseclo'e
