4134 6184
466 305 618 367 118⁸1

465 527 858 594 Quamobrem
918 524 991 579 ab
1041 523 1285 595 Apuleio
1336 527 1694 578 memoratur
1756 524 2114 579 exacerbatus

464 616 786 689 aquariolus
817 615 1009 670 uxoris
1024 629 1137 668 suae
1158 612 1467 684 impudicae
1482 617 1537 666 et
1560 613 1882 667 meretricis
1916 611 2109 683 (Apul.

462 709 684 780 ApolOg.
721 710 853 760 ante
888 704 1040 758 med.
1095 719 1225 774 pag.
1279 704 1425 772 366).
1486 701 1859 772 Spurcissimi
1917 706 2112 757 autem

463 795 803 867 hujusmodi
830 794 1099 849 homines
1134 792 1478 847 mulieribus
1512 809 1725 863 aquam
1781 792 1851 846 ad
1913 792 2114 846 sordes

464 887 791 943 abluendas
850 882 1254 955 asportabant.
1314 885 1387 937 At
1442 881 1591 948 vide,
1641 899 1860 953 quaeso,
1917 886 2113 936 utrum

465 977 601 1031 huic
633 972 1035 1046 impurissimo
1070 972 1374 1026 hominum
1411 972 1569 1044 gregi
1604 972 1987 1027 ascribendus
2039 971 2117 1025 sit

462 1065 817 1121 Commodus
874 1063 1215 1132 imperator,
1270 1061 1339 1114 de
1398 1078 1513 1131 quo
1562 1061 1681 1116 haec
1744 1061 2112 1130 Lampridius

467 1153 762 1210 memorias
791 1151 1081 1225 prodidit:
1118 1173 1143 1199 ‹‹
1171 1149 1604 1205 Gladiatoribus
1622 1149 2111 1220 convixit,aquam

462 1244 644 1318 gessit
679 1243 1042 1298 utlenonum
1106 1239 1428 1295 minister»
1494 1240 1810 1311 (Lamprid.
1870 1240 1929 1293 in
1993 1242 2117 1296 Vita

465 1333 785 1404 Commod)
823 1329 1221 1396 Quorumdam
1256 1333 1451 1383 tamen
1484 1328 1679 1401 opinio
1711 1334 1799 1383 est
1830 1328 2116 1398 aquarioli

466 1421 704 1478 nomine
748 1420 1067 1491 significari
1129 1417 1546 1485 balneatorem,
1607 1418 1703 1489 qui
1790 1418 2113 1473 lavantium

464 1518 655 1567 vestes
688 1510 1055 1565 custodiebat
1087 1525 1152 1564 ac
1184 1508 1647 1564 lenocinabatur.
1684 1510 1821 1564 Inde
1875 1510 2117 1563 canebat

470 1600 751 1657 Martialis
778 1616 790 1654 :

617 1749 747 1796 Cum
777 1748 827 1795 te
864 1745 1085 1793 lucerna
1118 1743 1397 1793 balneator
1423 1744 1683 1793 exstincta

622 1809 884 1860 Admittat
910 1810 1049 1857 inter
1080 1808 1384 1856 bustuarias
1408 1807 1664 1855 mmchas.

863 1880 1115 1939 (Martial.
1148 1879 1242 1928 lib.
1270 1891 1345 1937 iii,
1377 1880 1630 1941 epigram.
1661 1878 1764 1939 62.)

538 2016 617 2070 Ad
674 2016 885 2070 talium
944 2018 1095 2069 certe
1144 2013 1451 2067 hominum
1514 2014 1584 2068 de
1645 2012 2115 2068 Christianorum

469 2105 778 2163 sterilitate
805 2109 862 2159 et
894 2103 1211 2158 inutilitate
1260 2101 1668 2174 expostulatio,
1725 2102 1934 2158 horum
1994 2106 2119 2157 erat

473 2200 530 2252 et
588 2194 819 2249 virtutis
870 2198 928 2249 et
962 2191 1233 2248 utilitatis
1290 2192 1721 2247 commendatio
1778 2209 1842 2247 ac
1902 2208 2114 2263 praeco-

469 2284 659 2341 nium.

542 2372 655 2428 Nec
686 2371 844 2427 aliud
895 2388 1035 2428 sane
1086 2372 1218 2426 ferri
1253 2376 1443 2443 potest
1484 2371 1781 2443 judicium
1844 2371 1916 2426 de
1969 2371 2118 2427 sica-

476 2462 933 2531 riis,venenariis
964 2465 1021 2516 et
1054 2462 1265 2532 magis,
1289 2460 1387 2531 qui
1423 2460 1741 2516 secundam
1775 2458 2120 2515 Tertulliani

472 2552 720 2607 classem
753 2551 1069 2605 conficiunt
1093 2549 1359 2619 (Tertull.
1391 2550 1689 2620 Apologet.,
1707 2566 1834 2619 cap.
1857 2550 2118 2618 li3).Nam

481 2640 538 2694 hi
576 2638 822 2693 aliorum
857 2639 1456 2706 vitaeinsidiabantur,
1511 2654 1756 2709 eamque
1805 2655 1957 2709 saepe
2013 2654 2120 2693 sai-

482 2728 613 2800 pius
644 2728 986 2798 eripiebant.
1023 2728 1227 2781 Sicarii
1251 2728 1406 2781 enim
1426 2727 1740 2797 nuncupali
1768 2732 1907 2782 sunt
1928 2744 1959 2781 a
1983 2729 2121 2793 sica,

982 302 1511 363 TERTULLIANI
1559 301 1879 363 OPERUM
1934 300 2130 362 PARS
2175 302 2222 362 l.
2259 335 2335 347 —
2365 301 2639 364 SERlES
2683 301 2732 375 Ι,
2777 301 3336 367 APOLOGETICA.

464 439 636 510 (Fest.
670 434 771 490 lib.
806 451 879 489 xx
908 433 973 489 de
994 430 1254 506 Signi/Ec.
1316 432 1468 488 verb.
1529 432 1600 488 ad
1655 449 1706 488 υ.
1766 432 2109 506 Aquarioli).
2141 434 2195 501 Α

3690 303 3823 362 1188

2378 432 2618 496 Aruspex
2648 432 2817 483 vetuit
2844 435 2969 482 ante
2999 431 3242 482 brumam
3273 432 3466 496 aliquid
3495 434 3628 483 novi.

2382 496 2587 559 Negotii
2619 497 2877 559 incipere.

2785 569 3014 623 (Terent.
3046 566 3274 623 Phorm,
3304 571 3399 616 act.
3430 568 3507 617 ιν.
3543 581 3673 616 scen.
3694 568 3747 619 4.)

2225 694 2411 750 neque
2443 678 2536 734 his
2568 694 2711 734 sane
2741 678 2990 749 aliisque
3021 677 3218 733 Cicero
3244 677 3428 748 magis
3460 678 3718 749 perpercit
3744 678 3824 732 ubi

2224 768 2345 824 haec
2378 769 2706 825 scribebat:
2744 767 2990 835 Μαντική
3041 770 3240 833 vestra,
3271 782 3392 837 qua:
3424 768 3603 822 Latine
3642 768 3825 823 dii-ina-

2224 860 2299 913 tio
2330 858 2558 922 dicitur,
2590 874 2701 929 qua
2758 861 2911 911 tanta
2962 856 3336 911 imbueremur
3386 858 3765 926 superstitione,
3790 858 3830 910 si

2222 964 2317 1003 vos
2345 948 2539 1004 audire
2561 947 2841 1013 vellemus,
2863 947 3165 1016 aruspices,
3188 961 3443 1015 augures,
3475 945 3648 1011 arioli,
3684 954 3826 1010 rates,

2222 1040 2550 1109 conjectare:
2580 1037 2742 1091 nobis
2770 1044 2943 1091 essent
2987 1035 3206 1091 colendi
3235 1034 3433 1105 (Cicer.
3488 1032 3582 1087 lib.
3614 1050 3630 1088 i
3656 1035 3717 1087 de
3741 1035 3826 1088 Nu-

2224 1136 2333 1185 tur.
2359 1127 2528 1194 deor.,
2564 1143 2690 1198 pag.
2747 1124 3009 1192 203,1in.
3070 1126 3181 1196 36).
3215 1124 3326 1179 Sed
3382 1124 3453 1178 de
3495 1122 3582 1178 his
3611 1122 3735 1179 alibi
3760 1123 3829 1177 di-

2226 1223 2407 1284 ctum,
2438 1221 2494 1272 et
2524 1216 2715 1271 adhuc
2748 1219 2948 1287 postea
2971 1214 3307 1270 dicendum.

2296 1306 2621 1361 Scelestum
2665 1304 2808 1359 illud
2860 1319 2926 1359 ac
2976 1302 3310 1375 reipublicae
3356 1301 3647 1365 infestum,
3676 1300 3831 1355 omni-

2226 1412 2418 1467 noque
2450 1394 2845 1468 perniciosum
2888 1410 3097 1463 agmen
3148 1391 3429 1447 claudunt
3478 1390 3830 1444 mathematici.

2226 1486 2343 1541 Hos
2376 1490 2572 1541 autem
2608 1485 2815 1556 vulgus,
2866 1483 3059 1555 inquit
3106 1484 3171 1537 A.
3203 1482 3450 1550 Gellius,
3482 1498 3607 1553 quas
3648 1481 3834 1551 gentili-

2227 1575 2298 1631 tio
2330 1575 2587 1630 vocabulo
2636 1573 2919 1629 Chaldaeos
2972 1573 3152 1629 dicere
3181 1580 3406 1643 oportet,
3466 1570 3836 1625 mathematicos

2225 1668 2358 1723 dicit
2387 1668 2474 1739 (A.
2505 1664 2648 1721 Gell.
2706 1664 2806 1720 lib.
2868 1683 2886 1720 ι
2916 1666 3069 1720 Noct.
3128 1665 3312 1730 Altic.,
3348 1680 3455 1734 cap
3511 1663 3584 1732 9).
3618 1662 3677 1715 Et
3704 1660 3833 1733 prius

2227 1756 2457 1826 quidem
2493 1755 2686 1809 Cicero
2720 1752 2951 1808 illorum
3002 1756 3183 1808 artem
3240 1755 3297 1806 et
3331 1750 3733 1823 professionem
3763 1747 3833 1801 bis

2224 1843 2418 1898 verbis
2476 1840 2904 1913 explicaverat:
2972 1862 2997 1893 α
3031 1840 3155 1897 Non
3210 1856 3278 1894 ex
3326 1843 3494 1903 artis,
3553 1837 3647 1892 sed
3676 1834 3832 1907 gentis

2226 1931 2505 1987 vocabulo
2538 1928 2848 1999 nominati,
2882 1929 3161 1984 diuturna
3181 1928 3582 1984 observatione
3614 1926 3831 1981 siderum

2227 2020 2530 2076 scientiam
2595 2025 2878 2091 putantur
2933 2019 3214 2083 effecisse,
3276 2022 3338 2072 ut
3398 2016 3625 2089 praedici
3676 2017 3835 2086 posset

2228 2112 2369 2183 quid
2402 2110 2720 2179 unicuique
2779 2114 3147 2173 eventurum,
3208 2112 3265 2162 et
3308 2123 3426 2179 quo
3489 2106 3721 2177 quisque
3748 2103 3836 2157 fato

2229 2206 2402 2256 natus
2433 2204 2588 2254 esset
2620 2221 2646 2248 ››
2680 2198 2878 2269 (Cicer.
2913 2197 3014 2251 lib.
3050 2215 3068 2251 ι
3097 2197 3162 2252 de
3194 2197 3402 2262 Divin.,
3439 2198 3559 2251 init.
3594 2211 3710 2267 pag.
3737 2194 3837 2260 255,

2229 2292 2334 2347 lin.
2368 2292 2441 2363 4).
2480 2289 2639 2345 Unde
2667 2286 3007 2344 Juvenalis:

2418 2407 2554 2456 Nota
2585 2403 3015 2454 matbemathieis
3048 2402 3256 2465 genesis
3273 2406 3399 2465 tua.

3042 2460 3317 2525 (Juvenal.,
3349 2465 3503 2514 satir.
3534 2467 3645 2527 post
3671 2460 3804 2522 med.)

2231 2605 2443 2660 Verum
2478 2601 2609 2657 illos
2640 2615 2961 2671 eorumque
2994 2598 3301 2654 scientiam
3347 2598 3504 2654 idem
3535 2598 3654 2669 ipse
3679 2595 3841 2650 Cicero

2232 2695 2634 2753 Chaldaeorum
2669 2694 2932 2746 monstra
2960 2693 3148 2755 vocat,
3178 2704 3408 2759 nosque
3445 2692 3631 2743 monet
3658 2687 3721 2739 ab
3749 2685 3836 2739 Eu-

2234 2786 2424 2852 doxo,
2483 2782 2747 2852 ipsorum
2806 2778 3210 2849 antesignano,
3272 2778 3513 2849 scriptis
3566 2774 3840 2830 traditum:

481 2834 582 2872 seu
634 2815 826 2888 gladio
887 2816 1165 2885 breviore,
1225 2832 1397 2887 quem
1448 2816 1516 2869 ad
1569 2815 2001 2870 interficiendos
2057 2832 2125 2869 ex

480 2905 715 2960 insidiis
747 2905 1013 2959 homines
1036 2905 1335 2975 gerebant.
1361 2906 1544 2969 Quam
1602 2904 1936 2975 frequenter
1994 2920 2124 2959 vero

479 2994 551 3050 ab
582 2994 677 3049 his
704 2992 1052 3048 truculentis
1084 2993 1423 3048 hominibus
1454 2993 1550 3048 alii
1584 2992 1731 3048 clam
1763 2999 1821 3048 et
1849 2993 2129 3048 insidiose

482 3088 851 3149 necarentur,
887 3083 978 3136 his
1031 3083 1233 3152 paucis
1292 3083 1482 3137 disces
1540 3082 1833 3139 Ciceronis
1890 3084 2123 3138 verbis:

494 3195 517 3224 α
545 3174 669 3227 llaec
702 3172 1070 3242 quotidiana,
1105 3172 1257 3233 sicae,
1290 3188 1514 3226 venena
1549 3194 1575 3221 ››
1610 3172 1744 3241 (Cic.
1784 3172 1881 3228 lib.
1942 3190 2005 3227 III
2061 3173 2126 3227 de
2158 3185 2200 3251 ρ

480 3262 673 3316 Natur.
703 3263 857 3315 Dcor.
885 3277 1012 3332 pag.
1046 3261 1169 3328 25l,
1206 3261 1307 3314 lin.
1343 3261 1453 3329 45).
1488 3261 1595 3315 Sed
1644 3267 1708 3315 ut
1756 3262 1997 3332 propius
2054 3262 2124 3316 ad

480 3347 821 3403 Tertulliani
876 3349 1225 3403 accedamus
1284 3354 1582 3419 tempora:
1645 3373 1671 3399 «
1712 3351 1869 3419 Inde,
1938 3350 2130 3422 inquit

2235 2897 2261 2923 «
2296 2871 2575 2927 Chaldaeis
2607 2870 2665 2924 in
2695 2867 3065 2941 praedictione
3096 2872 3151 2922 et
3176 2867 3234 2921 in
3266 2867 3570 2921 notatione
3599 2864 3843 2933 cujusque

2235 2963 2362 3017 vita:
2395 2977 2461 3015 ex
2492 2957 2781 3014 natulidie
2800 2957 3042 3012 minime
3071 2972 3198 3012 esse
3229 2956 3588 3011 credendum
3621 2979 3647 3004 υ
3671 2952 3841 3023 (Cicer.

2238 3051 2337 3106 lib.
2372 3068 2411 3106 ii
2442 3049 2507 3105 de
2562 3050 2768 3115 Divin.,
2830 3063 2959 3120 pag.
3019 3047 3144 3112 291,
3178 3044 3281 3100 lin.
3338 3045 3454 3117 49).
3490 3044 3654 3100 Plura
3682 3045 3842 3098 autem

2239 3146 2303 3196 ut
2334 3139 2516 3194 missa
2547 3138 2851 3201 faciamus,
2908 3135 3021 3191 alio
3050 3135 3109 3189 in
3165 3134 3312 3188 libro
3343 3132 3732 3189 'l‘ertullianus
3760 3144 3843 3182 no-

2239 3236 2357 3285 ster
2386 3228 2538 3283 haud
2590 3226 2929 3281 dubitanter
2984 3224 3191 3279 asserit
3224 3240 3437 3296 pravos
3495 3222 3734 3295 angelos,
3764 3233 3843 3274 seu

2238 3320 2532 3373 daemones
2565 3316 2741 3383 hujus
2788 3312 2981 3383 impiae
3030 3311 3173 3367 artis
3221 3311 3402 3366 fuisse
3456 3311 3846 3382 magistros,ac

2238 3407 2447 3463 deinde
2495 3404 2617 3459 haec
2665 3402 3005 3474 subiunxit:
3058 3425 3086 3451 ‹‹
3136 3400 3519 3472 Expellantur
3560 3398 3847 3454 mathema-

2238 3497 2360 3565 tici,
2394 3496 2545 3550 sicut
2577 3492 2764 3565 angeli
2817 3508 3058 3547 eorum:
3109 3492 3311 3546 eadem
3364 3508 3539 3562 pcena
3580 3494 3662 3545 est
3695 3482 3849 3542 exsilii

2237 3584 2543 3655 discipulis
2573 3587 2629 3637 et
2661 3581 2955 3651 magistris
2982 3600 3009 3632 ii
3044 3579 3307 3652 (Tertull.
3341 3580 3411 3634 da
3446 3580 3630 3635 Idolal.
3660 3573 3843 3647 cap.9).

2236 3673 2445 3729 Narrat
2481 3676 2676 3727 autem
2707 3669 3020 3725 Suetonius
3046 3668 3152 3723 hos
3184 3668 3635 3723 mathematicos
3670 3666 3732 3720 ab
3762 3662 3846 3717 im-

2236 3767 2501 3836 peratore
2532 3759 2767 3815 Vitellio
2816 3758 3019 3831 pulsos
3068 3757 3249 3813 fuisse
3298 3756 3455 3812 Urbe
3512 3761 3567 3811 et
3607 3754 3847 3819 Italia,ac

2236 3856 2438 3923 postea
2468 3849 2655 3919 capite
2709 3849 3015 3903 damnatos
3072 3847 3336 3918 (Sueten.
3399 3845 3505 3900 lib.
3556 3861 3654 3910 vn,
3691 3844 3716 3910 §
3757 3838 3845 3909 li).

2236 3941 2346 3997 Sed
2396 3938 2581 4011 prius,
2640 3940 2787 3993 teste
2842 3936 3061 4001 Tacito,
3115 3935 3321 3989 I000
3381 3935 3536 3989 facta
3565 3934 3773 3988 fuerant
3796 3927 3849 3979 de

2235 4032 2344 4087 hoc
2369 4027 2915 4085 mathematicorum
2939 4025 3142 4081 exsilio
3160 4023 3664 4081 senatusconsulta
3685 4016 3848 4091 (Tacit.

2236 4121 2336 4176 lib.
2371 4137 2412 4175 ιι
2443 4119 2641 4174 Annal.
2694 4122 2827 4173 ante
2877 4116 3077 4187 med.).
3121 4114 3408 4187 Ulpianus
3460 4114 3686 4169 tandem
3716 4106 3851 4178 plura

2235 4214 2304 4268 de
2337 4213 2429 4267 his
2461 4215 2769 4276 memorat,
2802 4225 2974 4280 quem
3024 4205 3329 4263 consulere
3378 4206 3599 4277 poteris
3635 4199 3850 4275 (Ulpian.

2232 4303 2335 4357 lib.
2368 4319 2448 4356 vn
2478 4301 2542 4356 de
2573 4301 2727 4370 0/ﬁc.
2757 4303 3029 4371 praetor)
3837 4369 3847 4380 .

2306 4394 2488 4461 Atque
2536 4388 2594 4442 hi
2656 4390 2823 4442 erant
2876 4384 3125 4457 triplicis
3181 4383 3390 4439 classis
3452 4381 3728 4444 homines,
3768 4386 3851 4444 qm

2233 4480 2593 4535 Christianos
2625 4477 2958 4549 reipublicae
2990 4474 3230 4530 inutiles
3259 4492 3388 4529 esse
3433 4473 3646 4529 idcirco
3677 4479 3851 4539 quere-

2159 4554 2203 4617 D
2233 4571 2471 4636 bantur,
2504 4568 2643 4640 quia
2672 4585 2706 4623 a
2736 4567 2975 4622 nefariis
3005 4566 3239 4621 illorum
3290 4565 3568 4635 operibus
3608 4560 3850 4640 abhorre-

2235 4658 2398 4728 bant,
2431 4639 2777 4727 nullumque
2825 4655 2910 4710 eis
2941 4655 3201 4710 ferebant
3235 4654 3513 4708 fructum.
3557 4651 3661 4707 Sed
3694 4639 3853 4728 perdl‘

2232 4726 2482 4803 tissimis
2533 4726 2873 4800 hominibus
2926 4743 3294 4817 infructuosos
3345 4758 3480 4808 esse,
3536 4741 3613 4795 ait
3658 4726 3855 4791 Tertul-

2234 4838 2451 4905 lianus,
2507 4853 2743 4905 magnus
2800 4835 3001 4907 procul
3060 4834 3239 4889 dubio
3300 4832 3629 4904 reipublicae
3675 4828 3857 4899 fructus

2234 4933 2315 4983 est
2345 4925 2610 4998 (Tertull.
2647 4926 2947 4994 Apologet.,
2979 4940 3105 4995 cap.
3139 4923 3250 4993 43).

2310 5014 2566 5084 Denique
2597 5012 2961 5067 Christianos
2992 5011 3242 5066 ethnicis
3275 5010 3533 5065 maxime
3573 5024 3696 5065 esse
3723 5019 3855 5061 emo-

481 3437 825 3509 Cyprianus,
886 3438 1149 3504 venefici,
1208 3438 1341 3492 inde
1400 3438 1616 3507 sicarii,
1677 3443 1792 3494 tum
1845 3440 1915 3493 ad
1994 3457 2126 3510 pec-

476 3528 730 3581 candum
818 3526 1170 3596 praecipites,
1230 3542 1405 3598 quam
1466 3527 1702 3598 impune
1762 3534 2126 3598 peccantes»

480 3615 770 3684 (Cyprian.
803 3614 873 3668 ad
898 3616 1177 3684 Demetr.),
1216 3637 1236 3663 1

551 3702 755 3757 1080
816 3703 949 3758 .lam
1008 3708 1197 3758 autem
1261 3704 1564 3774 praesentis
1624 3720 1728 3759 cur
1784 3706 1991 3762 deinde
2053 3710 2125 3764 ab

477 3798 728 3847 Auctore
762 3802 957 3849 nostro
1011 3794 1384 3866 appellantur
1440 3798 1740 3863 venerarii,
1792 3800 1891 3870 qui
1950 3815 2126 3855 vene-

482 3899 623 3938 num
650 3883 780 3937 aliis
812 3884 1145 3955 propinant,
1181 3888 1281 3939 aut
1306 3886 1639 3956 conficiunt,
1698 3892 1800 3942 aut
1842 3889 2122 3945 vendunt.

476 3975 593 4027 Nec
626 3971 717 4027 his
749 3972 1153 4045 proculdubio
1181 3974 1498 4030 dissimiles
1530 3981 1697 4030 erant
1726 3977 2125 4047 magi,quibus

475 4061 686 4116 tertius
720 4063 775 4116 in
812 4061 918 4117 bac
951 4062 1137 4117 classe
1172 4062 1333 4119 locus
1361 4064 1553 4119 datur.
1589 4065 1899 4121 Diabolicis
1940 4066 2125 4137 siqui-

476 4151 604 4205 dem
639 4152 887 4221 artibus,
924 4151 1221 4207 maleficiis
1244 4157 1300 4206 et
1350 4153 1661 4223 prmstigiis
1708 4172 1911 4209 nocere
1972 4155 2123 4225 aliis,

476 4256 691 4311 eosque
722 4239 983 4294 occidere
1016 4242 1374 4295 nitebantur.
1404 4244 1463 4295 At
1490 4242 1546 4295 hi
1581 4247 1738 4311 sunt,
1773 4260 1919 4313 quos
1944 4244 2125 4299 Hora-

477 4330 593 4383 tius
626 4328 784 4384 hisce
818 4334 979 4383 notat
1001 4330 1358 4385 carminibus
1387 4347 1398 4384 :

759 4470 888 4534 Qua:
920 4484 1066 4531 saga,
1105 4472 1225 4534 quis
1266 4476 1316 4521 te
1351 4472 1559 4522 solvere
1610 4473 1875 4523 Thessalis

818 4533 1040 4596 Magnus
1073 4533 1310 4594 venenis,
1343 4536 1463 4597 quis
1486 4537 1680 4597 poterit
1701 4537 1832 4585 deus
1854 4540 1878 4585 ?

974 4606 1174 4664 (Horat.
1206 4605 1295 4654 lib.
1329 4620 1361 4667 ι,
1393 4608 1482 4655 od.
1514 4609 1591 4665 27,
1626 4622 1676 4656 v.
1708 4609 1761 4656 2t
1802 4612 1855 4657 et
1902 4610 2000 4672 22.)

546 4736 739 4791 Tertia
763 4737 999 4793 demum
1032 4739 1087 4794 in
1147 4739 1331 4796 classe
1392 4747 1756 4812 reponuntur
1802 4758 1835 4796 a
1896 4742 2126 4798 Tertul-

476 4824 635 4880 liano
669 4828 967 4897 aruspices,
1000 4831 1185 4897 arioli,
1231 4831 1606 4886 mathematici
1665 4830 1927 4901 (Tertull.
1987 4834 2122 4903 Apa-

478 4915 661 4983 lcgat.,
692 4930 820 4985 cap.
859 4916 966 4984 43),
1004 4934 1151 4986 quos
1192 4918 1429 4989 quidem
1489 4920 1806 4989 Arnobius,
1864 4938 1897 4975 a
1956 4920 2126 4976 nobis

475 5001 651 5074 paulo
675 5011 809 5057 ante
862 5005 1095 5074 citatus,
1156 5024 1335 5063 vanos
1364 5009 1741 5080 (conjectores
1800 5014 2122 5081 nuncupat.

476 5091 607 5146 Suis
639 5092 794 5146 enim
830 5096 1201 5152 exsecrandis
1234 5097 1476 5163 artibus,
1510 5098 1661 5153 dolis
1694 5103 1868 5170 atque
1900 5098 2122 5170 praesti-

473 5180 587 5252 giis
623 5182 820 5237 futura
843 5200 903 5239 se
936 5186 1328 5254 praenuntiare
1343 5204 1509 5258 posse
1528 5188 1922 5243 venditabant.
1944 5188 2124 5243 Ariin

472 5274 670 5325 autem
705 5270 824 5327 sive
858 5273 1093 5340 Farioli,
1126 5276 1198 5330 de
1224 5276 1435 5345 quibus
1468 5294 1648 5349 supra
1673 5276 1903 5349 egimus
1938 5278 2125 5349 linge-

467 5360 611 5414 bant
645 5376 707 5415 se
740 5362 938 5416 divino
972 5364 1193 5433 afﬂatu,
1221 5369 1277 5419 et
1307 5366 1605 5436 aruspices
1637 5366 1918 5437 adspectu
1958 5366 2123 5421 victi-

468 5465 701 5505 marum
733 5451 1059 5505 vaticinari.
1110 5458 1155 5504 A
1213 5452 1519 5509 Terentius
1578 5459 1858 5527 utrosque
1918 5456 2125 5529 pungit

472 5536 686 5593 horum
716 5555 992 5595 versuum
1012 5539 1229 5597 aculeis
1263 5558 1275 5596 :

785 5642 994 5692 Gallina
1024 5644 1232 5705 cecinit,
1270 5644 1545 5696 interdixit
1581 5647 1816 5701 ariolus:

2234 5105 2496 5161 lumento
2530 5102 2637 5156 hac
2668 5101 2859 5158 adhuc
2893 5102 3115 5156 ratione
3163 5100 3522 5155 demonstrat
3553 5118 3564 5153 :
3617 5124 3641 5148 ‹‹
3673 5092 3853 5161 Quanti

2232 5192 2538 5263 (editiones
2573 5196 2819 5261 veteres,
2863 5191 3123 5260 Quantos,
3176 5188 3447 5253 Lacerda,
3502 5186 3737 5257 Quando)
3765 5183 3853 5237 ha-

2234 5281 2403 5351 betis,
2434 5298 2547 5336 non
2578 5280 2707 5335 dico
2745 5281 2870 5351 jam
2923 5280 3023 5351 qui
3055 5294 3157 5352 pro
3202 5277 3363 5333 vcbis
3393 5276 3677 5333 daemonia
3705 5287 3849 5328 excu-

2232 5372 2405 5441 tiunt,
2441 5387 2557 5424 non
2591 5370 2719 5424 dico
2745 5371 2867 5439 jam
2902 5368 3003 5440 qui
3036 5383 3138 5439 pro
3165 5366 3330 5422 vobis
3351 5382 3583 5438 quoque
3614 5380 3736 5419 vero
3758 5366 3851 5415 Deo

2236 5476 2437 5532 preces
2483 5463 2769 5525 sternant,
2821 5459 2959 5530 quia
3018 5457 3165 5512 forte
3214 5473 3326 5511 non
3386 5455 3639 5520 creditis,
3686 5451 3775 5507 sed
3827 5463 3855 5500 a

2235 5550 2452 5622 quibus
2488 5548 2633 5605 nihil
2692 5549 2899 5605 timere
2956 5545 3194 5620 possitis
3254 5566 3283 5594 »
3340 5545 3540 5616 (lbid.).
3600 5538 3854 5613 Rigaltius

2228 5656 2363 5697 vero
2396 5640 2637 5713 propria
2668 5640 3036 5709 auctoritate,
3086 5641 3143 5695 et
3191 5640 3391 5694 contra
3439 5630 3830 5707 exemplarium
