4134 6184
370 261 526 323 1189

1284 245 1358 306 D.
1404 244 1504 305 LE
1546 243 1874 305 NOURRY
1916 243 2564 307 OBSERVATIONES
2608 246 2867 312 NOV/E.

3624 253 3778 312 H90

366 387 903 459 manuscriptorum
927 386 1103 454 atque
1125 378 1418 435 editorum
1442 374 1640 445 tidem,
1664 373 1788 429 haec
1809 373 2002 440 verba,
2038 378 2086 443 Α
2120 379 2260 440 tem,
2315 375 2541 432 sincera
2599 378 2727 450 ejus
2785 380 3168 450 documenta,
3229 391 3281 437 et
3338 382 3769 453 iniquissimam

366 483 499 553 quia
529 479 677 554 forte
722 492 833 531 non
883 472 1126 539 creditis,
1166 473 1447 554 tanquam
1497 480 1884 536 supervacua,
1916 468 2017 519 aut
2122 463 2589 522 Christianorum
2624 470 2986 526 vexationem
3022 472 3545 528 demonstrat.Jam
3573 471 3772 544 Itaque

362 545 477 627 sibi
512 545 625 625 non
660 566 873 639 placita
921 560 1182 618 sustulit.
1215 558 1328 614 Sed
1356 545 1522 627 quid,
1556 554 1761 610 amabo
1796 559 1868 622 te,
1904 570 2012 615 no-

362 661 571 717 cebant
602 675 670 714 ea
700 656 895 725 verba,
930 652 1145 725 quibus
1176 652 1388 705 Auctor
1435 644 1731 717 significat
1762 643 2013 700 ethnicis

362 766 712 823 persuarum
733 745 973 803 omnino
1001 757 1119 797 non
1143 739 1324 795 fuisse
1349 736 1709 793 Christianos
1740 751 1844 806 pro
1866 734 2013 806 ipsis

364 848 546 899 Deum
579 853 779 895 verum
818 830 1088 906 precari?
1143 833 1215 883 At
1260 826 1317 882 id
1368 831 1584 893 tamen,
1635 823 1847 894 inquit,
1888 829 2010 882 tam

363 935 489 987 erat
529 931 776 992 certum,
809 938 985 995 quam
1030 920 1202 992 plane
1252 915 1559 971 constabat
1606 912 1894 968 daemonia
1939 914 2009 970 ab

361 1022 479 1079 illis
520 1035 588 1075 ex
617 1015 957 1073 eorumdem
1006 1007 1315 1083 gentilium
1366 1005 1550 1076 ejecta
1589 1002 1771 1059 fuisse
1803 1018 2013 1076 corpo—

361 1113 549 1182 ribus,
588 1107 758 1165 sicuti
806 1122 840 1161 a
889 1101 1060 1159 nobis
1090 1094 1528 1156 evidentissima
1558 1094 1867 1167 probatum
1899 1098 2007 1151 est.

430 1215 643 1285 Quanti
700 1229 861 1285 ergo,
913 1208 1111 1281 arguit
1170 1202 1593 1271 Tertullianus,
1650 1217 1752 1256 vos
1791 1200 2010 1257 ethnici

357 1310 593 1376 habetis,
614 1306 721 1360 hoc
754 1307 864 1369 est,
889 1302 1110 1371 quanto
1142 1294 1326 1368 pretio
1354 1290 1661 1347 aestimatis
1690 1289 1801 1345 hoc
1833 1289 2010 1345 maxi-

357 1413 523 1453 mum
556 1398 709 1451 certe
740 1389 1115 1455 beneficium,
1160 1384 1315 1457 quod
1352 1380 1669 1437 Christiani
1696 1380 1863 1435 vobis
1892 1378 2008 1434 im-

355 1481 740 1560 pertiuntur?
789 1479 992 1535 Nonne
1025 1492 1091 1532 eo
1141 1474 1265 1531 solo
1298 1471 1535 1527 nomine
1565 1469 1729 1524 vobis
1763 1484 2010 1560 summa

356 1558 637 1647 profecto,
668 1574 735 1625 ut
765 1584 945 1640 supra
976 1564 1234 1621 diximus
1267 1562 1451 1633 (supr.
1486 1575 1612 1630 cap.
1659 1560 1749 1625 22,
1782 1561 1893 1612 art.
1934 1558 2007 1627 1),

356 1666 525 1719 erant
549 1658 785 1715 utilitati
822 1660 845 1712 Ρ

425 1749 642 1805 Verum
675 1746 859 1801 instat
882 1740 1074 1798 adhuc
1103 1737 1224 1808 ille,
1256 1742 1313 1793 et
1340 1736 1625 1791 intortum
1658 1733 1729 1789 ab
1761 1733 2012 1790 ethnicis
2040 1753 2088 1818 B

354 1838 537 1896 telum
578 1837 641 1893 in
679 1835 811 1891 illos
855 1829 1265 1903 retorquendo,
1321 1826 1493 1899 plane
1539 1825 1904 1879 demonstrat
1932 1822 2005 1877 ab

352 1930 473 1986 illis
503 1942 807 1986 summum
840 1920 1173 1994 reipublicae
1205 1917 1618 1972 detrimentum
1654 1914 1799 1968 fieri.
1858 1912 2002 1966 Nam

352 2034 485 2074 cum
532 2016 703 2087 longe
757 2014 966 2083 major,
1001 2009 1154 2065 sicut
1203 2005 1357 2061 haud
1390 2001 1571 2059 semel
1602 2001 1879 2065 diximus,
1912 2018 2002 2056 es-

348 2114 438 2166 set
466 2106 954 2166 Christianorum,
990 2114 1166 2172 quam
1196 2095 1430 2151 illorum
1466 2108 1771 2159 numerus,
1809 2108 2003 2148 nonne

346 2197 680 2271 respublica
711 2197 992 2251 damnum
1025 2195 1176 2245 certe
1218 2186 1540 2242 maximum
1595 2183 1667 2238 ab
1714 2182 1807 2237 his
1855 2182 2001 2254 ipsis

347 2287 688 2360 recipiebat,
723 2297 973 2355 quorum
1007 2276 1351 2335 crudelitate
1380 2278 1457 2330 tot
1489 2274 1632 2344 justi
1661 2271 1997 2339 Christiani,

348 2378 503 2433 sicut
549 2378 766 2430 Auctor
815 2374 1013 2426 noster
1062 2368 1163 2437 ait,
1198 2363 1595 2435 impendimur,
1627 2362 1685 2416 id
1714 2365 1822 2428 est,
1858 2378 1998 2417 con-

349 2465 645 2522 sumimur
689 2466 746 2519 et
789 2454 1153 2515 occidimur?
1198 2455 1273 2510 Eo
1317 2454 1474 2509 enim
1525 2468 1701 2507 sensu
1762 2451 2001 2522 scripsit

351 2553 597 2610 Latinus
625 2548 1006 2623 epistolarum
1040 2543 1201 2600 Pauli
1232 2542 1517 2613 interpres
1550 2557 1562 2593 :
1604 2560 1630 2591 α
1660 2540 1776 2610 Ego
1806 2544 1998 2594 autem

349 2640 760 2698 lubentissime
802 2635 1163 2708 impendam,
1223 2637 1281 2687 et
1335 2629 1821 2702 superimpendar
1875 2628 2000 2699 ipse

349 2749 452 2805 pro
513 2730 823 2787 animabus
872 2724 1137 2782 vestris»
1189 2723 1261 2795 (II
1316 2720 1437 2776 Cor.
1497 2735 1600 2784 xu,
1656 2718 1765 2789 15).
1825 2717 2001 2773 Addit

348 2825 499 2877 Vero
529 2816 929 2875 Tertullianus
965 2831 977 2871 :
1021 2835 1050 2864 ‹‹
1082 2812 1226 2868 Cum
1257 2810 1597 2865 innocentes
1628 2823 1939 2879 erogamur
1970 2830 1998 2857 ››

348 2907 614 2982 (Tertull.
647 2908 713 2962 de
761 2906 1089 2974 Praescript.
1122 2918 1171 2958 c.
1203 2902 1283 2972 2).
1318 2897 1605 2954 Pamelius
1634 2914 1766 2952 vero
1801 2896 2000 2952 mallet

344 2998 631 3055 erodimur
658 3014 677 3051 .'
713 2996 815 3051 sed
848 2993 1062 3065 saepius
1103 2993 1313 3046 Auctor
1341 2992 1540 3043 noster
1568 2986 1742 3041 verbo
1772 3001 1999 3055 erogare

346 3088 552 3156 utitur,
609 3101 786 3157 quam
837 3088 922 3150 ut,
973 3080 1176 3135 invitis
1227 3074 1648 3146 manuscriptis
1697 3074 1996 3140 omnibus,

344 3177 616 3232 credatur
647 3173 790 3228 illud
827 3171 907 3226 ibi
938 3172 1281 3240 corruptum
1329 3182 1476 3220 esse.
1531 3164 1743 3218 Eodem
1798 3164 1998 3235 itaque

344 3264 678 3338 significatu
732 3260 813 3316 ibi
864 3258 1168 3329 accipitur,
1219 3270 1332 3325 quo
1380 3252 1520 3308 alibi
1570 3252 1736 3319 dixit,
1770 3254 1996 3309 Febrem

346 3352 627 3422 eroganda
681 3350 897 3407 homini
946 3348 1285 3419 deputatam.
1318 3344 1387 3398 Et
1433 3359 1631 3398 revera
1665 3342 1841 3397 homo
1871 3359 1995 3399 ero-

346 3447 539 3515 gatur,
600 3440 698 3511 qui
759 3438 897 3493 alibi
956 3436 1123 3501 dixit,
1179 3433 1404 3489 Febrem
1457 3431 1727 3503 eroganda
1780 3432 1997 3487 homini

345 3532 685 3603 deputatam.
746 3528 815 3581 Et
862 3541 1059 3581 revera
1116 3522 1291 3577 homo
1322 3526 1597 3592 erogatur
1626 3520 1794 3591 febri,
1828 3524 1999 3591 cujus

348 3619 633 3674 mortiferi
674 3620 815 3672 sunt
845 3613 1055 3669 exitus.
1092 3610 1237 3667 Alibi
1287 3610 1462 3665 etiam
1501 3609 1740 3681 scripsit
1770 3609 1999 3680 gladia-

344 3713 523 3778 tores,
554 3706 654 3778 qui
688 3702 873 3760 occidi
917 3701 1262 3768 didicerant,
1310 3698 1499 3754 edicto
1530 3697 1621 3752 die
1653 3698 1994 3753 inferiarum

344 3795 573 3868 erogari
604 3795 694 3863 (de
721 3794 989 3865 Spectae.,
1037 3806 1163 3861 cap.
1215 3787 1321 3859 12).
1373 3786 1633 3857 Denique
1683 3786 1753 3840 de
1782 3785 1994 3842 inferni

344 3885 499 3958 igne,
534 3883 619 3939 uti
652 3878 1172 3938 animadvertimus
1218 3876 1441 3948 (supra,
1492 3891 1619 3947 cap.
1655 3876 1741 3945 11,
1776 3880 1883 3931 art.
1918 3875 1993 3947 4),

342 3974 416 4029 ab
448 3989 514 4029 eo
545 3972 767 4028 dictum
805 3987 818 4025 ε
851 3971 992 4024 Dum
1020 3970 1225 4037 erogat,
1250 3972 1498 4036 reparat.

416 4080 592 4135 Porro
625 4082 820 4135 autem
855 4076 1019 4149 quid,
1050 4089 1268 4147 quasso,
1302 4071 1361 4126 in
1420 4072 1612 4141 majus
1663 4070 1995 4143 reipublicm

340 4169 631 4224 damnum
661 4166 805 4222 verti
838 4165 1047 4237 potuit,
1081 4178 1257 4235 quam
1290 4165 1493 4217 contra
1523 4159 1815 4215 humanas
1844 4161 1991 4216 divi-

340 4272 563 4327 nasque
622 4256 819 4311 1091
883 4254 1041 4326 leges
1088 4253 1433 4307 innumeros
1461 4248 1826 4306 Christianos
1879 4268 1994 4307 non

339 4344 531 4402 solum
588 4362 695 4401 suo
748 4359 993 4399 numero
1036 4339 1368 4413 reipubliczs
1423 4338 1619 4404 utiles,
1681 4340 1781 4395 sed
1837 4340 1993 4397 cives

337 4435 516 4490 etiam
549 4435 824 4507 optimos,
857 4448 1089 4488 morum
1146 4430 1394 4500 vitisque
1446 4427 1781 4499 integritate
1821 4446 1991 4485 vene-

335 4525 577 4593 randos,
603 4522 824 4578 nullius
846 4522 1065 4587 hostes,
1092 4518 1316 4575 nullius
1338 4516 1605 4573 criminis
1630 4533 1989 4587 reos,suum,

332 4614 492 4670 sicut
521 4612 794 4684 superius
825 4610 1193 4667 ostendimus
1224 4608 1445 4679 (supra,
1472 4622 1596 4675 cap.
1634 4606 1720 4673 14,
1772 4612 1879 4663 art.
1914 4609 1990 4681 3),

330 4703 617 4759 duntaxat
663 4701 735 4756 ob
785 4715 998 4756 nomen
1029 4713 1256 4761 vexare,
1289 4712 1355 4751 ac
1388 4695 1753 4767 quibuslibet
1791 4697 1993 4768 exqui-

330 4790 641 4849 sitissimis
690 4789 1049 4845 cruciatibus
1108 4784 1517 4842 excarniﬁcare
1566 4788 1625 4838 et
1684 4784 1996 4841 occidere?

334 4879 573 4939 Ethnici
629 4895 767 4951 ergo
824 4878 912 4934 vel
974 4877 1123 4932 hanc
1181 4874 1367 4931 solam
1416 4878 1655 4946 propter
1707 4874 1993 4932 rationem

346 4985 635 5041 magnum
660 4968 863 5040 utique
885 4967 991 5023 toti
1014 4964 1348 5037 reipublicae
1386 4962 1716 5017 inferebant
1749 4963 1993 5021 malum.

329 5062 549 5114 Contra
595 5074 728 5113 vero
777 5055 1093 5113 Christiani
1144 5053 1369 5109 nullum
1406 5053 1663 5123 profecto
1714 5052 1992 5123 importa-

331 5150 519 5204 bant:
555 5151 657 5203 aut
685 5146 735 5202 si
763 5146 902 5217 quid
933 5146 1004 5200 ab
1032 5144 1116 5200 eis
1152 5158 1412 5214 unquam
1444 5142 1664 5196 factum
1700 5140 1995 5214 designari

330 5238 611 5310 potuerit,
655 5234 797 5291 illud
859 5238 1014 5291 certe
1045 5249 1259 5305 magno
1289 5248 1423 5287 cum
1458 5230 1674 5287 faenore
1723 5230 1796 5286 ab
1846 5231 1993 5305 ipsis

330 5324 592 5393 aliunde,
626 5328 685 5380 et
714 5324 873 5380 vario
905 5324 1078 5379 modo
1109 5320 1556 5378 resurciebatur.

403 5417 594 5487 Atque
625 5413 911 5471 hactenus
939 5413 1179 5486 quidem
1211 5411 1592 5485 exposuimus
1632 5416 1688 5469 et
1716 5411 1989 5469 enuclea-

329 5504 529 5561 vimus
578 5503 777 5561 omnia
825 5520 891 5560 ac
940 5500 1175 5577 singula
1204 5505 1574 5575 argumenta,
1608 5501 1823 5573 quibus
1853 5503 1991 5558 Ter-

330 5593 624 5653 tullianus
652 5592 994 5652 Christiana
1026 5592 1326 5665 religionis
1357 5591 1683 5660 veritatem,
1710 5592 1989 5650 sanctita-

2121 554 2575 611 examinandum
2625 564 2913 630 superest,
2957 563 3252 632 quomodo
3310 562 3635 633 probaverit
3670 563 3773 617 fal-

2122 660 2246 700 sam
2276 662 2404 701 esse
2436 648 2745 720 gentilium
2779 650 3149 721 religionem.

2725 765 2960 821 CAPUT
3002 767 3157 823 XXV.

2123 851 2333 919 Quibus
2396 857 2742 928 argumentis
2802 858 3171 912 Tertullianns
3198 857 3527 913 demonstret
3562 859 3772 928 falsam

2190 939 2307 1049 (cisse
2336 925 2631 995 gentilium
2656 928 3008 1000 religionem,
3036 945 3107 985 ac
3125 932 3295 1000 falsos
3327 946 3510 987 omnes
3541 925 3770 985 illorum

2229 1011 2335 1049 eos.

2229 1011 2335 1051 608.

2643 1104 2960 1145 ARTICULUS
3002 1107 3241 1147 PRIMUS.

2122 1174 2297 1243 Quam
2339 1178 2526 1243 aperte
2570 1175 2788 1246 falsitas
2828 1178 3120 1246 religionis
3161 1180 3500 1234 ethnicorum
3549 1179 3768 1235 demon-

2190 1248 2392 1299 stretur
2442 1262 2515 1301 ea:
2572 1245 2901 1322 Christianae
2945 1245 3207 1318 veritate,
3241 1253 3428 1322 ejectis
3487 1267 3554 1306 ea
3588 1253 3765 1307 obses-

2190 1332 2379 1370 sorum
2432 1333 2655 1389 corpore
2699 1320 3064 1388 daemonibus,
3112 1320 3274 1377 certa
3318 1322 3597 1377 hominum
3642 1340 3768 1377 con-

2190 1388 2423 1464 scientia
2470 1405 2491 1450 ;
2526 1388 2782 1464 (potiori
2823 1397 2880 1446 et
2936 1394 3177 1458 notiori,
3241 1393 3334 1446 sed
3399 1395 3567 1464 plane
3621 1395 3774 1463 falsa

2191 1458 2481 1536 divinitate
2529 1458 2777 1531 saturni,
2820 1465 2915 1533 qui
2967 1471 3123 1520 homo
3160 1466 3294 1536 fuit,
3353 1458 3413 1519 ei
3460 1481 3494 1519 a
3541 1458 3677 1521 lano
3711 1483 3771 1521 in

2191 1531 2359 1608 Italia.
2398 1542 2673 1608 exceptus,
2704 1531 2863 1589 suum
2901 1552 3110 1608 (nomen
3155 1531 3301 1590 dedit
3337 1538 3572 1600 civitati,
3605 1554 3771 1608 quam

2189 1602 2777 1678 depalaverat,totique
2806 1606 3001 1675 Italia,
3022 1622 3147 1678 qua
3175 1624 3295 1678 quae
3323 1610 3479 1678 prius
3509 1602 3769 1665 (Enotrz'a

2190 1676 2482 1749 vocabatur
2507 1692 2529 1737 ;
2588 1677 2719 1731 item
2757 1679 2949 1747 Thalli,
2997 1676 3199 1745 Cassii,
3240 1684 3289 1734 et
3324 1676 3559 1749 Nepotis
3612 1683 3764 1735 testi-

2189 1747 2392 1822 monio,
2427 1764 2492 1801 ae
2517 1749 2748 1817 proinde
2794 1752 2995 1821 falsam
3025 1768 3143 1806 esse
3175 1753 3349 1821 ipsam
3380 1747 3591 1822 quoque
3618 1754 3764 1808 Jovis

2189 1818 2554 1889 aliorumque,
2585 1818 2922 1880 venditatam
2950 1822 3017 1877 ab
3046 1818 3305 1887 ethnicis,
3336 1818 3706 1881 divinitatem.

2185 1933 2407 1998 Quibus
2441 1936 2729 1991 rationum
2782 1939 3096 1994 momentis
3146 1938 3545 1996 invectissime
3575 1955 3765 1996 assec-

2112 2024 2232 2076 tam
2292 2023 2769 2097 vindicatamque
2821 2045 2855 2083 a
2900 2027 3257 2083 Tertulliano
3303 2028 3556 2084 vidimus
3603 2028 3765 2084 Chri-

2112 2110 2315 2166 stianae
2348 2112 2646 2185 religionis
2678 2117 3004 2185 veritatem,
3050 2117 3259 2173 iisdem
3306 2118 3570 2173 funditus
3600 2134 3765 2174 ever-

2110 2204 2320 2256 tuntur
2390 2219 2595 2258 omnes
2668 2205 2977 2277 gentilium
3057 2206 3160 2271 dii,
3211 2211 3266 2261 et
3343 2207 3763 2277 superstitiosus

2110 2290 2441 2363 religiones.
2476 2292 2620 2348 Nam
2653 2294 2702 2349 si
2731 2310 2866 2350 vera
2895 2300 2984 2351 est
3015 2295 3229 2351 Christi
3262 2296 3559 2366 divinitas,
3588 2296 3763 2352 sicuti

2108 2380 2507 2437 Tertullionus
2567 2388 2769 2439 noster
2826 2384 2971 2440 scite
3028 2385 3313 2452 observat,
3374 2385 3645 2458 sequitur
3701 2394 3769 2442 ut

2106 2471 2252 2540 falsa
2278 2474 2637 2528 renuntietur
2667 2474 2875 2545 quaevis
2903 2475 3018 2530 alia
3048 2476 3332 2530 contraria
3356 2482 3568 2547 reperta
3597 2476 3763 2544 (Ter-

2109 2559 2238 2614 tull.
2274 2561 2545 2632 Apologet.
2580 2579 2706 2634 cap.
2759 2564 2847 2630 21,
2905 2581 3035 2636 pag.
3080 2566 3224 2635 404).
3286 2569 3570 2620 Praeterea
3630 2582 3760 2620 ma-

2108 2649 2490 2705 nifestissime
2524 2668 2657 2707 cum
2690 2652 2791 2707 illo
2831 2654 3195 2709 ostendimus
3239 2654 3462 2726 (supra,
3522 2671 3649 2726 cap.
3703 2656 3759 2725 7,

2108 2742 2219 2793 art.
2257 2739 2307 2809 1)
2360 2757 2541 2794 unum
2593 2743 3002 2798 tantummodo
3043 2760 3170 2798 esse
3218 2760 3387 2814 posse
3436 2743 3641 2813 Deum,
3692 2760 3759 2797 ac

2109 2829 2351 2899 proinde
2397 2830 2573 2886 falsos
2621 2832 2765 2886 alios
2817 2848 3042 2903 omnes,
3078 2838 3363 2904 quotquot
3393 2835 3463 2888 ab
3513 2833 3762 2889 ethnicis

2109 2916 2249 2987 tingi
2282 2924 2615 2988 potuerunt.

2177 3007 2291 3062 Nec
2323 3008 2521 3063 minus
2555 3010 2860 3081 perspicue
2902 3028 2935 3065 a
2979 3010 3147 3066 nobis
3177 3012 3643 3067 demonstratum
3674 3016 3763 3068 est

2029 3110 2071 3178 ρ
2112 3096 2336 3168 (supra,
2366 3114 2492 3169 cap.
2527 3101 2579 3168 8,
2617 3105 2726 3154 art.
2763 3101 2814 3171 1)
2859 3101 3152 3154 dmmoncs
3185 3118 3217 3155 a
3266 3100 3610 3155 Christianis
3644 3102 3761 3172 eje-

2110 3190 2233 3239 ctos
2266 3185 2447 3241 fuisse
2480 3188 2550 3241 ab
2582 3204 2806 3254 eorum,
2837 3205 2961 3260 qua:
2994 3188 3358 3256 obsidebant,
3393 3190 3759 3261 corporibus,

2109 3274 2359 3345 illosque
2392 3282 2515 3331 tum
2550 3280 2781 3332 coactos
2800 3277 2986 3348 palam
3012 3278 3175 3333 fateri
3197 3296 3255 3333 se
3280 3294 3393 3333 non
3419 3279 3556 3334 deos
3588 3279 3765 3334 sicuti

2113 3364 2399 3435 putabant
2444 3365 2684 3431 ethnici,
2740 3367 2838 3420 sed
2892 3366 3231 3422 immundos
3279 3384 3408 3422 esse
3456 3368 3703 3439 spiritus
3747 3384 3762 3435 ;

2113 3454 2353 3508 unicum
2388 3470 2539 3520 vero,
2593 3472 2767 3525 quem
2819 3455 3134 3511 Christiani
3180 3456 3593 3528 praedicabant,
3634 3472 3764 3512 esse

2115 3542 2316 3607 Deum,
2351 3559 2416 3597 ac
2468 3542 2765 3598 Christum
2807 3543 2987 3615 hujus
3018 3561 3145 3600 esse
3175 3544 3485 3615 Virtutem,
3520 3545 3766 3617 Sapien-

2111 3632 2275 3696 tiam,
2311 3631 2637 3696 Rationem,
2682 3638 2739 3686 et
2790 3633 3019 3700 Filium,
3071 3635 3239 3705 cujus
3290 3634 3525 3689 nomine
3558 3651 3621 3689 ac
3651 3635 3765 3690 vir-

2111 3724 2233 3775 tute
2264 3721 2635 3789 fugabantur.
2672 3721 2826 3776 Nihil
2860 3740 2994 3794 ergo
3030 3740 3266 3779 necesse
3297 3728 3421 3779 erat
3450 3723 3563 3778 alia
3599 3724 3769 3795 plura

2112 3806 2521 3865 aTert’ulliano
2543 3811 2841 3882 (Apologet.
2868 3828 2992 3884 cap.
3018 3813 3110 3882 23)
3142 3813 3376 3884 congeri
3399 3818 3765 3883 argumenta,

2111 3899 2327 3969 quibus
2358 3898 2615 3970 amplius
2663 3900 3069 3970 comprobaret
3117 3900 3286 3972 plane
3334 3901 3766 3957 commentitios

2110 3987 2391 4057 fictosque
2424 4003 2551 4042 esse
2585 3987 2950 4043 ethnicorum
2986 3990 3143 4053 deos,
3179 4005 3245 4043 ac
3278 3989 3520 4060 proinde
3553 3988 3762 4042 falsam

2108 4075 2343 4130 illorum
2394 4074 2761 4147 religionem.
2816 4077 3027 4132 Verum
3096 4081 3164 4131 ut
3208 4077 3441 4132 eosdem
3493 4075 3760 4131 ethnicos

2107 4164 2275 4236 impii
2308 4164 2549 4220 deorum
2608 4182 2849 4220 suorum
2908 4166 3123 4231 cultus,
3177 4183 3241 4221 ac
3295 4182 3576 4237 perversa:
3626 4164 3761 4220 reli-

2106 4254 2298 4326 gionis
2328 4254 2564 4309 tandem
2610 4254 2948 4325 aliquando,
2984 4256 3190 4312 I092
3241 4256 3289 4309 si
3340 4255 3463 4309 fieri
3516 4258 3760 4326 poterat,

2108 4343 2347 4400 omnino
2378 4344 2644 4416 puderet,
2680 4344 2857 4399 variis
2894 4345 3083 4400 adhuc
3118 4344 3411 4399 rationum
3445 4344 3761 4399 momentis

2106 4432 2662 4488 manifestissimum
2695 4432 2937 4487 cuilibet
2989 4434 3122 4488 facit
3172 4440 3284 4487 tam
3331 4438 3563 4503 apertas
3602 4416 3759 4487 falsa:

2112 4522 2272 4577 illius
2304 4521 2606 4593 religionis
2660 4526 2828 4576 notas
2875 4522 3255 4593 deprehendi,
3290 4526 3353 4576 ut
3383 4522 3481 4592 qui
3515 4537 3613 4576 eas
3644 4538 3758 4577 non

2103 4610 2441 4683 perspiciat,
2475 4626 2536 4665 se
2569 4610 2761 4681 ipsum
2797 4611 3031 4681 penitus
3064 4628 3349 4666 excaecare
3380 4609 3538 4665 velit.

2174 4699 2365 4754 Primo
2398 4699 2593 4770 itaque
2624 4699 2938 4769 ipsammet
2982 4700 3285 4770 gentilium
3336 4699 3755 4755 conscientiam

2100 4794 2307 4844 testem
2358 4787 2634 4860 appellat,
2696 4804 2812 4858 qua
2860 4790 3182 4853 constricti,
3237 4789 3423 4856 fateri,
3456 4793 3521 4843 ut
3579 4805 3755 4860 supra

2102 4877 2378 4943 vidimus,
2411 4877 2766 4947 cogebantur
2817 4878 3054 4931 unicum
3102 4894 3230 4933 esse
3286 4882 3485 4942 Deum,
3538 4894 3754 4949 eosque

2102 4984 2325 5034 omnes,
2372 4983 2521 5038 quos
2575 4967 2858 5020 vocabant
2907 4966 3292 5038 colebantque
3341 4968 3503 5035 deos,
3554 4984 3752 5023 revera

2103 5057 2283 5111 fuisse
2327 5055 2617 5111 homines.
2653 5055 2710 5110 Si
2740 5056 2873 5126 quis
2897 5073 3027 5111 vero
3053 5056 3369 5112 sceleratus
3414 5056 3747 5111 certissimo

2102 5145 2470 5201 conscientia
2502 5161 2620 5199 suas
2665 5144 3001 5199 testimonio
3034 5160 3361 5217 repugnare
3392 5161 3573 5200 ausus
3606 5144 3752 5199 fuis-

2101 5240 2210 5299 set,
2263 5234 2313 5290 is
2380 5233 2552 5306 plane
2609 5233 3016 5289 revincebatur
3061 5234 3281 5307 elingui
3330 5233 3589 5306 quidem,
3650 5233 3751 5287 sed

2100 5323 2581 5396 eloquentissimo
2612 5322 2910 5379 civitatum
2946 5324 3210 5379 omnium
3234 5321 3586 5391 clamore,in
3621 5320 3752 5390 qui~

2100 5416 2211 5470 bus
2243 5414 2301 5469 hi
2333 5414 2435 5483 dii,
2468 5412 2639 5469 sicuti
2667 5413 2823 5469 haud
2854 5414 3033 5470 semel
3066 5413 3503 5469 observavimus
3526 5410 3749 5481 (supra,

2099 5521 2227 5577 cap.
2260 5504 2313 5569 7,
2348 5507 2457 5571 art,
2492 5507 2601 5559 art.
2640 5504 2713 5574 1),
2757 5504 2899 5570 nati,
2932 5503 3167 5568 versati,
3202 5501 3415 5557 mortui
3446 5502 3503 5553 et
3534 5496 3750 5568 sepulti

2099 5598 2256 5652 sunt.
2305 5592 2590 5662 Quoniam
2648 5609 2782 5650 vero
2828 5592 3059 5650 inﬁnita
3110 5600 3231 5649 erat
3282 5589 3516 5646 illarum
3547 5585 3749 5644 multi-
