4134 6184
492 320 635 379 1191
1008 314 1534 376 TERTULLIANI
1580 310 1904 374 OPERUM
1950 310 2153 370 PAltS
2196 308 2244 369 Ι.
2280 338 2356 352 -
2385 306 2660 368 SEBIES
2704 308 2753 382 Ι,
2798 306 3356 369 APULOGE’I‘ICA.
3698 313 3829 373 1192

486 454 650 521 tudo,
686 469 751 508 ac
777 450 1040 522 singulos
1074 465 1375 506 recensere
1422 447 1509 504 vel
1556 447 1733 503 etiam
1794 444 2135 501 nominibus
2166 446 2220 512 Α
2250 442 2456 515 placet,
2492 440 2643 514 palis
2674 441 3044 498 instructam.
3079 443 3147 498 Et
3201 442 3259 497 hi
3309 443 3533 514 quidem
3571 443 3833 516 explicatio

492 544 619 598 suis
661 540 953 613 appellare
1007 538 1241 608 longius
1289 538 1455 601 foret,
1508 536 1700 607 ipsum
1738 532 2137 589 Tcrtullianus
2254 548 2386 587 nem
2430 548 2593 586 suam
2642 532 2876 605 ﬁrmare
2927 536 3216 587 conantur
3256 531 3346 585 bis
3399 531 3602 587 Hermia
3628 535 3834 590 verbis:

492 636 636 703 petit
668 630 900 685 illorum
934 633 1127 698 caput,
1157 633 1213 682 et
1246 628 1434 697 magis
1468 632 1663 680 notam
1696 624 1977 679 omnibus
2019 622 2139 676 ori-
2256 622 2453 677 «Cum
2484 620 2817 692 depalasset
2846 621 3072 676 vineam
3110 642 3137 669 ››
3166 622 3381 692 (Herm.
3417 622 3511 676 lib.
3534 639 3612 690 Ill,
3642 624 3835 679 similit.

488 720 681 791 ginem
715 718 873 788 (Ibid.
918 733 1047 787 cap.
1094 718 1180 784 11,
1215 732 1344 787 pag.
1380 716 1445 769 12
1478 721 1533 769 et
1566 732 1686 786 seq.
1722 730 1846 784 cap.
1880 712 1971 776 29,
2007 729 2137 784 pag.
2249 713 2303 777 5,
2333 714 2361 784 ξ
2393 716 2447 779 2,
2485 728 2614 782 pag.
2647 711 2758 781 61).

491 811 595 865 438
624 828 636 864 :
672 816 729 865 et
761 809 859 863 lib.
897 825 935 862 ιι
965 806 1037 862 ad
1064 809 1311 873 Nattam,
1336 822 1462 876 cap.
1497 806 1571 872 4).
2321 802 2471 855 Tum
2503 800 2711 855 deinde
2741 796 3137 853 Tertullianus
3163 813 3175 851 :
3201 798 3446 853 Consedit
3466 800 3743 865 Saturnus,
3760 818 3836 855 ex-

563 915 835 971 Ethnicos
865 913 1063 984 itaque
1093 914 1176 966 sic
1209 918 1393 982 urget,
1427 916 1483 967 et
1526 910 1840 980 alloquitur
1873 926 1885 961 :
1937 929 1961 960 ι
1998 912 2140 962 Ante

2247 894 2431 961 ceptus
2486 890 2554 944 ab
2616 892 2772 955 Iano,
2824 889 2907 943 vel
2951 889 3086 943 June
3122 888 3385 958 (Tertull.
3433 890 3690 955 Apologet.
3731 906 3835 961 cap.

494 1006 814 1061 Saturnum
849 1009 998 1057 Deus
1036 1018 1210 1072 penes
1243 1017 1343 1055 vos
1375 1016 1544 1054 nemo
1576 1006 1665 1054 est
1698 1017 1709 1052 ς
1755 999 1826 1053 ab
1870 998 1965 1052 illo
1999 1014 2126 1052 cen-

2246 981 2337 1050 10)
2371 996 2384 1035 :
2420 997 2561 1034 mss.
2600 978 2803 1047 nostri,
2842 978 3019 1033 Jama
3075 981 3134 1032 ut
3191 976 3341 1031 Salii
3398 978 3588 1031 volunt.
3625 980 3676 1031 ln
3719 980 3836 1032 duo-

492 1113 597 1151 sus
654 1093 853 1155 totius,
902 1091 988 1145 vel
1028 1091 1290 1162 potioris,
1324 1088 1411 1143 vel
1468 1088 1711 1143 notioris
1735 1087 2055 1142 divinitatis
2106 1108 2134 1135 »
2247 1070 2358 1124 bus
2389 1075 2585 1123 allle
2618 1084 2793 1121 manu
2847 1066 3153 1121 ι’θθθοίίοπί
3196 1066 3442 1120 exaratis
3464 1065 3838 1136 exemplaribus

490 1182 753 1257 (Tertull.
788 1154 1069 1249 Apologet.
1105 1196 1232 1249 cap.
1272 1154 1352 1244 11,
1392 1194 1514 1248 pag.
1572 1178 1716 1243 332;
1770 1183 1827 1230 et
1873 1175 1973 1230 lib.
2017 1193 2035 1229 1
2068 1175 2135 1229 ad
2246 1157 2485 1225 Ποείτίεν
2516 1163 2573 1212 ei
2602 1156 2983 1257 innprlmo'ild
3016 1154 3507 1257 NatiOHBSMIibPOo
3554 1155 3836 1257 llblneadem

488 1243 731 1339 lVation.,
776 1243 902 1341 cap.
954 1243 1039 1337 12,
1092 1243 1224 1339 pag.
1264 1243 1407 1337 578)
1466 1243 1620 1321 Dixit
1666 1270 1861 1319 autem
1908 1267 2120 1335 potiori:

2243 1246 2784 1318 repetunturzEtsi
2839 1245 2943 1299 alii
3002 1248 3196 1299 vocant
3249 1243 3373 1311 (lib.
3433 1261 3450 1298 ι
3507 1243 3581 1299 ad
3633 1244 3838 1310 Nation.,

486 1362 572 1416 vel
596 1360 825 1415 notioris
857 1358 1064 1428 (Ibid.),
1101 1363 1201 1410 aut
1234 1360 1295 1409 ut
1332 1355 1391 1408 in
1421 1371 1599 1410 manu
1632 1353 1882 1409 exaratis
1915 1353 2118 1408 nostris

2242 1352 2370 1406 cap.
2406 1336 2491 1405 12,
2551 1352 2683 1406 pag.
2740 1334 2869 1403 578)
2930 1350 2942 1387 :
3000 1332 3213 1387 melius
3268 1333 3530 1395 forsitan,
3572 1336 3698 1386 sicut
3742 1334 3838 1386 alii.

485 1448 936 1519 exemplaribus.
995 1456 1047 1500 et
1102 1447 1353 1511 notioris,
1421 1460 1523 1497 nec
1588 1459 1826 1513 prorsus
1893 1442 2129 1512 quidem
2241 1425 2531 1487 Quorsum
2564 1423 2720 1479 enim
2751 1422 2832 1478 ibi
2863 1421 3155 1519 saliorllm
3190 1421 3408 1474 mentio
3432 1420 3457 1462 9
3486 1419 3755 1519 Numqum
3782 1422 3837 1473 ab

485 1536 657 1592 male.
701 1536 999 1606 Signilicat
1045 1533 1257 1587 etenim
1290 1549 1351 1587 se
1397 1532 1637 1585 deorum
1667 1530 1983 1602 primordia
2015 1547 2117 1584 non

2238 1515 2355 1577 illis
2387 1521 2488 1570 aut
2526 1514 2690 1582 solis,
2742 1519 2842 1568 aut
2890 1512 3099 1582 primis
3146 1516 3434 1566 Saturnus
3482 1510 3662 1567 dictus
3704 1519 3779 1566 est
3816 1528 3841 1565 a

485 1642 517 1681 a
546 1626 734 1697 prima
776 1622 1118 1678 idololatriae
1169 1621 1411 1692 origine,
1446 1636 1621 1691 quam
1651 1599 1787 1674 alibi
1820 1618 2127 1673 obscuram
2236 1605 2405 1671 June,
2442 1621 2555 1659 non
2585 1610 2780 1659 autem
2822 1602 2970 1658 πῖθιηο
3002 1603 3323 1672 except“?
3354 1600 3461 1656 36d
3499 1601 3606 1655 hac
3634 1599 3839 1656 ﬁliorum

482 1731 634 1780 esse,
693 1730 797 1767 nec
878 1730 908 1766 a
982 1709 1209 1765 cunctis
1265 1710 1463 1762 eadem
1525 1707 1814 1778 assignari
1871 1706 2129 1761 vidimus
2230 1694 2455 1764 ,ἱυάίοίο
2492 1692 2912 1764 permittimus-

481 1777 645 1876 (tom'.
684 1804 705 1857 Ι
734 1802 1018 1873 Apparat.,
1052 1816 1178 1871 pag.
1212 1799 1315 1853 717
1348 1802 1404 1852 et
1452 1777 1729 1867 seqq.;iet
1770 1796 2006 1851 dissert.
2033 1812 2125 1849 su-
2157 1822 2201 1885 Β
2258 1875 2270 1885 ‘
2312 1788 2636 1885 Postquam.
2668 1798 2798 1885 νειΣο
2828 1784 3116 1885 Gallienus
3164 1780 3364 1885 datam
3408 1778 3518 1833 sibi
3560 1795 3591 1834 α
3614 1777 3745 1885 lano
3771 1794 3839 1831 se-

478 1870 601 1965 per,
633 1870 861 1962 cap-3‘0
892 1897 949 1945 et
979 1870 1209 1959 sellq.);
1259 1888 1357 1941 sed
1392 1887 1462 1940 ab
1497 1886 1622 1956 ipsa
1671 1885 1973 1940 divinitate
2022 1884 2125 1939 sa-
2157 1870 2201 1885 ”
2240 1875 2370 1927 dem
2424 1872 2685 1925 lixisset:
2722 1871 2843 1925 Tota
2888 1870 3079 1936 Italia,
3129 1870 3211 1923 ait
3266 1874 3485 1923 Auctor
3525 1870 3723 1931 noster,
3750 1874 3843 1936 post

481 1954 660 2047 turni,
705 1954 806 2049 qui
866 1954 1159 2034 omnibus
1202 1975 1336 2030 aliis
1391 1954 1535 2029 diis—
1563 1973 1753 2045 potior
1825 1979 1881 2028 et
1936 1974 2130 2027 notior
2238 1962 2556 2049 (Enotriam
2583 1958 2854 2049 Saturnia
2886 1958 3377 2049 cognominabatur
3406 1954 3837 2049 (Tertulllibid):

484 2043 829 2124 habebatur.
865 2066 1009 2131 Quid
1044 2082 1173 2120 vero
1208 2064 1442 2131 mirum,
1477 2065 1524 2118 si
1559 2043 1630 2118 ab
1690 2063 1789 2117 illo
1842 2063 2127 2127 ordiatur,
2238 2057 2296 2106 et
2340 2051 2401 2104 in
2450 2048 2596 2103 libro
2652 2048 2723 2102 ad
2774 2048 3040 2102 Nationes
3090 2063 3108 2099 :
3160 2046 3283 2100 Tota
3327 2047 3489 2101 Italia
3536 2045 3595 2099 ile
3640 2043 3837 2097 Saturno

484 2175 617 2212 cum
651 2155 850 2221 Varro,
886 2155 985 2226 qui
1016 2158 1102 2208 tot
1132 2153 1309 2207 libros
1340 2154 1410 2205 de
1459 2153 1573 2206 diis
1620 2153 1746 2206 suis
1786 2167 2127 2221 composue-
2237 2139 2546 2195 vocabatur.
2598 2137 2776 2192 Italiae
2825 2143 3018 2192 autem
3074 2134 3330 2205 primum
3365 2134 3635 2190 OEnotrim
3672 2149 3839 2187 nomen

483 2250 593 2313 rat,
628 2245 894 2301 omnium
928 2244 1168 2298 deorum
1200 2243 1615 2312 antiquissimos
1652 2241 1886 2296 venditet
1916 2245 2115 2297 Jovem.

1973 2256 2128 2306 mem,
2238 2228 2419 2283 fuisse
2449 2232 2648 2297 aperte
2692 2228 2859 2280 docet
2890 2224 3141 2297 Vigilius
3174 2224 3265 2279 his
3298 2224 3560 2279 versibus
3593 2262 3605 2276 .

479 2337 748 2392 Iunonem
780 2343 831 2388 et
864 2333 1169 2387 Minervam
1214 2330 1473 2399 (Tertull.
1527 2330 1629 2385 lib.
1685 2347 1723 2384 ιι
1774 2330 1844 2384 ad
1883 2329 2128 2393 Nation.,
2366 2343 2454 2390 Εει
2483 2342 2649 2401 locus,
2675 2341 2980 2403 Hesperiam
3012 2340 3146 2388 Graii
3178 2340 3499 2403 cognomine
3530 2338 3718 2403 dicunt.

483 2442 611 2496 cap.
647 2423 756 2493 12).
790 2424 862 2477 At
889 2421 1120 2493 Jupiter
1150 2420 1384 2492 genitus
1435 2420 1725 2473 ferebatur
1773 2436 1805 2473 a
1856 2418 2106 2473 Saturno

2105 2447 2129 2481 χ,
2364 2406 2522 2453 Terra
2554 2406 2751 2476 ntiqua,
2784 2401 2975 2475 potens
3004 2403 3165 2451 armis
3192 2408 3353 2464 atque
3385 2402 3544 2473 ubere
3574 2401 3737 2463 glebis,

2365 2468 2600 2517 OEnotrii
2632 2467 2841 2515 coluere
2873 2479 2991 2517 vm.
3026 2479 3171 2514 nunc
3200 2466 3341 2514 {auia
3376 2477 3602 2513 minores

484 2515 583 2587 qui
616 2514 858 2585 proinde
913 2512 1013 2566 illo
1065 2510 1362 2582 antiquior
1413 2514 1555 2565 erat.
1610 2511 1692 2564 Ab
1725 2510 1900 2580 hujus
1934 2514 2128 2564 autem
2365 2510 3340 2580 ὧῖίξιῇξάῖξίξιξῇαξίξ,ῖέῖιδῶίδέ
3369 2510 3594 2590 ἐειςιεῶζ

485 2604 827 2676 parentibus
856 2601 1029 2669 leo,
1064 2601 1182 2655 sive
1222 2602 1430 2668 Crono,
1489 2605 1545 2654 et
1590 2600 1787 2663 Terra,
1846 2598 2130 2668 incipien-
2691 2608 2892 2672 (Virgil.
2921 2608 3013 2657 lib.
3046 2621 3059 2656 ι
3090 2608 3323 2671 dinem,
3344 2623 3401 2657 υ.
3434 2609 3521 2658 554
3550 2611 3597 2655 et
3624 2603 3769 2667 seqq.)

486 2693 627 2747 dum
660 2707 787 2745 esse
821 2707 930 2744 non
967 2689 1215 2755 sensuit,
1248 2694 1374 2742 tum
1416 2688 1553 2759 quia
1581 2688 1885 2752 Saturnus,
1921 2687 2131 2741 unicus
2313 2710 2425 2765 Nec
2458 2708 2513 2763 id
2546 2706 2725 2763 semel
2777 2706 3053 2762 cecinisse
3076 2710 3412 2771 contentus,
3445 2706 3640 2761 iisdem
3688 2699 3839 2757 verbis

486 2796 687 2836 eorum
724 2778 899 2844 mins,
936 2778 1026 2832 his
1077 2794 1142 2831 ³ο
1198 2778 1419 2831 omni”
1465 2778 1743 2867 “mnum?
1788 2776 2134 2867 “MPH?”
2240 2799 2351 2855 alio
2399 2798 2457 2852 in
2516 2797 2662 2852 libro
2710 2795 2921 2867 repetit
2961 2794 3087 2867 (lib.
3125 2812 3206 2860 ιιι,
3237 2811 3290 2850 v.
3330 2796 3433 2849 163
3466 2798 3521 2849 et
3558 2794 3743 2863 seqq).
3774 2787 3840 2843 Vi-

485 2874 630 2933 δι’δι’
664 2872 718 2923 et
761 2868 951 2939 pOliOr
984 2866 1349 2929 credebam“
1392 2871 1514 2920 tum
1556 2867 1693 2937 ίῖυίδ
1734 2866 1851 2919 hmo
1884 2864 2129 2919 ridicum
2240 2890 2397 2943 desis
2426 2886 2603 2941 Servii
2652 2885 2708 2940 in
2751 2864 2871 2939 haec
2919 2864 3184 2939 carmina
3230 2883 3650 2949 annotationes,
3678 2878 3838 2933 Antio-

484 2963 787 3031 Poemrum
850 2958 920 3011 αθ
981 2956 1138 3011 illi“
1190 2972 1257 3010 ex
1314 2956 1468 3010 C‘BIO
1514 2960 1570 3010 et
1601 2956 1779 3009 Terra
1808 2960 1936 3043 ονω
1973 2970 2130 3008 com'
2240 2976 2414 3032 chum
2457 2992 2492 3031 a
2540 2974 2821 3028 Strabone
2867 2972 3109 3028 citatum
3164 2972 3379 3043 (Strab.
3432 2972 3525 3027 lib.
3576 2988 3632 3024 ιιι
3661 2968 3839 3037 Gcogr.,

485 3054 680 3104 menta
714 3051 770 3102 et
802 3045 1006 3138 tabulae
1038 3050 1197 3099 sunt.
1232 3049 1410 3099 Natus
1442 3044 1733 3138 siquidem
1767 3060 1834 3138 es
1866 3042 1983 3097 illis
2024 3043 2129 3096 tin-
2241 3082 2373 3138 pag.
2404 3064 2551 3136 251,),
2584 3069 2641 3118 et
2688 3062 2850 3118 alios.
2904 3061 3073 3117 “alia
3118 3061 3312 3133 itaque
3360 3080 3395 3117 ἃ
3443 3062 3677 3116 Summo
3720 3072 3839 3109 mm.

485 3138 750 3227 scebat“,
808 3135 1087 3206 quoniam
1134 3139 1408 3227 Ρθτθῐῖίθδ
1458 3134 1584 3203 ejus
1633 3132 1817 3227 ίβτξοίί
1870 3134 2126 3227 Γξξίῗτυῖηο
2167 3191 2208 3227 ρ
2240 3132 2449 3227 cupata
2480 3132 2643 3224 prius
2679 3152 2785 3208 tuit
2815 3151 3110 3219 Saturnia,
3130 3156 3193 3205 ut
3223 3132 3415 3222 liquet
3445 3151 3533 3205 his
3552 3146 3716 3204 Ovidii
3744 3160 3839 3200 car-

487 3191 518 3209 υ
738 3191 748 3197 ι
826 3191 841 3206 .
1141 3191 1154 3204 .
1483 3191 1505 3203 ..
1657 3191 1689 3203 υ
2278 3191 2306 3209 υ
2417 3191 2449 3208 υ.
2523 3191 2555 3207 ιη

487 3226 631 3280 Nam
674 3245 698 3276 ι
731 3241 795 3278 ex
830 3223 1252 3278 consuetudine
1294 3222 1575 3287 humana,
1608 3222 1689 3276 ait
1718 3221 2133 3284 Tertullianus,
2167 3191 2208 3257 Ο
2240 3191 2513 3301 ἴωᾟῖὲυξ
2544 3260 2555 3298 ί

485 3314 690 3385 ignoti,
742 3312 825 3366 vel
870 3328 939 3366 ex
996 3311 1294 3382 inopinato
1353 3316 1720 3382 apparentes,
1765 3311 1834 3364 de
1864 3310 2007 3363 cmlo
2039 3325 2135 3362 su-
3099 3356 3108 3366 _
3158 3356 3168 3366 ,

705 3402 715 3412 .
864 3402 902 3418 ,.
1031 3405 1044 3418 ,
1078 3417 1084 3418 γ
1261 3400 1350 3418 ,m,
1383 3405 1409 3418 ν,
1440 3399 1499 3418 ίι,
1591 3400 1605 3418 ,
1662 3400 1761 3418 A,_,
1790 3403 1827 3418 _,
1889 3415 1981 3418 _A_
2047 3397 2110 3418 ,η
2372 3361 2477 3408 Hac
2507 3371 2604 3418 ego
2634 3358 2921 3406 Saturnum
2953 3369 3172 3405 memini
3202 3356 3391 3405 tellure
3423 3358 3709 3417 receptum;

484 3402 817 3474 pervenisse
848 3402 1126 3456 dicuntur
1178 3422 1205 3449 »
1259 3399 1523 3470 (Tertull.
1570 3400 1849 3469 Apologet.
1883 3415 2008 3467 cap.
2045 3397 2130 3461 10,
2372 3397 3391 3481 ’⁵ἿςξέῑῖιῶῖλξζξζέῇἷεῖῖδζζῙςζίιξῖξ
3407 3397 3534 3467 gr];

484 3509 617 3563 pag.
650 3493 747 3546 331
781 3510 794 3558 ;
854 3496 910 3545 et
958 3489 1059 3543 lib.
1106 3506 1147 3543 ιι
1191 3489 1259 3544 ad
1304 3489 1556 3557 Notium,
1591 3505 1717 3559 cap.
1755 3489 1860 3557 12),
1896 3487 2049 3541 sicut
2079 3490 2135 3542 et
2377 3483 2608 3563 Ind'e:
2639 3482 3011 3563 genti-mappit
3038 3481 3553 3563 S‘atuju‘iallpn‘ipp-E

2464 3546 2610 3595 Dicta
2639 3541 2851 3608 Quoque
2882 3548 2962 3593 est
2993 3544 3199 3593 Latium
3231 3550 3395 3597 terra.
3428 3544 3619 3592 latente
3646 3541 3754 3588 Deo.

481 3580 693 3650 vulgus
734 3579 883 3632 filios
942 3583 1105 3633 terris
1144 3582 1331 3645 vocat,
1365 3593 1614 3648 quorum
1664 3576 1947 3631 incertum
2008 3580 2134 3631 erat
2464 3576 2610 3595 "‘W'
2639 3576 2851 3608 “¹“““¹““⁵
2882 3576 2962 3633 ‘f"
2993 3576 3199 3634 ⁸ῖ¹³⁹⁸υ¹³¹
3234 3576 3395 3597 ’⁸³⁸⁵⁸³³
3428 3576 3618 3592 ““⁹¹·’⁹
3646 3576 3737 3634 ξ’“’“’

493 3684 542 3686 κ-
659 3669 756 3686 ,n,
780 3667 850 3686 ,ι
874 3684 900 3686 γ,
923 3683 938 3686 _
985 3666 1163 3686 ,μηεα
1222 3666 1271 3686 ε,
1315 3665 1619 3686 --ωηεηει
1644 3682 1709 3686 __
1762 3664 1976 3686 _A_,_._
2017 3664 2100 3686 ,ε-
2798 3624 2965 3686 (Ov1d.
3001 3624 3091 3673 lib.
3123 3636 3163 3670 Il
3196 3623 3394 3672 Fauor.
3424 3626 3449 3683 §
3478 3627 3523 3684 3,
3554 3636 3600 3669 v.
3629 3622 3742 3678 2.55.)

481 3668 805 3741 genus.Sed
823 3667 944 3722 haec
977 3666 1173 3721 omnia
1221 3666 1277 3720 in
1311 3665 1711 3737 superioribus
1762 3664 1979 3719 nostris
2011 3664 2131 3719 dis-

485 3756 905 3812 sertationibus
945 3755 1383 3827 explanavimus
1442 3756 1747 3826 (Dissertat.
1806 3756 1865 3808 in
1922 3757 2129 3811 Minue.
2241 3750 2629 3817 Quamobrem
2689 3767 2723 3805 a
2778 3750 2962 3821 poetis
3023 3753 3088 3803 ut
3147 3748 3408 3803 vidimus
3470 3747 3746 3819 (Disserlal.
3793 3742 3836 3794 in

487 3846 700 3911 0clav.,
725 3862 851 3918 cap.
889 3847 974 3910 15,
1008 3850 1112 3900 art.
1147 3847 1169 3899 1
1200 3863 1212 3911 ;
1246 3849 1302 3898 et
1339 3846 1567 3900 Dissert.
1601 3846 1661 3900 in
1693 3846 1971 3909 Lactant,
2001 3860 2129 3915 cap.
2240 3843 2477 3906 Μίνωα,
2528 3856 2577 3894 c.
2650 3841 2735 3903 16,
2806 3843 2915 3893 art.
2972 3838 3044 3908 1),
3114 3843 3356 3892 vocatur
3408 3836 3577 3892 tellus
3621 3841 3844 3900 terraque

482 3938 573 4008 30,
608 3940 716 3991 art.
753 3937 775 3989 1
808 3953 821 4002 ;
856 3939 911 3990 et
939 3952 1065 4008 cap.
1098 3936 1186 4002 31,
1222 3939 1331 3989 art.
1362 3935 1435 4004 2).
2240 3929 2537 3994 Saturnia,
2568 3932 2626 3983 et
2655 3946 2688 3983 a
2717 3927 2979 4001 Virgilio,
3007 3926 3107 3982 ubi
3138 3927 3355 3981 cecinit
3390 3943 3403 3983 :

560 4043 840 4098 Prazterca
883 4041 1121 4097 cuilibet
1178 4040 1552 4113 perspicuum
1612 4040 1827 4095 ibidem
1890 4040 2134 4096 fecimus
2369 4034 2547 4096 Salve,
2581 4048 2778 4098 magna
2805 4048 2999 4099 parens
3030 4034 3264 4098 frugum,
3307 4032 3554 4083 Saturnia
3581 4026 3743 4113 tellus!

485 4148 661 4204 quam
695 4136 847 4186 recte
896 4130 992 4185 ille
1047 4129 1363 4185 asseruerit
1394 4128 1690 4184 hominem
1725 4130 1904 4184 fuisse
1932 4134 2117 4183 Satur-

2109 4159 2133 4170 -
2894 4114 3097 4177 (Virgil.
3129 4113 3221 4161 lib.
3258 4126 3297 4159 ιι
3331 4114 3514 4176 Georg.
3546 4126 3591 4157 v.
3624 4111 3737 4160 17H

484 4203 649 4287 num,
705 4220 803 4291 qui
864 4224 997 4291 post
1070 4217 1285 4272 multas
1341 4218 1733 4289 expeditiones
1787 4218 1845 4271 in
1907 4218 2130 4272 italiam
2240 4217 2445 4268 Nonne
2492 4217 2686 4269 autem
2740 4229 2807 4267 ea
2858 4212 3057 4266 omnia
3104 4212 3248 4266 satis
3294 4211 3589 4266 evidenter
3633 4203 3839 4277 probant

484 4288 738 4380 appulit,
765 4326 830 4363 ac
864 4288 1167 4380 postquam
1204 4307 1279 4361 ibi
1314 4324 1343 4359 a
1383 4288 1531 4361 Jano
1564 4312 1873 4377 susceptus
1906 4307 2132 4371 fuisset,
2236 4308 2557 4357 Saturnum
2591 4302 2771 4357 fuisse
2802 4300 3102 4355 hominem
3125 4299 3152 4353 ?
3195 4300 3359 4365 Quod
3397 4300 3626 4371 quidem
3658 4288 3840 4380 Ter-tuli

483 4376 661 4463 vna-ns,
695 4376 905 4467 inquit,
938 4411 1112 4466 quem
1159 4394 1425 4460 incoluit,
1482 4416 1509 4443 «
1564 4376 1872 4448 Saturnius
1903 4394 2131 4458 dictus;
2240 4391 2433 4446 liauus
2493 4397 2611 4446 tam
2661 4392 2719 4445 in
2770 4391 3129 4461 Apologetieo,
3183 4406 3362 4460 quain
3417 4390 3472 4443 in
3530 4384 3756 4442 secundo
3790 4376 3842 4431 ad

486 4486 713 4550 civitas,
765 4502 940 4556 quam
998 4483 1387 4556 depalaverat,
1434 4483 1712 4537 Saturnia
1753 4499 1937 4551 usque
1978 4499 2133 4536 nunc
2244 4486 2501 4540 Nationes
2551 4483 2699 4538 libro
2744 4482 2935 4537 adhuc
2978 4482 3287 4535 confirmat
3322 4477 3647 4535 testimonio
3674 4470 3841 4527 Diodo«

488 4578 659 4629 est.»
714 4573 777 4628 In
832 4574 1098 4643 antiqua,
1146 4578 1203 4627 et
1233 4572 1413 4627 altera
1444 4572 1649 4626 1093
1684 4572 1986 4625 recentiori
2020 4572 2138 4625 edi-
2171 4560 2216 4623 Ι)
2250 4574 2320 4639 ri,
2362 4572 2573 4638 Thalli,
2614 4572 2797 4627 Cassii
2846 4571 3038 4625 Severi
3097 4574 3153 4624 et
3206 4568 3452 4623 Cornelii
3512 4563 3744 4637 Nepotis,
3789 4557 3843 4610 de

482 4662 640 4716 tione
670 4661 922 4731 legimus
960 4662 1358 4723 debellaverat;
1392 4661 1491 4715 sed
1523 4658 1980 4715 Tertullianeum
2012 4677 2132 4714 ver-
2242 4662 2457 4733 quibus
2488 4660 2626 4717 alibi
2658 4660 2888 4731 egimus
2918 4659 3202 4729 (Dissertat
3250 4659 3308 4711 in
3360 4657 3551 4711 Minue.
3592 4669 3707 4722 cap.
3759 4646 3840 4701 υἱι-

487 4750 626 4805 bum
660 4755 749 4804 est
779 4749 1135 4819 depalaverat
1183 4748 1440 4816 (Tertull.
1495 4750 1598 4804 loc.
1650 4750 1790 4819 cit).
1834 4748 1941 4803 Ubi
1973 4749 2127 4803 enim
2242 4757 2351 4807 art.
2406 4752 2460 4820 2,
2514 4760 2564 4807 et
2621 4751 2680 4804 in
2740 4751 3009 4818 Lactant,
3064 4764 3116 4814 c,
3170 4746 3259 4815 31,
3320 4752 3430 4801 art.
3477 4746 3551 4814 3).
3592 4746 3701 4796 Non
3746 4734 3843 4790 sine

485 4838 557 4893 de
589 4838 796 4892 mundi
827 4839 1117 4893 creatione
1157 4838 1440 4893 adversus
1472 4837 1895 4909 Hermogenem
1928 4838 2132 4907 dispu-
2241 4839 2439 4911 aliqua
2480 4845 2676 4893 tamen
2722 4836 3126 4893 observatione
3179 4835 3528 4905 praemittere
3574 4837 3843 4903 possumus

484 4931 571 4981 tat
604 4944 616 4981 :
656 4950 675 4975 ι
710 4925 938 4991 Omnia,
974 4927 1187 4998 inquit,
1230 4942 1407 4998 opera
1442 4944 1553 4981 sua
1587 4929 1735 4982 Deus
1764 4926 1964 4981 ordine
1995 4944 2131 4982 cou-
2243 4930 2300 4984 in
2350 4930 2544 5001 priore
2593 4926 2742 4982 libro
2791 4926 3078 4996 scriptum
3129 4924 3347 4979 Cassius
3384 4926 3623 4978 Severus.
3676 4912 3842 4971 I094

483 5015 819 5084 summavit,
899 5016 1135 5070 incultis
1210 5016 1398 5086 primo
1470 5014 1774 5070 elementis
1849 5014 2130 5085 depalans
2241 5019 2365 5075 Duo
2412 5023 2610 5074 autem
2661 5032 2726 5071 eo
2776 5014 3012 5069 nomine
3064 5012 3332 5086 insigniti
3390 5014 3658 5067 l‘uerunt:
3705 5004 3839 5063 alter,

484 5103 917 5174 quodammodo
950 5105 1233 5159 mundum
1284 5104 1485 5176 (Idem,
1544 5104 1644 5159 lib.
1691 5106 1819 5160 adv.
1873 5109 2128 5175 Hermog.
2243 5109 2327 5163 uti
2382 5108 2439 5161 in
2490 5105 2814 5161 Eusebiano
2860 5100 3145 5158 Chronico
3193 5103 3465 5173 legimus,
3509 5102 3681 5156 orator
3718 5104 3840 5176 δονεῖ

482 5208 608 5262 cap.
642 5194 753 5263 29).
791 5194 1016 5249 Rursus
1051 5210 1183 5249 vero
1214 5174 1419 5249 contra
1451 5174 1847 5251 Marcionem:
1906 5218 1932 5243 ‹‹
1967 5174 2129 5257 Quod
2237 5198 2359 5269 gius
2418 5196 2643 5269 (Chron.
2696 5194 2901 5249 Euseb.
2962 5192 3034 5248 ad
3089 5208 3225 5246 ann.
3270 5192 3455 5258 2047),
3489 5190 3581 5261 qui
3634 5174 3837 5269 Augusti

481 5281 866 5337 architectum
899 5300 961 5338 se
993 5283 1337 5355 prudentem
1372 5283 1763 5351 at'lirmat,hoc
1799 5285 2131 5339 invenimus
2240 5285 2613 5357 imperatoris
2645 5290 2906 5354 tempore
2936 5281 2995 5335 in
3022 5279 3289 5335 exsilium
3327 5280 3539 5334 missus
3567 5279 3679 5339 est;
3726 5268 3841 5323 alter

482 5370 800 5442 signiﬁcari
848 5373 1243 5443 depalatorem
1297 5371 1618 5441 disciplinae
1676 5373 1882 5429 divinae
1916 5390 1949 5427 a
1977 5390 2131 5428 crea-
2239 5393 2372 5431 vero
2398 5380 2566 5447 poeta
2587 5372 2945 5441 Parmensis,
2970 5370 3063 5441 qui
3095 5386 3164 5424 ex
3195 5370 3265 5425 iis
3299 5385 3448 5424 unus
3472 5366 3594 5432 fuit,
3622 5358 3837 5434 quicum

477 5466 602 5516 tore
636 5483 657 5510 ι
696 5462 902 5528 (Idem,
938 5462 1039 5516 lib.
1073 5478 1107 5518 v
1138 5461 1360 5515 advers.
1412 5460 1696 5529 Marciam,
1730 5480 1859 5534 cap.
1918 5464 1995 5535 6).
2024 5463 2131 5519 Ita-
2240 5444 2420 5519 Bruto
2451 5462 2673 5518 Julium
2705 5464 2990 5518 Caesarem
3034 5458 3473 5523 interfecerunt,
3505 5457 3571 5510 de
3600 5465 3700 5523 quo

477 5564 591 5620 que
652 5549 797 5603 dixit
840 5568 874 5604 a
923 5550 1177 5605 Saturno
1238 5546 1569 5619 depalatam
1604 5532 1919 5617 civitatem,
1953 5532 2008 5605 id
2041 5556 2132 5607 est
2241 5572 2303 5609 ra
2334 5552 2515 5608 Lilius
2546 5550 2815 5608 Giraldus
2848 5548 3017 5619 (Dial.
3054 5565 3128 5616 1v,
3158 5547 3224 5603 de
3250 5550 3400 5603 Poet.
3432 5548 3590 5612 Hist,
3624 5558 3670 5613 p.
3705 5532 3833 5601 169);

478 5637 774 5693 conditam
820 5638 902 5695 vel
937 5638 1142 5709 positis
1197 5636 1343 5709 palis
1376 5637 1702 5705 fundatam,
1753 5641 1873 5697 sive
1905 5645 1971 5697 ut
2000 5641 2131 5698 aliis
2240 5640 2488 5697 Vossius
2520 5640 2606 5714 (de
2646 5644 2801 5698 Poet.
2843 5638 3049 5703 Latin.,
3100 5652 3149 5692 ο.
3209 5637 3304 5706 2);
3356 5634 3618 5706 Scaliger,
3670 5630 3717 5679 in
3756 5620 3830 5686 cit.
