4134 6184
378 282 532 343 1193

1289 282 1362 341 D.
1407 281 1507 344 LE
1549 282 1880 344 NOURRY
1921 279 2571 342 OBSERVATIONES
2618 279 2870 341 NOV/E.

3629 284 3788 346 1194

376 415 573 471 Chron.
609 413 846 483 Euseb),
887 415 944 468 et
987 411 1089 467 alii
1127 412 1383 482 (Fabius,
1433 411 1535 469 lib.
1588 432 1643 481 x,
1693 416 1751 469 et
1795 416 2017 483 Senec.,
2054 419 2108 485 Α
2207 413 2373 485 tatem
2420 411 2561 466 hanc
2589 414 2757 485 vitam
2799 415 2973 484 [actos
3018 429 3130 469 esse
3175 411 3298 468 deos
3346 413 3414 468 ab
3462 415 3573 470 alio
3619 431 3803 485 super

372 507 537 578 epist.
572 504 684 576 79).
717 502 970 574 Uterque
1009 519 1180 574 porro
1225 520 1257 558 a
1309 502 1586 559 nonnulis
1618 503 1903 559 Cornelius
1933 502 2022 557 Se-

370 610 535 651 verus
569 598 826 649 vocatur.
851 593 956 647 Sed
995 593 1048 646 in
1085 592 1433 647 Tertulliani
1463 597 1621 648 textu
1656 591 1897 648 forsitan
1926 592 2022 647 ad-

372 686 563 740 ditum
611 686 699 737 est
745 698 1066 754 cognomen
1119 682 1369 751 Severus,
1405 700 1437 737 a
1467 681 1721 737 Minucio
1752 680 1935 735 Felice
1966 684 2023 735 et

373 771 696 842 Lactantio,
730 770 883 826 sicut
914 769 1052 825 alibi
1086 770 1361 840 vidimus,
1382 771 1692 826 omissum.
1716 770 1861 826 Nam
1894 786 2021 842 quae

369 863 468 918 ille
490 863 560 920 de
581 863 835 919 Saturno
864 860 1218 926 narrat,ha:c
1252 861 1448 931 potius
1475 878 1507 915 a
1528 860 1724 917 Cassio
1757 859 2021 926 Hemina,

368 952 868 1025 quemadmodum
901 949 1078 1003 etiam
1106 950 1541 1015 annotavimus,
1567 956 1741 1021 quam
1767 966 1801 1003 a
1821 948 2020 1004 Cassio

368 1043 574 1099 Severo
608 1040 845 1112 scriptis
893 1039 1114 1094 tradita
1158 1040 1448 1094 videntur.
1486 1040 1543 1092 In
1592 1037 1753 1093 illius
1786 1052 2020 1109 quoque

366 1132 437 1187 ad
470 1131 748 1187 Nationes
790 1128 939 1184 libro
994 1128 1065 1183 ab
1112 1127 1400 1184 oscitante
1450 1126 1687 1183 librario
1734 1126 2019 1199 scriptum

364 1227 454 1277 est
488 1240 499 1276 :
536 1220 820 1276 Cornelius
866 1220 1127 1290 Nepotem
1156 1226 1205 1273 et
1245 1218 1511 1272 Tacitum.
1548 1216 1627 1271 Ad
1674 1215 1817 1287 quid
1864 1215 2020 1270 enim

362 1311 441 1366 ibi
478 1312 647 1364 Taciti
678 1310 921 1374 mentio,
961 1308 1128 1377 cujus
1162 1306 1323 1362 nulla
1354 1306 1413 1360 in
1446 1307 1807 1377 Apologetico,
1835 1321 2023 1376 neque

363 1418 396 1456 a
418 1399 673 1454 Minucio
696 1403 751 1453 et
769 1398 1067 1453 Lactantio
1092 1397 1241 1451 facta
1264 1400 1356 1451 est
1373 1396 1683 1467 (Dissertat.
1710 1397 1767 1449 in
1790 1395 2020 1472 Minue,

360 1505 488 1559 cap.
522 1490 628 1542 ult.
664 1492 769 1540 art.
801 1486 899 1557 2)?
932 1486 1133 1540 Nonne
1166 1485 1247 1539 ibi
1279 1484 1435 1540 sicut
1482 1485 1537 1539 in
1590 1484 1822 1540 illorum
1856 1484 2023 1539 libris

354 1578 674 1651 legendum
705 1581 793 1630 est
824 1574 1070 1630 Graecum
1104 1574 1361 1629 Thallum
1387 1579 1411 1627 .9

431 1666 729 1736 Quidquid
762 1671 958 1719 autem
993 1680 1060 1719 ea
1091 1664 1161 1717 de
1189 1679 1247 1717 re
1281 1665 1585 1735 peritiores
1618 1664 2000 1735 pronuntient

2203 484 2350 537 riore
2403 485 2659 554 mancipe
2708 484 3054 549 divinitatis,-
3112 502 3285 540 unum
3334 486 3608 541 duntaxat
3671 484 3786 543 esse

2201 555 2381 619 deum,
2434 558 2530 625 qui
2581 557 2845 610 mundum
2891 562 3020 610 ante
3075 573 3256 611 omnes
3312 559 3606 625 gentilium
3662 559 3784 614 deos

2200 644 2264 682 ac
2293 629 2498 695 fruges,
2528 636 2579 682 et
2620 639 2748 681 ante
2788 632 3065 692 Cererem,
3100 630 3375 684 Bacchum.
3405 640 3456 684 et
3482 632 3780 686 Minervam

2200 704 2519 761 creaverat;
2586 715 2683 753 nec
2745 701 2927 767 magis
2992 700 3113 755 deos
3169 702 3280 755 diei
3336 717 3490 771 posse
3546 703 3783 757 illarum

2199 773 2429 842 frugum
2482 772 2811 844 inventores,
2861 788 3031 840 quam
3083 772 3386 844 Lucullum,
3420 774 3517 844 qui
3568 790 3780 843 cerasa,

2202 852 2251 896 et
2286 844 2561 917 calonem,
2592 843 2689 913 qui
2740 842 2902 911 ﬁcum
2948 843 3182 897 viridem
3234 846 3289 899 in
3340 842 3572 901 Italiam.
3611 846 3783 917 primi

2201 916 2526 969 attulerunt.

2201 1057 2554 1111 Fatebantur
2598 1056 2838 1127 quidem
2888 1056 3127 1124 ethnici,
3160 1059 3315 1129 quod
3364 1075 3576 1131 negare
3627 1076 3780 1115 nun-

2131 1161 2306 1215 quam
2356 1150 2694 1217 potuerunt,
2748 1150 3066 1201 Saturnum
3124 1146 3409 1219 aliosque,
3443 1166 3590 1220 quos
3638 1150 3778 1206 deos

2129 1250 2258 1289 esse
2315 1232 2771 1303 somniaveram,
2813 1235 3006 1306 reipsa
3060 1236 3238 1292 fuisse
3290 1237 3559 1294 homines
3610 1255 3621 1292 :
3673 1240 3777 1295 sed

2131 1340 2263 1378 cum
2299 1323 2558 1379 Varrone
2605 1324 3037 1379 contendebant
3067 1324 3206 1391 illis,
3237 1326 3414 1396 hujus
3442 1328 3573 1383 vitea
3621 1345 3775 1384 mor-

2133 1411 2265 1467 talis
2334 1428 2576 1467 muncre
2651 1413 2760 1468 rite
2827 1414 3080 1481 functis,
3156 1416 3347 1469 datam
3414 1416 3776 1473 divinitatem

2132 1501 2395 1567 (Tertull.
2444 1504 2741 1572 Apologet.,
2776 1519 2902 1573 cap.
2938 1504 3023 1572 11,
3058 1521 3188 1575 pag.
3232 1505 3379 1574 335).
3414 1506 3627 1561 Verum
3675 1507 3778 1562 ab-

2132 1590 2373 1645 surdam
2400 1590 2732 1662 Opinionem
2759 1608 2927 1646 suam
2950 1591 3063 1647 alio
3091 1593 3418 1649 absurdiori
3450 1602 3778 1653 commento

2132 1679 2282 1735 tueri
2340 1681 2559 1735 frustra
2615 1681 2999 1736 conabantur.
3048 1681 3246 1753 Neque
3295 1684 3452 1738 enim
3511 1684 3779 1743 homines

359 1772 608 1826 quorum
648 1753 869 1823 judicio
922 1769 1155 1823 semper
1186 1753 1504 1818 stabimus,
1535 1754 1691 1807 haud
1744 1747 2021 1820 dubitari:

2133 1774 2265 1841 post
2295 1774 2542 1825 mortem
2591 1786 2759 1825 suam
2810 1770 2891 1825 dii
2939 1770 3061 1825 fieri
3117 1776 3451 1843 potuerunt,
3484 1774 3600 1830 nisi
3628 1775 3715 1831 vel
3746 1794 3782 1833 a

353 1849 443 1898 ter
473 1844 873 1898 Tertullianus
924 1842 1181 1897 affirmat
1236 1841 1463 1896 nullum
1524 1843 1593 1896 ab
1646 1841 1764 1895 ullo
1812 1841 2018 1913 gentili

356 1933 607 1989 inveniri
647 1938 753 1987 aut
794 1932 964 1987 citari
1018 1947 1188 1998 posse
1246 1935 1566 1997 auctorem,
1599 1931 1696 2003 qui
1757 1946 2020 2002 unquam

358 2022 656 2093 negaverit
698 2026 1019 2075 Saturnum
1076 2021 1260 2075 fuisse
1310 2020 1636 2086 hominem,
1668 2021 1767 2091 qui
1801 2022 1872 2074 ab
1904 2018 2019 2074 alio

357 2113 593 2166 homine
633 2115 689 2165 et
720 2112 895 2165 vitam
957 2109 1181 2181 accepit
1234 2115 1291 2163 et
1349 2122 1620 2180 regnum,
1654 2126 1719 2164 ac
1777 2108 2019 2180 proinde

356 2200 510 2255 Deus
570 2214 696 2254 esse
758 2215 873 2253 non
936 2202 1130 2268 potest
1160 2198 1421 2270 (Tertull.
1470 2200 1774 2270 Apologet.,
1827 2215 1876 2253 ο.
1930 2199 2016 2264 10,

358 2306 413 2359 p.
448 2290 575 2357 331,
610 2294 666 2343 et
706 2288 743 2341 l.
792 2305 833 2342 ιι
883 2289 951 2341 ad
999 2288 1244 2354 Nation.,
1278 2304 1328 2342 ο.
1365 2290 1451 2354 12,
1487 2304 1616 2359 pag.
1650 2290 1799 2358 578).
1835 2287 2018 2352 Verus

358 2378 515 2431 enim
567 2377 745 2440 Deus,
778 2380 841 2430 ut
872 2376 1085 2445 saepius
1139 2375 1396 2429 diximus
1428 2376 1691 2445 (Dissert.
1724 2378 1782 2430 in
1812 2376 2014 2445 Minue.

360 2482 487 2535 cap.
520 2465 627 2520 ult.
661 2471 771 2520 art.
803 2465 881 2531 2),
916 2481 948 2518 a
979 2481 1040 2518 se
1083 2463 1213 2535 ipso
1262 2464 1384 2519 solo
1415 2470 1525 2534 est,
1555 2470 1611 2519 et
1640 2466 1770 2519 ideo
1820 2464 2015 2519 omni-

354 2560 582 2625 potens,
616 2553 715 2624 qui
765 2554 1037 2607 homines
1070 2558 1393 2623 caeteraque
1424 2553 1622 2607 omnia
1654 2554 1888 2623 creavit,
1913 2567 2014 2623 qui

353 2644 631 2698 omnibus
663 2644 1023 2701 dominatur.
1050 2642 1147 2713 qui
1176 2643 1373 2696 omnia
1404 2658 1583 2713 regna
1614 2643 1940 2713 dispensat.

425 2737 562 2787 Post
616 2733 735 2786 haec
788 2730 934 2785 ille:
982 2730 1126 2785 Satis
1181 2735 1321 2801 iam,
1382 2731 1596 2802 inquit,
1651 2732 1716 2786 de
1768 2732 2009 2787 Saturno

350 2820 618 2893 (Tertull.
667 2822 969 2892 Apologet.,
1004 2836 1053 2873 c.
1089 2822 1177 2886 10,
1210 2837 1267 2891 p.
1300 2819 1448 2888 331),
1501 2820 1572 2874 ad
1624 2819 1864 2875 cuilibet
1906 2819 2007 2874 he-

349 2911 555 2966 betiori
592 2915 765 2981 atque
817 2909 1182 2964 obstinatiori
1237 2910 1763 2964 demonstrandum
1798 2909 2006 2965 falsam

352 3003 594 3054 omnino
626 3016 753 3053 esse
805 2999 963 3053 illius
997 2997 1386 3052 divinitatem.
1420 2999 1565 3053 Data
1608 3005 1803 3054 autem
1832 3016 2008 3070 opera

352 3090 433 3143 ibi
467 3088 682 3159 adjecit
706 3089 834 3142 licet
858 3089 1069 3158 paucis.
1094 3087 1237 3141 Nam
1267 3088 1325 3141 in
1348 3090 1606 3142 secundo
1630 3089 1701 3142 ad
1728 3088 2005 3144 Nationes

2132 1876 2195 1913 se
2228 1858 2392 1931 ipsis,
2425 1866 2525 1914 aut
2565 1858 2674 1914 alio
2722 1858 2920 1931 aliquo
2969 1860 3042 1915 iis
3090 1862 3413 1933 potentiore
3444 1864 3570 1919 deo.
3602 1866 3778 1937 Atqui

2134 1952 2449 2020 utrumque
2482 1948 2696 2004 falsum
2729 1954 2835 2004 est.
2866 1950 2990 2005 Non
3040 1949 3148 2021 ipsi
3199 1951 3491 2022 siquidem
3522 1960 3777 2025 potesta-

2131 2041 2242 2093 tem
2268 2038 2601 2093 habuerunt
2622 2038 2984 2094 divinitatem
3008 2038 3121 2094 sibi
3147 2041 3396 2097 mortuis
3416 2043 3774 2102 conferendi.

2129 2126 2188 2181 Si
2220 2127 2456 2197 quando
2489 2143 2741 2199 namque
2788 2127 2847 2181 id.
2894 2129 3243 2198 potuissent,
3276 2147 3579 2203 nunquam
3632 2133 3774 2190 fuis-

2127 2220 2259 2270 sent
2311 2215 2599 2271 homines.
2657 2215 2997 2273 mortalium
3046 2217 3490 2276 inﬁrmitatibus
3532 2225 3589 2278 et
3617 2223 3775 2281 vitiis

2128 2305 2380 2360 obnoxii.
2416 2306 2593 2375 Cujus
2637 2305 2788 2361 hanc
2836 2310 3052 2363 Auctor
3100 2312 3297 2364 noster
3326 2310 3608 2366 rationem
3643 2314 3771 2368 red-

2128 2394 2213 2449 dit
2264 2411 2330 2448 :«
2382 2394 2693 2463 Nunquam
2750 2394 3020 2451 homines
3078 2396 3346 2468 fuissent,
3404 2400 3775 2470 possidentes

2126 2484 2351 2542 scilicet
2396 2484 2656 2541 melioris
2698 2484 2901 2558 [quam
2960 2486 3185 2559 fragilis
3244 2487 3539 2562 humane]
3572 2493 3771 2547 cundi-

2124 2575 2301 2631 tionis
2332 2579 2678 2646 potestatem
2707 2600 2727 2628 ν
2758 2576 2960 2646 (Ibid).
2993 2576 3158 2632 Solus
3190 2578 3404 2651 quippe
3440 2580 3535 2635 Dei
3568 2580 3770 2651 Filius,

2123 2665 2196 2718 ab
2254 2668 2465 2719 aeterno
2524 2664 2700 2730 Deus,
2760 2669 3065 2736 assumpta
3115 2666 3380 2737 quidem,
3437 2670 3539 2725 sed
3599 2671 3770 2727 modo

2121 2770 2363 2825 prorsus
2412 2753 2766 2820 admirabili,
2800 2758 2857 2809 et
2896 2755 3117 2826 absque
3168 2755 3286 2810 ulla
3316 2758 3436 2811 vitii
3488 2764 3589 2814 aut
3636 2779 3768 2833 pec-

2120 2843 2233 2898 cati
2265 2842 2413 2908 labe,
2448 2847 2657 2898 natura
2686 2843 2966 2912 hominis,
3001 2845 3307 2900 mortalem
3342 2847 3522 2903 vitam
3555 2851 3692 2922 egit.

2188 2932 2384 3003 Neque
2411 2931 2586 2987 etiam
2622 2932 2737 2987 ﬁcti
2770 2931 3074 3002 gentilium
3109 2933 3185 2987 dii
3223 2934 3293 2989 ab
3328 2934 3446 2992 ullo
3480 2937 3591 2993 alio
3623 2940 3767 2997 divi-

2117 3020 2360 3075 nitatem
2394 3021 2654 3092 accipere
2688 3025 3019 3090 potuerunt,
3055 3022 3167 3077 nisi
3201 3021 3314 3079 illis
3348 3026 3535 3097 major
3558 3035 3763 3100 poten-

2118 3109 2344 3181 tiorque
2371 3109 2574 3177 fuerit;
2599 3114 2716 3177 aut,
2737 3113 2799 3164 ut
2818 3108 3160 3166 Tertulliani
3188 3113 3260 3166 ad
3282 3113 3549 3171 ethnicos
3573 3119 3763 3177 verbis

346 3179 497 3234 libro
532 3178 845 3233 falsitatem
876 3179 1004 3248 ejus
1031 3177 1205 3232 variis
1239 3177 1604 3232 demonstrat
1633 3178 1999 3250 argumentis
2030 3166 2071 3232 C
2112 3166 2346 3255 ηιςιηςυι.
2374 3217 2387 3254 ε
2416 3221 2443 3250 α
2468 3166 2715 3254 Νθξεεεέ
2741 3203 2828 3254 est
2858 3200 3194 3256 concedatis
3223 3166 3760 3276 εεέέήθξιίξᾶθῶςῷ

347 3269 483 3339 (lib.
519 3285 583 3332 ιι,
616 3267 687 3321 ad
724 3268 970 3334 Nation.,
1004 3283 1131 3337 cap.
1162 3266 1218 3330 7,
1251 3273 1305 3321 et
1337 3283 1462 3337 cap.
1499 3267 1606 3336 16),
1639 3284 1765 3337 quae
1805 3269 1861 3321 in
1896 3285 1999 3322 su-

347 3356 676 3427 perioribus
730 3356 946 3411 nostris
995 3356 1509 3411 dissertationibus
1557 3357 1857 3428 explicata,
1882 3374 1998 3412 non

345 3444 602 3516 amplius
632 3445 725 3499 hic
756 3445 1069 3515 repetenda
1102 3449 1258 3499 sunt.

416 3538 703 3589 Saturnus
736 3550 907 3605 porro
940 3534 989 3587 si
1021 3534 1166 3588 deus
1200 3550 1305 3589 nec
1332 3534 1460 3603 fuit,
1490 3550 1594 3589 nec
1625 3551 1753 3590 esse
1784 3536 1996 3606 potuit,

346 3622 484 3694 quia
514 3622 690 3678 homo
722 3628 866 3687 erat,
891 3621 1113 3677 caeteris
1156 3622 1495 3679 hominibus
1535 3625 1779 3691 similis;
1813 3626 1997 3681 multo

346 3713 536 3783 magis
568 3712 873 3767 divinitate
905 3712 1369 3783 carentJupiter,
1396 3712 1523 3783 ejus
1558 3712 1732 3777 ﬁlius,
1756 3718 1996 3785 totaque

350 3801 600 3856 aliorum
650 3817 796 3872 pene
849 3800 1372 3855 innumerabilium
1429 3808 1675 3867 caterva,
1720 3818 1866 3873 quos
1923 3807 1995 3859 ab

351 3891 553 3944 eodem
605 3894 877 3957 Saturno,
910 3895 1011 3943 aut
1060 3893 1267 3944 saltem
1301 3895 1431 3959 post
1461 3890 1627 3946 illum
1660 3897 1816 3947 ortos
1867 3910 1996 3947 esse

351 3984 581 4034 constat
609 3978 809 4047 (idem,
845 3978 1145 4050 Apologet.,
1187 3995 1235 4032 c.
1272 3979 1357 4044 10,
1396 3996 1450 4050 p.
1486 3980 1631 4052 333).
1667 3981 1807 4045 Quis
1837 3983 1992 4037 enim

346 4068 569 4122 nesciat
630 4071 855 4133 Jovem,
915 4084 1087 4137 quem
1147 4066 1363 4122 ethnici
1433 4068 1607 4122 deum
1676 4070 1994 4139 optimum,

343 4156 666 4211 maximum
697 4157 1001 4220 vocabant,
1027 4173 1093 4211 ex
1121 4157 1385 4227 ejusdem
1419 4158 1651 4212 Saturni
1685 4175 1818 4213 cum
1852 4159 1991 4230 Ope,

343 4262 447 4299 seu
496 4245 657 4300 Rhea
705 4261 903 4299 sorore
959 4262 1066 4298 sua
1124 4246 1439 4312 connubio,
1472 4245 1594 4301 sive
1646 4250 1841 4317 potius
1900 4249 1992 4302 in-

342 4339 525 4402 cestu,
585 4338 790 4389 natum
855 4332 1190 4403 perhiberi?
1241 4333 1489 4388 Adultus
1550 4340 1769 4405 autem,
1823 4337 1993 4410 pulso

340 4428 505 4495 patre
537 4440 664 4493 suo,
698 4423 755 4477 in
788 4421 948 4478 illius
989 4422 1204 4477 invasit
1252 4438 1519 4493 regnum,
1555 4430 1730 4496 atque
1761 4442 1992 4483 assum-

2108 3287 2437 3344 blimiorem
2476 3293 2678 3358 Deum,
2712 3293 2768 3343 et
2808 3288 3135 3361 mancipem
3186 3292 3503 3361 quemdam
3547 3295 3760 3352 divini-

2109 3378 2246 3433 tatis
2276 3400 2302 3426 »
2336 3378 2544 3449 (Ibid).
2574 3378 2794 3435 Nomen
2844 3382 3039 3434 autem
3091 3396 3345 3451 manceps
3394 3399 3427 3437 a
3474 3383 3759 3455 politioris

2107 3465 2419 3522 latinitatis
2449 3466 2835 3538 scriptoribus
2869 3484 2972 3538 pro
2998 3484 3063 3522 eo
3095 3468 3370 3537 sumitur,
3404 3472 3505 3543 qui
3535 3473 3757 3547 aliquid

2108 3554 2338 3627 publice
2369 3554 2663 3620 conducit,
2697 3555 2895 3610 vendit
2952 3560 3009 3611 et
3066 3557 3321 3613 redimit.
3354 3560 3424 3615 At
3481 3578 3633 3618 nunc
3684 3565 3756 3619 ab

2104 3647 2349 3700 Auctore
2405 3648 2602 3701 nostro
2635 3644 2818 3717 accipi
2876 3645 3074 3717 potius
3125 3647 3354 3703 videtur
3402 3667 3504 3721 pro
3556 3651 3754 3725 aliquo

2107 3734 2431 3790 divinitatis
2491 3735 2753 3803 custode,
2788 3740 3054 3791 curatore
3112 3753 3176 3791 ac
3234 3739 3503 3809 praefecto
3544 3741 3750 3814 (Idem,

2105 3823 2169 3878 de
2197 3824 2407 3891 Idolol.,
2438 3840 2487 3879 c.
2516 3827 2564 3891 1,
2590 3828 2645 3878 et
2672 3822 2775 3878 lib.
2807 3824 2872 3877 de
2903 3824 3162 3893 Pudicit.,
3196 3843 3243 3882 ο.
3274 3829 3390 3896 14);
3425 3846 3539 3902 quo
3572 3849 3750 3889 sensu

2104 3911 2162 3965 in
2195 3912 2391 3966 codice
2422 3911 2824 3967 Theodosiano
2867 3912 3231 3969 thermarum
3265 3916 3632 3990 aliarumque
3662 3938 3750 3976 re-

2105 4017 2268 4054 mum
2298 4003 2575 4071 mancipes
2616 4007 2899 4055 vocantur
2926 4002 3073 4072 (Cod.
3111 4003 3382 4071 Theodos.,
3412 4005 3523 4078 leg.
3558 4025 3657 4064 un.
3692 4011 3756 4066 de

2102 4090 2390 4160 Mancipib.
2444 4093 2484 4143 t.
2524 4093 2585 4156 V,
2622 4106 2752 4161 pag.
2791 4090 2933 4161 183).
2977 4096 3049 4145 At
3094 4091 3450 4165 quicumque
3500 4096 3754 4153 dixerint

2102 4182 2417 4232 Saturnum
2462 4176 2723 4248 aliosque
2774 4184 3035 4234 mortuos
3069 4178 3337 4237 homines
3386 4200 3555 4239 suam
3605 4187 3750 4241 divi-

2106 4268 2346 4321 nitatem
2416 4266 2710 4338 accepisse
2771 4267 2840 4321 ab
2907 4267 3018 4323 alio
3079 4268 3237 4324 illius
3296 4272 3580 4345 mancipe,
3641 4276 3752 4332 hoc

2102 4356 2231 4427 ipso
2275 4372 2388 4411 non
2439 4372 2568 4412 esse
2614 4357 2753 4411 deos
2802 4356 2993 4425 palam
3045 4359 3418 4415 conﬁtentur.
3453 4366 3639 4418 Verus
3672 4366 3748 4419 si-

2103 4445 2338 4515 quidem
2373 4445 2525 4500 Deus
2558 4462 2590 4499 a
2620 4461 2681 4500 se
2712 4445 2835 4501 solo
2866 4449 2922 4501 et
2950 4450 3206 4502 aeternus
3236 4449 3330 4514 sit,
3366 4466 3603 4509 necesse
3632 4471 3752 4510 om-

337 4512 478 4583 ptis,
507 4513 587 4566 uti
622 4513 703 4567 ait
731 4511 1152 4580 Tertullianus,
1180 4514 1556 4582 squammati,
1584 4516 1835 4584 cornuti,
1868 4518 1994 4589 plu-
2025 4541 2071 4604 Β
2102 4511 2240 4587 τζίοο
2270 4539 2377 4588 εει,

339 4601 506 4669 mali,
541 4600 747 4655 imbris
780 4599 937 4653 aurei
972 4598 1199 4671 ﬁguris,
1235 4600 1385 4654 filios
1416 4602 1738 4659 infamibus
1772 4607 1993 4676 stupris

339 4694 399 4744 et
457 4689 758 4744 adulteriis
818 4689 1144 4759 procreavit
1174 4688 1444 4760 (Tertull.
1477 4692 1774 4763 Apologet.,
1817 4712 1866 4750 c.
1899 4698 1989 4764 21,

340 4780 556 4850 p.396,
591 4786 646 4832 et
671 4778 716 4833 l.-
747 4795 786 4833 ιι
817 4778 891 4832 ad
920 4778 1068 4843 Nat,
1099 4793 1149 4833 c.
1186 4779 1272 4847 13)
1308 4794 1321 4833 ε

413 4868 552 4931 Quis
580 4884 718 4939 ergo
748 4868 1021 4937 expensis
1068 4866 1161 4921 his
1209 4867 1507 4935 omnibus,
1541 4885 1665 4937 quae
1719 4871 1851 4927 aliis
1883 4892 1987 4927 no-

338 4956 481 5011 stris
533 4957 591 5011 in
639 4955 1175 5022 dissertationibus,
1210 4956 1641 5012 enucleavimus
1682 4960 1986 5029 (Dissertat.

336 5049 397 5100 in
428 5046 629 5101 1095
667 5046 870 5100 Minue.
905 5060 953 5097 c.
984 5046 1070 5109 15,
1097 5049 1204 5099 art.
1230 5046 1281 5106 1,
1306 5049 1362 5098 et
1391 5046 1673 5101 Dissertat.
1700 5065 1759 5103 in
1788 5050 1987 5106 Arnob.

335 5151 391 5190 c.
426 5136 512 5201 11,
564 5138 674 5188 art.
718 5135 769 5192 4,
822 5137 879 5187 et
923 5134 985 5187 in
1034 5133 1279 5187 Lactant.
1314 5149 1364 5187 c.
1397 5134 1449 5195 3.
1484 5139 1603 5191 art.
1638 5139 1989 5211 1etseqq.),

330 5223 573 5278 diffiteri
606 5238 867 5294 unquam
900 5222 1112 5293 poterit
1151 5222 1316 5277 illum
1348 5225 1523 5278 deum
1556 5242 1673 5280 non
1707 5245 1853 5298 esse,
1889 5232 1988 5285 sed

337 5312 691 5367 sceleratum
744 5310 1036 5366 hominem
1082 5311 1176 5380 qui
1228 5328 1462 5368 omnem
1514 5315 1902 5377 humanitatis
1933 5326 1991 5375 et

337 5400 584 5472 pudoris
615 5416 856 5457 sensum
887 5400 1168 5455 exuerat?

954 5524 1273 5564 ARTICULUS
1312 5526 1372 5565 ll.

337 5618 514 5687 Quam
538 5619 873 5690 prwpostere
899 5615 1107 5672 ethnici
1151 5616 1500 5675 venditorem
1542 5636 1666 5678 suos
1692 5628 1813 5695 post
1842 5642 1988 5684 mor-

661 5747 933 5810 Ρηιιοι..
980 5745 1034 5809 Ι.

2174 4642 2453 4696 Praeterea
2510 4640 2711 4696 nullus
2761 4658 3045 4713 unquam,
3091 4643 3201 4698 nisi
3254 4644 3427 4716 plane
3474 4649 3748 4724 desipiat,

2100 4729 2310 4785 dixerit
2337 4730 2408 4785 ab
2440 4730 2838 4801 omnipotente
2881 4746 2947 4785 ac
2994 4732 3434 4804 sapientissimo
3481 4738 3597 4795 Deo
3643 4741 3751 4797 ali-

2100 4820 2238 4891 quid
2280 4818 2728 4885 inconsiderate,
2764 4825 2978 4875 temere
3024 4838 3090 4875 ac
3139 4823 3265 4878 sine
3297 4842 3474 4883 causa
3506 4828 3746 4885 factum.

2098 4908 2273 4981 Atqui
2308 4908 2467 4964 nulla
2500 4926 2742 4981 prorsus
2774 4926 2948 4965 causa
2980 4911 3269 4984 assignari
3301 4921 3489 4986 potest
3519 4936 3623 4975 cur
3653 4920 3752 4975 ille

2099 5017 2265 5054 suam
2300 5017 2431 5055 cum
2467 5000 2713 5055 mortuis
2759 5000 3097 5058 hominibus
3148 5008 3613 5066 communicaret
3660 5013 3749 5067 di-

2098 5089 2400 5145 vinitatem
2441 5088 2703 5161 (Tertull.
2750 5090 3048 5161 Apologel.,
3082 5108 3129 5146 c.
3167 5094 3252 5160 11,
3284 5112 3416 5168 pag.
3450 5099 3598 5171 333).
3631 5101 3749 5156 Du-

2100 5177 2232 5250 plcx
2271 5179 2487 5250 quippe
2547 5178 2748 5233 I096
2807 5183 3033 5235 tantum
3096 5180 3213 5235 hac
3271 5200 3447 5241 causa
3502 5205 3630 5245 esse
3660 5191 3749 5245 vel

2101 5266 2295 5339 potius
2345 5266 2659 5339 excogitari
2711 5268 2920 5340 potuit.
2958 5274 3035 5324 Ac
3085 5272 3270 5343 primo
3318 5276 3575 5347 quidem,
3611 5279 3750 5349 quia

2099 5362 2251 5412 Deus
2284 5356 2489 5412 horum
2526 5356 2843 5429 indiguerit
2872 5359 3079 5415 ofﬁciis
3102 5365 3158 5415 et
3189 5362 3432 5434 auxilio;
3467 5368 3745 5435 secundo,

2099 5448 2235 5519 quia
2266 5447 2348 5503 illi
2381 5447 2609 5505 eximiis
2660 5448 2785 5505 suis
2834 5449 3002 5505 factis
3034 5457 3090 5506 et
3128 5453 3445 5512 virtutibus
3476 5457 3745 5512 divinita-

2097 5542 2216 5593 tem
2273 5542 2635 5595 meruerunt.
2666 5541 2744 5597 Ac
2799 5543 3116 5613 utrumque
3166 5542 3309 5600 falso
3360 5545 3564 5603 falsius
3618 5562 3747 5605 esse

2099 5628 2483 5687 convincitur.

3348 5763 3427 5825 38
