4134 6184
394 250 551 329 1193

910 266 1439 328 TERTULLIANI
1484 265 1811 327 OPERUM
1859 266 2057 327 PARS
2100 266 2149 325 Ι.
2182 298 2254 311 -—
2286 252 2562 326 SEBIES
2605 265 2653 338 Ι,
2703 264 3267 327 APOLOGETICA.

3612 269 3748 331 H96

462 399 584 463 Qua
628 396 783 454 enim
835 400 938 452 aut
986 399 1377 467 mortuorum,
1409 388 1511 452 aut
1567 397 1743 452 etiam
1774 396 2037 452 vivorum
2068 395 2360 469 A(Ibid.),
2419 398 2537 452 sive
2592 400 2943 465 Saturnum,
3002 412 3177 469 quem
3234 395 3442 452 ethnici
3500 400 3756 470 potiorem

389 487 696 545 hominum
730 503 836 559 ope
858 486 1011 542 Deus
1042 486 1415 558 omnipotens
1446 503 1706 558 unquam
1738 485 2039 558 indiguit?

390 577 668 649 Nunquid
714 576 785 632 ad
829 575 1201 631 condendum
1240 577 1570 631 mundum?
1597 580 1672 631 At
1700 575 2041 648 quicunque

388 665 641 739 gentiles
701 666 758 720 id
820 665 1205 734 asseruerint,
1260 670 1677 736 repugnantem
1742 665 2044 719 habebunt

389 755 779 830 Pythagoram
827 754 1014 825 (Ibid.,
1068 770 1199 826 pag.
1255 755 1365 823 13),
1398 753 1519 826 qui,
1556 759 1618 809 ut
1666 770 1847 826 supra
1894 753 2043 807 vidi-

392 863 526 901 mus
556 845 865 915 (Dissertat.
900 845 963 899 in
995 845 1270 913 Lactant,
1305 860 1355 899 ς.
1388 845 1477 914 21,
1510 849 1616 898 art.
1653 843 1727 915 2),
1755 843 2042 898 mundum

388 934 710 990 increatum
762 932 1136 1005 praedicabat.
1181 934 1435 988 Tametsi
1485 950 1618 988 vero
1670 933 1945 1000 mundus,
1981 938 2047 988 ut

389 1024 553 1079 Plato
606 1021 822 1094 aliique
880 1021 1237 1093 philosophi,
1288 1022 1790 1094 quemadmodum
1851 1022 2045 1077 adhuc

390 1115 737 1168 annotatum
767 1115 875 1181 est,
904 1115 1058 1165 recte
1087 1111 1431 1176 docuerunt,
1457 1110 1649 1183 reipsa
1682 1114 1911 1166 creatus
1936 1111 2044 1177 sit;

2151 486 2525 559 primumque
2574 487 2862 554 omnium,
2896 485 2980 541 uti
3025 484 3200 558 paulo
3247 490 3376 541 ante
3423 486 3757 560 dicebamus,

2150 577 2390 631 deorum
2434 592 2565 632 esse
2612 576 2967 647 garriebant.
3003 575 3281 631 Ethnicos
3325 578 3508 631 autem
3566 577 3635 632 ibi
3681 595 3763 633 ca-

2152 665 2352 736 stigat,
2376 666 2474 737 qui
2505 666 2900 737 opinabantur
2929 664 3199 720 Liberum
3231 664 3304 720 ob
3334 664 3472 728 vini,
3501 665 3761 736 Cererem,

2153 755 2227 809 ob
2290 754 2599 827 frumenti,
2654 754 2973 810 Minervam
3030 758 3269 826 propter
3322 752 3460 809 olere
3510 755 3763 811 adiuven-

2154 845 2372 901 tionem
2425 860 2667 899 numero
2715 843 3042 915 adscriptos
3093 843 3274 898 fuisse
3321 844 3573 899 deorum.
3615 847 3766 900 Prius

2155 933 2449 989 enimvero
2513 932 2600 987 has
2680 932 2879 1004 fruges
2948 930 3131 987 creari
3204 932 3558 1001 debuerunt,
3613 951 3768 1006 quam

2156 1021 2426 1076 inveniri.
2464 1023 2645 1094 Atque
2687 1020 2783 1077 ille
2817 1024 3050 1076 tantum
3086 1025 3235 1076 Deus
3264 1025 3374 1089 est,
3409 1038 3443 1076 a
3467 1038 3573 1092 quo
3603 1028 3770 1080 creata

2156 1110 2545 1181 institutaque
2590 1110 2847 1165 fuerunt.
2881 1109 3078 1181 Neque
3124 1126 3335 1183 urgeas
3366 1111 3683 1167 Lucretium
3709 1113 3771 1168 de

387 1217 560 1259 verus
618 1198 1005 1255 nihilominus
1060 1200 1238 1270 Deus,
1270 1201 1443 1271 cujus
1501 1200 1732 1255 infinita
1789 1204 2048 1272 potestas

390 1296 500 1361 est,
535 1289 757 1346 nullius
801 1289 975 1361 plane
1009 1290 1077 1345 ad
1127 1288 1292 1345 illum
1326 1289 1734 1346 fabricandum
1784 1289 2048 1345 subsidio

392 1379 572 1452 eguit.

463 1477 611 1543 Quid
641 1476 968 1547 vero,quod
1004 1480 1237 1532 constat
1266 1481 1400 1532 ante
1421 1476 1738 1531 Saturnum
1773 1492 1838 1531 ac
1869 1491 2047 1547 quos-

2157 1199 2250 1254 his
2306 1199 2641 1270 loquentem
2704 1216 2878 1255 usum
2933 1214 3062 1256 esse
3117 1200 3291 1256 verbo
3348 1202 3658 1269 instituisse,
3688 1202 3771 1257 ubi

2159 1285 2369 1344 cecinit
2396 1304 2410 1342 :

2251 1395 2489 1461 piamque
2513 1396 2672 1461 Ceres
2701 1395 2871 1445 fertur
2897 1395 3099 1461 fruges,
3131 1396 3392 1461 Liberque
3422 1395 3641 1460 liquores

2251 1456 2483 1521 Vitigeni
2513 1457 2721 1507 laticem
2748 1456 3061 1509 mortalist
3083 1456 3403 1521 instituisse,

2252 1520 2380 1584 Cum
2412 1524 2590 1569 tamen
2621 1521 2705 1570 bis
2735 1526 2918 1584 posset
2946 1524 3061 1572 sine
3085 1523 3250 1571 rebus
3276 1520 3394 1571 vita
3414 1534 3639 1579 manere,

2254 1584 2320 1632 Ut
2346 1583 2491 1632 fama
2520 1588 2599 1633 est
2626 1583 2830 1648 aliquas
2856 1584 3013 1633 etiam
3045 1598 3191 1634 nunc
3224 1585 3401 1634 vivere
3429 1587 3624 1648 gentes.

2861 1648 3087 1709 (Lucret.
3118 1647 3211 1696 lib.
3243 1661 3291 1710 ν,
3320 1661 3376 1697 v.
3406 1646 3461 1696 η
3491 1650 3543 1696 et
3568 1646 3724 1709 seqq.)

388 1567 534 1639 libet
583 1566 730 1622 alios
782 1564 1090 1637 gentilium
1135 1565 1296 1636 deos,
1327 1566 1567 1636 pluvias,
1603 1564 1756 1619 sicut
1804 1564 1885 1620 ait
1918 1565 2053 1620 Ter-

386 1656 696 1726 tullianus,
713 1654 778 1711 de
798 1655 929 1710 caelo
953 1657 1150 1724 ruisse,
1172 1658 1223 1710 et
1242 1655 1441 1711 sidera
1464 1653 1753 1725 (Tertull.,
1778 1654 1881 1709 loc.
1907 1652 2049 1737 cit)

560 1744 742 1801 δοῖθω
770 1761 837 1845 fc
869 1744 1094 1845 Ῑιξοαῖξιν
1117 1746 1399 1845 ("idid-9f":
1511 1743 2058 1845 ιαηξίηξιλνίάθίίοῗῑ
2088 1780 2135 1845 Β
2164 1764 2342 1818 Poeta
2361 1761 2516 1817 enim
2549 1762 2732 1835 ibijde
2756 1763 2850 1819 his
2880 1763 3303 1837 loquitur,qus3
3329 1762 3651 1836 aliquorum
3672 1766 3778 1819 arte

393 1834 723 1904 stellarum,
755 1832 1054 1905 ﬂoruisse?
1106 1833 1233 1889 Alio
1286 1833 1579 1905 siquidem
1613 1832 1672 1888 in
1707 1832 1859 1887 libro
1909 1833 2050 1888 scri-

2166 1855 2223 1906 et
2253 1851 2485 1923 ingenio
2517 1832 2744 1923 reperta
2774 1832 3021 1908 fuerant.
3038 1832 3294 1909 Verbum
3317 1832 3453 1926 ergo
3484 1854 3780 1923 instituisse,

398 1925 518 1998 psit
550 1941 563 1979 :
598 1924 804 1980 Caelum
855 1924 1161 1979 luminibus
1192 1925 1491 1994 ﬂoruisset,
1523 1924 1702 1993 magis
1748 1923 1830 1978 sol
1876 1921 2050 1977 radiis

2167 1956 2279 1995 non
2332 1940 2476 2009 aliof
2497 1957 2675 2012 quam
2729 1940 3041 2011 invenisse,
3080 1958 3255 1998 sensu
3304 1943 3542 2015 accepil.
3586 1943 3638 1995 Si
3667 1940 3779 2013 quis

398 2014 717 2071 insultasset
783 2011 919 2081 (lib.
980 2029 1037 2068 IV
1089 2013 1210 2067 adv.
1268 2012 1533 2067 Marcion.
1593 2028 1641 2066 c.
1700 2012 1810 2083 42).
1869 2011 2050 2074 Quam

2164 2046 2295 2085 vero
2322 2011 2637 2085 contendat
2667 2030 2738 2085 ab
2770 2029 2868 2085 illo
2897 2033 3205 2087 instituisse
3234 2011 3482 2102 dictum,
3506 2031 3637 2104 quia
3666 2011 3781 2085 Bac-

402 2103 585 2175 ἰδίων
643 2118 812 2173 Opem
868 2102 940 2157 ad
973 2102 1299 2192 Αῄφυηάυφ
1360 2101 1678 2156 creandum
1741 2105 1852 2192 De?
1884 2101 2055 2192 ferre
2164 2118 2311 2173 chus
2342 2123 2398 2173 et
2426 2117 2597 2173 Ceres
2646 2119 2818 2191 panis
2865 2136 2933 2175 ex
2980 2120 3271 2192 frugibus,
3302 2101 3541 2191 vinique
3569 2136 3629 2175 ex
3672 2118 3780 2173 uvis

401 2196 687 2246 salum“
735 2193 839 2246 ant
885 2189 1132 2261 qumbet
1185 2191 1337 2245 θιίυε
1395 2193 1682 2262 Ροῖθηηιι
1726 2188 1827 2260 qni
1884 2187 2053 2260 longo
2163 2205 2506 2262 conficiendi
2539 2187 2780 2261 modum
2813 2187 3107 2264 docuisse.
3128 2187 3486 2275 ferebantur,
3509 2224 3617 2263 non
3648 2206 3778 2261 mul-

400 2284 533 2353 post
571 2279 1018 2369 solem,lunam
1062 2283 1118 2335 et
1166 2278 1367 2335 stellas
1408 2284 1670 2369 tempore
1710 2279 1816 2334 orti
1870 2280 2056 2333 sunt?
2160 2300 2285 2352 tum
2334 2296 2815 2367 repugnabimus.
2848 2296 3064 2353 verum
3111 2296 3163 2353 is
3212 2315 3283 2353 ne
3333 2296 3522 2353 hilum
3570 2297 3778 2369 quidem

400 2370 572 2427 Addit
602 2368 995 2426 ΤθτίυῙίίδηυδ
1035 2372 1170 2425 ante
1200 2386 1402 2425 omnes
1433 2368 1743 2442 gentilium
1778 2368 1934 2435 deos:
1968 2372 2055 2459 ιο*
2162 2385 2296 2441 inde
2326 2383 2605 2458 proficiet.
2639 2385 2815 2441 Nobis
2844 2386 2999 2441 enim
3050 2386 3222 2459 plane
3251 2387 3471 2443 sufficit
3504 2368 3649 2443 certo
3677 2401 3779 2440 cer-

397 2462 613 2515 ηίίνιυη
660 2461 899 2528 mugisse
928 2465 978 2547 ξι
1010 2461 1189 2530 ipsum
1223 2460 1426 2527 Jovem,
1460 2474 1580 2530 ριιω
1627 2460 1685 2547 ξπ
1736 2473 1906 2513 manu
1934 2457 2053 2547 ei?“
2160 2475 2279 2530 tius
2308 2457 2436 2529 esse
2468 2473 2659 2531 nullas
2691 2475 2886 2547 fruges
2910 2494 2943 2531 a
2963 2457 3209 2543 Baccho,
3233 2480 3459 2547 Cerere,
3479 2481 3537 2532 et
3556 2475 3781 2531 Minerva

396 2550 608 2620 ponitis
637 2547 800 2618 (sive,
834 2552 899 2602 ut
927 2545 987 2601 in
1020 2547 1452 2619 antiquioribus
1499 2546 1673 2602 editis
1714 2550 1769 2601 et
1808 2546 2052 2637 ineditis
2161 2568 2406 2620 creatas.
2439 2568 2620 2619 Nemo
2660 2545 2878 2637 quip—pe
2929 2567 3000 2620 ob
3059 2580 3160 2620 eas
3211 2569 3312 2621 aut
3366 2545 3664 2632 indicates,
3693 2567 3779 2619 aut

398 2637 731 2726 codicibus,
798 2637 1395 2726 imponitisifulgura
1461 2638 1712 2692 timuisse
1774 2634 2048 2726 (Tertull.
2160 2657 2440 2725 repertas,
2463 2658 2563 2708 aut
2588 2634 2735 2724 θθιζί,
2768 2634 2872 2709 ﬁt
2902 2671 3032 2710 esse
3062 2655 3207 2710 deus
3238 2659 3454 2726 potest.

401 2725 707 2797 Apotoget.,
738 2740 789 2779 c.
826 2724 915 2790 11,
948 2740 1004 2796 p.
1036 2724 1183 2796 334).
1219 2725 1289 2778 Et
1340 2739 1471 2778 vero
1520 2739 1653 2778 cum
1700 2726 1923 2778 certum
1975 2721 2050 2776 sit

2225 2721 2433 2813 Neque
2476 2740 2630 2797 alius
2658 2721 2955 2815 ﬁdeinceps
3012 2721 3365 2811 audiendus,
3397 2743 3499 2816 qui
3555 2740 3779 2811 objicere

403 2815 666 2871 ἳοηίίνυε
724 2813 1017 2903 mugisse,
1068 2818 1383 2903 antequam
1431 2812 1661 2903 ξῙυΡξίθῐξ
1709 2811 2048 2903 θκδίίῖίὲξθδυ
2160 2811 2371 2886 audeat
2401 2831 2633 2903 frugum
2663 2811 3063 2888 inventionem
3103 2835 3277 2888 tantas
3309 2811 3645 2888 hominibus
3673 2843 3781 2885 esse

401 2904 648 2960 dUbium
695 2902 911 2959 nemini
945 2918 1073 2993 9359
1117 2902 1312 2993 debet:
1349 2902 1514 2973 qni“:
1545 2900 1725 2956 ίηδίίο
1772 2899 2051 2993 Ψηηίδιξε
2160 2919 2421 2987 utilitati,
2458 2899 2527 2975 ut
2553 2924 2788 2993 propter
2834 2920 3027 2976 solum
3081 2921 3186 2977 hoc
3234 2922 3585 2977 beneficium
3614 2923 3776 2982 Ceres,

404 2993 739 3084 δθτηίῐιίδῑξε
785 2992 1020 3084 ίίωφτθν
1051 2991 1295 3084 mimi?“
1329 3007 1631 3084 nusquam
1652 2990 1891 3084 fumi?
1930 2989 2050 3062 P'i"
2159 3010 2421 3065 Bacchus
2457 3013 2514 3065 et
2553 2989 2816 3066 Minerva
2846 3012 2906 3064 in
2939 3011 3179 3067 deorum
3212 3027 3391 3084 grege
3440 3005 3779 3066 adnumerari

402 3100 567 3139 mum
623 3081 833 3138 saltem
883 3081 1168 3137 timuerit
1217 3081 1603 3145 QuamObrem
1650 3078 2048 3135 Τθνιυηίθουδ
2090 3146 2123 3156 ._
2164 3098 2506 3155 meruerint.
2528 3101 2655 3155 Jam
2688 3100 2841 3154 enim
2873 3100 2996 3156 haec
3029 3100 3176 3156 ratio
3202 3078 3351 3156 satis
3381 3100 3667 3156 confutata
3688 3099 3780 3151 est.

396 3175 531 3245 jure
562 3172 770 3227 merito
801 3171 949 3226 ridet
992 3170 1274 3237 ethnicos,
1308 3171 1406 3242 qui
1456 3170 1684 3241 fulgura
1715 3172 1772 3224 et
1803 3167 2050 3223 fulmina

2164 3188 2380 3245 Deinde
2400 3204 2533 3243 vero
2565 3188 2615 3241 si
2647 3186 2899 3258 alicujus
2929 3204 2997 3243 ea
3020 3192 3175 3245 esset
3205 3189 3510 3258 momenti,
3534 3184 3782 3243 Lucullus

401 3262 461 3317 in
494 3262 624 3332 ejus
655 3276 831 3316 manu
861 3276 1011 3330 esse,
1037 3264 1093 3315 et
1122 3260 1194 3315 ab
1220 3275 1308 3329 eo,
1335 3258 1470 3314 licet
1497 3275 1614 3314 non
1643 3259 1813 3328 facta,
1835 3256 2050 3313 vibrari

403 3349 770 3405 eﬂ‘utiebant.

2162 3276 2366 3333 debuit
2397 3277 2570 3332 etiam
2603 3276 2749 3332 deus
2793 3277 2939 3346 fieri,
2972 3279 3069 3350 qui
3112 3279 3345 3349 primus,
3382 3278 3467 3333 uti
3498 3273 3782 3332 Tertullia-

2164 3384 2276 3405 nna
2306 3367 2382 3405 nit
2415 3382 2598 3405 norncn
2623 3366 2771 3405 {mea
2816 3368 3040 3405 ρον-πότι)
3063 3383 3131 3405 om
3167 3372 3332 3405 Dnnln
3370 3368 3550 3405 "alim
3572 3361 3782 3405 nrnmuf.

403 3364 770 3406 en'utieoant.

471 3448 579 3503 Sed
610 3447 803 3502 acrius
852 3445 1044 3502 adhuc
1092 3448 1264 3517 urget
1317 3442 1464 3499 nihil
1521 3444 1929 3515 imperfectum
1980 3443 2052 3498 ab

404 3535 808 3608 omnipotente
835 3534 961 3590 fieri
994 3540 1168 3605 atque
1198 3532 1416 3588 idcirco
1446 3534 1754 3600 mundum,
1780 3532 2055 3588 omnibus

404 3623 745 3681 absolutum
776 3623 1063 3694 numeris,
1092 3623 1164 3677 ab
1187 3639 1253 3678 eo
1281 3622 1582 3678 conditum
1612 3621 1815 3678 fuisse.
1849 3622 2059 3678 Omnia

403 3713 606 3786 igitur,
642 3728 770 3784 quae
819 3712 891 3768 ad
945 3714 1395 3768 sustentandam
1438 3711 1698 3767 hominis
1729 3712 1908 3767 vitam
1957 3727 2058 3766 ne-

407 3801 659 3859 cessaria
690 3804 853 3869 sunt,
884 3805 1018 3857 ante
1067 3801 1360 3872 quoslibet
1389 3801 1696 3873 gentilium
1746 3802 1886 3858 deos
1934 3818 2058 3857 om-

408 3906 631 3965 nesque
683 3891 954 3948 homines
1008 3895 1321 3947 creaverat.
1358 3891 1555 3963 Itaque
1601 3890 1773 3959 nihil,
1811 3891 1889 3946 ait
1936 3891 2061 3962 ipse

406 3981 829 4051 Tertullianus,
865 3980 1223 4048 continendo,
1267 3980 1324 4036 id
1371 3986 1479 4048 est,
1513 3982 1910 4037 conservando
1961 3980 2062 4036 ho—

405 4073 569 4138 mini,
621 4088 685 4127 ac
741 4071 1063 4128 cohibendo
1114 4086 1186 4125 ne
1235 4074 1583 4138 moreretur,
1624 4080 1676 4127 et
1722 4071 2060 4137 sustinendo,

408 4163 527 4218 sive
581 4162 993 4228 sustentando,
1044 4159 1270 4228 alendo,
1316 4160 1647 4227 reﬁciendo,
1693 4162 2059 4232 prospectum,

409 4267 474 4307 ac
532 4252 733 4307 datum
791 4254 909 4322 post
969 4250 1249 4305 hominem
1308 4253 1571 4305 creatum
1625 4250 1805 4321 potuit
1863 4251 2050 4321 inferri

2173 4261 2424 4336 legimus
2454 4278 2467 4317 :
2502 4262 2599 4317 Cn.
2632 4262 2923 4333 Pompeius
2953 4259 3019 4315 de
3046 4260 3334 4315 Ponto.....
3370 4260 3559 4316 Italiw
3582 4251 3799 4330 promul-

409 4341 615 4412 (lbid)
648 4341 756 4396 Sed
812 4340 932 4395 haec
964 4339 1091 4411 ejus
1121 4338 1297 4394 verba
1326 4354 1443 4393 non
1494 4337 1577 4393 ita
1629 4339 1699 4393 ad
1748 4338 1943 4393 vivum
1976 4354 2063 4393 re-
2173 4355 2323 4425 ραυίι
2354 4351 2641 4426 (Tertull.,
2677 4350 2776 4406 lib,
2808 4367 2847 4405 ιι
2880 4349 2948 4404 ad
2976 4350 3138 4417 Nat"
3166 4364 3291 4420 04p,
3327 4348 3442 4420 16),

407 4430 663 4485 secanda
692 4434 851 4496 sunt,
879 4432 945 4484 ut
977 4428 1195 4483 dixisse
1226 4427 1498 4483 credatur
1528 4426 1673 4482 nihil
1708 4431 1840 4499 post
1871 4427 2066 4483 condi-
2249 4444 2436 4499 Ῑηειαι
2485 4440 2582 4496 me
2631 4440 2806 4494 ﬁcum
2837 4438 3081 4494 viridem
3117 4437 3316 4493 Roma,
3367 4438 3655 4510 cognitam
3702 4446 3795 4487 non

407 4522 537 4575 tum
596 4518 895 4573 hominem
953 4516 1217 4590 POWisse
1278 4533 1311 4572 θ
1360 4521 1475 4571 Deo
1535 4518 1741 4585 creari,
1776 4534 1890 4588 (1υο
1945 4517 2066 4573 νίίᾶ
2096 4518 2143 4584 Ι)
2174 4532 2379 4601 fuisse,
2410 4535 2728 4601 antequam
2763 4527 2892 4585 Cato
2940 4543 3067 4583 eam
3118 4527 3350 4583 senatui
3383 4528 3571 4584 intulit
3601 4520 3797 4596 (ἰὸἰά.)⁸

413 4606 673 4663 hominis
717 4606 1118 4663 contineretur
1166 4610 1222 4661 et
1279 4605 1689 4661 sustineretur.
1725 4607 1850 4663 Non
1909 4607 2066 4663 enim
2178 4625 2318 4676 Τοια
2355 4623 2548 4675 autem
2598 4618 2719 4673 haec
2764 4616 3009 4673 higtoria
3040 4633 3073 4671 α
3102 4614 3291 4672 Ριίηίο
3330 4617 3459 4687 jam
3510 4615 3678 4671 citato
3718 4610 3800 4663 de-

412 4695 527 4753 sibi
558 4695 721 4752 aliud
754 4696 956 4764 voluit,
992 4695 1104 4750 nisi
1138 4701 1369 4765 cuncta,
1404 4694 1532 4750 sine
1560 4696 1777 4766 quibus
1808 4695 2050 4752 humani

2178 4709 2398 4781 scripta
2428 4712 2518 4764 est
2537 4706 2711 4777 (Plin.
2745 4705 2848 4761 lib.
2870 4723 2965 4773 xv,
2997 4705 3194 4761 Natur.
3228 4706 3391 4774 Hist.,
3416 4721 3540 4776 cap.
3576 4703 3654 4772 18,
3686 4712 3799 4772 pag.

410 4786 531 4842 vita
560 4784 890 4843 conservari
923 4802 1039 4840 non
1068 4789 1281 4856 potest,
1307 4802 1339 4840 a
1366 4786 1475 4840 Deo
1500 4790 1692 4840 creata
1723 4786 1905 4841 fuisse
1934 4790 2067 4842 ante
2178 4800 2324 4871 198),
2357 4804 2411 4856 et
2466 4815 2534 4855 ex
2584 4797 2703 4867 illa,
2745 4796 2898 4852 sicut
2955 4812 3025 4851 εχ
3076 4794 3394 4867 superiori,
3439 4791 3802 4850 Tertullinus

414 4875 680 4931 οοηάίίοε
739 4890 1122 4946 quoscunque
1180 4874 1471 4941 homines:
1508 4890 1575 4929 ⁸ο
1634 4874 1817 4930 miluo
1878 4875 2067 4948 ωαείε
2176 4887 2473 4945 concludit
2502 4888 2738 4959 iniquos
2768 4902 2899 4942 esse
2942 4883 3213 4956 gentiles,
3246 4883 3345 4956 qui
3378 4886 3655 4946 Cererem,
3685 4878 3803 4932 Bac-

413 4968 547 5021 ante
576 4965 895 5020 Saturnum
927 4980 994 5019 ac
1022 4965 1242 5030 Jovem,
1277 4962 1542 5035 aliosque
1572 4979 1773 5020 omnes
1804 4964 2050 5020 ethnicos

2176 4978 2375 5047 chum,
2410 4985 2464 5035 et
2493 4976 2807 5033 Minervam
2853 4974 2926 5030 ob
2976 4974 3173 5047 fruges
3206 4974 3472 5030 inventas
3503 4972 3560 5026 in
3587 4971 3800 5026 deorum

412 5069 543 5109 rum
569 5055 729 5111 deos.
760 5054 903 5111 Tam
956 5061 1109 5110 certo
1164 5052 1363 5125 igitur,
1399 5069 1575 5125 quam
1622 5052 1921 5109 evidenter
1967 5052 2050 5109 ille

2174 5085 2417 5125 suorum
2457 5080 2768 5138 reposuere
2814 5079 3084 5134 numero,
3117 5067 3176 5119 et
3225 5061 3532 5119 Lucullum
3564 5075 3628 5114 ac
3654 5056 3799 5113 Cato-

409 5143 546 5199 inde
577 5142 874 5200 concludit
905 5143 1088 5199 Deum
1131 5158 1333 5198 verum
1384 5141 1606 5198 nullius
1651 5143 1723 5198 ad
1772 5142 2061 5199 mundum
2175 5175 2331 5227 nam,
2360 5157 2461 5229 qui
2493 5155 2638 5213 alias
2670 5155 2955 5210 hactenus
3000 5152 3331 5225 incognitas
3361 5151 3419 5207 in
3453 5148 3674 5205 “aliam
3702 5147 3801 5199 Βο-

406 5233 741 5290 faciendum
781 5232 1110 5305 indiguisse
1142 5230 1381 5287 auxilio.
1411 5230 1537 5287 Non
1585 5246 1721 5304 ergo
1752 5231 1835 5288 dii
1882 5231 2062 5304 aliqui
2174 5228 2448 5318 mamqﬁe
2478 5244 2819 5312 attulerant,
2853 5242 3008 5315 apud
3060 5242 3266 5313 inferos
3318 5237 3680 5312 reliquerunt.
3708 5228 3801 5287 Sed

406 5321 558 5380 hanc
590 5325 662 5381 οὶ)
692 5340 932 5382 cauum
967 5322 1101 5379 ἶαοίί
1136 5325 1298 5377 δυηῖ·
2173 5339 2297 5393 haec
2328 5335 2519 5392 fusius
2553 5332 2844 5406 prosecuti
2872 5346 3085 5388 sumus
3118 5328 3176 5384 in
3210 5327 3343 5385 aliis
3371 5326 3586 5384 nostris
3616 5322 3804 5379 disser-

480 5434 665 5489 Instat
694 5432 885 5489 adhuc
921 5451 948 5483 ιι
982 5432 1051 5487 de
1082 5434 1238 5485 terra
1279 5426 1628 5483 exuberasse
1657 5443 1892 5485 omnem
1942 5429 2061 5485 fru-
2174 5424 2497 5483 tationibus
2526 5424 2835 5496 (Dissertat.
2870 5423 2932 5476 in
2961 5421 3163 5477 Minue.
3190 5418 3326 5489 Oct,
3354 5433 3479 5488 cap.
3511 5415 3593 5481 14,
3621 5414 3718 5467 art.
3747 5407 3794 5473 2,

408 5538 540 5595 gem
582 5526 715 5578 ante
766 5522 966 5577 1097
1020 5519 1315 5585 Liberum,
1350 5519 1407 5573 et
1434 5520 1718 5588 Cererem,
1753 5524 1809 5576 et
1853 5519 2062 5576 Miner-
2172 5519 2237 5574 in
2291 5515 2493 5572 Arnob.
2545 5530 2670 5584 cap.
2704 5514 2759 5582 9,
2810 5515 2920 5568 art.
2952 5510 3008 5580 2,
3061 5513 3119 5565 et
3170 5509 3397 5565 Dissert.
3459 5507 3521 5561 in
3568 5501 3799 5595 iactant:

408 5591 565 5682 vam,
588 5612 709 5668 imo
731 5616 866 5669 ante
886 5610 1055 5667 illum
1079 5608 1334 5681 aliquem
1359 5607 1543 5680 prinoi
1552 5623 1683 5681 pem
1711 5608 2010 5666 hominem
2031 5630 2060 5661 »
2173 5624 2299 5680 cap.
2324 5606 2413 5673 30,
2440 5608 2549 5660 art.
2572 5604 2651 5675 5),
2674 5601 2774 5658 ubi
2808 5598 3135 5657 refellimus
3165 5598 3397 5657 eosdem
3428 5591 3682 5668 gentiles,
3704 5591 3794 5657 qui

2164 3384 2277 3422 nus
2305 3367 2387 3422 ait
2414 3382 2602 3421 cerasa
2623 3366 2791 3438 (mss.
2816 3368 3040 3438 cerasia)
3061 3383 3131 3422 ex
3158 3372 3332 3423 Ponto
3363 3368 3550 3423 Italiae
3569 3361 3784 3438 promut-

2163 3458 2314 3525 gavit
2355 3453 2645 3527 (Tertull.,
2695 3455 2879 3526 ibid).
2914 3456 2991 3509 Ex
3039 3455 3224 3510 Plinio
3283 3460 3484 3511 autem
3532 3452 3782 3509 discimus

2165 3561 2319 3602 anno
2351 3544 2515 3600 urbis
2564 3544 2809 3600 condita;
2846 3545 2971 3613 680,
3007 3550 3141 3617 post
3169 3544 3476 3600 victoriam
3520 3540 3790 3598 Mithrida-

2166 3635 2341 3690 ticam
2371 3651 2571 3690 cerasa
2592 3634 2665 3688 ab
2697 3634 2804 3689 hoc
2839 3632 3083 3689 Lucullo
3120 3638 3521 3704 transportata
3551 3631 3717 3688 fuisse
3742 3628 3791 3683 in

2171 3725 2397 3780 Italiam
2430 3742 2499 3780 ea:
2526 3724 2700 3779 Ponto
2731 3723 2927 3797 (Plin.,
2962 3723 3062 3779 lib.
3095 3741 3191 3793 xv,
3223 3723 3427 3779 Natur.
3464 3725 3607 3779 Hist.
3640 3738 3686 3776 c.
3714 3719 3790 3785 25,

2170 3831 2226 3886 p.
2258 3815 2407 3888 207),
2440 3816 2578 3885 sive,
2615 3817 2677 3869 ut
2707 3814 2787 3870 ait
2820 3814 3227 3886 Hieronymus,
3251 3813 3317 3869 de
3350 3812 3643 3868 Cerasunto
3669 3810 3791 3881 (Hie-

2170 3921 2383 3976 ronym
2418 3903 2588 3976 epist.
2622 3904 2711 3970 23,
2735 3903 2808 3958 ad
2840 3902 3100 3959 Eustach.
3126 3919 3256 3975 pag.
3281 3903 3401 3975 60),
3430 3902 3581 3958 unde
3609 3912 3791 3955 nomen

2172 4010 2346 4050 suum
2379 3997 2703 4049 traxerunt.
2734 3996 2955 4047 Horum
3011 3991 3204 4064 itaque
3236 3990 3637 4064 praestantium
3664 3987 3794 4043 viro-

2172 4100 2301 4139 rum
2337 4082 2683 4138 auctoritate
2724 4081 3107 4154 corrigendus
3157 4085 3248 4136 est
3296 4080 3452 4136 alius
3483 4071 3795 4134 Tertulliani

2172 4174 2233 4227 in
2264 4174 2522 4229 secundo
2563 4172 2632 4227 ad
2688 4172 2959 4227 Nationes
2988 4170 3138 4225 libro
3169 4168 3358 4237 locus,
3393 4168 3490 4225 ubi
3542 4167 3793 4237 scriptum
