4134 6184
333 291 485 353 H97

1214 278 1317 346 ’1).
1362 285 1461 346 LE
1502 286 1831 348 NOURRY
1874 284 2520 349 OBSERVATIO'NES
2564 282 2821 344 ΝονιΕ.

3574 282 3731 345 1198

329 423 708 493 homines,ob
737 420 949 479 collata
975 420 1107 478 aliis
1134 420 1483 477 hominibus
1510 420 1715 477 1098
1748 420 1972 477 benefi-
2004 424 2061 491 Α
2160 419 2301 485 Quis
2328 418 2637 493 gentilium
2675 419 2819 474 deus
2867 415 3089 489 justior
3146 415 3402 473 Aristide
3456 416 3726 491 (Tertull.

330 515 583 584 cia,deos
614 516 746 588 post
779 514 1025 568 mortem
1056 527 1224 567 suam
1250 510 1432 566 factos
1459 526 1587 567 esse
1618 510 1976 582 garriebant.

946 635 1265 675 ARTICULUS
1290 635 1375 673 ΠΙ.

329 716 545 785 Quanta
600 709 908 785 insulsitate
944 709 1188 785 gentiles
1228 708 1591 785 venditabant
1644 708 1973 785 Saturnum,

394 790 602 854 Jovem,
634 783 876 853 aliosque
904 781 967 837 ob
998 782 1217 854 merita,
1251 781 1647 854 praeclaraque
1701 781 1976 850 facinora,

394 861 563 929 [ασιοε
590 852 706 911 esse
732 852 894 929 Adeas,
940 856 991 908 et
1040 852 1201 929 alios,
1236 853 1353 929 illis
1400 854 1866 929 prgstantioresh
1898 869 1978 908 re.

398 924 554 985 lietos
605 928 668 982 in
722 926 945 995 inferis.
984 925 1256 978 nimirum
1310 924 1603 990 Socratem,
1662 924 1973 989 Aristidem,

396 999 821 1063 Themistoclem,
881 997 1275 1053 Alexandrum
1302 997 1576 1066 Magnum,
1628 998 1972 1067 Pompeium,

399 1074 767 1144 Polycratem,
797 1068 1036 1141 Syllum,
1071 1069 1360 1144 crassum,
1391 1069 1821 1144 Demosthenem,
1882 1069 1974 1144 Ci-

398 1140 646 1202 ceronem
679 1159 693 1197 :
728 1140 887 1212 atque
942 1140 1248 1212 ostenditur
1302 1140 1659 1196 divinitatem
1687 1158 1719 1194 a
1748 1142 1976 1211 gentili-

401 1218 498 1273 bus
552 1215 763 1281 eadem,
795 1211 936 1283 ique.
990 1211 1101 1267 diis
1154 1214 1295 1277 suis,
1344 1214 1561 1268 ratione
1631 1212 1981 1269 tribuendam

401 1288 582 1351 Laidi,
619 1287 879 1356 Phrynw,
913 1284 1209 1351 Larentia,
1241 1292 1409 1355 atque
1439 1286 1575 1356 ipsis
1602 1287 1714 1340 sive
1742 1287 1977 1340 mortuis

397 1363 520 1418 sine
551 1360 688 1415 vivis
720 1358 1053 1413 Caesaribus.

402 1450 601 1505 Altera
627 1447 948 1503 tribuendas
981 1445 1232 1501 mortuis
1262 1445 1604 1524 hominibus
1656 1444 1983 1501 divinitatis

328 1537 479 1594 ratio
511 1538 581 1592 ab
613 1535 863 1591 ethnicis
896 1535 1315 1591 desumebatur
1342 1550 1410 1590 ex
1461 1534 1698 1590 illorum
1756 1534 1981 1590 meritis

324 1626 616 1699 factisque
641 1624 892 1693 eximiis,
925 1623 1141 1695 quibus
1171 1638 1302 1679 eam
1334 1626 1657 1695 assecutos‘
1694 1640 1823 1679 esse
1882 1639 1983 1677 au-

332 1716 952 1774 dactervenditabant.
981 1718 1053 1769 At
1100 1714 1459 1786 quicumque
1502 1713 1561 1767 id
1610 1713 1761 1769 serio
1819 1729 1979 1769 asse-

331 1808 566 1878 rabant,
616 1806 698 1877 hi,
730 1810 797 1862 ut
827 1809 979 1861 recte
1028 1804 1293 1859 observat
1348 1802 1765 1872 Tertullianus,
1819 1802 1987 1858 fateri
2015 1799 2063 1863 B

333 1898 693 1971 cogebantur
721 1894 977 1966 aliquem
1011 1908 1139 1950 esse
1170 1894 1344 1949 Deum
1399 1891 1653 1961 deiﬁcum
1723 1890 1984 1962 (Tertull.

341 1988 642 2060 Apologet.,
690 2001 816 2057 cap.
868 1985 955 2053 11,
1007 1999 1140 2055 pag.
1190 1982 1338 2053 333),
1390 1981 1447 2035 id
1492 1986 1581 2036 est
1612 1980 1709 2053 qui
1742 1980 1889 2036 alios
1915 1980 1986 2036 ob

341 2077 610 2149 quasdam
670 2072 947 2146 praeclara
995 2073 1147 2127 facta
1197 2073 1336 2127 deos
1386 2070 1578 2126 faciat.
1649 2070 1989 2126 Praecellens

339 2181 477 2237 ergo
510 2163 606 2219 ille
637 2164 791 2219 Deus
821 2160 1023 2217 debuit
1053 2158 1988 2232 aequissimajustitizelancealio-

338 2269 471 2309 rum
503 2252 711 2307 merita
739 2250 1088 2322 ponderare,
1120 2253 1177 2304 et
1198 2248 1629 2319 omnipotentia
1690 2264 1797 2303 sua
1857 2247 1990 2304 illos

339 2343 535 2399 debito
566 2340 800 2413 praemio
844 2338 1227 2394 remunerari.
1256 2337 1425 2409 Atqui
1459 2337 1597 2392 huic
1633 2337 1743 2392 soli
1775 2338 1990 2410 aequis-

337 2433 488 2489 simo
517 2436 577 2487 et
606 2428 986 2501 omnipotenti
1011 2427 1292 2499 competit
1320 2426 1570 2492 divinas,
1603 2442 1783 2498 quam
1842 2426 1989 2482 nulli

337 2522 526 2587 alteri,
584 2531 687 2577 aut
760 2523 989 2586 natura,
1026 2522 1130 2572 aut
1189 2516 1547 2587 quibuslibet
1579 2518 1805 2573 meritis
1838 2534 1872 2573 a
1927 2534 1990 2573 se

336 2610 614 2666 distincto
645 2609 783 2664 dare
814 2611 1022 2680 potest.
1059 2611 1345 2678 Suprema
1385 2606 1541 2661 enim
1574 2606 1851 2663 divinitas
1907 2608 1991 2662 di-

338 2698 457 2753 vidi
488 2697 711 2770 nequit,
742 2702 941 2769 atque,
1003 2701 1068 2753 ut
1112 2695 1326 2769 sapius
1357 2696 1635 2767 diximus,
1696 2702 1848 2752 Deus
1891 2704 1992 2754 aut

341 2806 498 2844 unus
528 2792 630 2845 aut
659 2786 860 2843 nullus
890 2790 1002 2843 est.

412 2878 518 2935 Sed
552 2893 679 2949 age,
704 2876 913 2948 dicque
944 2875 1134 2941 nobis,
1173 2875 1435 2945 obsecro,
1473 2892 1741 2948 quaenam
1777 2876 1991 2930 fuerint

342 2966 598 3034 Saturni,
629 2966 1100 3034 Jovis,Junonis,
1148 2965 1515 3038 aliorumque
1548 2967 1816 3037 virtutes,
1865 2965 1989 3022 exi-

345 3056 580 3128 miaque
609 3056 835 3123 merita,
868 3055 1085 3127 quibus
1116 3054 1414 3126 potuerint
1446 3055 1810 3111 divinitatem
1833 3072 1989 3112 eme.

246 3146 249 3149 ’
342 3149 454 3205 reri
482 3149 495 3204 l
528 3148 729 3239 Nonne
760 3146 1006 3239 gentiles
1056 3146 1256 3239 (palam
1278 3147 1703 3239 praedicabant,
1738 3148 1991 3239 insolen-
2020 3170 2064 3239 ρ

340 3242 545 3310 terque
589 3238 995 3311 gloriabantur
1052 3236 1184 3292 illos
1238 3236 1417 3292 vitam
1470 3236 1683 3293 vivisse
1739 3236 1985 3309 stupris,

343 3327 668 3397 adulteriis,
694 3343 760 3382 ac
791 3325 1247 3398 quibuslibet,ut
1276 3325 1415 3381 alibi
1447 3326 1817 3383 ostendimus
1838 3328 1986 3399 (Dis-

340 3420 533 3472 sertat.
558 3416 617 3469 in
646 3414 1020 3484 Arnob.,cap.
1058 3414 1144 3481 12,
1175 3418 1289 3469 art.
1330 3414 1355 3467 1
1391 3417 1447 3470 et
1504 3415 1727 3486 seqq.),
1799 3413 1990 3471 maxi-

343 3504 459 3560 mis
490 3502 808 3560 sceleribus
838 3508 897 3558 et
926 3502 1167 3575 ﬂagitiis
1199 3503 1501 3571 infamem,
1526 3520 1591 3559 ac
1624 3505 1991 3559 contamina-

342 3593 522 3649 tam?
568 3597 678 3648 Fac
734 3596 931 3648 tamen
990 3608 1087 3647 eos
1172 3595 1257 3647 tot
1318 3592 1613 3663 tantisque
1674 3593 1991 3649 virtutibus

345 3682 676 3739 cumulatas
704 3680 911 3749 fuisse,
959 3685 1103 3752 quot
1134 3681 1488 3753 quantisque
1514 3682 1671 3738 vitiis
1729 3683 1994 3755 coinqui-

344 3774 638 3828 nabantur
660 3790 674 3841 ;
698 3788 803 3827 cur
832 3788 967 3843 ergo
992 3772 1106 3841 his,
1132 3771 1213 3826 ait
1242 3771 1659 3842 Tertullianus,
1690 3772 1748 3827 in
1782 3773 1994 3828 cmlum

348 3862 621 3927 sublatis,
644 3878 712 3917 ac
770 3861 1074 3916 divinitate
1103 3860 1355 3926 donatis,
1380 3859 1481 3915 alii
1534 3861 1746 3919 virtute
1803 3879 1993 3933 pares,

350 3948 526 4015 atque
555 3943 731 3999 etiam
766 3941 1384 4014 przestantinres,apud
1415 3943 1621 4012 inferos
1651 3941 1832 3998 relicti
1859 3949 1999 3997 sunt

350 4032 611 4101 (Tertull.
649 4031 807 4101 ibid.)
837 4032 865 4086 ‘l
912 4030 1120 4086 Nullus
1165 4031 1324 4086 enim
1348 4030 1588 4104 gentilis
1619 4032 2000 4104 quantumvis

352 4122 423 4177 ad
447 4122 786 4177 audendum
845 4120 1167 4191 projectus,
1217 4118 1276 4174 id
1328 4136 1536 4191 negare
1564 4125 1810 4192 poterat,
1844 4121 2000 4193 quod

352 4209 834 4267 manifestissime
867 4210 1150 4281 probatur
1189 4208 1513 4265 illustrium
1536 4209 1821 4281 exemplis
1853 4212 2002 4267 viro-

354 4318 507 4368 rum,
540 4316 792 4372 quorum
825 4298 1090 4371 egregias
1121 4298 1571 4370 singularesque
1598 4299 2001 4371 virtutesipsi-

353 4395 472 4446 met
489 4388 708 4445 ethnici
738 4388 992 4444 summis
1018 4387 1354 4443 extulerunt
1384 4386 1682 4444 laudibus.

424 4479 570 4534 Nam
598 4483 662 4533 ut
692 4478 992 4548 proposita
1022 4494 1055 4533 a
1093 4476 1448 4533 Tertulliano
1506 4478 1687 4549 (Ibid)
1740 4477 2007 4551 exempla

359 4584 796 4641 percurramus,
829 4567 963 4638 quis
994 4566 1304 4638 gentilium
1338 4566 1482 4622 deus
1536 4568 1862 4639 sapientior
1910 4573 2007 4624 So-
2037 4552 2083 4618 D

358 4663 534 4730 crate,
588 4658 689 4729 qui
748 4656 1035 4728 Apollinis
1066 4655 1322 4724 oraculo,
1352 4672 1386 4711 ι
1443 4657 1612 4712 nobis
1659 4656 1797 4713 alibi
1830 4657 2005 4714 citato

362 4750 612 4817 (Dissert.
646 4749 706 4803 in
736 4747 935 4802 Hinuc.
971 4746 1187 4817 0ctav.,
1219 4746 1408 4818 cap.3,
1441 4754 1549 4802 art.
1572 4748 1627 4819 2)
1662 4749 2005 4804 mortalium

362 4837 631 4893 omnium
663 4834 1138 4907 sapientissimus
1170 4836 1541 4892 renuntiatus
1572 4834 1700 4891 est?
1750 4841 1824 4891 At
1880 4841 2007 4893 tan-

362 4932 490 4982 tum
524 4927 709 4996 abest,
746 4929 808 4979 ut
831 4927 976 4979 deus
998 4924 1193 4980 dictus
1238 4926 1336 4993 sit,
1389 4925 1531 4996 quin
1561 4925 2010 4982 Atheniensium

353 5016 580 5089 judicio
639 5015 816 5071 fuerit
845 5015 1291 5082 condemnatus,
1314 5033 1380 5071 ac
1398 5016 1559 5088 cujus
1586 5018 1753 5073 marti
1790 5016 2011 5088 inquie-

362 5108 466 5163 bat
528 5106 749 5174 Cicero,
808 5105 1164 5176 illacrymari
1226 5106 1389 5173 soleo,
1471 5106 1757 5162 Platonem
1832 5107 2013 5178 legens

363 5196 569 5269 (Cicer.
616 5195 715 5251 lib.
772 5211 836 5251 ιιι
879 5194 943 5248 dc
1007 5195 1132 5250 Nat.
1190 5193 1337 5265 deor,
1397 5212 1529 5267 pag.
1580 5197 1707 5264 252,
1764 5194 1863 5253 lin.
1899 5198 2013 5265 29).

365 5290 444 5341 De
492 5284 595 5341 illa
628 5288 823 5341 autem
848 5283 1105 5340 Socratis
1136 5287 1325 5339 morte
1354 5283 1787 5356 disputavimus
1825 5286 1885 5342 in
1916 5303 2016 5343 su-

367 5373 697 5447 perioribus
728 5373 946 5430 nostris
1017 5372 1567 5447 dissertationibus(
1618 5376 1906 5433 Dissertat.
1958 5378 2019 5431 in

372 5467 582 5523 Minue.
635 5480 761 5536 cap.
812 5464 866 5531 3,
916 5468 1027 5519 art.
1094 5464 1130 5516 2
1176 5467 1235 5519 et
1279 5465 1341 5519 in
1392 5465 1635 5521 Lactant.
1668 5465 1757 5533 44,
1803 5470 1913 5522 art.
1946 5467 2018 5535 1).

374 5560 431 5611 et
461 5553 634 5628 paulo
665 5557 800 5627 post
827 5553 1019 5610 adhuc
1050 5552 1273 5624 aliquid
1304 5552 1619 5611 dicendum
1658 5555 1819 5627 (Infr.
1893 5573 2021 5629 cap.

374 5645 466 5716 26,
490 5647 597 5702 art.
632 5644 707 5717 4).

2088 509 2390 581 Apologet.,
2423 527 2549 581 cap.
2583 510 2670 575 11,
2702 526 2757 580 p.
2791 507 2936 578 336),
2970 507 3176 563 1099
3226 522 3329 579 quo
3362 509 3527 563 totius
3571 510 3736 565 Gras-

2088 601 2211 663 ciaz,
2243 604 2304 655 ut
2332 598 2409 654 ait
2440 598 2703 653 Valerius
2737 596 3041 663 Maximus,
3045 599 3279 667 justitia
3306 599 3559 652 censetur
3576 596 3723 669 (Val.

2089 690 2265 760 Max.,
2295 689 2395 745 lib.
2432 691 2490 756 V,
2524 705 2649 760 cap.
2684 688 2736 753 3,
2773 688 2879 759 Q3,
2932 688 3192 749 extera).
3226 688 3644 755 ;Quamobrem
3703 704 3737 743 θ.

2089 780 2362 835 Cicerone
2392 795 2494 851 per
2521 776 2992 833 antonomasiam
3025 775 3287 831 Aristides
3310 778 3495 846 justus
3521 777 3731 848 (Cicer.

2089 867 2191 923 lib.
2227 886 2290 923 ιιι
2319 868 2383 923 de
2410 868 2562 938 Ofﬁc.
2596 884 2652 938 p.
2684 865 2787 919 339
2818 864 2920 919 lin.
2950 864 3028 937 7),
3061 881 3127 919 ac
3179 866 3371 919 Graece
3422 881 3455 919 a
3508 864 3730 920 Plutar-

2089 957 2196 1012 cho
2229 952 2566 1026 Ἀριστείδης
2596 955 2623 1008 ὁ
2657 951 2864 1017 δίκαιος
2894 953 3343 1025 cognominatur
3374 952 3733 1021 (Plut.,tom.

2091 1052 2135 1115 Ι,
2170 1046 2373 1119 p.318,
2408 1050 2464 1100 et
2493 1050 2638 1100 tom.
2676 1045 2742 1109 ΙΙ,
2778 1062 2832 1115 p.
2866 1044 3014 1113 486).
3067 1042 3484 1098 Verumtamen
3517 1043 3735 1099 ethnici

2090 1152 2205 1190 non
2238 1134 2430 1191 solum
2464 1135 2659 1188 datam
2696 1131 2824 1187 aliis
2857 1132 3249 1205 iniquissimis
3281 1131 3640 1189 divinitatem
3690 1132 3739 1187 ei

2091 1227 2468 1297 negaverunt,
2501 1222 2601 1278 sed
2662 1221 3065 1293 improborum
3125 1222 3396 1291 factione,
3460 1225 3524 1276 ut
3576 1221 3731 1277 idem

2089 1314 2359 1369 Valerius
2388 1312 2678 1368 Maximus
2700 1314 2972 1380 testatur,
3011 1330 3033 1359 ι
3067 1310 3257 1382 patria
3287 1312 3562 1367 excedere
3601 1313 3734 1382 jus-

2093 1420 2195 1458 sus
2218 1406 2325 1458 est.
2378 1424 2406 1452 »
2465 1401 2842 1457 Continenter
2910 1416 3043 1455 vero
3088 1399 3303 1471 adjecit
3353 1414 3367 1457 :
3424 1422 3454 1450 «
3516 1399 3743 1458 Felices

2092 1493 2368 1559 Athenas,
2394 1508 2520 1563 quas
2552 1494 2684 1563 post
2714 1488 2875 1544 illius
2904 1488 3145 1545 exilium
3185 1488 3443 1545 invenire
3473 1488 3731 1562 aliquem

2094 1584 2412 1655 potuerunt
2441 1584 2543 1635 aut
2561 1580 2754 1635 virum
2774 1579 3125 1646 bonum,aut
3156 1582 3452 1635 amantem
3483 1579 3739 1647 sui,cum

2094 1688 2209 1743 quo
2244 1676 2380 1728 tunc
2410 1670 2541 1743 ipsa
2570 1669 2856 1726 sanctitas
2891 1668 3165 1741 migravit
3192 1687 3218 1720 υ
3259 1667 3404 1741 (Val.
3448 1668 3597 1725 Max.
3637 1669 3741 1727 loc.

2092 1761 2237 1833 cit).

2168 1867 2308 1934 Quis
2338 1881 2408 1923 ex
2436 1864 2726 1923 bellicosis
2745 1864 2859 1920 diis
2890 1863 3127 1919 militari
3149 1863 3335 1936 gloria
3356 1864 3546 1938 magis
3563 1882 3741 1938 quam

2096 1954 2519 2013 Themistocles
2556 1954 2767 2011 claruit
2796 1953 3061 2026 (Tertull.
3096 1953 3405 2026 Apologet.,
3460 1971 3587 2026 cap.
3654 1957 3739 2026 11,

2098 2062 2155 2117 p.
2178 2046 2304 2117 336)
2335 2046 2363 2100 ‘l
2390 2047 2460 2101 At
2489 2044 2588 2100 ille
2618 2044 3004 2101 nihilominus
3036 2043 3263 2113 multis,
3326 2061 3453 2116 quae
3505 2044 3739 2119 Thucy-

2098 2136 2263 2190 dides
2308 2133 2433 2207 (lib.
2470 2149 2489 2190 ι
2540 2135 2679 2189 Hist.
2731 2151 2787 2206 p.
2830 2135 2902 2189 62
2945 2137 3002 2189 et
3058 2134 3269 2207 seqq),
3307 2136 3364 2189 et
3395 2133 3742 2193 Plutarchus

2097 2224 2225 2295 (Vit.
2262 2224 2559 2279 Thenistoe.
2594 2239 2649 2295 p.
2704 2221 2805 2277 113
2842 2226 2899 2279 et
2946 2223 3137 2294 seqq.)
3197 2223 3489 2279 memoriae
3548 2227 3745 2297 prodi-

2098 2314 2332 2379 derunt,
2364 2312 2512 2368 bello
2542 2312 2810 2385 praeclare
2842 2312 3042 2385 gestis,
3074 2326 3198 2367 cum
3225 2314 3470 2384 patriam
3497 2314 3744 2387 claram,

2098 2404 2450 2471 incolumem,
2487 2406 2549 2457 ut
2579 2402 2659 2457 ait
2711 2400 2906 2457 adhuc
2958 2400 3224 2457 Valerius
3248 2406 3304 2458 M
3330 2402 3581 2468 eximus,
3614 2420 3749 2476 opu-

2102 2494 2325 2558 lentam,
2371 2493 2679 2564 principem
2734 2492 2969 2548 Graeciae
3020 2491 3287 2547 reddisset
3345 2491 3487 2563 (Val.
3592 2493 3737 2550 Max.

2096 2580 2197 2637 lib.
2220 2599 2275 2648 v,
2310 2597 2437 2653 cap.
2470 2581 2527 2647 3,
2549 2584 2727 2637 exter.
2761 2580 2791 2653 §
2822 2581 2895 2651 3),
2957 2579 3127 2651 plane
3184 2580 3475 2653 ingratam
3535 2597 3740 2655 exper-

2098 2674 2195 2727 tus
2226 2674 2337 2726 est.
2372 2670 2722 2726 Proditionis
2751 2670 2909 2725 enim
2950 2668 3096 2726 falso
3128 2674 3461 2740 accusatus,
3490 2671 3747 2744 primum

2098 2761 2300 2831 Argos,
2343 2759 2478 2814 inde
2506 2760 2837 2832 Corcyram,
2874 2763 3075 2831 postea
3104 2760 3176 2815 ad
3231 2760 3564 2829 Admetum,
3622 2763 3744 2819 Mo-

2098 2849 2392 2905 lossorum
2414 2864 2632 2920 regem,
2664 2865 2730 2904 ac
2761 2848 2970 2905 deinde
3018 2850 3091 2904 ad
3121 2850 3514 2921 Artaxerxem,
3551 2850 3739 2908 tilium

2100 2938 2305 2994 Xerxis
2334 2937 2593 3009 confugit
2626 2958 2639 3007 ;
2676 2938 2840 2994 exsul
2872 2942 3133 3009 tandem,
3191 2938 3402 2995 hausto
3459 2942 3746 3013 sanguine

2100 3027 2286 3093 bovis,
2319 3032 2381 3083 ut
2410 3027 2647 3098 quidam
2679 3031 2907 3100 putant,
2940 3028 3082 3098 sive,
3115 3031 3182 3084 ut
3207 3027 3307 3083 alii
3360 3027 3559 3101 plures
3617 3049 3747 3087 nar-

2103 3122 2256 3183 rant,
2283 3131 2529 3186 veneno,
2560 3132 2630 3171 ex
2687 3116 2946 3188 corporis
3004 3116 3253 3173 vinculis
3323 3121 3607 3190 tanquam
3674 3136 3744 3177 ex

2104 3207 2360 3279 quodam
2390 3205 2637 3262 evolavit
2663 3220 2913 3262 carcere.

2170 3296 2308 3360 Quis
2358 3296 2669 3367 gentilium
2737 3295 2902 3367 deus,
2973 3295 3162 3367 pergit
3229 3300 3450 3352 Auctor
3522 3302 3743 3367 noster,

2100 3386 2423 3442 Alexandro
2454 3390 2510 3441 et
2558 3385 2831 3457 Pompeio
2884 3384 3249 3442 sublimior?
3300 3386 3543 3459 Utrique
3586 3390 3746 3445 enim

2102 3493 2193 3533 res
2224 3476 2405 3532 armis
2437 3474 2705 3549 belloque
2735 3480 2908 3548 gestae
2930 3492 3248 3549 cognomen
3282 3476 3479 3549 magni
3508 3494 3748 3551 pepere-

2103 3568 2259 3620 runt.
2292 3563 2477 3627 Quam
2510 3568 2706 3619 autem
2738 3563 2957 3620 infelici
2988 3564 3145 3620 exitu
3178 3565 3350 3621 ambo
3381 3582 3450 3622 ex
3472 3566 3580 3623 hac
3631 3567 3748 3623 vita

2104 3654 2502 3725 migraverint,
2537 3670 2707 3709 nemo
2738 3658 2891 3709 certe
2924 3654 3191 3726 ignorare
3216 3655 3532 3728 potest,qui
3563 3655 3745 3713 libros

2106 3761 2139 3799 a
2165 3744 2379 3807 Quinto
2410 3743 2605 3799 Curtio
2635 3746 2693 3799 et
2722 3743 3035 3799 Plutarcho
3067 3744 3138 3799 de
3167 3744 3401 3800 illorum
3434 3746 3551 3802 vita
3608 3763 3742 3802 con-

2108 3835 2357 3905 scriptos
2387 3833 2496 3888 levi
2529 3849 2707 3888 manu
2758 3833 3037 3905 attigerit.
3092 3833 3217 3890 Non
3274 3834 3472 3891 minus
3532 3840 3752 3907 tamen,

2108 3939 2284 3990 quam
2307 3923 2483 3987 Mars,
2518 3920 2803 3977 Romulus
2834 3926 2890 3976 et
2920 3921 3038 3989 alii,
3073 3922 3399 3980 divinitatis
3450 3925 3749 3996 praemium

2110 4011 2337 4067 eximiis
2363 4011 2538 4066 rebus
2566 4010 2748 4082 gestis
2790 4014 3146 4066 meruerant.

2182 4118 2323 4182 Quis
2356 4121 2634 4189 praeterea
2664 4116 2972 4188 gentilium
2997 4118 3140 4174 deus
3190 4118 3385 4174 Graeco
3435 4119 3758 4192 Polycrate,

2111 4213 2167 4264 et
2196 4205 2356 4279 Sylla
2400 4207 2660 4261 Romano
2692 4205 2939 4263 feliciter
2977 4207 3245 4278 (Tertull.
3289 4208 3513 4279 loc.cit.)
3536 4208 3564 4263 ?
3596 4207 3763 4265 Multi

2111 4296 2401 4369 siquidem,
2434 4303 2500 4350 ut
2527 4296 2609 4351 ait
2638 4294 2970 4363 Sallustius,
3005 4296 3423 4353 dubitaverunt
3451 4300 3654 4369 fortior
3687 4315 3765 4352 an.

2113 4393 2327 4464 felicior
2383 4394 2518 4446 esset
2576 4388 2734 4461 Sylla
2790 4388 3145 4459 (Sallustius,
3199 4389 3262 4445 de
3318 4390 3475 4446 Bello
3547 4392 3766 4464 Jugurh

2116 4498 2246 4553 cap.
2290 4481 2397 4551 17).
2432 4483 2729 4535 Testatum
2762 4478 3002 4551 insuper
3033 4478 3380 4536 Plutarchus
3414 4480 3546 4537 fecit
3578 4480 3766 4551 illum,

2120 4574 2413 4626 transacto
2448 4568 2763 4641 triumpho,
2798 4584 2931 4623 cum
2966 4584 3069 4641 pro
3138 4570 3415 4626 concione
3473 4586 3566 4627 res
3624 4589 3657 4626 a
3707 4586 3771 4627 se

2115 4665 2237 4716 tam
2272 4659 2519 4727 fortiter,
2558 4674 2735 4730 quam
2785 4656 3027 4713 feliciler
3078 4664 3272 4731 gestas
3354 4660 3768 4732 recensuisset,

2112 4748 2369 4821 jussisse
2418 4765 2478 4803 se
2524 4748 2749 4803 felicem
2803 4748 3208 4819 cognominari
3264 4749 3586 4821 (Plutarch.
3649 4751 3773 4808 Vita

2118 4840 2307 4911 Sylla,
2340 4842 2481 4893 tom.
2516 4838 2557 4904 Ι,
2594 4854 2722 4909 pag.
2754 4837 2855 4891 453
2887 4842 2944 4892 et
2973 4840 3187 4911 seqq).
3256 4840 3365 4896 Sed
3424 4840 3547 4896 haec
3604 4839 3773 4896 illum

2124 4929 2194 4985 ad
2236 4926 2603 4982 divinitatem
2661 4942 2774 4981 non
2836 4927 3250 4996 perduxerunt.
3322 4929 3552 4985 Deliciis
3614 4930 3772 4986 enim

2122 5021 2453 5088 corruptus,
2497 5015 2813 5088 pediculari
2854 5017 3053 5072 morbo
3112 5018 3284 5074 vitam
3343 5018 3550 5075 ﬁnivit.
3610 5019 3780 5091 Poly-

2124 5107 2299 5163 cratis
2330 5123 2462 5163 vero
2495 5104 2742 5162 felicitas
2788 5104 2878 5161 his
2908 5105 3121 5162 Valerii
3153 5108 3387 5165 Maximi
3428 5095 3780 5165 describitur

2125 5196 2317 5253 verbis
2351 5213 2366 5252 :
2401 5217 2429 5246 ‹‹
2459 5198 2673 5252 Omnes
2705 5198 2952 5251 conatus
2984 5197 3113 5267 ejus
3147 5196 3374 5270 placido
3407 5198 3778 5271 accipieban-

2128 5291 2220 5342 tur
2278 5286 2484 5341 itinere
2518 5302 2531 5353 ;
2595 5301 2729 5357 spes
2761 5290 2983 5341 certum
3014 5287 3224 5359 cupitae
3256 5289 3339 5344 rei
3370 5289 3631 5346 fructum
3678 5302 3779 5357 ap-

2131 5375 2592 5448 prehendebant,
2641 5379 2776 5431 vota
2830 5378 3342 5448 uuncupabantur,
3374 5377 3552 5434 simul
3586 5379 3642 5431 et
3671 5373 3784 5431 sol-

2133 5466 2434 5535 vebantur,
2468 5463 2613 5519 velle
2643 5481 2708 5520 ac
2754 5481 2925 5536 posse
2955 5482 3024 5520 ex
3067 5484 3229 5537 aequo
3291 5466 3545 5539 positum
3594 5469 3719 5520 erat
3747 5480 3775 5515 ι

2136 5555 2287 5625 (Vat.
2323 5555 2469 5612 Max.
2522 5554 2626 5611 lib.
2674 5571 2753 5625 vx,
2802 5571 2929 5628 cap.
2978 5557 3034 5627 8,
3081 5555 3111 5629 §
3162 5558 3197 5613 5
3240 5556 3486 5627 extera.)
3536 5554 3604 5611 Et
3646 5569 3782 5611 vero

2140 5646 2412 5703 secundis
2444 5646 2619 5702 rebus
2652 5646 2733 5701 ita
2764 5645 3058 5717 utebatur,
3092 5650 3155 5703 ut
3185 5644 3422 5703 maximi
3453 5642 3621 5717 pretii
3676 5660 3783 5701 au-
