  <div class='ocr_page' id='page_1' title='image "/cluster/home/n/w/nwhite01/storage/ocr_20150623/1/hvd.32044096580337/607.png"; bbox 0 0 4134 6184; ppageno 0'>
   <div class='ocr_carea' id='block_1_1' title="bbox 300 1828 2071 1902">
    <p class='ocr_par' dir='ltr' id='par_1_1' title="bbox 300 1828 2071 1902">
     <span class='ocr_line' id='line_1_1' title="bbox 300 1828 2071 1902; baseline -0.006 -11"><span class='ocrx_word' id='word_1_1' title='bbox 300 1886 307 1891; x_wconf 89' lang='grc'><strong>.</strong></span> <span class='ocrx_word' id='word_1_2' title='bbox 419 1832 691 1902; x_wconf 90' lang='lat' dir='ltr'><strong>princeps</strong></span> <span class='ocrx_word' id='word_1_3' title='bbox 721 1849 849 1889; x_wconf 87' lang='lat' dir='ltr'><strong>esse</strong></span> <span class='ocrx_word' id='word_1_4' title='bbox 878 1832 1068 1898; x_wconf 84' lang='lat' dir='ltr'><strong>vellet,</strong></span> <span class='ocrx_word' id='word_1_5' title='bbox 1102 1833 1203 1902; x_wconf 90' lang='lat' dir='ltr'><strong>qui</strong></span> <span class='ocrx_word' id='word_1_6' title='bbox 1231 1833 1356 1887; x_wconf 85' lang='lat' dir='ltr'><strong>suis</strong></span> <span class='ocrx_word' id='word_1_7' title='bbox 1398 1831 1683 1886; x_wconf 87' lang='lat' dir='ltr'><strong>fructibus</strong></span> <span class='ocrx_word' id='word_1_8' title='bbox 1747 1828 2071 1883; x_wconf 75' lang='lat' dir='ltr'><strong>exercitum</strong></span> 
     </span>
    </p>
   </div>
   <div class='ocr_carea' id='block_1_2' title="bbox 426 206 3791 284">
    <p class='ocr_par' dir='ltr' id='par_1_2' title="bbox 426 206 3791 284">
     <span class='ocr_line' id='line_1_2' title="bbox 426 206 3791 284; baseline 0.001 -13"><span class='ocrx_word' id='word_1_9' title='bbox 426 211 584 273; x_wconf 76' lang='lat'><strong>“99</strong></span> <span class='ocrx_word' id='word_1_10' title='bbox 942 212 1471 274; x_wconf 70' lang='lat' dir='ltr'><strong>TERTULLIANI</strong></span> <span class='ocrx_word' id='word_1_11' title='bbox 1513 210 1835 273; x_wconf 63' lang='lat' dir='ltr'><strong>OPERUW</strong></span> <span class='ocrx_word' id='word_1_12' title='bbox 1882 206 2085 269; x_wconf 82' lang='lat' dir='ltr'><strong>PARS</strong></span> <span class='ocrx_word' id='word_1_13' title='bbox 2126 207 2177 268; x_wconf 79' lang='grc' dir='ltr'>Ι.</span> <span class='ocrx_word' id='word_1_14' title='bbox 2206 236 2289 256; x_wconf 87' lang='lat'><strong>--</strong></span> <span class='ocrx_word' id='word_1_15' title='bbox 2314 207 2590 270; x_wconf 77' lang='lat' dir='ltr'><strong>SERIES</strong></span> <span class='ocrx_word' id='word_1_16' title='bbox 2631 209 2683 284; x_wconf 79' lang='lat' dir='ltr'><strong>l,</strong></span> <span class='ocrx_word' id='word_1_17' title='bbox 2727 209 3296 272; x_wconf 77' lang='lat' dir='ltr'><strong>APOLOGETICA.</strong></span> <span class='ocrx_word' id='word_1_18' title='bbox 3654 213 3791 274; x_wconf 77' lang='lat' dir='ltr'><strong>mo</strong></span> 
     </span>
    </p>
   </div>
   <div class='ocr_carea' id='block_1_3' title="bbox 425 341 3791 418">
    <p class='ocr_par' dir='ltr' id='par_1_3' title="bbox 425 341 3791 418">
     <span class='ocr_line' id='line_1_3' title="bbox 425 341 3791 418; baseline 0.001 -19"><span class='ocrx_word' id='word_1_19' title='bbox 425 344 655 417; x_wconf 80' lang='lat' dir='ltr'><strong>nulum,</strong></span> <span class='ocrx_word' id='word_1_20' title='bbox 686 360 820 399; x_wconf 90' lang='lat' dir='ltr'><strong>cum</strong></span> <span class='ocrx_word' id='word_1_21' title='bbox 851 344 909 399; x_wconf 91' lang='lat' dir='ltr'><strong>in</strong></span> <span class='ocrx_word' id='word_1_22' title='bbox 944 361 1099 400; x_wconf 87' lang='lat' dir='ltr'><strong>mare</strong></span> <span class='ocrx_word' id='word_1_23' title='bbox 1123 345 1191 400; x_wconf 89' lang='lat' dir='ltr'><strong>ad</strong></span> <span class='ocrx_word' id='word_1_24' title='bbox 1223 344 1517 401; x_wconf 65' lang='lat' dir='ltr'><strong>felicitatis</strong></span> <span class='ocrx_word' id='word_1_25' title='bbox 1549 361 1667 399; x_wconf 63' lang='lat' dir='ltr'><strong>suae</strong></span> <span class='ocrx_word' id='word_1_26' title='bbox 1709 341 2070 415; x_wconf 86' lang='lat' dir='ltr'><strong>experimen-</strong></span> <span class='ocrx_word' id='word_1_27' title='bbox 2102 341 2155 406; x_wconf 85' lang='grc' dir='ltr'><strong>Α</strong></span> <span class='ocrx_word' id='word_1_28' title='bbox 2186 341 2336 395; x_wconf 82' lang='lat' dir='ltr'><strong>fecto</strong></span> <span class='ocrx_word' id='word_1_29' title='bbox 2370 341 2423 396; x_wconf 90' lang='lat' dir='ltr'><strong>id</strong></span> <span class='ocrx_word' id='word_1_30' title='bbox 2458 341 2596 396; x_wconf 84' lang='lat' dir='ltr'><strong>alibi</strong></span> <span class='ocrx_word' id='word_1_31' title='bbox 2631 341 3008 413; x_wconf 81' lang='lat' dir='ltr'><strong>probavimus</strong></span> <span class='ocrx_word' id='word_1_32' title='bbox 3040 342 3340 413; x_wconf 61' lang='grc' dir='ltr'><strong>(οἰκεῖται.</strong></span> <span class='ocrx_word' id='word_1_33' title='bbox 3376 345 3435 399; x_wconf 84' lang='lat' dir='ltr'><strong>in</strong></span> <span class='ocrx_word' id='word_1_34' title='bbox 3464 345 3791 418; x_wconf 76' lang='lat' dir='ltr'><strong>Miuue.,cap.</strong></span> 
     </span>
    </p>
   </div>
   <div class='ocr_carea' id='block_1_4' title="bbox 424 430 3792 506">
    <p class='ocr_par' dir='ltr' id='par_1_4' title="bbox 424 430 3792 506">
     <span class='ocr_line' id='line_1_4' title="bbox 424 430 3792 506; baseline 0 -17"><span class='ocrx_word' id='word_1_35' title='bbox 424 439 550 489; x_wconf 90' lang='lat' dir='ltr'><strong>tum</strong></span> <span class='ocrx_word' id='word_1_36' title='bbox 611 434 969 505; x_wconf 89' lang='lat' dir='ltr'><strong>projecisset,</strong></span> <span class='ocrx_word' id='word_1_37' title='bbox 1031 435 1089 489; x_wconf 91' lang='lat' dir='ltr'><strong>in</strong></span> <span class='ocrx_word' id='word_1_38' title='bbox 1149 438 1315 505; x_wconf 89' lang='lat' dir='ltr'><strong>capto</strong></span> <span class='ocrx_word' id='word_1_39' title='bbox 1375 438 1579 505; x_wconf 86' lang='lat' dir='ltr'><strong>postea</strong></span> <span class='ocrx_word' id='word_1_40' title='bbox 1617 434 1777 505; x_wconf 83' lang='lat' dir='ltr'>pisce</span> <span class='ocrx_word' id='word_1_41' title='bbox 1808 435 2073 501; x_wconf 89' lang='lat' dir='ltr'><strong>repertus</strong></span> <span class='ocrx_word' id='word_1_42' title='bbox 2184 430 2271 493; x_wconf 91' lang='lat'><strong>18,</strong></span> <span class='ocrx_word' id='word_1_43' title='bbox 2302 436 2411 485; x_wconf 90' lang='lat' dir='ltr'><strong>art.</strong></span> <span class='ocrx_word' id='word_1_44' title='bbox 2440 433 2497 497; x_wconf 89' lang='lat'><strong>1,</strong></span> <span class='ocrx_word' id='word_1_45' title='bbox 2527 436 2583 486; x_wconf 91' lang='lat' dir='ltr'><strong>et</strong></span> <span class='ocrx_word' id='word_1_46' title='bbox 2612 433 2673 486; x_wconf 85' lang='lat' dir='ltr'><strong>in</strong></span> <span class='ocrx_word' id='word_1_47' title='bbox 2704 434 2952 487; x_wconf 77' lang='lat' dir='ltr'><strong>Lactant.</strong></span> <span class='ocrx_word' id='word_1_48' title='bbox 2985 448 3114 503; x_wconf 88' lang='lat' dir='ltr'><strong>cap.</strong></span> <span class='ocrx_word' id='word_1_49' title='bbox 3148 433 3239 502; x_wconf 86' lang='lat'><strong>32,</strong></span> <span class='ocrx_word' id='word_1_50' title='bbox 3270 438 3380 488; x_wconf 90' lang='lat' dir='ltr'><strong>art.</strong></span> <span class='ocrx_word' id='word_1_51' title='bbox 3416 435 3487 503; x_wconf 92' lang='lat'><strong>1).</strong></span> <span class='ocrx_word' id='word_1_52' title='bbox 3525 434 3792 506; x_wconf 86' lang='lat' dir='ltr'><strong>Numquid</strong></span> 
     </span>
    </p>
   </div>
   <div class='ocr_carea' id='block_1_5' title="bbox 425 518 3795 593">
    <p class='ocr_par' dir='ltr' id='par_1_5' title="bbox 425 518 3795 593">
     <span class='ocr_line' id='line_1_5' title="bbox 425 518 3795 593; baseline 0.001 -18"><span class='ocrx_word' id='word_1_53' title='bbox 425 521 852 576; x_wconf 87' lang='lat' dir='ltr'><strong>fuerit.Testem</strong></span> <span class='ocrx_word' id='word_1_54' title='bbox 880 521 1059 592; x_wconf 84' lang='lat' dir='ltr'><strong>hujus</strong></span> <span class='ocrx_word' id='word_1_55' title='bbox 1081 520 1447 593; x_wconf 88' lang='lat' dir='ltr'><strong>aliarumque</strong></span> <span class='ocrx_word' id='word_1_56' title='bbox 1467 522 1596 591; x_wconf 82' lang='lat' dir='ltr'><strong>ejus</strong></span> <span class='ocrx_word' id='word_1_57' title='bbox 1619 518 2072 591; x_wconf 81' lang='lat' dir='ltr'><strong>prosperitatum</strong></span> <span class='ocrx_word' id='word_1_58' title='bbox 2182 523 2376 573; x_wconf 90' lang='lat' dir='ltr'><strong>autem</strong></span> <span class='ocrx_word' id='word_1_59' title='bbox 2412 522 2600 591; x_wconf 85' lang='lat' dir='ltr'><strong>magis</strong></span> <span class='ocrx_word' id='word_1_60' title='bbox 2626 521 2868 591; x_wconf 91' lang='lat' dir='ltr'><strong>pudicas</strong></span> <span class='ocrx_word' id='word_1_61' title='bbox 2899 520 3115 576; x_wconf 79' lang='lat' dir='ltr'><strong>dixeris</strong></span> <span class='ocrx_word' id='word_1_62' title='bbox 3147 521 3432 589; x_wconf 88' lang='lat' dir='ltr'><strong>Junonos,</strong></span> <span class='ocrx_word' id='word_1_63' title='bbox 3464 526 3700 591; x_wconf 83' lang='lat' dir='ltr'><strong>Cereres,</strong></span> <span class='ocrx_word' id='word_1_64' title='bbox 3735 542 3795 580; x_wconf 88' lang='lat' dir='ltr'><strong>ac</strong></span> 
     </span>
    </p>
   </div>
   <div class='ocr_carea' id='block_1_6' title="bbox 424 607 3796 683">
    <p class='ocr_par' dir='ltr' id='par_1_6' title="bbox 424 607 3796 683">
     <span class='ocr_line' id='line_1_6' title="bbox 424 607 3796 683; baseline 0.001 -18"><span class='ocrx_word' id='word_1_65' title='bbox 424 610 606 666; x_wconf 90' lang='lat' dir='ltr'><strong>habes</strong></span> <span class='ocrx_word' id='word_1_66' title='bbox 636 611 977 665; x_wconf 82' lang='lat' dir='ltr'><strong>Strabonem</strong></span> <span class='ocrx_word' id='word_1_67' title='bbox 1038 610 1241 665; x_wconf 82' lang='lat' dir='ltr'><strong>lib.x1v</strong></span> <span class='ocrx_word' id='word_1_68' title='bbox 1288 612 1515 678; x_wconf 47' lang='grc' dir='ltr'><strong>(θοίνη,</strong></span> <span class='ocrx_word' id='word_1_69' title='bbox 1568 627 1623 680; x_wconf 92' lang='lat' dir='ltr'><strong>p.</strong></span> <span class='ocrx_word' id='word_1_70' title='bbox 1691 609 1818 677; x_wconf 87' lang='lat'><strong>657)</strong></span> <span class='ocrx_word' id='word_1_71' title='bbox 1847 625 1860 675; x_wconf 91' lang='lat'><strong>;</strong></span> <span class='ocrx_word' id='word_1_72' title='bbox 1896 611 2069 660; x_wconf 82' lang='lat' dir='ltr'><strong>Hero-</strong></span> <span class='ocrx_word' id='word_1_73' title='bbox 2184 607 2391 663; x_wconf 82' lang='lat' dir='ltr'><strong>Dianas</strong></span> <span class='ocrx_word' id='word_1_74' title='bbox 2412 609 2438 663; x_wconf 81' lang='lat'><strong>?</strong></span> <span class='ocrx_word' id='word_1_75' title='bbox 2466 610 2573 663; x_wconf 89' lang='lat' dir='ltr'><strong>Sed</strong></span> <span class='ocrx_word' id='word_1_76' title='bbox 2607 608 2879 680; x_wconf 89' lang='lat' dir='ltr'><strong>ipsismet</strong></span> <span class='ocrx_word' id='word_1_77' title='bbox 2910 608 3182 682; x_wconf 82' lang='lat' dir='ltr'><strong>gentiles,</strong></span> <span class='ocrx_word' id='word_1_78' title='bbox 3208 611 3383 665; x_wconf 88' lang='lat' dir='ltr'><strong>sicuti</strong></span> <span class='ocrx_word' id='word_1_79' title='bbox 3416 612 3474 667; x_wconf 92' lang='lat' dir='ltr'><strong>in</strong></span> <span class='ocrx_word' id='word_1_80' title='bbox 3504 613 3796 683; x_wconf 89' lang='lat' dir='ltr'><strong>superiori-</strong></span> 
     </span>
    </p>
   </div>
   <div class='ocr_carea' id='block_1_7' title="bbox 426 696 3794 773">
    <p class='ocr_par' dir='ltr' id='par_1_7' title="bbox 426 696 3794 773">
     <span class='ocr_line' id='line_1_7' title="bbox 426 696 3794 773; baseline 0 -18"><span class='ocrx_word' id='word_1_81' title='bbox 426 701 627 755; x_wconf 91' lang='lat' dir='ltr'><strong>dotum</strong></span> <span class='ocrx_word' id='word_1_82' title='bbox 684 700 808 773; x_wconf 92' lang='lat' dir='ltr'><strong>(lib.</strong></span> <span class='ocrx_word' id='word_1_83' title='bbox 844 718 929 769; x_wconf 89' lang='grc' dir='ltr'><strong>ιιι,</strong></span> <span class='ocrx_word' id='word_1_84' title='bbox 979 700 1098 773; x_wconf 82' lang='lat'><strong>§39</strong></span> <span class='ocrx_word' id='word_1_85' title='bbox 1145 707 1201 756; x_wconf 89' lang='lat' dir='ltr'><strong>et</strong></span> <span class='ocrx_word' id='word_1_86' title='bbox 1275 701 1485 771; x_wconf 87' lang='lat' dir='ltr'><strong>seqq.),</strong></span> <span class='ocrx_word' id='word_1_87' title='bbox 1548 700 1752 755; x_wconf 73' lang='lat'><strong>1100</strong></span> <span class='ocrx_word' id='word_1_88' title='bbox 1818 702 1874 753; x_wconf 87' lang='lat' dir='ltr'><strong>et</strong></span> <span class='ocrx_word' id='word_1_89' title='bbox 1927 696 2071 752; x_wconf 89' lang='lat' dir='ltr'><strong>alios</strong></span> <span class='ocrx_word' id='word_1_90' title='bbox 2182 698 2290 751; x_wconf 82' lang='lat' dir='ltr'><strong>bus</strong></span> <span class='ocrx_word' id='word_1_91' title='bbox 2319 697 2834 753; x_wconf 80' lang='lat' dir='ltr'><strong>dissertationibus</strong></span> <span class='ocrx_word' id='word_1_92' title='bbox 2868 699 3263 758; x_wconf 83' lang='lat' dir='ltr'><strong>ostendimus.</strong></span> <span class='ocrx_word' id='word_1_93' title='bbox 3302 699 3628 755; x_wconf 76' lang='lat' dir='ltr'><strong>effrenatam</strong></span> <span class='ocrx_word' id='word_1_94' title='bbox 3678 700 3794 757; x_wconf 86' lang='lat' dir='ltr'><strong>illa-</strong></span> 
     </span>
    </p>
   </div>
   <div class='ocr_carea' id='block_1_8' title="bbox 426 779 3796 859">
    <p class='ocr_par' dir='ltr' id='par_1_8' title="bbox 426 779 3796 859">
     <span class='ocr_line' id='line_1_8' title="bbox 426 779 3796 859; baseline 0.003 -25"><span class='ocrx_word' id='word_1_95' title='bbox 426 781 825 852; x_wconf 89' lang='lat' dir='ltr'><strong>quamplures.</strong></span> <span class='ocrx_word' id='word_1_96' title='bbox 863 785 931 837; x_wconf 85' lang='lat' dir='ltr'><strong>At</strong></span> <span class='ocrx_word' id='word_1_97' title='bbox 1010 786 1094 835; x_wconf 91' lang='lat' dir='ltr'><strong>tot</strong></span> <span class='ocrx_word' id='word_1_98' title='bbox 1145 784 1561 851; x_wconf 87' lang='lat' dir='ltr'><strong>tantarumque</strong></span> <span class='ocrx_word' id='word_1_99' title='bbox 1614 779 2070 851; x_wconf 83' lang='lat' dir='ltr'><strong>prosperitatum</strong></span> <span class='ocrx_word' id='word_1_100' title='bbox 2182 801 2312 839; x_wconf 90' lang='lat' dir='ltr'><strong>rum</strong></span> <span class='ocrx_word' id='word_1_101' title='bbox 2346 785 2653 841; x_wconf 86' lang='lat' dir='ltr'><strong>libidinem</strong></span> <span class='ocrx_word' id='word_1_102' title='bbox 2687 792 2743 842; x_wconf 91' lang='lat' dir='ltr'><strong>et</strong></span> <span class='ocrx_word' id='word_1_103' title='bbox 2772 786 3201 858; x_wconf 89' lang='lat' dir='ltr'><strong>impudicitiam</strong></span> <span class='ocrx_word' id='word_1_104' title='bbox 3262 788 3796 859; x_wconf 78' lang='lat' dir='ltr'><strong>promulgaverunt?</strong></span> 
     </span>
    </p>
   </div>
   <div class='ocr_carea' id='block_1_9' title="bbox 425 866 3796 943">
    <p class='ocr_par' dir='ltr' id='par_1_9' title="bbox 425 866 3796 943">
     <span class='ocr_line' id='line_1_9' title="bbox 425 866 3796 943; baseline -0.001 -20"><span class='ocrx_word' id='word_1_105' title='bbox 425 886 659 925; x_wconf 88' lang='lat' dir='ltr'><strong>cursum</strong></span> <span class='ocrx_word' id='word_1_106' title='bbox 694 886 808 925; x_wconf 89' lang='lat' dir='ltr'><strong>non</strong></span> <span class='ocrx_word' id='word_1_107' title='bbox 843 876 1077 942; x_wconf 87' lang='lat' dir='ltr'><strong>accepto</strong></span> <span class='ocrx_word' id='word_1_108' title='bbox 1104 869 1427 925; x_wconf 86' lang='lat' dir='ltr'><strong>divinitatis</strong></span> <span class='ocrx_word' id='word_1_109' title='bbox 1457 869 1653 934; x_wconf 85' lang='lat' dir='ltr'><strong>titulo,</strong></span> <span class='ocrx_word' id='word_1_110' title='bbox 1690 868 1788 923; x_wconf 78' lang='lat' dir='ltr'><strong>88d</strong></span> <span class='ocrx_word' id='word_1_111' title='bbox 1842 866 1924 919; x_wconf 85' lang='lat' dir='ltr'><strong>uti</strong></span> <span class='ocrx_word' id='word_1_112' title='bbox 1958 869 2069 918; x_wconf 88' lang='lat' dir='ltr'><strong>Va-</strong></span> <span class='ocrx_word' id='word_1_113' title='bbox 2182 875 2569 939; x_wconf 73' lang='lat' dir='ltr'><strong>Quamobrem</strong></span> <span class='ocrx_word' id='word_1_114' title='bbox 2601 878 2816 930; x_wconf 70' lang='lat' dir='ltr'><strong>Auctor</strong></span> <span class='ocrx_word' id='word_1_115' title='bbox 2849 880 3048 931; x_wconf 70' lang='lat' dir='ltr'><strong>noster</strong></span> <span class='ocrx_word' id='word_1_116' title='bbox 3076 875 3351 932; x_wconf 67' lang='lat' dir='ltr'><strong>insanam</strong></span> <span class='ocrx_word' id='word_1_117' title='bbox 3381 877 3671 943; x_wconf 61' lang='lat' dir='ltr'><strong>gentilium</strong></span> <span class='ocrx_word' id='word_1_118' title='bbox 3696 878 3796 933; x_wconf 80' lang='lat' dir='ltr'><strong>im-</strong></span> 
     </span>
    </p>
   </div>
   <div class='ocr_carea' id='block_1_10' title="bbox 423 954 3793 1035">
    <p class='ocr_par' dir='ltr' id='par_1_10' title="bbox 423 954 3793 1035">
     <span class='ocr_line' id='line_1_10' title="bbox 423 954 3793 1035; baseline 0.003 -25"><span class='ocrx_word' id='word_1_119' title='bbox 423 956 603 1013; x_wconf 90' lang='lat' dir='ltr'><strong>lerius</strong></span> <span class='ocrx_word' id='word_1_120' title='bbox 637 958 927 1014; x_wconf 79' lang='lat' dir='ltr'><strong>Maximus</strong></span> <span class='ocrx_word' id='word_1_121' title='bbox 960 959 1152 1014; x_wconf 87' lang='lat' dir='ltr'><strong>adhuc</strong></span> <span class='ocrx_word' id='word_1_122' title='bbox 1186 963 1490 1028; x_wconf 87' lang='lat' dir='ltr'><strong>memorat,</strong></span> <span class='ocrx_word' id='word_1_123' title='bbox 1541 958 1733 1013; x_wconf 89' lang='lat' dir='ltr'><strong>crucis</strong></span> <span class='ocrx_word' id='word_1_124' title='bbox 1781 954 2070 1027; x_wconf 80' lang='lat' dir='ltr'><strong>supplicio</strong></span> <span class='ocrx_word' id='word_1_125' title='bbox 2180 964 2482 1035; x_wconf 81' lang='lat' dir='ltr'><strong>pietatem,</strong></span> <span class='ocrx_word' id='word_1_126' title='bbox 2538 964 2635 1033; x_wconf 90' lang='lat' dir='ltr'><strong>qui</strong></span> <span class='ocrx_word' id='word_1_127' title='bbox 2694 964 2802 1019; x_wconf 92' lang='lat' dir='ltr'><strong>has</strong></span> <span class='ocrx_word' id='word_1_128' title='bbox 2858 966 3000 1018; x_wconf 91' lang='lat' dir='ltr'><strong>deas</strong></span> <span class='ocrx_word' id='word_1_129' title='bbox 3047 965 3395 1035; x_wconf 85' lang='lat' dir='ltr'><strong>adorabant,</strong></span> <span class='ocrx_word' id='word_1_130' title='bbox 3458 966 3541 1020; x_wconf 87' lang='lat' dir='ltr'><strong>sic</strong></span> <span class='ocrx_word' id='word_1_131' title='bbox 3569 966 3793 1021; x_wconf 90' lang='lat' dir='ltr'><strong>irridet:</strong></span> 
     </span>
    </p>
   </div>
   <div class='ocr_carea' id='block_1_11' title="bbox 421 1046 3797 1127">
    <p class='ocr_par' dir='ltr' id='par_1_11' title="bbox 421 1046 3797 1127">
     <span class='ocr_line' id='line_1_11' title="bbox 421 1046 3797 1127; baseline 0.002 -26"><span class='ocrx_word' id='word_1_132' title='bbox 421 1046 691 1104; x_wconf 84' lang='lat' dir='ltr'><strong>absolvit.</strong></span> <span class='ocrx_word' id='word_1_133' title='bbox 2184 1075 2211 1103; x_wconf 89' lang='grc'>‹‹</span> <span class='ocrx_word' id='word_1_134' title='bbox 2267 1052 2454 1108; x_wconf 89' lang='lat' dir='ltr'><strong>Velim</strong></span> <span class='ocrx_word' id='word_1_135' title='bbox 2506 1054 2714 1109; x_wconf 87' lang='lat' dir='ltr'><strong>saltem</strong></span> <span class='ocrx_word' id='word_1_136' title='bbox 2757 1053 2992 1109; x_wconf 87' lang='lat' dir='ltr'><strong>Laidem</strong></span> <span class='ocrx_word' id='word_1_137' title='bbox 3057 1070 3122 1109; x_wconf 88' lang='lat' dir='ltr'><strong>ac</strong></span> <span class='ocrx_word' id='word_1_138' title='bbox 3181 1054 3451 1127; x_wconf 82' lang='lat' dir='ltr'><strong>Phrynen</strong></span> <span class='ocrx_word' id='word_1_139' title='bbox 3512 1054 3656 1109; x_wconf 89' lang='lat' dir='ltr'><strong>inter</strong></span> <span class='ocrx_word' id='word_1_140' title='bbox 3706 1055 3797 1111; x_wconf 91' lang='lat' dir='ltr'><strong>Ju-</strong></span> 
     </span>
    </p>
   </div>
   <div class='ocr_carea' id='block_1_12' title="bbox 492 1132 2066 1215">
    <p class='ocr_par' dir='ltr' id='par_1_12' title="bbox 492 1134 2066 1209">
     <span class='ocr_line' id='line_1_12' title="bbox 492 1134 2066 1209; baseline -0.002 -19"><span class='ocrx_word' id='word_1_141' title='bbox 492 1136 638 1202; x_wconf 89' lang='lat' dir='ltr'><strong>Quid</strong></span> <span class='ocrx_word' id='word_1_142' title='bbox 675 1134 1083 1206; x_wconf 81' lang='lat' dir='ltr'><strong>plura?Nullus</strong></span> <span class='ocrx_word' id='word_1_143' title='bbox 1109 1138 1215 1191; x_wconf 85' lang='lat' dir='ltr'><strong>fuit</strong></span> <span class='ocrx_word' id='word_1_144' title='bbox 1245 1138 1390 1193; x_wconf 91' lang='lat' dir='ltr'><strong>deus</strong></span> <span class='ocrx_word' id='word_1_145' title='bbox 1412 1135 1652 1209; x_wconf 84' lang='lat' dir='ltr'><strong>gentilis</strong></span> <span class='ocrx_word' id='word_1_146' title='bbox 1678 1135 1872 1189; x_wconf 75' lang='lat' dir='ltr'><strong>Crcsso</strong></span> <span class='ocrx_word' id='word_1_147' title='bbox 1895 1135 2066 1188; x_wconf 86' lang='lat' dir='ltr'><strong>Cras-</strong></span> 
     </span>
    </p>
   </div>
   <div class='ocr_carea' id='block_1_13' title="bbox 2156 1132 3794 1215">
    <p class='ocr_par' dir='ltr' id='par_1_13' title="bbox 2179 1132 3794 1215">
     <span class='ocr_line' id='line_1_13' title="bbox 2179 1132 3794 1215; baseline 0.001 -19"><span class='ocrx_word' id='word_1_148' title='bbox 2179 1158 2384 1211; x_wconf 91' lang='lat' dir='ltr'><strong>nones,</strong></span> <span class='ocrx_word' id='word_1_149' title='bbox 2408 1149 2464 1197; x_wconf 93' lang='lat' dir='ltr'><strong>et</strong></span> <span class='ocrx_word' id='word_1_150' title='bbox 2495 1141 2751 1211; x_wconf 86' lang='lat' dir='ltr'><strong>Cereres,</strong></span> <span class='ocrx_word' id='word_1_151' title='bbox 2783 1147 2840 1196; x_wconf 91' lang='lat' dir='ltr'><strong>et</strong></span> <span class='ocrx_word' id='word_1_152' title='bbox 2872 1142 3087 1197; x_wconf 89' lang='lat' dir='ltr'><strong>Dianas</strong></span> <span class='ocrx_word' id='word_1_153' title='bbox 3135 1143 3392 1199; x_wconf 91' lang='lat' dir='ltr'><strong>adoretis</strong></span> <span class='ocrx_word' id='word_1_154' title='bbox 3448 1132 3794 1215; x_wconf 83' lang='lat' dir='ltr'><strong>(Tertullian.</strong></span> 
     </span>
    </p>
   </div>
   <div class='ocr_carea' id='block_1_14' title="bbox 420 1223 3795 1303">
    <p class='ocr_par' dir='ltr' id='par_1_14' title="bbox 420 1223 3795 1303">
     <span class='ocr_line' id='line_1_14' title="bbox 420 1223 3795 1303; baseline 0.003 -25"><span class='ocrx_word' id='word_1_155' title='bbox 420 1240 603 1296; x_wconf 90' lang='lat' dir='ltr'><strong>soque</strong></span> <span class='ocrx_word' id='word_1_156' title='bbox 633 1225 811 1280; x_wconf 90' lang='lat' dir='ltr'><strong>ditior</strong></span> <span class='ocrx_word' id='word_1_157' title='bbox 855 1226 1123 1295; x_wconf 87' lang='lat' dir='ltr'><strong>(Tertull,</strong></span> <span class='ocrx_word' id='word_1_158' title='bbox 1177 1228 1472 1296; x_wconf 81' lang='lat' dir='ltr'><strong>Apologet.,</strong></span> <span class='ocrx_word' id='word_1_159' title='bbox 1524 1242 1649 1296; x_wconf 88' lang='lat' dir='ltr'><strong>cap.</strong></span> <span class='ocrx_word' id='word_1_160' title='bbox 1705 1225 1793 1290; x_wconf 84' lang='grc'>11,</span> <span class='ocrx_word' id='word_1_161' title='bbox 1827 1240 1883 1295; x_wconf 81' lang='lat' dir='ltr'><strong>p-</strong></span> <span class='ocrx_word' id='word_1_162' title='bbox 1916 1223 2066 1290; x_wconf 84' lang='lat'><strong>337)-</strong></span> <span class='ocrx_word' id='word_1_163' title='bbox 2182 1232 2473 1301; x_wconf 81' lang='lat' dir='ltr'><strong>Apologet.,</strong></span> <span class='ocrx_word' id='word_1_164' title='bbox 2534 1248 2665 1303; x_wconf 88' lang='lat' dir='ltr'><strong>cap.</strong></span> <span class='ocrx_word' id='word_1_165' title='bbox 2721 1232 2805 1286; x_wconf 87' lang='lat'><strong>13.</strong></span> <span class='ocrx_word' id='word_1_166' title='bbox 2841 1248 2897 1303; x_wconf 89' lang='lat' dir='ltr'><strong>p.</strong></span> <span class='ocrx_word' id='word_1_167' title='bbox 2956 1232 3104 1301; x_wconf 90' lang='grc'>347).</span> <span class='ocrx_word' id='word_1_168' title='bbox 3167 1234 3368 1289; x_wconf 78' lang='grc' dir='ltr'><strong>ιιθι</strong></span> <span class='ocrx_word' id='word_1_169' title='bbox 3431 1232 3795 1288; x_wconf 87' lang='lat' dir='ltr'><strong>Meretriciam</strong></span> 
     </span>
    </p>
   </div>
   <div class='ocr_carea' id='block_1_15' title="bbox 421 1313 3796 1392">
    <p class='ocr_par' dir='ltr' id='par_1_15' title="bbox 421 1313 3796 1392">
     <span class='ocr_line' id='line_1_15' title="bbox 421 1313 3796 1392; baseline 0.003 -25"><span class='ocrx_word' id='word_1_170' title='bbox 421 1317 499 1369; x_wconf 90' lang='lat' dir='ltr'><strong>De</strong></span> <span class='ocrx_word' id='word_1_171' title='bbox 528 1313 717 1385; x_wconf 90' lang='lat' dir='ltr'><strong>primo</strong></span> <span class='ocrx_word' id='word_1_172' title='bbox 748 1330 1005 1386; x_wconf 85' lang='lat' dir='ltr'><strong>namque</strong></span> <span class='ocrx_word' id='word_1_173' title='bbox 1035 1314 1276 1370; x_wconf 89' lang='lat' dir='ltr'><strong>Ovidius</strong></span> <span class='ocrx_word' id='word_1_174' title='bbox 1307 1313 1521 1370; x_wconf 88' lang='lat' dir='ltr'><strong>cecinit</strong></span> <span class='ocrx_word' id='word_1_175' title='bbox 1555 1330 1568 1369; x_wconf 88' lang='lat'><strong>:</strong></span> <span class='ocrx_word' id='word_1_176' title='bbox 2177 1336 2312 1376; x_wconf 93' lang='lat' dir='ltr'><strong>vero</strong></span> <span class='ocrx_word' id='word_1_177' title='bbox 2345 1325 2526 1375; x_wconf 85' lang='lat' dir='ltr'><strong>artem</strong></span> <span class='ocrx_word' id='word_1_178' title='bbox 2563 1320 2698 1375; x_wconf 88' lang='lat' dir='ltr'><strong>Laia</strong></span> <span class='ocrx_word' id='word_1_179' title='bbox 2714 1319 2947 1392; x_wconf 87' lang='lat' dir='ltr'><strong>publice</strong></span> <span class='ocrx_word' id='word_1_180' title='bbox 2977 1320 3299 1387; x_wconf 83' lang='lat' dir='ltr'><strong>exercebat,</strong></span> <span class='ocrx_word' id='word_1_181' title='bbox 3334 1322 3407 1376; x_wconf 88' lang='lat' dir='ltr'><strong>de</strong></span> <span class='ocrx_word' id='word_1_182' title='bbox 3433 1337 3549 1392; x_wconf 90' lang='lat' dir='ltr'><strong>qua</strong></span> <span class='ocrx_word' id='word_1_183' title='bbox 3578 1326 3796 1392; x_wconf 88' lang='lat' dir='ltr'><strong>Proper-</strong></span> 
     </span>
    </p>
   </div>
   <div class='ocr_carea' id='block_1_16' title="bbox 605 1414 2344 1513">
    <p class='ocr_par' dir='ltr' id='par_1_16' title="bbox 605 1414 2344 1513">
     <span class='ocr_line' id='line_1_16' title="bbox 605 1414 2344 1513; baseline -0.011 -12"><span class='ocrx_word' id='word_1_184' title='bbox 605 1455 777 1501; x_wconf 84' lang='lat' dir='ltr'><strong>Divitis</strong></span> <span class='ocrx_word' id='word_1_185' title='bbox 806 1454 967 1500; x_wconf 85' lang='lat' dir='ltr'><strong>audita</strong></span> <span class='ocrx_word' id='word_1_186' title='bbox 985 1461 1061 1500; x_wconf 86' lang='lat' dir='ltr'><strong>est</strong></span> <span class='ocrx_word' id='word_1_187' title='bbox 1079 1455 1153 1501; x_wconf 90' lang='lat' dir='ltr'><strong>cui</strong></span> <span class='ocrx_word' id='word_1_188' title='bbox 1182 1468 1275 1500; x_wconf 91' lang='lat' dir='ltr'><strong>non</strong></span> <span class='ocrx_word' id='word_1_189' title='bbox 1304 1455 1549 1513; x_wconf 85' lang='lat' dir='ltr'><strong>cpulentia</strong></span> <span class='ocrx_word' id='word_1_190' title='bbox 1576 1454 1736 1499; x_wconf 73' lang='lat' dir='ltr'><strong>Crmsi</strong></span> <span class='ocrx_word' id='word_1_191' title='bbox 1769 1454 1789 1495; x_wconf 81' lang='lat'><strong>?</strong></span> <span class='ocrx_word' id='word_1_192' title='bbox 2177 1414 2297 1464; x_wconf 57' lang='lat' dir='ltr'><strong>tm“</strong></span> <span class='ocrx_word' id='word_1_193' title='bbox 2332 1426 2344 1464; x_wconf 68' lang='grc'>³</span> 
     </span>
    </p>
   </div>
   <div class='ocr_carea' id='block_1_17' title="bbox 1283 1525 2066 1598">
    <p class='ocr_par' dir='ltr' id='par_1_17' title="bbox 1283 1525 1872 1577">
     <span class='ocr_line' id='line_1_17' title="bbox 1283 1525 1872 1577; baseline -0.012 -5"><span class='ocrx_word' id='word_1_194' title='bbox 1283 1526 1419 1572; x_wconf 85' lang='lat' dir='ltr'><strong>Ovid.</strong></span> <span class='ocrx_word' id='word_1_195' title='bbox 1444 1527 1519 1570; x_wconf 90' lang='lat' dir='ltr'><strong>lib.</strong></span> <span class='ocrx_word' id='word_1_196' title='bbox 1552 1537 1615 1577; x_wconf 82' lang='lat' dir='ltr'><strong>Iv,</strong></span> <span class='ocrx_word' id='word_1_197' title='bbox 1636 1526 1689 1567; x_wconf 75' lang='lat' dir='ltr'><strong>de</strong></span> <span class='ocrx_word' id='word_1_198' title='bbox 1718 1525 1872 1575; x_wconf 82' lang='lat' dir='ltr'><strong>Pont.)</strong></span> 
     </span>
    </p>
   </div>
   <div class='ocr_carea' id='block_1_18' title="bbox 2156 1525 3453 1598">
    <p class='ocr_par' dir='ltr' id='par_1_18' title="bbox 2314 1540 3453 1598">
     <span class='ocr_line' id='line_1_18' title="bbox 2314 1540 3453 1598; baseline 0 -11"><span class='ocrx_word' id='word_1_199' title='bbox 2314 1542 2419 1587; x_wconf 88' lang='lat' dir='ltr'><strong>Non</strong></span> <span class='ocrx_word' id='word_1_200' title='bbox 2450 1542 2514 1585; x_wconf 87' lang='lat' dir='ltr'><strong>ita</strong></span> <span class='ocrx_word' id='word_1_201' title='bbox 2536 1540 2842 1598; x_wconf 83' lang='lat' dir='ltr'><strong>complebant</strong></span> <span class='ocrx_word' id='word_1_202' title='bbox 2871 1541 3100 1598; x_wconf 74' lang='lat' dir='ltr'><strong>Ephyren-</strong></span> <span class='ocrx_word' id='word_1_203' title='bbox 3127 1541 3288 1586; x_wconf 78' lang='lat' dir='ltr'><strong>Laldis</strong></span> <span class='ocrx_word' id='word_1_204' title='bbox 3316 1541 3453 1587; x_wconf 83' lang='lat' dir='ltr'><strong>sedes</strong></span> 
     </span>
    </p>
   </div>
   <div class='ocr_carea' id='block_1_19' title="bbox 1665 1603 3300 1662">
    <p class='ocr_par' dir='ltr' id='par_1_19' title="bbox 1665 1603 3300 1662">
     <span class='ocr_line' id='line_1_19' title="bbox 1665 1603 3300 1662; baseline -0.006 -5"><span class='ocrx_word' id='word_1_205' title='bbox 1665 1652 1675 1662; x_wconf 84' lang='lat'><strong>.</strong></span> <span class='ocrx_word' id='word_1_206' title='bbox 1815 1650 1847 1662; x_wconf 81' lang='grc'><strong>,,</strong></span> <span class='ocrx_word' id='word_1_207' title='bbox 1931 1648 1962 1662; x_wconf 86' lang='grc'><em>,,</em></span> <span class='ocrx_word' id='word_1_208' title='bbox 2362 1605 2441 1649; x_wconf 84' lang='lat' dir='ltr'><strong>Ad</strong></span> <span class='ocrx_word' id='word_1_209' title='bbox 2470 1604 2610 1659; x_wconf 75' lang='lat' dir='ltr'><strong>cuius</strong></span> <span class='ocrx_word' id='word_1_210' title='bbox 2632 1604 2782 1659; x_wconf 81' lang='lat' dir='ltr'><strong>jacuit</strong></span> <span class='ocrx_word' id='word_1_211' title='bbox 2811 1603 3003 1650; x_wconf 84' lang='lat' dir='ltr'><strong>Graecia</strong></span> <span class='ocrx_word' id='word_1_212' title='bbox 3031 1608 3128 1649; x_wconf 62' lang='lat' dir='ltr'><strong>tota</strong></span> <span class='ocrx_word' id='word_1_213' title='bbox 3153 1606 3300 1648; x_wconf 80' lang='lat' dir='ltr'><strong>fores.</strong></span> 
     </span>
    </p>
   </div>
   <div class='ocr_carea' id='block_1_20' title="bbox 420 1648 2066 1732">
    <p class='ocr_par' dir='ltr' id='par_1_20' title="bbox 420 1648 2066 1725">
     <span class='ocr_line' id='line_1_20' title="bbox 420 1648 2066 1725; baseline -0.004 -16"><span class='ocrx_word' id='word_1_214' title='bbox 420 1654 501 1709; x_wconf 92' lang='lat' dir='ltr'><strong>De</strong></span> <span class='ocrx_word' id='word_1_215' title='bbox 531 1654 739 1711; x_wconf 88' lang='lat' dir='ltr'><strong>Crasso</strong></span> <span class='ocrx_word' id='word_1_216' title='bbox 769 1659 967 1710; x_wconf 86' lang='lat' dir='ltr'><strong>autem</strong></span> <span class='ocrx_word' id='word_1_217' title='bbox 990 1653 1219 1709; x_wconf 91' lang='lat' dir='ltr'><strong>Tullius</strong></span> <span class='ocrx_word' id='word_1_218' title='bbox 1251 1669 1315 1708; x_wconf 75' lang='grc' dir='ltr'><strong>ει(</strong></span> <span class='ocrx_word' id='word_1_219' title='bbox 1342 1653 1627 1725; x_wconf 88' lang='lat' dir='ltr'><strong>Negabat,</strong></span> <span class='ocrx_word' id='word_1_220' title='bbox 1662 1648 2066 1723; x_wconf 89' lang='lat' dir='ltr'><strong>inquit,ullam</strong></span> 
     </span>
    </p>
   </div>
   <div class='ocr_carea' id='block_1_21' title="bbox 2156 1648 3705 1732">
    <p class='ocr_par' dir='ltr' id='par_1_21' title="bbox 2372 1648 3705 1732">
     <span class='ocr_line' id='line_1_21' title="bbox 2372 1648 3705 1732; baseline 0.001 -14"><span class='ocrx_word' id='word_1_221' title='bbox 2372 1648 2405 1649; x_wconf 9' lang='grc' dir='ltr'><strong>κθ</strong></span> <span class='ocrx_word' id='word_1_222' title='bbox 2482 1648 2489 1649; x_wconf 25' lang='grc' dir='ltr'>ί</span> <span class='ocrx_word' id='word_1_223' title='bbox 2532 1648 2565 1659; x_wconf 25' lang='grc' dir='ltr'><strong>’ί</strong></span> <span class='ocrx_word' id='word_1_224' title='bbox 2594 1648 2603 1649; x_wconf 24' lang='grc' dir='ltr'>ί</span> <span class='ocrx_word' id='word_1_225' title='bbox 2632 1648 2649 1659; x_wconf 85' lang='grc'><em>’</em></span> <span class='ocrx_word' id='word_1_226' title='bbox 2748 1648 2982 1732; x_wconf 56' lang='lat' dir='ltr'><strong>(Propera</strong></span> <span class='ocrx_word' id='word_1_227' title='bbox 3014 1648 3093 1720; x_wconf 84' lang='lat' dir='ltr'><strong>lib.</strong></span> <span class='ocrx_word' id='word_1_228' title='bbox 3124 1687 3175 1727; x_wconf 81' lang='grc' dir='ltr'><strong>ιι,</strong></span> <span class='ocrx_word' id='word_1_229' title='bbox 3198 1676 3332 1732; x_wconf 81' lang='lat' dir='ltr'><strong>Eleg.</strong></span> <span class='ocrx_word' id='word_1_230' title='bbox 3361 1687 3422 1727; x_wconf 73' lang='grc' dir='ltr'><strong>η,</strong></span> <span class='ocrx_word' id='word_1_231' title='bbox 3454 1687 3501 1721; x_wconf 86' lang='lat' dir='ltr'><strong>v.</strong></span> <span class='ocrx_word' id='word_1_232' title='bbox 3533 1675 3554 1721; x_wconf 89' lang='lat'><strong>1</strong></span> <span class='ocrx_word' id='word_1_233' title='bbox 3582 1675 3705 1729; x_wconf 64' lang='grc' dir='ltr'><strong>οη..</strong></span> 
     </span>
    </p>
   </div>
   <div class='ocr_carea' id='block_1_22' title="bbox 421 1709 3308 1815">
    <p class='ocr_par' dir='ltr' id='par_1_22' title="bbox 421 1709 3308 1815">
     <span class='ocr_line' id='line_1_22' title="bbox 615 1709 3284 1729; baseline 0.004 -19"><span class='ocrx_word' id='word_1_234' title='bbox 615 1709 622 1710; x_wconf 62' lang='lat'><strong><em>,</em></strong></span> <span class='ocrx_word' id='word_1_235' title='bbox 679 1709 692 1711; x_wconf 67' lang='lat'><strong>-</strong></span> <span class='ocrx_word' id='word_1_236' title='bbox 779 1709 784 1710; x_wconf 27' lang='grc' dir='ltr'><em>γ</em></span> <span class='ocrx_word' id='word_1_237' title='bbox 1426 1709 1460 1725; x_wconf 71' lang='grc' dir='ltr'>υ</span> <span class='ocrx_word' id='word_1_238' title='bbox 1617 1709 1625 1719; x_wconf 91' lang='grc'>,</span> <span class='ocrx_word' id='word_1_239' title='bbox 1747 1709 1761 1723; x_wconf 89' lang='grc'><em>,</em></span> <span class='ocrx_word' id='word_1_240' title='bbox 1865 1709 1874 1716; x_wconf 90' lang='grc'>,</span> <span class='ocrx_word' id='word_1_241' title='bbox 2749 1709 2859 1729; x_wconf 63' lang='grc' dir='ltr'>ν...</span> <span class='ocrx_word' id='word_1_242' title='bbox 2895 1709 2982 1721; x_wconf 65' lang='grc' dir='ltr'>ν...</span> <span class='ocrx_word' id='word_1_243' title='bbox 3014 1709 3091 1720; x_wconf 73' lang='grc' dir='ltr'>...η</span> <span class='ocrx_word' id='word_1_244' title='bbox 3124 1709 3284 1727; x_wconf 66' lang='grc' dir='ltr'>...υ</span> 
     </span>
     <span class='ocr_line' id='line_1_23' title="bbox 421 1709 3308 1815; baseline -0 -18"><span class='ocrx_word' id='word_1_245' title='bbox 421 1743 565 1798; x_wconf 89' lang='lat' dir='ltr'><strong>satis</strong></span> <span class='ocrx_word' id='word_1_246' title='bbox 605 1760 881 1815; x_wconf 86' lang='lat' dir='ltr'><strong>magnam</strong></span> <span class='ocrx_word' id='word_1_247' title='bbox 912 1742 1222 1813; x_wconf 90' lang='lat' dir='ltr'><strong>pecuniam</strong></span> <span class='ocrx_word' id='word_1_248' title='bbox 1253 1758 1383 1798; x_wconf 89' lang='lat' dir='ltr'><strong>esse</strong></span> <span class='ocrx_word' id='word_1_249' title='bbox 1413 1742 1487 1809; x_wconf 92' lang='lat' dir='ltr'><strong>ei,</strong></span> <span class='ocrx_word' id='word_1_250' title='bbox 1519 1741 1616 1810; x_wconf 90' lang='lat' dir='ltr'><strong>qui</strong></span> <span class='ocrx_word' id='word_1_251' title='bbox 1649 1741 1707 1794; x_wconf 89' lang='lat' dir='ltr'><strong>in</strong></span> <span class='ocrx_word' id='word_1_252' title='bbox 1771 1738 2073 1809; x_wconf 86' lang='lat' dir='ltr'><strong>republica</strong></span> <span class='ocrx_word' id='word_1_253' title='bbox 2101 1709 2149 1773; x_wconf 83' lang='lat' dir='ltr'><strong>B</strong></span> <span class='ocrx_word' id='word_1_254' title='bbox 2178 1801 2226 1815; x_wconf 50' lang='grc' dir='ltr'>ῃ</span> <span class='ocrx_word' id='word_1_255' title='bbox 2272 1801 2308 1815; x_wconf 60' lang='lat' dir='ltr'><strong>n</strong></span> <span class='ocrx_word' id='word_1_256' title='bbox 2525 1805 2535 1815; x_wconf 37' lang='grc'><strong><em>⁸</em></strong></span> <span class='ocrx_word' id='word_1_257' title='bbox 2850 1709 2894 1815; x_wconf 47' lang='grc' dir='ltr'><em>,Υ</em></span> <span class='ocrx_word' id='word_1_258' title='bbox 3046 1800 3058 1815; x_wconf 56' lang='grc'><em>,</em></span> <span class='ocrx_word' id='word_1_259' title='bbox 3125 1804 3135 1815; x_wconf 38' lang='grc'><strong><em>⁸</em></strong></span> <span class='ocrx_word' id='word_1_260' title='bbox 3241 1800 3254 1814; x_wconf 59' lang='grc'><em>,</em></span> 
     </span>
    </p>
   </div>
   <div class='ocr_carea' id='block_1_23' title="bbox 2178 1800 3796 1873">
    <p class='ocr_par' dir='ltr' id='par_1_23' title="bbox 2178 1800 3796 1873">
     <span class='ocr_line' id='line_1_24' title="bbox 2178 1800 3796 1873; baseline -0.002 -16"><span class='ocrx_word' id='word_1_261' title='bbox 2178 1801 2414 1857; x_wconf 88' lang='lat' dir='ltr'><strong>Nullum</strong></span> <span class='ocrx_word' id='word_1_262' title='bbox 2444 1805 2637 1857; x_wconf 85' lang='lat' dir='ltr'><strong>autem</strong></span> <span class='ocrx_word' id='word_1_263' title='bbox 2669 1800 2768 1855; x_wconf 88' lang='lat' dir='ltr'><strong>illa</strong></span> <span class='ocrx_word' id='word_1_264' title='bbox 2798 1800 3165 1871; x_wconf 84' lang='lat' dir='ltr'><strong>admittebat,</strong></span> <span class='ocrx_word' id='word_1_265' title='bbox 3198 1800 3308 1855; x_wconf 85' lang='lat' dir='ltr'><strong>nisi</strong></span> <span class='ocrx_word' id='word_1_266' title='bbox 3344 1804 3601 1873; x_wconf 78' lang='lat' dir='ltr'><strong>accepta,</strong></span> <span class='ocrx_word' id='word_1_267' title='bbox 3642 1817 3796 1871; x_wconf 86' lang='lat' dir='ltr'><strong>quam</strong></span> 
     </span>
    </p>
   </div>
   <div class='ocr_carea' id='block_1_24' title="bbox 421 1887 2066 1992">
    <p class='ocr_par' dir='ltr' id='par_1_24' title="bbox 421 1887 2066 1992">
     <span class='ocr_line' id='line_1_25' title="bbox 421 1887 2066 1992; baseline -0.004 -17"><span class='ocrx_word' id='word_1_268' title='bbox 421 1887 575 1975; x_wconf 72' lang='lat' dir='ltr'><strong>alere</strong></span> <span class='ocrx_word' id='word_1_269' title='bbox 596 1887 710 1975; x_wconf 74' lang='lat' dir='ltr'><strong>non</strong></span> <span class='ocrx_word' id='word_1_270' title='bbox 732 1887 941 1992; x_wconf 87' lang='lat' dir='ltr'><strong>posset</strong></span> <span class='ocrx_word' id='word_1_271' title='bbox 978 1942 1005 1969; x_wconf 89' lang='lat'>»</span> <span class='ocrx_word' id='word_1_272' title='bbox 1032 1887 1233 1987; x_wconf 69' lang='lat' dir='ltr'><strong>(Cicer.</strong></span> <span class='ocrx_word' id='word_1_273' title='bbox 1269 1920 1422 1975; x_wconf 81' lang='lat' dir='ltr'><strong>lib.1</strong></span> <span class='ocrx_word' id='word_1_274' title='bbox 1477 1919 1542 1973; x_wconf 82' lang='lat' dir='ltr'><strong>de</strong></span> <span class='ocrx_word' id='word_1_275' title='bbox 1600 1918 1780 1988; x_wconf 81' lang='lat' dir='ltr'><strong>0fﬁc.,</strong></span> <span class='ocrx_word' id='word_1_276' title='bbox 1843 1932 1898 1987; x_wconf 88' lang='lat' dir='ltr'><strong>p.</strong></span> <span class='ocrx_word' id='word_1_277' title='bbox 1943 1916 2066 1980; x_wconf 83' lang='grc'>354,</span> 
     </span>
    </p>
   </div>
   <div class='ocr_carea' id='block_1_25' title="bbox 2156 1887 3799 1992">
    <p class='ocr_par' dir='ltr' id='par_1_25' title="bbox 2182 1887 3799 1963">
     <span class='ocr_line' id='line_1_26' title="bbox 2182 1887 3799 1963; baseline -0.002 -17"><span class='ocrx_word' id='word_1_278' title='bbox 2182 1893 2476 1963; x_wconf 88' lang='lat' dir='ltr'><strong>poscebat,</strong></span> <span class='ocrx_word' id='word_1_279' title='bbox 2534 1890 2792 1962; x_wconf 64' lang='lat' dir='ltr'><strong>pecuniae</strong></span> <span class='ocrx_word' id='word_1_280' title='bbox 2868 1907 3122 1944; x_wconf 90' lang='lat' dir='ltr'><strong>summa.</strong></span> <span class='ocrx_word' id='word_1_281' title='bbox 3177 1890 3322 1954; x_wconf 90' lang='lat' dir='ltr'><strong>Quia</strong></span> <span class='ocrx_word' id='word_1_282' title='bbox 3378 1906 3513 1945; x_wconf 90' lang='lat' dir='ltr'><strong>vero</strong></span> <span class='ocrx_word' id='word_1_283' title='bbox 3561 1887 3799 1945; x_wconf 87' lang='lat' dir='ltr'><strong>Corinthi</strong></span> 
     </span>
    </p>
   </div>
   <div class='ocr_carea' id='block_1_26' title="bbox 420 1978 3799 2079">
    <p class='ocr_par' dir='ltr' id='par_1_26' title="bbox 420 1978 3799 2079">
     <span class='ocr_line' id='line_1_27' title="bbox 420 1978 3799 2079; baseline -0.002 -42"><span class='ocrx_word' id='word_1_284' title='bbox 420 2008 526 2062; x_wconf 42' lang='lat' dir='ltr'>lin.</span> <span class='ocrx_word' id='word_1_285' title='bbox 556 2010 633 2079; x_wconf 48' lang='lat'><strong>3).</strong></span> <span class='ocrx_word' id='word_1_286' title='bbox 669 1978 852 2077; x_wconf 49' lang='grc' dir='ltr'><strong>Αιξῖυθ</strong></span> <span class='ocrx_word' id='word_1_287' title='bbox 912 1978 1115 2064; x_wconf 34' lang='lat' dir='ltr'><strong>ortam</strong></span> <span class='ocrx_word' id='word_1_288' title='bbox 1172 2009 1307 2063; x_wconf 66' lang='lat' dir='ltr'><strong>inde</strong></span> <span class='ocrx_word' id='word_1_289' title='bbox 1339 2009 1482 2063; x_wconf 68' lang='lat' dir='ltr'><strong>illud</strong></span> <span class='ocrx_word' id='word_1_290' title='bbox 1516 1978 1789 2073; x_wconf 31' lang='lat' dir='ltr'><strong>adagium</strong></span> <span class='ocrx_word' id='word_1_291' title='bbox 1818 1978 1860 2060; x_wconf 57' lang='grc' dir='ltr'><strong>ε’</strong></span> <span class='ocrx_word' id='word_1_292' title='bbox 1893 1978 2073 2061; x_wconf 59' lang='grc' dir='ltr'><strong>0νῶοώ</strong></span> <span class='ocrx_word' id='word_1_293' title='bbox 2181 1979 2672 2045; x_wconf 89' lang='lat' dir='ltr'><strong>commorabatur,</strong></span> <span class='ocrx_word' id='word_1_294' title='bbox 2705 1978 2836 2079; x_wconf 77' lang='lat' dir='ltr'><strong>inde</strong></span> <span class='ocrx_word' id='word_1_295' title='bbox 2868 1980 3085 2032; x_wconf 88' lang='lat' dir='ltr'><strong>factum</strong></span> <span class='ocrx_word' id='word_1_296' title='bbox 3119 1978 3260 2033; x_wconf 91' lang='lat' dir='ltr'><strong>illud</strong></span> <span class='ocrx_word' id='word_1_297' title='bbox 3295 1978 3799 2050; x_wconf 84' lang='lat' dir='ltr'><strong>adagium,Horatii</strong></span> 
     </span>
    </p>
   </div>
   <div class='ocr_carea' id='block_1_27' title="bbox 420 2084 2831 2169">
    <p class='ocr_par' dir='ltr' id='par_1_27' title="bbox 420 2084 2831 2169">
     <span class='ocr_line' id='line_1_28' title="bbox 420 2084 2831 2169; baseline -0.004 -16"><span class='ocrx_word' id='word_1_298' title='bbox 420 2105 472 2153; x_wconf 83' lang='lat' dir='ltr'><strong>et</strong></span> <span class='ocrx_word' id='word_1_299' title='bbox 503 2098 690 2153; x_wconf 86' lang='lat' dir='ltr'><strong>Crasso</strong></span> <span class='ocrx_word' id='word_1_300' title='bbox 716 2098 904 2167; x_wconf 81' lang='lat' dir='ltr'><strong>ditior,</strong></span> <span class='ocrx_word' id='word_1_301' title='bbox 939 2099 1010 2152; x_wconf 90' lang='lat' dir='ltr'><strong>de</strong></span> <span class='ocrx_word' id='word_1_302' title='bbox 1033 2116 1148 2169; x_wconf 94' lang='lat' dir='ltr'><strong>quo</strong></span> <span class='ocrx_word' id='word_1_303' title='bbox 1183 2097 1349 2169; x_wconf 89' lang='lat' dir='ltr'><strong>plura</strong></span> <span class='ocrx_word' id='word_1_304' title='bbox 1408 2097 1562 2168; x_wconf 87' lang='lat' dir='ltr'><strong>apud</strong></span> <span class='ocrx_word' id='word_1_305' title='bbox 1615 2097 1922 2151; x_wconf 88' lang='lat' dir='ltr'><strong>Erasmum</strong></span> <span class='ocrx_word' id='word_1_306' title='bbox 1988 2094 2072 2148; x_wconf 88' lang='lat' dir='ltr'><strong>le-</strong></span> <span class='ocrx_word' id='word_1_307' title='bbox 2181 2085 2517 2139; x_wconf 60' lang='lat' dir='ltr'><strong>expressum</strong></span> <span class='ocrx_word' id='word_1_308' title='bbox 2552 2084 2831 2124; x_wconf 57' lang='lat' dir='ltr'><strong>carrum&quot;-</strong></span> 
     </span>
    </p>
   </div>
   <div class='ocr_carea' id='block_1_28' title="bbox 421 2186 3551 2259">
    <p class='ocr_par' dir='ltr' id='par_1_28' title="bbox 421 2186 3551 2259">
     <span class='ocr_line' id='line_1_29' title="bbox 421 2186 3551 2259; baseline 0.001 -19"><span class='ocrx_word' id='word_1_309' title='bbox 421 2203 556 2259; x_wconf 87' lang='lat' dir='ltr'><strong>gere</strong></span> <span class='ocrx_word' id='word_1_310' title='bbox 618 2188 836 2257; x_wconf 89' lang='lat' dir='ltr'><strong>poteris</strong></span> <span class='ocrx_word' id='word_1_311' title='bbox 893 2188 1143 2258; x_wconf 84' lang='lat' dir='ltr'><strong>(Erasm.</strong></span> <span class='ocrx_word' id='word_1_312' title='bbox 1196 2186 1365 2255; x_wconf 82' lang='lat' dir='ltr'><strong>Adag.</strong></span> <span class='ocrx_word' id='word_1_313' title='bbox 1430 2186 1567 2241; x_wconf 92' lang='lat' dir='ltr'><strong>chil.</strong></span> <span class='ocrx_word' id='word_1_314' title='bbox 1624 2187 1688 2253; x_wconf 90' lang='lat'><strong>1,</strong></span> <span class='ocrx_word' id='word_1_315' title='bbox 1754 2190 1978 2239; x_wconf 88' lang='lat' dir='ltr'><strong>centur.</strong></span> <span class='ocrx_word' id='word_1_316' title='bbox 2010 2186 2071 2246; x_wconf 67' lang='lat'><strong>69</strong></span> <span class='ocrx_word' id='word_1_317' title='bbox 2311 2201 2420 2248; x_wconf 87' lang='lat' dir='ltr'><strong>Non</strong></span> <span class='ocrx_word' id='word_1_318' title='bbox 2447 2199 2601 2245; x_wconf 80' lang='lat' dir='ltr'><strong>cuivis</strong></span> <span class='ocrx_word' id='word_1_319' title='bbox 2630 2198 2810 2244; x_wconf 84' lang='lat' dir='ltr'><strong>homini</strong></span> <span class='ocrx_word' id='word_1_320' title='bbox 2834 2198 3064 2255; x_wconf 78' lang='lat' dir='ltr'><strong>contingit</strong></span> <span class='ocrx_word' id='word_1_321' title='bbox 3090 2198 3225 2243; x_wconf 81' lang='lat' dir='ltr'><strong>adire</strong></span> <span class='ocrx_word' id='word_1_322' title='bbox 3253 2198 3551 2243; x_wconf 73' lang='lat' dir='ltr'><strong>Corinthum.</strong></span> 
     </span>
    </p>
   </div>
   <div class='ocr_carea' id='block_1_29' title="bbox 421 2269 2066 2347">
    <p class='ocr_par' dir='ltr' id='par_1_29' title="bbox 421 2272 2066 2347">
     <span class='ocr_line' id='line_1_30' title="bbox 421 2272 2066 2347; baseline 0.001 -18"><span class='ocrx_word' id='word_1_323' title='bbox 421 2276 591 2346; x_wconf 87' lang='lat' dir='ltr'><strong>adag.</strong></span> <span class='ocrx_word' id='word_1_324' title='bbox 623 2276 738 2343; x_wconf 88' lang='grc'><strong>74).</strong></span> <span class='ocrx_word' id='word_1_325' title='bbox 769 2274 970 2330; x_wconf 88' lang='lat' dir='ltr'><strong>Victus</strong></span> <span class='ocrx_word' id='word_1_326' title='bbox 1001 2281 1198 2329; x_wconf 91' lang='lat' dir='ltr'><strong>tamen</strong></span> <span class='ocrx_word' id='word_1_327' title='bbox 1231 2293 1265 2329; x_wconf 89' lang='lat' dir='ltr'><strong>a</strong></span> <span class='ocrx_word' id='word_1_328' title='bbox 1299 2278 1442 2347; x_wconf 76' lang='lat' dir='ltr'><strong>Cyro</strong></span> <span class='ocrx_word' id='word_1_329' title='bbox 1483 2280 1808 2345; x_wconf 89' lang='lat' dir='ltr'><strong>captusque</strong></span> <span class='ocrx_word' id='word_1_330' title='bbox 1837 2272 2066 2330; x_wconf 74' lang='lat' dir='ltr'><strong>Crmsus</strong></span> 
     </span>
    </p>
   </div>
   <div class='ocr_carea' id='block_1_30' title="bbox 2156 2269 3525 2347">
    <p class='ocr_par' dir='ltr' id='par_1_30' title="bbox 2710 2269 3525 2326">
     <span class='ocr_line' id='line_1_31' title="bbox 2710 2269 3525 2326; baseline 0.002 -12"><span class='ocrx_word' id='word_1_331' title='bbox 2710 2270 2892 2324; x_wconf 79' lang='lat' dir='ltr'><strong>(Horat.</strong></span> <span class='ocrx_word' id='word_1_332' title='bbox 2926 2269 3003 2314; x_wconf 89' lang='lat' dir='ltr'><strong>lib.</strong></span> <span class='ocrx_word' id='word_1_333' title='bbox 3036 2280 3066 2319; x_wconf 82' lang='grc' dir='ltr'><strong>ι,</strong></span> <span class='ocrx_word' id='word_1_334' title='bbox 3096 2269 3234 2326; x_wconf 82' lang='lat' dir='ltr'><strong>epist.</strong></span> <span class='ocrx_word' id='word_1_335' title='bbox 3270 2270 3331 2323; x_wconf 86' lang='lat'><strong>17,</strong></span> <span class='ocrx_word' id='word_1_336' title='bbox 3359 2282 3408 2316; x_wconf 88' lang='lat' dir='ltr'><strong>v.</strong></span> <span class='ocrx_word' id='word_1_337' title='bbox 3439 2270 3525 2322; x_wconf 85' lang='lat'><strong>36).</strong></span> 
     </span>
    </p>
   </div>
   <div class='ocr_carea' id='block_1_31' title="bbox 426 2362 2068 2435">
    <p class='ocr_par' dir='ltr' id='par_1_31' title="bbox 426 2362 2068 2435">
     <span class='ocr_line' id='line_1_32' title="bbox 426 2362 2068 2435; baseline -0.001 -15"><span class='ocrx_word' id='word_1_338' title='bbox 426 2367 789 2429; x_wconf 85' lang='lat' dir='ltr'><strong>servitutem,</strong></span> <span class='ocrx_word' id='word_1_339' title='bbox 827 2372 1208 2435; x_wconf 90' lang='lat' dir='ltr'><strong>postremum,</strong></span> <span class='ocrx_word' id='word_1_340' title='bbox 1244 2365 1432 2434; x_wconf 89' lang='lat' dir='ltr'><strong>inquit</strong></span> <span class='ocrx_word' id='word_1_341' title='bbox 1453 2363 1647 2419; x_wconf 89' lang='lat' dir='ltr'><strong>Cicero</strong></span> <span class='ocrx_word' id='word_1_342' title='bbox 1676 2362 1951 2433; x_wconf 78' lang='lat' dir='ltr'><strong>(Philipp.</strong></span> <span class='ocrx_word' id='word_1_343' title='bbox 2005 2380 2068 2433; x_wconf 90' lang='grc' dir='ltr'><strong>ιι,</strong></span> 
     </span>
    </p>
   </div>
   <div class='ocr_carea' id='block_1_32' title="bbox 424 2450 2067 2524">
    <p class='ocr_par' dir='ltr' id='par_1_32' title="bbox 424 2450 2067 2524">
     <span class='ocr_line' id='line_1_33' title="bbox 424 2450 2067 2524; baseline -0.001 -15"><span class='ocrx_word' id='word_1_344' title='bbox 424 2453 631 2524; x_wconf 86' lang='lat' dir='ltr'><strong>p.506,</strong></span> <span class='ocrx_word' id='word_1_345' title='bbox 691 2452 795 2506; x_wconf 89' lang='lat' dir='ltr'><strong>lin.</strong></span> <span class='ocrx_word' id='word_1_346' title='bbox 857 2453 993 2521; x_wconf 86' lang='lat'><strong>12.),</strong></span> <span class='ocrx_word' id='word_1_347' title='bbox 1040 2452 1331 2508; x_wconf 89' lang='lat' dir='ltr'><strong>malorum</strong></span> <span class='ocrx_word' id='word_1_348' title='bbox 1391 2454 1681 2519; x_wconf 89' lang='lat' dir='ltr'><strong>omnium,</strong></span> <span class='ocrx_word' id='word_1_349' title='bbox 1735 2451 1819 2505; x_wconf 86' lang='lat' dir='ltr'><strong>illi</strong></span> <span class='ocrx_word' id='word_1_350' title='bbox 1853 2450 2067 2508; x_wconf 89' lang='lat' dir='ltr'><strong>servire</strong></span> 
     </span>
    </p>
   </div>
   <div class='ocr_carea' id='block_1_33' title="bbox 422 2540 2070 2611">
    <p class='ocr_par' dir='ltr' id='par_1_33' title="bbox 422 2540 2070 2611">
     <span class='ocr_line' id='line_1_34' title="bbox 422 2540 2070 2611; baseline -0.001 -15"><span class='ocrx_word' id='word_1_351' title='bbox 422 2548 658 2596; x_wconf 89' lang='lat' dir='ltr'><strong>coactus</strong></span> <span class='ocrx_word' id='word_1_352' title='bbox 713 2546 826 2597; x_wconf 90' lang='lat' dir='ltr'><strong>est.</strong></span> <span class='ocrx_word' id='word_1_353' title='bbox 893 2540 1120 2595; x_wconf 89' lang='lat' dir='ltr'><strong>Videsis</strong></span> <span class='ocrx_word' id='word_1_354' title='bbox 1180 2542 1531 2596; x_wconf 89' lang='lat' dir='ltr'><strong>Herodotum</strong></span> <span class='ocrx_word' id='word_1_355' title='bbox 1565 2540 1689 2611; x_wconf 91' lang='lat' dir='ltr'><strong>(lib.</strong></span> <span class='ocrx_word' id='word_1_356' title='bbox 1727 2556 1766 2606; x_wconf 89' lang='grc' dir='ltr'><strong>ι,</strong></span> <span class='ocrx_word' id='word_1_357' title='bbox 1828 2541 1953 2610; x_wconf 61' lang='grc' dir='ltr'><strong>ἔὸϐ</strong></span> <span class='ocrx_word' id='word_1_358' title='bbox 2011 2544 2070 2595; x_wconf 91' lang='lat' dir='ltr'><strong>et</strong></span> 
     </span>
    </p>
   </div>
   <div class='ocr_carea' id='block_1_34' title="bbox 423 2628 2065 2700">
    <p class='ocr_par' dir='ltr' id='par_1_34' title="bbox 423 2628 2065 2700">
     <span class='ocr_line' id='line_1_35' title="bbox 423 2628 2065 2700; baseline 0.001 -16"><span class='ocrx_word' id='word_1_359' title='bbox 423 2634 635 2700; x_wconf 91' lang='lat' dir='ltr'><strong>seqq.),</strong></span> <span class='ocrx_word' id='word_1_360' title='bbox 665 2628 1088 2700; x_wconf 84' lang='lat' dir='ltr'><strong>Thucydidem,</strong></span> <span class='ocrx_word' id='word_1_361' title='bbox 1112 2631 1406 2684; x_wconf 74' lang='lat' dir='ltr'><strong>Iustinum</strong></span> <span class='ocrx_word' id='word_1_362' title='bbox 1438 2628 1784 2683; x_wconf 90' lang='lat' dir='ltr'><strong>historicum</strong></span> <span class='ocrx_word' id='word_1_363' title='bbox 1817 2638 1874 2683; x_wconf 85' lang='lat' dir='ltr'><strong>et</strong></span> <span class='ocrx_word' id='word_1_364' title='bbox 1894 2628 2065 2685; x_wconf 89' lang='lat' dir='ltr'><strong>alios.</strong></span> 
     </span>
    </p>
   </div>
   <div class='ocr_carea' id='block_1_35' title="bbox 422 2716 2063 2787">
    <p class='ocr_par' dir='ltr' id='par_1_35' title="bbox 422 2716 2063 2787">
     <span class='ocr_line' id='line_1_36' title="bbox 422 2716 2063 2787; baseline -0.002 -14"><span class='ocrx_word' id='word_1_365' title='bbox 422 2719 563 2782; x_wconf 77' lang='lat' dir='ltr'><strong>Quis</strong></span> <span class='ocrx_word' id='word_1_366' title='bbox 585 2718 760 2772; x_wconf 89' lang='lat' dir='ltr'><strong>etiam</strong></span> <span class='ocrx_word' id='word_1_367' title='bbox 812 2717 1043 2787; x_wconf 82' lang='lat' dir='ltr'><strong>ignorat</strong></span> <span class='ocrx_word' id='word_1_368' title='bbox 1092 2717 1383 2772; x_wconf 84' lang='lat' dir='ltr'><strong>infelicem</strong></span> <span class='ocrx_word' id='word_1_369' title='bbox 1442 2716 1632 2771; x_wconf 62' lang='lat' dir='ltr'><strong>Crassi</strong></span> <span class='ocrx_word' id='word_1_370' title='bbox 1689 2716 1923 2781; x_wconf 60' lang='lat' dir='ltr'><strong>cadem,</strong></span> <span class='ocrx_word' id='word_1_371' title='bbox 1958 2717 2063 2787; x_wconf 87' lang='lat' dir='ltr'><strong>qui</strong></span> 
     </span>
    </p>
   </div>
   <div class='ocr_carea' id='block_1_36' title="bbox 423 2804 2065 2878">
    <p class='ocr_par' dir='ltr' id='par_1_36' title="bbox 423 2804 2065 2878">
     <span class='ocr_line' id='line_1_37' title="bbox 423 2804 2065 2878; baseline -0.002 -15"><span class='ocrx_word' id='word_1_372' title='bbox 423 2816 732 2878; x_wconf 83' lang='lat' dir='ltr'><strong>postquam</strong></span> <span class='ocrx_word' id='word_1_373' title='bbox 764 2823 797 2861; x_wconf 91' lang='lat' dir='ltr'><strong>a</strong></span> <span class='ocrx_word' id='word_1_374' title='bbox 818 2806 1046 2862; x_wconf 86' lang='lat' dir='ltr'><strong>Parthis</strong></span> <span class='ocrx_word' id='word_1_375' title='bbox 1076 2823 1209 2861; x_wconf 90' lang='lat' dir='ltr'><strong>cum</strong></span> <span class='ocrx_word' id='word_1_376' title='bbox 1245 2810 1465 2876; x_wconf 87' lang='lat' dir='ltr'><strong>majore</strong></span> <span class='ocrx_word' id='word_1_377' title='bbox 1496 2805 1740 2860; x_wconf 77' lang='lat' dir='ltr'><strong>Romani</strong></span> <span class='ocrx_word' id='word_1_378' title='bbox 1774 2804 2065 2860; x_wconf 81' lang='lat' dir='ltr'><strong>exercitus</strong></span> 
     </span>
    </p>
   </div>
   <div class='ocr_carea' id='block_1_37' title="bbox 422 2893 2066 2966">
    <p class='ocr_par' dir='ltr' id='par_1_37' title="bbox 422 2893 2066 2966">
     <span class='ocr_line' id='line_1_38' title="bbox 422 2893 2066 2966; baseline -0.002 -16"><span class='ocrx_word' id='word_1_379' title='bbox 422 2902 587 2966; x_wconf 90' lang='lat' dir='ltr'><strong>parte</strong></span> <span class='ocrx_word' id='word_1_380' title='bbox 609 2895 774 2949; x_wconf 89' lang='lat' dir='ltr'><strong>fusus</strong></span> <span class='ocrx_word' id='word_1_381' title='bbox 804 2910 872 2949; x_wconf 89' lang='lat' dir='ltr'><strong>ac</strong></span> <span class='ocrx_word' id='word_1_382' title='bbox 895 2894 1235 2965; x_wconf 87' lang='lat' dir='ltr'><strong>proﬂigatus</strong></span> <span class='ocrx_word' id='word_1_383' title='bbox 1262 2893 1609 2963; x_wconf 80' lang='lat' dir='ltr'><strong>fuisset,ipsi</strong></span> <span class='ocrx_word' id='word_1_384' title='bbox 1642 2900 1941 2964; x_wconf 86' lang='lat' dir='ltr'><strong>amputato</strong></span> <span class='ocrx_word' id='word_1_385' title='bbox 1973 2910 2066 2947; x_wconf 90' lang='lat' dir='ltr'><strong>ca-</strong></span> 
     </span>
    </p>
   </div>
   <div class='ocr_carea' id='block_1_38' title="bbox 420 2981 2067 3054">
    <p class='ocr_par' dir='ltr' id='par_1_38' title="bbox 420 2981 2067 3054">
     <span class='ocr_line' id='line_1_39' title="bbox 420 2981 2067 3054; baseline -0.001 -16"><span class='ocrx_word' id='word_1_386' title='bbox 420 2984 538 3054; x_wconf 92' lang='lat' dir='ltr'><strong>pite</strong></span> <span class='ocrx_word' id='word_1_387' title='bbox 568 2982 811 3038; x_wconf 89' lang='lat' dir='ltr'><strong>illusum</strong></span> <span class='ocrx_word' id='word_1_388' title='bbox 841 2981 977 3038; x_wconf 81' lang='lat' dir='ltr'><strong>est?</strong></span> <span class='ocrx_word' id='word_1_389' title='bbox 1000 2982 1183 3037; x_wconf 89' lang='lat' dir='ltr'><strong>Multa</strong></span> <span class='ocrx_word' id='word_1_390' title='bbox 1213 2983 1283 3037; x_wconf 92' lang='lat' dir='ltr'><strong>de</strong></span> <span class='ocrx_word' id='word_1_391' title='bbox 1315 2982 1414 3036; x_wconf 92' lang='lat' dir='ltr'><strong>illo</strong></span> <span class='ocrx_word' id='word_1_392' title='bbox 1453 2983 1802 3037; x_wconf 86' lang='lat' dir='ltr'><strong>Plutarchus</strong></span> <span class='ocrx_word' id='word_1_393' title='bbox 1853 2982 1906 3035; x_wconf 92' lang='lat' dir='ltr'><strong>in</strong></span> <span class='ocrx_word' id='word_1_394' title='bbox 1940 2983 2067 3052; x_wconf 82' lang='lat' dir='ltr'><strong>ejus</strong></span> 
     </span>
    </p>
   </div>
   <div class='ocr_carea' id='block_1_39' title="bbox 421 3070 2139 3143">
    <p class='ocr_par' dir='ltr' id='par_1_39' title="bbox 421 3070 2139 3143">
     <span class='ocr_line' id='line_1_40' title="bbox 421 3070 2139 3143; baseline 0.001 -18"><span class='ocrx_word' id='word_1_395' title='bbox 421 3072 552 3128; x_wconf 83' lang='lat' dir='ltr'><strong>Vita</strong></span> <span class='ocrx_word' id='word_1_396' title='bbox 576 3074 721 3143; x_wconf 81' lang='lat' dir='ltr'><strong>(Vita</strong></span> <span class='ocrx_word' id='word_1_397' title='bbox 770 3072 975 3137; x_wconf 86' lang='lat' dir='ltr'><strong>Crassi,</strong></span> <span class='ocrx_word' id='word_1_398' title='bbox 1037 3078 1178 3125; x_wconf 89' lang='lat' dir='ltr'><strong>tom.</strong></span> <span class='ocrx_word' id='word_1_399' title='bbox 1240 3076 1282 3137; x_wconf 90' lang='lat' dir='ltr'><strong>l,</strong></span> <span class='ocrx_word' id='word_1_400' title='bbox 1320 3088 1372 3139; x_wconf 92' lang='lat' dir='ltr'><strong>p.</strong></span> <span class='ocrx_word' id='word_1_401' title='bbox 1408 3071 1514 3125; x_wconf 84' lang='grc'><strong>564</strong></span> <span class='ocrx_word' id='word_1_402' title='bbox 1544 3078 1601 3125; x_wconf 91' lang='lat' dir='ltr'><strong>et</strong></span> <span class='ocrx_word' id='word_1_403' title='bbox 1628 3070 1853 3142; x_wconf 87' lang='lat' dir='ltr'><strong>seqq.),</strong></span> <span class='ocrx_word' id='word_1_404' title='bbox 1888 3087 2061 3142; x_wconf 90' lang='lat' dir='ltr'><strong>quem</strong></span> <span class='ocrx_word' id='word_1_405' title='bbox 2094 3072 2139 3139; x_wconf 76' lang='grc' dir='ltr'>Ο</span> 
     </span>
    </p>
   </div>
   <div class='ocr_carea' id='block_1_40' title="bbox 424 3159 2069 3229">
    <p class='ocr_par' dir='ltr' id='par_1_40' title="bbox 424 3159 2069 3229">
     <span class='ocr_line' id='line_1_41' title="bbox 424 3159 2069 3229; baseline -0.001 -13"><span class='ocrx_word' id='word_1_406' title='bbox 424 3160 599 3216; x_wconf 90' lang='lat' dir='ltr'><strong>sicuti</strong></span> <span class='ocrx_word' id='word_1_407' title='bbox 658 3161 914 3229; x_wconf 87' lang='lat' dir='ltr'><strong>Florum,</strong></span> <span class='ocrx_word' id='word_1_408' title='bbox 973 3160 1256 3215; x_wconf 82' lang='lat' dir='ltr'><strong>Velleiutn</strong></span> <span class='ocrx_word' id='word_1_409' title='bbox 1316 3159 1710 3223; x_wconf 77' lang='lat' dir='ltr'><strong>l’aterculum,</strong></span> <span class='ocrx_word' id='word_1_410' title='bbox 1764 3159 2069 3215; x_wconf 84' lang='lat' dir='ltr'><strong>Justinum</strong></span> 
     </span>
    </p>
   </div>
   <div class='ocr_carea' id='block_1_41' title="bbox 426 3248 2070 3319">
    <p class='ocr_par' dir='ltr' id='par_1_41' title="bbox 426 3248 2070 3319">
     <span class='ocr_line' id='line_1_42' title="bbox 426 3248 2070 3319; baseline 0.001 -17"><span class='ocrx_word' id='word_1_411' title='bbox 426 3248 796 3315; x_wconf 89' lang='lat' dir='ltr'><strong>historicum,</strong></span> <span class='ocrx_word' id='word_1_412' title='bbox 829 3249 1091 3319; x_wconf 90' lang='lat' dir='ltr'><strong>aliosque</strong></span> <span class='ocrx_word' id='word_1_413' title='bbox 1120 3248 1391 3303; x_wconf 67' lang='lat' dir='ltr'><strong>Romanas</strong></span> <span class='ocrx_word' id='word_1_414' title='bbox 1447 3248 1703 3303; x_wconf 72' lang='lat' dir='ltr'><strong>historias</strong></span> <span class='ocrx_word' id='word_1_415' title='bbox 1755 3250 2070 3319; x_wconf 89' lang='lat' dir='ltr'><strong>scriptores</strong></span> 
     </span>
    </p>
   </div>
   <div class='ocr_carea' id='block_1_42' title="bbox 428 3338 856 3409">
    <p class='ocr_par' dir='ltr' id='par_1_42' title="bbox 428 3338 856 3409">
     <span class='ocr_line' id='line_1_43' title="bbox 428 3338 856 3409; baseline -0.007 -14"><span class='ocrx_word' id='word_1_416' title='bbox 428 3338 589 3395; x_wconf 89' lang='lat' dir='ltr'><strong>adire</strong></span> <span class='ocrx_word' id='word_1_417' title='bbox 620 3338 856 3409; x_wconf 88' lang='lat' dir='ltr'><strong>poteris.</strong></span> 
     </span>
    </p>
   </div>
   <div class='ocr_carea' id='block_1_43' title="bbox 499 3425 2067 3499">
    <p class='ocr_par' dir='ltr' id='par_1_43' title="bbox 499 3425 2067 3499">
     <span class='ocr_line' id='line_1_44' title="bbox 499 3425 2067 3499; baseline 0.001 -18"><span class='ocrx_word' id='word_1_418' title='bbox 499 3427 640 3492; x_wconf 86' lang='lat' dir='ltr'><strong>Quis</strong></span> <span class='ocrx_word' id='word_1_419' title='bbox 654 3444 823 3499; x_wconf 91' lang='lat' dir='ltr'><strong>porro</strong></span> <span class='ocrx_word' id='word_1_420' title='bbox 844 3425 1151 3497; x_wconf 85' lang='lat' dir='ltr'><strong>gentilium</strong></span> <span class='ocrx_word' id='word_1_421' title='bbox 1165 3426 1310 3481; x_wconf 88' lang='lat' dir='ltr'><strong>deus</strong></span> <span class='ocrx_word' id='word_1_422' title='bbox 1321 3429 1582 3482; x_wconf 73' lang='lat' dir='ltr'><strong>Graecum</strong></span> <span class='ocrx_word' id='word_1_423' title='bbox 1595 3426 2067 3497; x_wconf 89' lang='lat' dir='ltr'><strong>Demosthenem,</strong></span> 
     </span>
    </p>
   </div>
   <div class='ocr_carea' id='block_1_44' title="bbox 423 3515 2068 3585">
    <p class='ocr_par' dir='ltr' id='par_1_44' title="bbox 423 3515 2068 3585">
     <span class='ocr_line' id='line_1_45' title="bbox 423 3515 2068 3585; baseline 0.001 -13"><span class='ocrx_word' id='word_1_424' title='bbox 423 3517 757 3572; x_wconf 89' lang='lat' dir='ltr'><strong>Ciceronem</strong></span> <span class='ocrx_word' id='word_1_425' title='bbox 790 3516 1085 3580; x_wconf 84' lang='lat' dir='ltr'><strong>Latinum,</strong></span> <span class='ocrx_word' id='word_1_426' title='bbox 1118 3515 1464 3585; x_wconf 89' lang='lat' dir='ltr'><strong>eloquentia,</strong></span> <span class='ocrx_word' id='word_1_427' title='bbox 1525 3518 1607 3571; x_wconf 89' lang='lat' dir='ltr'><strong>ait</strong></span> <span class='ocrx_word' id='word_1_428' title='bbox 1651 3518 2068 3583; x_wconf 88' lang='lat' dir='ltr'><strong>Tertullianus,</strong></span> 
     </span>
    </p>
   </div>
   <div class='ocr_carea' id='block_1_45' title="bbox 425 3604 2066 3677">
    <p class='ocr_par' dir='ltr' id='par_1_45' title="bbox 425 3604 2066 3677">
     <span class='ocr_line' id='line_1_46' title="bbox 425 3604 2066 3677; baseline 0.002 -18"><span class='ocrx_word' id='word_1_429' title='bbox 425 3621 687 3675; x_wconf 83' lang='lat' dir='ltr'><strong>unquam</strong></span> <span class='ocrx_word' id='word_1_430' title='bbox 718 3604 1015 3673; x_wconf 84' lang='lat' dir='ltr'><strong>superavit</strong></span> <span class='ocrx_word' id='word_1_431' title='bbox 1043 3604 1070 3658; x_wconf 81' lang='lat' dir='ltr'><strong>‘I</strong></span> <span class='ocrx_word' id='word_1_432' title='bbox 1109 3604 1220 3658; x_wconf 90' lang='lat' dir='ltr'><strong>Sed</strong></span> <span class='ocrx_word' id='word_1_433' title='bbox 1252 3606 1425 3674; x_wconf 90' lang='lat' dir='ltr'><strong>quale</strong></span> <span class='ocrx_word' id='word_1_434' title='bbox 1456 3604 1567 3660; x_wconf 82' lang='lat' dir='ltr'><strong>fuit</strong></span> <span class='ocrx_word' id='word_1_435' title='bbox 1617 3610 1789 3660; x_wconf 78' lang='lat' dir='ltr'><strong>tantas</strong></span> <span class='ocrx_word' id='word_1_436' title='bbox 1838 3605 2066 3677; x_wconf 61' lang='lat' dir='ltr'><strong>Graecis,</strong></span> 
     </span>
    </p>
   </div>
   <div class='ocr_carea' id='block_1_46' title="bbox 423 3691 2067 3767">
    <p class='ocr_par' dir='ltr' id='par_1_46' title="bbox 423 3691 2067 3767">
     <span class='ocr_line' id='line_1_47' title="bbox 423 3691 2067 3767; baseline 0.002 -20"><span class='ocrx_word' id='word_1_437' title='bbox 423 3692 759 3763; x_wconf 67' lang='lat' dir='ltr'><strong>Latinasque</strong></span> <span class='ocrx_word' id='word_1_438' title='bbox 805 3691 1170 3763; x_wconf 69' lang='lat' dir='ltr'><strong>eloquentiae,</strong></span> <span class='ocrx_word' id='word_1_439' title='bbox 1230 3693 1452 3748; x_wconf 86' lang='lat' dir='ltr'><strong>nemini</strong></span> <span class='ocrx_word' id='word_1_440' title='bbox 1477 3711 1717 3764; x_wconf 85' lang='lat' dir='ltr'><strong>prorsus</strong></span> <span class='ocrx_word' id='word_1_441' title='bbox 1760 3694 2067 3767; x_wconf 64' lang='lat' dir='ltr'><strong>incognitas</strong></span> 
     </span>
    </p>
   </div>
   <div class='ocr_carea' id='block_1_47' title="bbox 420 3780 2067 3852">
    <p class='ocr_par' dir='ltr' id='par_1_47' title="bbox 420 3780 2067 3852">
     <span class='ocr_line' id='line_1_48' title="bbox 420 3780 2067 3852; baseline 0.004 -18"><span class='ocrx_word' id='word_1_442' title='bbox 420 3780 727 3851; x_wconf 66' lang='lat' dir='ltr'><strong>praemium</strong></span> <span class='ocrx_word' id='word_1_443' title='bbox 748 3780 775 3835; x_wconf 84' lang='lat'><strong>?</strong></span> <span class='ocrx_word' id='word_1_444' title='bbox 808 3780 927 3837; x_wconf 87' lang='lat' dir='ltr'><strong>Non</strong></span> <span class='ocrx_word' id='word_1_445' title='bbox 960 3781 1238 3837; x_wconf 85' lang='lat' dir='ltr'><strong>divinitas</strong></span> <span class='ocrx_word' id='word_1_446' title='bbox 1288 3800 1448 3852; x_wconf 89' lang='lat' dir='ltr'><strong>sane,</strong></span> <span class='ocrx_word' id='word_1_447' title='bbox 1480 3784 1581 3838; x_wconf 90' lang='lat' dir='ltr'><strong>sed</strong></span> <span class='ocrx_word' id='word_1_448' title='bbox 1624 3782 2067 3841; x_wconf 82' lang='lat' dir='ltr'><strong>infelicissimus</strong></span> 
     </span>
    </p>
   </div>
   <div class='ocr_carea' id='block_1_48' title="bbox 419 3870 2067 3930">
    <p class='ocr_par' dir='ltr' id='par_1_48' title="bbox 419 3870 2067 3930">
     <span class='ocr_line' id='line_1_49' title="bbox 419 3870 2067 3930; baseline 0.003 -6"><span class='ocrx_word' id='word_1_449' title='bbox 419 3870 639 3925; x_wconf 91' lang='lat' dir='ltr'><strong>crudeli</strong></span> <span class='ocrx_word' id='word_1_450' title='bbox 672 3886 812 3926; x_wconf 90' lang='lat' dir='ltr'><strong>nece</strong></span> <span class='ocrx_word' id='word_1_451' title='bbox 842 3870 1117 3926; x_wconf 89' lang='lat' dir='ltr'><strong>interitus</strong></span> <span class='ocrx_word' id='word_1_452' title='bbox 1147 3870 1174 3923; x_wconf 87' lang='lat'><strong>?</strong></span> <span class='ocrx_word' id='word_1_453' title='bbox 1198 3874 1413 3926; x_wconf 88' lang='lat' dir='ltr'><strong>Verum</strong></span> <span class='ocrx_word' id='word_1_454' title='bbox 1437 3872 1557 3927; x_wconf 79' lang='lat' dir='ltr'><strong>htsc</strong></span> <span class='ocrx_word' id='word_1_455' title='bbox 1595 3872 1873 3927; x_wconf 89' lang='lat' dir='ltr'><strong>omnibus</strong></span> <span class='ocrx_word' id='word_1_456' title='bbox 1922 3876 2067 3930; x_wconf 90' lang='lat' dir='ltr'><strong>satis</strong></span> 
     </span>
    </p>
   </div>
   <div class='ocr_carea' id='block_1_49' title="bbox 417 3960 2065 4033">
    <p class='ocr_par' dir='ltr' id='par_1_49' title="bbox 417 3960 2065 4033">
     <span class='ocr_line' id='line_1_50' title="bbox 417 3960 2065 4033; baseline 0.003 -20"><span class='ocrx_word' id='word_1_457' title='bbox 417 3960 858 4030; x_wconf 57' lang='lat' dir='ltr'><strong>compertajam</strong></span> <span class='ocrx_word' id='word_1_458' title='bbox 892 3961 1173 4031; x_wconf 86' lang='lat' dir='ltr'><strong>probasse</strong></span> <span class='ocrx_word' id='word_1_459' title='bbox 1195 3960 1453 4015; x_wconf 83' lang='lat' dir='ltr'><strong>sufliciat</strong></span> <span class='ocrx_word' id='word_1_460' title='bbox 1485 3961 1747 4033; x_wconf 89' lang='lat' dir='ltr'><strong>quinque</strong></span> <span class='ocrx_word' id='word_1_461' title='bbox 1766 3962 2065 4019; x_wconf 87' lang='lat' dir='ltr'><strong>Juvenalis</strong></span> 
     </span>
    </p>
   </div>
   <div class='ocr_carea' id='block_1_50' title="bbox 416 4049 2061 4121">
    <p class='ocr_par' dir='ltr' id='par_1_50' title="bbox 416 4049 2061 4121">
     <span class='ocr_line' id='line_1_51' title="bbox 416 4049 2061 4121; baseline 0.002 -18"><span class='ocrx_word' id='word_1_462' title='bbox 416 4055 548 4119; x_wconf 88' lang='lat' dir='ltr'><strong>post</strong></span> <span class='ocrx_word' id='word_1_463' title='bbox 576 4049 912 4104; x_wconf 84' lang='lat' dir='ltr'><strong>decantatas</strong></span> <span class='ocrx_word' id='word_1_464' title='bbox 942 4052 1215 4105; x_wconf 85' lang='lat' dir='ltr'><strong>Crassum</strong></span> <span class='ocrx_word' id='word_1_465' title='bbox 1247 4055 1304 4105; x_wconf 91' lang='lat' dir='ltr'><strong>et</strong></span> <span class='ocrx_word' id='word_1_466' title='bbox 1335 4050 1693 4121; x_wconf 88' lang='lat' dir='ltr'><strong>Pompeium,</strong></span> <span class='ocrx_word' id='word_1_467' title='bbox 1744 4051 1906 4106; x_wconf 88' lang='lat' dir='ltr'><strong>hisce</strong></span> <span class='ocrx_word' id='word_1_468' title='bbox 1936 4069 2061 4107; x_wconf 83' lang='lat' dir='ltr'><strong>car-</strong></span> 
     </span>
    </p>
   </div>
   <div class='ocr_carea' id='block_1_51' title="bbox 2176 2404 3799 2478">
    <p class='ocr_par' dir='ltr' id='par_1_51' title="bbox 2176 2404 3799 2478">
     <span class='ocr_line' id='line_1_52' title="bbox 2176 2404 3799 2478; baseline -0.002 -15"><span class='ocrx_word' id='word_1_469' title='bbox 2176 2408 2375 2463; x_wconf 89' lang='lat' dir='ltr'><strong>Sotion</strong></span> <span class='ocrx_word' id='word_1_470' title='bbox 2408 2423 2601 2478; x_wconf 84' lang='lat' dir='ltr'><strong>porro,</strong></span> <span class='ocrx_word' id='word_1_471' title='bbox 2630 2405 2701 2460; x_wconf 93' lang='lat' dir='ltr'><strong>ab</strong></span> <span class='ocrx_word' id='word_1_472' title='bbox 2735 2408 2799 2460; x_wconf 83' lang='lat' dir='ltr'><strong>A.</strong></span> <span class='ocrx_word' id='word_1_473' title='bbox 2829 2405 3013 2461; x_wconf 89' lang='lat' dir='ltr'><strong>Gellio</strong></span> <span class='ocrx_word' id='word_1_474' title='bbox 3043 2405 3259 2460; x_wconf 91' lang='lat' dir='ltr'><strong>etiatus</strong></span> <span class='ocrx_word' id='word_1_475' title='bbox 3290 2404 3584 2476; x_wconf 78' lang='lat' dir='ltr'><strong>(Gell.lib.</strong></span> <span class='ocrx_word' id='word_1_476' title='bbox 3622 2410 3639 2459; x_wconf 87' lang='lat' dir='ltr'><strong>l</strong></span> <span class='ocrx_word' id='word_1_477' title='bbox 3669 2406 3799 2460; x_wconf 78' lang='lat' dir='ltr'><strong>Noct.</strong></span> 
     </span>
    </p>
   </div>
   <div class='ocr_carea' id='block_1_52' title="bbox 2176 2494 3797 2566">
    <p class='ocr_par' dir='ltr' id='par_1_52' title="bbox 2176 2494 3797 2566">
     <span class='ocr_line' id='line_1_53' title="bbox 2176 2494 3797 2566; baseline -0.002 -14"><span class='ocrx_word' id='word_1_478' title='bbox 2176 2499 2334 2552; x_wconf 76' lang='lat' dir='ltr'><strong>Attio.</strong></span> <span class='ocrx_word' id='word_1_479' title='bbox 2368 2512 2493 2566; x_wconf 89' lang='lat' dir='ltr'><strong>cap.</strong></span> <span class='ocrx_word' id='word_1_480' title='bbox 2525 2496 2578 2561; x_wconf 90' lang='lat'><strong>8,</strong></span> <span class='ocrx_word' id='word_1_481' title='bbox 2615 2512 2671 2566; x_wconf 92' lang='lat' dir='ltr'><strong>p.</strong></span> <span class='ocrx_word' id='word_1_482' title='bbox 2703 2496 2817 2563; x_wconf 88' lang='lat'><strong>37),</strong></span> <span class='ocrx_word' id='word_1_483' title='bbox 2850 2501 3050 2549; x_wconf 85' lang='lat' dir='ltr'><strong>narrat</strong></span> <span class='ocrx_word' id='word_1_484' title='bbox 3093 2494 3551 2550; x_wconf 87' lang='lat' dir='ltr'><strong>Demosthenem</strong></span> <span class='ocrx_word' id='word_1_485' title='bbox 3586 2512 3797 2566; x_wconf 87' lang='lat' dir='ltr'><strong>respon-</strong></span> 
     </span>
    </p>
   </div>
   <div class='ocr_carea' id='block_1_53' title="bbox 2176 2583 3797 2653">
    <p class='ocr_par' dir='ltr' id='par_1_53' title="bbox 2176 2583 3797 2653">
     <span class='ocr_line' id='line_1_54' title="bbox 2176 2583 3797 2653; baseline -0.002 -13"><span class='ocrx_word' id='word_1_486' title='bbox 2176 2586 2332 2640; x_wconf 82' lang='lat' dir='ltr'><strong>disse</strong></span> <span class='ocrx_word' id='word_1_487' title='bbox 2364 2602 2425 2639; x_wconf 92' lang='lat' dir='ltr'><strong>se</strong></span> <span class='ocrx_word' id='word_1_488' title='bbox 2451 2585 2596 2639; x_wconf 89' lang='lat' dir='ltr'><strong>tanti</strong></span> <span class='ocrx_word' id='word_1_489' title='bbox 2630 2602 2746 2639; x_wconf 90' lang='lat' dir='ltr'><strong>non</strong></span> <span class='ocrx_word' id='word_1_490' title='bbox 2780 2600 2973 2639; x_wconf 89' lang='lat' dir='ltr'><strong>emere</strong></span> <span class='ocrx_word' id='word_1_491' title='bbox 3018 2583 3449 2653; x_wconf 85' lang='lat' dir='ltr'><strong>paenitentiam.</strong></span> <span class='ocrx_word' id='word_1_492' title='bbox 3488 2586 3560 2639; x_wconf 90' lang='lat' dir='ltr'><strong>De</strong></span> <span class='ocrx_word' id='word_1_493' title='bbox 3589 2600 3653 2639; x_wconf 91' lang='lat' dir='ltr'><strong>ea</strong></span> <span class='ocrx_word' id='word_1_494' title='bbox 3706 2599 3797 2638; x_wconf 86' lang='lat' dir='ltr'><strong>nos</strong></span> 
     </span>
    </p>
   </div>
   <div class='ocr_carea' id='block_1_54' title="bbox 2174 2673 3794 2745">
    <p class='ocr_par' dir='ltr' id='par_1_54' title="bbox 2174 2673 3794 2745">
     <span class='ocr_line' id='line_1_55' title="bbox 2174 2673 3794 2745; baseline -0.004 -14"><span class='ocrx_word' id='word_1_495' title='bbox 2174 2675 2395 2745; x_wconf 88' lang='lat' dir='ltr'><strong>aliquid</strong></span> <span class='ocrx_word' id='word_1_496' title='bbox 2445 2674 2579 2729; x_wconf 87' lang='lat' dir='ltr'><strong>alibi</strong></span> <span class='ocrx_word' id='word_1_497' title='bbox 2641 2673 3050 2729; x_wconf 88' lang='lat' dir='ltr'><strong>adnotavimus</strong></span> <span class='ocrx_word' id='word_1_498' title='bbox 3101 2677 3269 2739; x_wconf 87' lang='lat' dir='ltr'><strong>(tom.</strong></span> <span class='ocrx_word' id='word_1_499' title='bbox 3330 2673 3373 2728; x_wconf 91' lang='grc' dir='ltr'>Ι.</span> <span class='ocrx_word' id='word_1_500' title='bbox 3446 2675 3705 2745; x_wconf 82' lang='lat' dir='ltr'><strong>Apparat.</strong></span> <span class='ocrx_word' id='word_1_501' title='bbox 3747 2690 3794 2743; x_wconf 88' lang='lat' dir='ltr'><strong>p.</strong></span> 
     </span>
    </p>
   </div>
   <div class='ocr_carea' id='block_1_55' title="bbox 2177 2760 3794 2834">
    <p class='ocr_par' dir='ltr' id='par_1_55' title="bbox 2177 2760 3794 2834">
     <span class='ocr_line' id='line_1_56' title="bbox 2177 2760 3794 2834; baseline -0.001 -17"><span class='ocrx_word' id='word_1_502' title='bbox 2177 2762 2361 2833; x_wconf 81' lang='grc'>1241),</span> <span class='ocrx_word' id='word_1_503' title='bbox 2388 2780 2453 2817; x_wconf 90' lang='lat' dir='ltr'><strong>ac</strong></span> <span class='ocrx_word' id='word_1_504' title='bbox 2485 2763 2653 2834; x_wconf 86' lang='lat' dir='ltr'><strong>plura</strong></span> <span class='ocrx_word' id='word_1_505' title='bbox 2682 2762 2728 2817; x_wconf 91' lang='lat' dir='ltr'><strong>si</strong></span> <span class='ocrx_word' id='word_1_506' title='bbox 2754 2761 2919 2825; x_wconf 79' lang='lat' dir='ltr'><strong>velis,</strong></span> <span class='ocrx_word' id='word_1_507' title='bbox 2953 2760 3047 2816; x_wconf 89' lang='lat' dir='ltr'><strong>adi</strong></span> <span class='ocrx_word' id='word_1_508' title='bbox 3081 2761 3435 2816; x_wconf 89' lang='lat' dir='ltr'><strong>Pausaniam</strong></span> <span class='ocrx_word' id='word_1_509' title='bbox 3467 2762 3592 2831; x_wconf 92' lang='lat' dir='ltr'><strong>(lib.</strong></span> <span class='ocrx_word' id='word_1_510' title='bbox 3643 2779 3699 2825; x_wconf 87' lang='grc' dir='ltr'><strong>ιι,</strong></span> <span class='ocrx_word' id='word_1_511' title='bbox 3746 2777 3794 2830; x_wconf 92' lang='lat' dir='ltr'><strong>p,</strong></span> 
     </span>
    </p>
   </div>
   <div class='ocr_carea' id='block_1_56' title="bbox 2175 2848 3790 2922">
    <p class='ocr_par' dir='ltr' id='par_1_56' title="bbox 2175 2848 3790 2922">
     <span class='ocr_line' id='line_1_57' title="bbox 2175 2848 3790 2922; baseline -0.002 -17"><span class='ocrx_word' id='word_1_512' title='bbox 2175 2852 2264 2922; x_wconf 84' lang='grc'>42)</span> <span class='ocrx_word' id='word_1_513' title='bbox 2296 2851 2637 2906; x_wconf 68' lang='lat' dir='ltr'><strong>Athenaeum</strong></span> <span class='ocrx_word' id='word_1_514' title='bbox 2675 2850 2801 2915; x_wconf 91' lang='lat' dir='ltr'><strong>(lib.</strong></span> <span class='ocrx_word' id='word_1_515' title='bbox 2851 2866 2976 2913; x_wconf 86' lang='lat' dir='ltr'><strong>xm,</strong></span> <span class='ocrx_word' id='word_1_516' title='bbox 3028 2866 3154 2920; x_wconf 89' lang='lat' dir='ltr'><strong>cap.</strong></span> <span class='ocrx_word' id='word_1_517' title='bbox 3178 2853 3235 2917; x_wconf 84' lang='lat'><strong>6,</strong></span> <span class='ocrx_word' id='word_1_518' title='bbox 3272 2866 3326 2920; x_wconf 91' lang='lat' dir='ltr'><strong>p.</strong></span> <span class='ocrx_word' id='word_1_519' title='bbox 3358 2851 3513 2919; x_wconf 87' lang='lat'><strong>587),</strong></span> <span class='ocrx_word' id='word_1_520' title='bbox 3546 2848 3790 2905; x_wconf 88' lang='lat' dir='ltr'><strong>Ovidium</strong></span> 
     </span>
    </p>
   </div>
   <div class='ocr_carea' id='block_1_57' title="bbox 2174 2938 3795 3011">
    <p class='ocr_par' dir='ltr' id='par_1_57' title="bbox 2174 2938 3795 3011">
     <span class='ocr_line' id='line_1_58' title="bbox 2174 2938 3795 3011; baseline -0.002 -19"><span class='ocrx_word' id='word_1_521' title='bbox 2174 2940 2298 3011; x_wconf 90' lang='lat' dir='ltr'><strong>(lib.</strong></span> <span class='ocrx_word' id='word_1_522' title='bbox 2333 2957 2349 2994; x_wconf 88' lang='grc' dir='ltr'><strong>ι</strong></span> <span class='ocrx_word' id='word_1_523' title='bbox 2383 2942 2559 2994; x_wconf 81' lang='lat' dir='ltr'><strong>Amor.</strong></span> <span class='ocrx_word' id='word_1_524' title='bbox 2594 2939 2748 3011; x_wconf 87' lang='lat' dir='ltr'><strong>Eleg.</strong></span> <span class='ocrx_word' id='word_1_525' title='bbox 2786 2940 2839 3004; x_wconf 88' lang='lat'><strong>5,</strong></span> <span class='ocrx_word' id='word_1_526' title='bbox 2870 2954 2927 2993; x_wconf 92' lang='lat' dir='ltr'><strong>v.</strong></span> <span class='ocrx_word' id='word_1_527' title='bbox 2964 2941 3049 3004; x_wconf 85' lang='lat'><strong>12)</strong></span> <span class='ocrx_word' id='word_1_528' title='bbox 3101 2938 3386 3009; x_wconf 88' lang='lat' dir='ltr'><strong>aliosque.</strong></span> <span class='ocrx_word' id='word_1_529' title='bbox 3448 2938 3795 2993; x_wconf 86' lang='lat' dir='ltr'><strong>Callistratus</strong></span> 
     </span>
    </p>
   </div>
   <div class='ocr_carea' id='block_1_58' title="bbox 2173 3024 3797 3095">
    <p class='ocr_par' dir='ltr' id='par_1_58' title="bbox 2173 3024 3797 3095">
     <span class='ocr_line' id='line_1_59' title="bbox 2173 3024 3797 3095; baseline -0.002 -12"><span class='ocrx_word' id='word_1_530' title='bbox 2173 3045 2307 3085; x_wconf 90' lang='lat' dir='ltr'><strong>vero</strong></span> <span class='ocrx_word' id='word_1_531' title='bbox 2337 3030 2410 3083; x_wconf 90' lang='lat' dir='ltr'><strong>ab</strong></span> <span class='ocrx_word' id='word_1_532' title='bbox 2440 3030 2644 3085; x_wconf 90' lang='lat' dir='ltr'><strong>eodem</strong></span> <span class='ocrx_word' id='word_1_533' title='bbox 2694 3029 2959 3083; x_wconf 70' lang='lat' dir='ltr'><strong>Athenaeo</strong></span> <span class='ocrx_word' id='word_1_534' title='bbox 3004 3026 3299 3095; x_wconf 87' lang='lat' dir='ltr'><strong>laudatus,</strong></span> <span class='ocrx_word' id='word_1_535' title='bbox 3359 3044 3470 3083; x_wconf 86' lang='lat' dir='ltr'><strong>nos</strong></span> <span class='ocrx_word' id='word_1_536' title='bbox 3522 3024 3797 3083; x_wconf 87' lang='lat' dir='ltr'><strong>admonuit</strong></span> 
     </span>
    </p>
   </div>
   <div class='ocr_carea' id='block_1_59' title="bbox 2180 3116 3797 3186">
    <p class='ocr_par' dir='ltr' id='par_1_59' title="bbox 2180 3116 3797 3186">
     <span class='ocr_line' id='line_1_60' title="bbox 2180 3116 3797 3186; baseline -0.003 -13"><span class='ocrx_word' id='word_1_537' title='bbox 2180 3124 2563 3173; x_wconf 87' lang='lat' dir='ltr'><strong>memoratam</strong></span> <span class='ocrx_word' id='word_1_538' title='bbox 2621 3118 2810 3173; x_wconf 91' lang='lat' dir='ltr'><strong>adhuc</strong></span> <span class='ocrx_word' id='word_1_539' title='bbox 2866 3134 2900 3171; x_wconf 88' lang='lat' dir='ltr'><strong>a</strong></span> <span class='ocrx_word' id='word_1_540' title='bbox 2951 3116 3314 3171; x_wconf 83' lang='lat' dir='ltr'><strong>Tertulliano</strong></span> <span class='ocrx_word' id='word_1_541' title='bbox 3363 3116 3629 3186; x_wconf 83' lang='lat' dir='ltr'><strong>Phrynen</strong></span> <span class='ocrx_word' id='word_1_542' title='bbox 3676 3117 3797 3169; x_wconf 87' lang='lat' dir='ltr'><strong>adeo</strong></span> 
     </span>
    </p>
   </div>
   <div class='ocr_carea' id='block_1_60' title="bbox 2179 3203 3800 3277">
    <p class='ocr_par' dir='ltr' id='par_1_60' title="bbox 2179 3203 3800 3277">
     <span class='ocr_line' id='line_1_61' title="bbox 2179 3203 3800 3277; baseline -0.002 -16"><span class='ocrx_word' id='word_1_543' title='bbox 2179 3207 2362 3261; x_wconf 88' lang='lat' dir='ltr'><strong>fuisse</strong></span> <span class='ocrx_word' id='word_1_544' title='bbox 2392 3206 2724 3271; x_wconf 89' lang='lat' dir='ltr'><strong>divitem,ut</strong></span> <span class='ocrx_word' id='word_1_545' title='bbox 2752 3204 3007 3277; x_wconf 89' lang='lat' dir='ltr'><strong>pollicita</strong></span> <span class='ocrx_word' id='word_1_546' title='bbox 3035 3204 3113 3260; x_wconf 91' lang='lat' dir='ltr'><strong>sit</strong></span> <span class='ocrx_word' id='word_1_547' title='bbox 3141 3222 3205 3260; x_wconf 88' lang='lat' dir='ltr'><strong>se</strong></span> <span class='ocrx_word' id='word_1_548' title='bbox 3236 3206 3570 3261; x_wconf 87' lang='lat' dir='ltr'><strong>Thebarum</strong></span> <span class='ocrx_word' id='word_1_549' title='bbox 3612 3203 3800 3260; x_wconf 80' lang='lat' dir='ltr'><strong>mtenia</strong></span> 
     </span>
    </p>
   </div>
   <div class='ocr_carea' id='block_1_61' title="bbox 2180 3290 3800 3367">
    <p class='ocr_par' dir='ltr' id='par_1_61' title="bbox 2180 3290 3800 3367">
     <span class='ocr_line' id='line_1_62' title="bbox 2180 3290 3800 3367; baseline -0.005 -16"><span class='ocrx_word' id='word_1_550' title='bbox 2180 3301 2671 3361; x_wconf 83' lang='lat' dir='ltr'><strong>oonstructuram,</strong></span> <span class='ocrx_word' id='word_1_551' title='bbox 2735 3294 2781 3349; x_wconf 86' lang='lat' dir='ltr'><strong>si</strong></span> <span class='ocrx_word' id='word_1_552' title='bbox 2830 3294 3230 3349; x_wconf 74' lang='lat' dir='ltr'><strong>adscriberetur</strong></span> <span class='ocrx_word' id='word_1_553' title='bbox 3278 3290 3675 3367; x_wconf 70' lang='grc' dir='ltr'><strong>εἈλᾶξανὸρος</strong></span> <span class='ocrx_word' id='word_1_554' title='bbox 3722 3292 3800 3361; x_wconf 76' lang='grc' dir='ltr'><strong>μὶν</strong></span> 
     </span>
    </p>
   </div>
   <div class='ocr_carea' id='block_1_62' title="bbox 2177 3378 3804 3456">
    <p class='ocr_par' dir='ltr' id='par_1_62' title="bbox 2177 3378 3804 3456">
     <span class='ocr_line' id='line_1_63' title="bbox 2177 3378 3804 3456; baseline -0.003 -17"><span class='ocrx_word' id='word_1_555' title='bbox 2177 3383 2523 3456; x_wconf 70' lang='grc' dir='ltr'><strong>κατέσκαψεν,</strong></span> <span class='ocrx_word' id='word_1_556' title='bbox 2557 3382 2807 3451; x_wconf 72' lang='grc' dir='ltr'><strong>ἀνέστησε</strong></span> <span class='ocrx_word' id='word_1_557' title='bbox 2839 3378 2896 3435; x_wconf 68' lang='grc' dir='ltr'><strong>δὲ</strong></span> <span class='ocrx_word' id='word_1_558' title='bbox 2929 3380 3116 3456; x_wconf 76' lang='grc' dir='ltr'>Φρύνη</span> <span class='ocrx_word' id='word_1_559' title='bbox 3168 3383 3201 3449; x_wconf 82' lang='grc' dir='ltr'>ἡ</span> <span class='ocrx_word' id='word_1_560' title='bbox 3248 3380 3455 3455; x_wconf 69' lang='grc' dir='ltr'>ἑταίρα.</span> <span class='ocrx_word' id='word_1_561' title='bbox 3516 3380 3804 3438; x_wconf 66' lang='lat' dir='ltr'><strong>Alexander</strong></span> 
     </span>
    </p>
   </div>
   <div class='ocr_carea' id='block_1_63' title="bbox 2178 3470 3799 3545">
    <p class='ocr_par' dir='ltr' id='par_1_63' title="bbox 2178 3470 3799 3545">
     <span class='ocr_line' id='line_1_64' title="bbox 2178 3470 3799 3545; baseline -0.006 -15"><span class='ocrx_word' id='word_1_562' title='bbox 2178 3475 2400 3545; x_wconf 78' lang='lat' dir='ltr'><strong>quidem</strong></span> <span class='ocrx_word' id='word_1_563' title='bbox 2429 3474 2580 3545; x_wconf 83' lang='lat' dir='ltr'><strong>fecit,</strong></span> <span class='ocrx_word' id='word_1_564' title='bbox 2606 3474 2827 3544; x_wconf 81' lang='lat' dir='ltr'><strong>Phryne</strong></span> <span class='ocrx_word' id='word_1_565' title='bbox 2855 3476 3043 3527; x_wconf 80' lang='lat' dir='ltr'><strong>autem</strong></span> <span class='ocrx_word' id='word_1_566' title='bbox 3071 3480 3317 3526; x_wconf 82' lang='lat' dir='ltr'><strong>scortum</strong></span> <span class='ocrx_word' id='word_1_567' title='bbox 3348 3474 3545 3540; x_wconf 78' lang='lat' dir='ltr'><strong>refecit</strong></span> <span class='ocrx_word' id='word_1_568' title='bbox 3564 3470 3799 3541; x_wconf 67' lang='lat' dir='ltr'><strong>(Athen).</strong></span> 
     </span>
    </p>
   </div>
   <div class='ocr_carea' id='block_1_64' title="bbox 2176 3557 3799 3633">
    <p class='ocr_par' dir='ltr' id='par_1_64' title="bbox 2176 3557 3799 3633">
     <span class='ocr_line' id='line_1_65' title="bbox 2176 3557 3799 3633; baseline -0.004 -15"><span class='ocrx_word' id='word_1_569' title='bbox 2176 3565 2285 3619; x_wconf 91' lang='lat' dir='ltr'><strong>Sed</strong></span> <span class='ocrx_word' id='word_1_570' title='bbox 2318 3565 2389 3618; x_wconf 91' lang='lat' dir='ltr'><strong>de</strong></span> <span class='ocrx_word' id='word_1_571' title='bbox 2422 3562 2521 3618; x_wconf 90' lang='lat' dir='ltr'><strong>illa</strong></span> <span class='ocrx_word' id='word_1_572' title='bbox 2550 3579 2656 3617; x_wconf 91' lang='lat' dir='ltr'><strong>nos</strong></span> <span class='ocrx_word' id='word_1_573' title='bbox 2689 3561 2858 3633; x_wconf 90' lang='lat' dir='ltr'><strong>plura</strong></span> <span class='ocrx_word' id='word_1_574' title='bbox 2887 3560 3026 3615; x_wconf 90' lang='lat' dir='ltr'><strong>alibi</strong></span> <span class='ocrx_word' id='word_1_575' title='bbox 3075 3561 3515 3617; x_wconf 88' lang='lat' dir='ltr'><strong>observavimus</strong></span> <span class='ocrx_word' id='word_1_576' title='bbox 3573 3561 3745 3629; x_wconf 89' lang='lat' dir='ltr'><strong>(Tom.</strong></span> <span class='ocrx_word' id='word_1_577' title='bbox 3781 3557 3799 3611; x_wconf 85' lang='grc' dir='ltr'>Ι</span> 
     </span>
    </p>
   </div>
   <div class='ocr_carea' id='block_1_65' title="bbox 2178 3649 3795 3724">
    <p class='ocr_par' dir='ltr' id='par_1_65' title="bbox 2178 3649 3795 3724">
     <span class='ocr_line' id='line_1_66' title="bbox 2178 3649 3795 3724; baseline -0.007 -15"><span class='ocrx_word' id='word_1_578' title='bbox 2178 3656 2464 3724; x_wconf 77' lang='lat' dir='ltr'><strong>Appprat.,</strong></span> <span class='ocrx_word' id='word_1_579' title='bbox 2499 3669 2553 3724; x_wconf 92' lang='lat' dir='ltr'><strong>p.</strong></span> <span class='ocrx_word' id='word_1_580' title='bbox 2587 3652 2713 3720; x_wconf 84' lang='lat'><strong>550,</strong></span> <span class='ocrx_word' id='word_1_581' title='bbox 2746 3655 2803 3705; x_wconf 86' lang='lat' dir='ltr'><strong>et</strong></span> <span class='ocrx_word' id='word_1_582' title='bbox 2828 3651 2932 3704; x_wconf 83' lang='grc'><strong>744</strong></span> <span class='ocrx_word' id='word_1_583' title='bbox 2966 3667 2979 3716; x_wconf 89' lang='grc'>;</span> <span class='ocrx_word' id='word_1_584' title='bbox 3012 3654 3068 3705; x_wconf 89' lang='lat' dir='ltr'><strong>et</strong></span> <span class='ocrx_word' id='word_1_585' title='bbox 3102 3650 3327 3705; x_wconf 75' lang='lat' dir='ltr'><strong>Dissrrl.</strong></span> <span class='ocrx_word' id='word_1_586' title='bbox 3359 3650 3421 3704; x_wconf 84' lang='lat' dir='ltr'><strong>in</strong></span> <span class='ocrx_word' id='word_1_587' title='bbox 3488 3649 3701 3718; x_wconf 78' lang='lat' dir='ltr'><strong>Arnob.,</strong></span> <span class='ocrx_word' id='word_1_588' title='bbox 3754 3661 3795 3699; x_wconf 80' lang='grc' dir='ltr'>ο.</span> 
     </span>
    </p>
   </div>
   <div class='ocr_carea' id='block_1_66' title="bbox 2175 3742 2520 3809">
    <p class='ocr_par' dir='ltr' id='par_1_66' title="bbox 2175 3742 2520 3809">
     <span class='ocr_line' id='line_1_67' title="bbox 2175 3742 2520 3809; baseline -0.006 -12"><span class='ocrx_word' id='word_1_589' title='bbox 2175 3744 2265 3806; x_wconf 88' lang='lat'><strong>22,</strong></span> <span class='ocrx_word' id='word_1_590' title='bbox 2300 3746 2408 3795; x_wconf 90' lang='lat' dir='ltr'><strong>art.</strong></span> <span class='ocrx_word' id='word_1_591' title='bbox 2443 3742 2520 3809; x_wconf 91' lang='lat'><strong>3).</strong></span> 
     </span>
    </p>
   </div>
   <div class='ocr_carea' id='block_1_67' title="bbox 2246 3826 3797 3902">
    <p class='ocr_par' dir='ltr' id='par_1_67' title="bbox 2246 3826 3797 3902">
     <span class='ocr_line' id='line_1_68' title="bbox 2246 3826 3797 3902; baseline -0.005 -17"><span class='ocrx_word' id='word_1_592' title='bbox 2246 3830 2507 3902; x_wconf 89' lang='lat' dir='ltr'><strong>Denique</strong></span> <span class='ocrx_word' id='word_1_593' title='bbox 2542 3832 2749 3885; x_wconf 78' lang='lat' dir='ltr'><strong>Auctor</strong></span> <span class='ocrx_word' id='word_1_594' title='bbox 2777 3832 2994 3893; x_wconf 88' lang='lat' dir='ltr'><strong>noster,</strong></span> <span class='ocrx_word' id='word_1_595' title='bbox 3025 3831 3091 3882; x_wconf 88' lang='lat' dir='ltr'><strong>ut</strong></span> <span class='ocrx_word' id='word_1_596' title='bbox 3133 3826 3339 3881; x_wconf 89' lang='lat' dir='ltr'><strong>acriori</strong></span> <span class='ocrx_word' id='word_1_597' title='bbox 3398 3828 3639 3883; x_wconf 90' lang='lat' dir='ltr'><strong>stimulo</strong></span> <span class='ocrx_word' id='word_1_598' title='bbox 3680 3840 3797 3880; x_wconf 84' lang='lat' dir='ltr'><strong>con-</strong></span> 
     </span>
    </p>
   </div>
   <div class='ocr_carea' id='block_1_68' title="bbox 2176 3916 3796 3986">
    <p class='ocr_par' dir='ltr' id='par_1_68' title="bbox 2176 3916 3796 3986">
     <span class='ocr_line' id='line_1_69' title="bbox 2176 3916 3796 3986; baseline -0.007 -11"><span class='ocrx_word' id='word_1_599' title='bbox 2176 3922 2357 3975; x_wconf 89' lang='lat' dir='ltr'><strong>fodiat</strong></span> <span class='ocrx_word' id='word_1_600' title='bbox 2385 3920 2668 3986; x_wconf 91' lang='lat' dir='ltr'><strong>ethnicos,</strong></span> <span class='ocrx_word' id='word_1_601' title='bbox 2729 3918 2799 3972; x_wconf 85' lang='lat' dir='ltr'><strong>ab</strong></span> <span class='ocrx_word' id='word_1_602' title='bbox 2841 3917 2926 3971; x_wconf 90' lang='lat' dir='ltr'><strong>eis</strong></span> <span class='ocrx_word' id='word_1_603' title='bbox 2958 3916 3293 3972; x_wconf 89' lang='lat' dir='ltr'><strong>sciscitatur</strong></span> <span class='ocrx_word' id='word_1_604' title='bbox 3342 3933 3451 3971; x_wconf 93' lang='lat' dir='ltr'><strong>cur</strong></span> <span class='ocrx_word' id='word_1_605' title='bbox 3538 3916 3796 3986; x_wconf 84' lang='lat' dir='ltr'><strong>pessimos</strong></span> 
     </span>
    </p>
   </div>
   <div class='ocr_carea' id='block_1_69' title="bbox 2175 4003 3797 4077">
    <p class='ocr_par' dir='ltr' id='par_1_69' title="bbox 2175 4003 3797 4077">
     <span class='ocr_line' id='line_1_70' title="bbox 2175 4003 3797 4077; baseline -0.007 -13"><span class='ocrx_word' id='word_1_606' title='bbox 2175 4009 2461 4073; x_wconf 91' lang='lat' dir='ltr'><strong>homines,</strong></span> <span class='ocrx_word' id='word_1_607' title='bbox 2494 4013 2550 4062; x_wconf 90' lang='lat' dir='ltr'><strong>et</strong></span> <span class='ocrx_word' id='word_1_608' title='bbox 2580 4007 2749 4071; x_wconf 86' lang='lat' dir='ltr'><strong>aliis,</strong></span> <span class='ocrx_word' id='word_1_609' title='bbox 2791 4023 2940 4077; x_wconf 90' lang='lat' dir='ltr'><strong>quos</strong></span> <span class='ocrx_word' id='word_1_610' title='bbox 2999 4004 3428 4069; x_wconf 89' lang='lat' dir='ltr'><strong>recensuimus,</strong></span> <span class='ocrx_word' id='word_1_611' title='bbox 3490 4003 3797 4059; x_wconf 83' lang='lat' dir='ltr'><strong>illustribus</strong></span> 
     </span>
    </p>
   </div>
   <div class='ocr_carea' id='block_1_70' title="bbox 2173 4088 3798 4169">
    <p class='ocr_par' dir='ltr' id='par_1_70' title="bbox 2173 4088 3798 4169">
     <span class='ocr_line' id='line_1_71' title="bbox 2173 4088 3798 4169; baseline -0.006 -19"><span class='ocrx_word' id='word_1_612' title='bbox 2173 4098 2312 4152; x_wconf 91' lang='lat' dir='ltr'><strong>viris</strong></span> <span class='ocrx_word' id='word_1_613' title='bbox 2336 4096 2509 4169; x_wconf 90' lang='lat' dir='ltr'><strong>longe</strong></span> <span class='ocrx_word' id='word_1_614' title='bbox 2568 4098 2814 4167; x_wconf 86' lang='lat' dir='ltr'><strong>pejores,</strong></span> <span class='ocrx_word' id='word_1_615' title='bbox 2861 4096 3003 4149; x_wconf 89' lang='lat' dir='ltr'><strong>deos</strong></span> <span class='ocrx_word' id='word_1_616' title='bbox 3033 4093 3291 4148; x_wconf 81' lang='lat' dir='ltr'><strong>fecerint.</strong></span> <span class='ocrx_word' id='word_1_617' title='bbox 3350 4093 3649 4163; x_wconf 88' lang='lat' dir='ltr'><strong>Numquid</strong></span> <span class='ocrx_word' id='word_1_618' title='bbox 3704 4088 3798 4143; x_wconf 88' lang='lat' dir='ltr'><strong>ali-</strong></span> 
     </span>
    </p>
   </div>
   <div class='ocr_carea' id='block_1_71' title="bbox 416 4139 3797 4258">
    <p class='ocr_par' dir='ltr' id='par_1_71' title="bbox 416 4139 3797 4258">
     <span class='ocr_line' id='line_1_72' title="bbox 416 4139 3797 4258; baseline 0.005 -39"><span class='ocrx_word' id='word_1_619' title='bbox 416 4139 678 4195; x_wconf 64' lang='lat' dir='ltr'><strong>mmibus</strong></span> <span class='ocrx_word' id='word_1_620' title='bbox 720 4155 733 4194; x_wconf 71' lang='grc'>⁵</span> <span class='ocrx_word' id='word_1_621' title='bbox 2174 4139 3085 4258; x_wconf 36' lang='lat' dir='ltr'><strong>qua-ndvo-cbl‘auss’umgnquit,fuit</strong></span> <span class='ocrx_word' id='word_1_622' title='bbox 3112 4182 3421 4250; x_wconf 75' lang='lat' dir='ltr'><strong>omlum,ut</strong></span> <span class='ocrx_word' id='word_1_623' title='bbox 3450 4139 3594 4237; x_wconf 63' lang='lat' dir='ltr'><strong>illlid</strong></span> <span class='ocrx_word' id='word_1_624' title='bbox 3618 4176 3797 4250; x_wconf 80' lang='lat' dir='ltr'><strong>optimi</strong></span> 
     </span>
    </p>
   </div>
   <div class='ocr_carea' id='block_1_72' title="bbox 542 4270 2066 4345">
    <p class='ocr_par' dir='ltr' id='par_1_72' title="bbox 542 4270 1825 4345">
     <span class='ocr_line' id='line_1_73' title="bbox 542 4270 1825 4345; baseline 0 -29"><span class='ocrx_word' id='word_1_625' title='bbox 542 4271 794 4345; x_wconf 52' lang='lat' dir='ltr'><strong>tito-(nium</strong></span> <span class='ocrx_word' id='word_1_626' title='bbox 818 4282 877 4315; x_wconf 87' lang='lat' dir='ltr'><strong>ac</strong></span> <span class='ocrx_word' id='word_1_627' title='bbox 896 4271 1073 4316; x_wconf 81' lang='lat' dir='ltr'><strong>famam</strong></span> <span class='ocrx_word' id='word_1_628' title='bbox 1099 4270 1444 4345; x_wconf 61' lang='lat' dir='ltr'><strong>Demosthenis</strong></span> <span class='ocrx_word' id='word_1_629' title='bbox 1468 4274 1550 4315; x_wconf 80' lang='lat' dir='ltr'><strong>aut</strong></span> <span class='ocrx_word' id='word_1_630' title='bbox 1580 4270 1825 4316; x_wconf 81' lang='lat' dir='ltr'><strong>Ciceronis</strong></span> 
     </span>
    </p>
   </div>
   <div class='ocr_carea' id='block_1_73' title="bbox 2156 4270 3793 4345">
    <p class='ocr_par' dir='ltr' id='par_1_73' title="bbox 2171 4271 3793 4345">
     <span class='ocr_line' id='line_1_74' title="bbox 2171 4271 3793 4345; baseline -0.004 -17"><span class='ocrx_word' id='word_1_631' title='bbox 2171 4277 2276 4329; x_wconf 88' lang='lat' dir='ltr'><strong>viri</strong></span> <span class='ocrx_word' id='word_1_632' title='bbox 2333 4293 2446 4331; x_wconf 91' lang='lat' dir='ltr'><strong>non</strong></span> <span class='ocrx_word' id='word_1_633' title='bbox 2504 4279 2820 4345; x_wconf 90' lang='lat' dir='ltr'><strong>potuerunt</strong></span> <span class='ocrx_word' id='word_1_634' title='bbox 2877 4271 3151 4341; x_wconf 83' lang='lat' dir='ltr'><strong>deinceps</strong></span> <span class='ocrx_word' id='word_1_635' title='bbox 3212 4271 3498 4340; x_wconf 82' lang='lat' dir='ltr'><strong>ingredi?</strong></span> <span class='ocrx_word' id='word_1_636' title='bbox 3544 4273 3654 4325; x_wconf 89' lang='lat' dir='ltr'><strong>Cur</strong></span> <span class='ocrx_word' id='word_1_637' title='bbox 3679 4281 3793 4338; x_wconf 83' lang='lat' dir='ltr'><strong>ergo</strong></span> 
     </span>
    </p>
   </div>
   <div class='ocr_carea' id='block_1_74' title="bbox 543 4333 3794 4421">
    <p class='ocr_par' dir='ltr' id='par_1_74' title="bbox 543 4333 3794 4421">
     <span class='ocr_line' id='line_1_75' title="bbox 543 4333 3794 4421; baseline -0.004 0"><span class='ocrx_word' id='word_1_638' title='bbox 543 4333 1853 4421; x_wconf 47' lang='grc' dir='ltr'><strong>ξῗῗέξῖδξ.ςῗρξῗιῗζηῗῗηιξίξ,Ἶῗῖῗρῗξδςῗ¹δοῖἶο⁰ἳξῗξᾎ-.,.η.</strong></span> <span class='ocrx_word' id='word_1_639' title='bbox 2171 4366 2313 4421; x_wconf 83' lang='lat' dir='ltr'><strong>illud</strong></span> <span class='ocrx_word' id='word_1_640' title='bbox 2346 4369 2547 4421; x_wconf 82' lang='lat' dir='ltr'><strong>postea</strong></span> <span class='ocrx_word' id='word_1_641' title='bbox 2576 4367 2930 4421; x_wconf 82' lang='lat' dir='ltr'><strong>aperuerunt</strong></span> <span class='ocrx_word' id='word_1_642' title='bbox 2950 4360 3074 4416; x_wconf 91' lang='lat' dir='ltr'><strong>suis</strong></span> <span class='ocrx_word' id='word_1_643' title='bbox 3097 4359 3445 4421; x_wconf 66' lang='lat' dir='ltr'><strong>Cesaribus.</strong></span> <span class='ocrx_word' id='word_1_644' title='bbox 3481 4375 3595 4414; x_wconf 90' lang='lat' dir='ltr'><strong>non</strong></span> <span class='ocrx_word' id='word_1_645' title='bbox 3646 4355 3794 4412; x_wconf 90' lang='lat' dir='ltr'><strong>modo</strong></span> 
     </span>
    </p>
   </div>
   <div class='ocr_carea' id='block_1_75' title="bbox 543 4380 3445 4453">
    <p class='ocr_par' dir='ltr' id='par_1_75' title="bbox 543 4380 3445 4453">
     <span class='ocr_line' id='line_1_76' title="bbox 543 4380 3445 4453; baseline -0.003 -13"><span class='ocrx_word' id='word_1_646' title='bbox 543 4380 779 4452; x_wconf 51' lang='lat' dir='ltr'><strong>Quis-quis.</strong></span> <span class='ocrx_word' id='word_1_647' title='bbox 791 4395 949 4441; x_wconf 83' lang='lat' dir='ltr'><strong>adhuc</strong></span> <span class='ocrx_word' id='word_1_648' title='bbox 969 4409 1060 4440; x_wconf 91' lang='lat' dir='ltr'><strong>uno</strong></span> <span class='ocrx_word' id='word_1_649' title='bbox 1093 4380 1278 4453; x_wconf 69' lang='lat' dir='ltr'><strong>partem</strong></span> <span class='ocrx_word' id='word_1_650' title='bbox 1296 4380 1422 4441; x_wconf 50' lang='lat' dir='ltr'><strong>&#39;colit</strong></span> <span class='ocrx_word' id='word_1_651' title='bbox 1450 4408 1563 4441; x_wconf 81' lang='lat' dir='ltr'><strong>asse</strong></span> <span class='ocrx_word' id='word_1_652' title='bbox 1588 4380 1871 4446; x_wconf 66' lang='lat' dir='ltr'><strong>Minervam.</strong></span> <span class='ocrx_word' id='word_1_653' title='bbox 2096 4440 2137 4453; x_wconf 72' lang='lat'><strong><em>_</em></strong></span> <span class='ocrx_word' id='word_1_654' title='bbox 2171 4380 2313 4421; x_wconf 74' lang='grc' dir='ltr'><strong>Ῑυυσ</strong></span> <span class='ocrx_word' id='word_1_655' title='bbox 2346 4380 2547 4435; x_wconf 49' lang='lat' dir='ltr'><strong>Pone“</strong></span> <span class='ocrx_word' id='word_1_656' title='bbox 2576 4380 2930 4453; x_wconf 57' lang='grc' dir='ltr'><strong>αβθνυοιᾞηί</strong></span> <span class='ocrx_word' id='word_1_657' title='bbox 2950 4380 3074 4453; x_wconf 53' lang='grc' dir='ltr'><strong>εψδ</strong></span> <span class='ocrx_word' id='word_1_658' title='bbox 3097 4380 3445 4453; x_wconf 52' lang='grc' dir='ltr'><strong>υεθδιτξουδν</strong></span> 
     </span>
    </p>
   </div>
   <div class='ocr_carea' id='block_1_76' title="bbox 525 4440 3791 4530">
    <p class='ocr_par' dir='ltr' id='par_1_76' title="bbox 525 4440 3791 4530">
     <span class='ocr_line' id='line_1_77' title="bbox 525 4440 3791 4530; baseline -0.002 -26"><span class='ocrx_word' id='word_1_659' title='bbox 735 4490 749 4504; x_wconf 94' lang='grc'><strong>.</strong></span> <span class='ocrx_word' id='word_1_660' title='bbox 796 4440 819 4502; x_wconf 21' lang='grc' dir='ltr'><strong>ί.</strong></span> <span class='ocrx_word' id='word_1_661' title='bbox 858 4494 887 4530; x_wconf 39' lang='grc'>1.</span> <span class='ocrx_word' id='word_1_662' title='bbox 939 4493 958 4530; x_wconf 24' lang='grc' dir='ltr'>ι.</span> <span class='ocrx_word' id='word_1_663' title='bbox 1017 4491 1028 4502; x_wconf 94' lang='grc'><strong>.</strong></span> <span class='ocrx_word' id='word_1_664' title='bbox 1089 4440 1103 4501; x_wconf 73' lang='grc' dir='ltr'><strong><em>Ῑ</em></strong></span> <span class='ocrx_word' id='word_1_665' title='bbox 1159 4491 1169 4501; x_wconf 93' lang='grc'><strong>.</strong></span> <span class='ocrx_word' id='word_1_666' title='bbox 1211 4491 1239 4530; x_wconf 41' lang='lat'><strong>._.</strong></span> <span class='ocrx_word' id='word_1_667' title='bbox 1276 4492 1311 4530; x_wconf 37' lang='lat' dir='ltr'><strong>ﬁ.</strong></span> <span class='ocrx_word' id='word_1_668' title='bbox 1374 4492 1401 4530; x_wconf 19' lang='grc' dir='ltr'>μ.</span> <span class='ocrx_word' id='word_1_669' title='bbox 1466 4490 1476 4502; x_wconf 93' lang='grc'><strong>.</strong></span> <span class='ocrx_word' id='word_1_670' title='bbox 1610 4491 1619 4500; x_wconf 91' lang='grc'><strong>.</strong></span> <span class='ocrx_word' id='word_1_671' title='bbox 1682 4492 1693 4504; x_wconf 96' lang='grc'><strong>.</strong></span> <span class='ocrx_word' id='word_1_672' title='bbox 1753 4440 1764 4501; x_wconf 81' lang='lat'><strong>.</strong></span> <span class='ocrx_word' id='word_1_673' title='bbox 1824 4440 1869 4501; x_wconf 77' lang='grc'>.’</span> <span class='ocrx_word' id='word_1_674' title='bbox 1911 4492 1922 4503; x_wconf 93' lang='grc'><strong>.</strong></span> <span class='ocrx_word' id='word_1_675' title='bbox 1981 4493 1993 4507; x_wconf 95' lang='grc'><strong>.</strong></span> <span class='ocrx_word' id='word_1_676' title='bbox 2052 4440 2143 4511; x_wconf 86' lang='lat' dir='ltr'><strong>.D</strong></span> <span class='ocrx_word' id='word_1_677' title='bbox 2175 4454 2551 4521; x_wconf 89' lang='lat' dir='ltr'><strong>mortuis,sed</strong></span> <span class='ocrx_word' id='word_1_678' title='bbox 2584 4454 2757 4507; x_wconf 89' lang='lat' dir='ltr'><strong>etiam</strong></span> <span class='ocrx_word' id='word_1_679' title='bbox 2793 4448 3431 4519; x_wconf 84' lang='lat' dir='ltr'><strong>viventibus.omnique</strong></span> <span class='ocrx_word' id='word_1_680' title='bbox 3463 4446 3791 4519; x_wconf 84' lang='lat' dir='ltr'><strong>ﬂagitiorum</strong></span> 
     </span>
    </p>
   </div>
   <div class='ocr_carea' id='block_1_77' title="bbox 541 4519 3792 4615">
    <p class='ocr_par' dir='ltr' id='par_1_77' title="bbox 541 4519 3792 4615">
     <span class='ocr_line' id='line_1_78' title="bbox 541 4519 3792 4615; baseline -0.005 -15"><span class='ocrx_word' id='word_1_681' title='bbox 541 4519 1243 4615; x_wconf 54' lang='lat' dir='ltr'><strong>£21,“,‘3&#39;,:°f,3311“:</strong></span> <span class='ocrx_word' id='word_1_682' title='bbox 2172 4559 2379 4613; x_wconf 80' lang='lat' dir='ltr'><strong>genere</strong></span> <span class='ocrx_word' id='word_1_683' title='bbox 2411 4519 2660 4615; x_wconf 89' lang='lat' dir='ltr'><strong>perditis</strong></span> <span class='ocrx_word' id='word_1_684' title='bbox 2692 4556 2756 4595; x_wconf 90' lang='lat' dir='ltr'><strong>ac</strong></span> <span class='ocrx_word' id='word_1_685' title='bbox 2787 4538 3124 4594; x_wconf 76' lang='lat' dir='ltr'><strong>dissolutis?</strong></span> <span class='ocrx_word' id='word_1_686' title='bbox 3152 4536 3670 4607; x_wconf 87' lang='lat' dir='ltr'><strong>Numquid,pergit</strong></span> <span class='ocrx_word' id='word_1_687' title='bbox 3692 4532 3792 4599; x_wconf 89' lang='lat' dir='ltr'><strong>ille,</strong></span> 
     </span>
    </p>
   </div>
   <div class='ocr_carea' id='block_1_78' title="bbox 542 4581 1750 4638">
    <p class='ocr_par' dir='ltr' id='par_1_78' title="bbox 542 4581 1750 4638">
     <span class='ocr_line' id='line_1_79' title="bbox 542 4581 1750 4638; baseline 0 -11"><span class='ocrx_word' id='word_1_688' title='bbox 542 4581 730 4637; x_wconf 80' lang='lat' dir='ltr'><strong>Largus</strong></span> <span class='ocrx_word' id='word_1_689' title='bbox 757 4588 805 4627; x_wconf 85' lang='lat' dir='ltr'><strong>et</strong></span> <span class='ocrx_word' id='word_1_690' title='bbox 832 4582 1082 4628; x_wconf 82' lang='lat' dir='ltr'><strong>exundans</strong></span> <span class='ocrx_word' id='word_1_691' title='bbox 1110 4582 1239 4627; x_wconf 77' lang='lat' dir='ltr'><strong>letho</strong></span> <span class='ocrx_word' id='word_1_692' title='bbox 1269 4582 1398 4627; x_wconf 82' lang='lat' dir='ltr'><strong>dedit</strong></span> <span class='ocrx_word' id='word_1_693' title='bbox 1425 4582 1601 4638; x_wconf 83' lang='lat' dir='ltr'><strong>ingenii</strong></span> <span class='ocrx_word' id='word_1_694' title='bbox 1628 4583 1750 4627; x_wconf 80' lang='lat' dir='ltr'><strong>fons.</strong></span> 
     </span>
    </p>
   </div>
   <div class='ocr_carea' id='block_1_79' title="bbox 1068 4626 3792 4721">
    <p class='ocr_par' dir='ltr' id='par_1_79' title="bbox 1068 4626 3792 4721">
     <span class='ocr_line' id='line_1_80' title="bbox 1068 4626 3792 4721; baseline 0.004 -14"><span class='ocrx_word' id='word_1_695' title='bbox 1068 4626 1294 4717; x_wconf 50' lang='lat' dir='ltr'><strong>(nam.</strong></span> <span class='ocrx_word' id='word_1_696' title='bbox 1314 4626 1540 4714; x_wconf 46' lang='lat' dir='ltr'><strong>satiavit,</strong></span> <span class='ocrx_word' id='word_1_697' title='bbox 1572 4626 1724 4709; x_wconf 52' lang='grc' dir='ltr'><strong>νίιιε</strong></span> <span class='ocrx_word' id='word_1_698' title='bbox 1744 4626 1794 4709; x_wconf 83' lang='lat' dir='ltr'><strong>et</strong></span> <span class='ocrx_word' id='word_1_699' title='bbox 1817 4667 1986 4721; x_wconf 84' lang='lat' dir='ltr'><strong>seqq.)</strong></span> <span class='ocrx_word' id='word_1_700' title='bbox 2170 4633 2354 4699; x_wconf 67' lang='lat' dir='ltr'><strong>VObisv</strong></span> <span class='ocrx_word' id='word_1_701' title='bbox 2387 4648 2419 4687; x_wconf 89' lang='grc' dir='ltr'>ο</span> <span class='ocrx_word' id='word_1_702' title='bbox 2441 4630 2689 4721; x_wconf 57' lang='grc' dir='ltr'><strong>θῖδηίοίν,</strong></span> <span class='ocrx_word' id='word_1_703' title='bbox 2712 4631 2941 4721; x_wconf 50' lang='grc'><strong>(⁷⁸⁸⁸⁷⁵⁸9</strong></span> <span class='ocrx_word' id='word_1_704' title='bbox 2962 4629 3147 4721; x_wconf 37' lang='lat' dir='ltr'><strong>rem“</strong></span> <span class='ocrx_word' id='word_1_705' title='bbox 3171 4627 3257 4721; x_wconf 43' lang='lat' dir='ltr'><strong>di&quot;</strong></span> <span class='ocrx_word' id='word_1_706' title='bbox 3282 4627 3480 4721; x_wconf 43' lang='lat' dir='ltr'><strong>&quot;FW,</strong></span> <span class='ocrx_word' id='word_1_707' title='bbox 3501 4714 3511 4721; x_wconf 83' lang='grc'><em>,</em></span> <span class='ocrx_word' id='word_1_708' title='bbox 3532 4626 3641 4721; x_wconf 41' lang='lat' dir='ltr'><strong>fin.&quot;</strong></span> <span class='ocrx_word' id='word_1_709' title='bbox 3680 4635 3792 4721; x_wconf 46' lang='lat'><strong>9&#39;3.</strong></span> 
     </span>
    </p>
   </div>
   <div class='ocr_carea' id='block_1_80' title="bbox 2170 4706 3789 4791">
    <p class='ocr_par' dir='ltr' id='par_1_80' title="bbox 2170 4706 3789 4791">
     <span class='ocr_line' id='line_1_81' title="bbox 2170 4706 3789 4791; baseline -0.01 -15"><span class='ocrx_word' id='word_1_710' title='bbox 2170 4722 2514 4785; x_wconf 77' lang='lat' dir='ltr'><strong>tutabantur,</strong></span> <span class='ocrx_word' id='word_1_711' title='bbox 2546 4718 2692 4791; x_wconf 84' lang='lat' dir='ltr'><strong>quod</strong></span> <span class='ocrx_word' id='word_1_712' title='bbox 2721 4734 2879 4788; x_wconf 82' lang='lat' dir='ltr'><strong>pares</strong></span> <span class='ocrx_word' id='word_1_713' title='bbox 2907 4717 3045 4787; x_wconf 78' lang='lat' dir='ltr'><strong>ﬁant</strong></span> <span class='ocrx_word' id='word_1_714' title='bbox 3072 4717 3149 4771; x_wconf 83' lang='lat' dir='ltr'><strong>eis</strong></span> <span class='ocrx_word' id='word_1_715' title='bbox 3177 4715 3391 4771; x_wconf 77' lang='lat' dir='ltr'><strong>domini</strong></span> <span class='ocrx_word' id='word_1_716' title='bbox 3418 4714 3511 4769; x_wconf 77' lang='lat' dir='ltr'><strong>sui</strong></span> <span class='ocrx_word' id='word_1_717' title='bbox 3549 4706 3789 4783; x_wconf 86' lang='lat' dir='ltr'><strong>(Tertull.</strong></span> 
     </span>
    </p>
   </div>
   <div class='ocr_carea' id='block_1_81' title="bbox 480 4799 3792 4880">
    <p class='ocr_par' dir='ltr' id='par_1_81' title="bbox 480 4799 3792 4880">
     <span class='ocr_line' id='line_1_82' title="bbox 480 4799 3792 4880; baseline -0.001 -23"><span class='ocrx_word' id='word_1_718' title='bbox 480 4802 740 4859; x_wconf 87' lang='lat' dir='ltr'><strong>Ethniois</strong></span> <span class='ocrx_word' id='word_1_719' title='bbox 762 4819 919 4875; x_wconf 91' lang='lat' dir='ltr'><strong>ergo,</strong></span> <span class='ocrx_word' id='word_1_720' title='bbox 950 4805 1147 4875; x_wconf 81' lang='lat' dir='ltr'><strong>arguit</strong></span> <span class='ocrx_word' id='word_1_721' title='bbox 1177 4804 1598 4877; x_wconf 84' lang='lat' dir='ltr'><strong>Tertullianus,</strong></span> <span class='ocrx_word' id='word_1_722' title='bbox 1632 4807 1763 4878; x_wconf 90' lang='lat' dir='ltr'><strong>quis</strong></span> <span class='ocrx_word' id='word_1_723' title='bbox 1787 4824 1902 4862; x_wconf 91' lang='lat' dir='ltr'><strong>non</strong></span> <span class='ocrx_word' id='word_1_724' title='bbox 1934 4824 2061 4861; x_wconf 86' lang='lat' dir='ltr'><strong>euc-</strong></span> <span class='ocrx_word' id='word_1_725' title='bbox 2168 4812 2467 4880; x_wconf 77' lang='lat' dir='ltr'><strong>Apoloyet.,</strong></span> <span class='ocrx_word' id='word_1_726' title='bbox 2496 4825 2621 4877; x_wconf 86' lang='lat' dir='ltr'><strong>cap.</strong></span> <span class='ocrx_word' id='word_1_727' title='bbox 2658 4809 2743 4873; x_wconf 72' lang='lat' dir='ltr'><strong>i3,</strong></span> <span class='ocrx_word' id='word_1_728' title='bbox 2788 4824 2842 4877; x_wconf 90' lang='lat' dir='ltr'><strong>p.</strong></span> <span class='ocrx_word' id='word_1_729' title='bbox 2875 4806 3001 4875; x_wconf 86' lang='grc'>347)</span> <span class='ocrx_word' id='word_1_730' title='bbox 3038 4804 3067 4859; x_wconf 82' lang='lat'><strong>?</strong></span> <span class='ocrx_word' id='word_1_731' title='bbox 3117 4804 3308 4860; x_wconf 89' lang='lat' dir='ltr'><strong>Jocari</strong></span> <span class='ocrx_word' id='word_1_732' title='bbox 3368 4819 3504 4858; x_wconf 87' lang='lat' dir='ltr'><strong>eum</strong></span> <span class='ocrx_word' id='word_1_733' title='bbox 3561 4799 3792 4872; x_wconf 83' lang='lat' dir='ltr'><strong>profecto</strong></span> 
     </span>
    </p>
   </div>
   <div class='ocr_carea' id='block_1_82' title="bbox 402 4890 3791 4967">
    <p class='ocr_par' dir='ltr' id='par_1_82' title="bbox 402 4890 3791 4967">
     <span class='ocr_line' id='line_1_83' title="bbox 402 4890 3791 4967; baseline -0.001 -20"><span class='ocrx_word' id='word_1_734' title='bbox 402 4897 659 4961; x_wconf 89' lang='lat' dir='ltr'><strong>censeat,</strong></span> <span class='ocrx_word' id='word_1_735' title='bbox 694 4893 793 4963; x_wconf 81' lang='lat' dir='ltr'><strong>qui</strong></span> <span class='ocrx_word' id='word_1_736' title='bbox 827 4909 958 4948; x_wconf 91' lang='lat' dir='ltr'><strong>cum</strong></span> <span class='ocrx_word' id='word_1_737' title='bbox 993 4899 1076 4949; x_wconf 91' lang='lat' dir='ltr'><strong>tot</strong></span> <span class='ocrx_word' id='word_1_738' title='bbox 1114 4896 1270 4949; x_wconf 88' lang='lat' dir='ltr'><strong>viros</strong></span> <span class='ocrx_word' id='word_1_739' title='bbox 1299 4894 1509 4949; x_wconf 89' lang='lat' dir='ltr'><strong>virtute</strong></span> <span class='ocrx_word' id='word_1_740' title='bbox 1541 4900 1598 4950; x_wconf 93' lang='lat' dir='ltr'><strong>et</strong></span> <span class='ocrx_word' id='word_1_741' title='bbox 1651 4894 1877 4951; x_wconf 90' lang='lat' dir='ltr'><strong>meritis</strong></span> <span class='ocrx_word' id='word_1_742' title='bbox 1911 4896 2056 4951; x_wconf 90' lang='lat' dir='ltr'><strong>adeo</strong></span> <span class='ocrx_word' id='word_1_743' title='bbox 2168 4898 2374 4965; x_wconf 89' lang='lat' dir='ltr'><strong>sentis,</strong></span> <span class='ocrx_word' id='word_1_744' title='bbox 2406 4902 2463 4953; x_wconf 91' lang='lat' dir='ltr'><strong>et</strong></span> <span class='ocrx_word' id='word_1_745' title='bbox 2494 4897 2877 4967; x_wconf 86' lang='lat' dir='ltr'><strong>imperatores</strong></span> <span class='ocrx_word' id='word_1_746' title='bbox 2900 4894 2972 4950; x_wconf 89' lang='lat' dir='ltr'><strong>ab</strong></span> <span class='ocrx_word' id='word_1_747' title='bbox 3003 4893 3101 4949; x_wconf 92' lang='lat' dir='ltr'><strong>illo</strong></span> <span class='ocrx_word' id='word_1_748' title='bbox 3134 4894 3371 4948; x_wconf 88' lang='lat' dir='ltr'><strong>deorum</strong></span> <span class='ocrx_word' id='word_1_749' title='bbox 3406 4890 3674 4947; x_wconf 88' lang='lat' dir='ltr'><strong>dominos</strong></span> <span class='ocrx_word' id='word_1_750' title='bbox 3706 4902 3791 4953; x_wconf 85' lang='lat' dir='ltr'><strong>ap-</strong></span> 
     </span>
    </p>
   </div>
   <div class='ocr_carea' id='block_1_83' title="bbox 404 4978 3793 5057">
    <p class='ocr_par' dir='ltr' id='par_1_83' title="bbox 404 4978 3793 5057">
     <span class='ocr_line' id='line_1_84' title="bbox 404 4978 3793 5057; baseline -0.003 -20"><span class='ocrx_word' id='word_1_751' title='bbox 404 4980 752 5053; x_wconf 28' lang='lat' dir='ltr'><strong>exclellentes</strong></span> <span class='ocrx_word' id='word_1_752' title='bbox 782 4982 837 5036; x_wconf 90' lang='lat' dir='ltr'><strong>in</strong></span> <span class='ocrx_word' id='word_1_753' title='bbox 873 4982 1076 5038; x_wconf 79' lang='lat' dir='ltr'><strong>inferis</strong></span> <span class='ocrx_word' id='word_1_754' title='bbox 1101 4983 1483 5055; x_wconf 80' lang='lat' dir='ltr'><strong>reliquerunt,</strong></span> <span class='ocrx_word' id='word_1_755' title='bbox 1519 5000 1583 5040; x_wconf 90' lang='lat' dir='ltr'><strong>ac</strong></span> <span class='ocrx_word' id='word_1_756' title='bbox 1608 4988 1694 5037; x_wconf 90' lang='lat' dir='ltr'><strong>tot</strong></span> <span class='ocrx_word' id='word_1_757' title='bbox 1729 4983 1872 5038; x_wconf 87' lang='lat' dir='ltr'><strong>alios</strong></span> <span class='ocrx_word' id='word_1_758' title='bbox 1930 5001 2054 5039; x_wconf 87' lang='lat' dir='ltr'><strong>sce-</strong></span> <span class='ocrx_word' id='word_1_759' title='bbox 2165 4986 2404 5057; x_wconf 87' lang='lat' dir='ltr'><strong>pellari:</strong></span> <span class='ocrx_word' id='word_1_760' title='bbox 2439 4986 2578 5057; x_wconf 89' lang='lat' dir='ltr'><strong>quia</strong></span> <span class='ocrx_word' id='word_1_761' title='bbox 2610 4986 2666 5038; x_wconf 92' lang='lat' dir='ltr'><strong>in</strong></span> <span class='ocrx_word' id='word_1_762' title='bbox 2694 5000 2918 5049; x_wconf 90' lang='lat' dir='ltr'><strong>eorum,</strong></span> <span class='ocrx_word' id='word_1_763' title='bbox 2956 4988 3021 5038; x_wconf 92' lang='lat' dir='ltr'><strong>ut</strong></span> <span class='ocrx_word' id='word_1_764' title='bbox 3044 4985 3169 5054; x_wconf 87' lang='lat' dir='ltr'><strong>jam</strong></span> <span class='ocrx_word' id='word_1_765' title='bbox 3200 4981 3483 5043; x_wconf 82' lang='lat' dir='ltr'><strong>diximus,</strong></span> <span class='ocrx_word' id='word_1_766' title='bbox 3534 4978 3793 5049; x_wconf 78' lang='lat' dir='ltr'><strong>potestate</strong></span> 
     </span>
    </p>
   </div>
   <div class='ocr_carea' id='block_1_84' title="bbox 400 5061 3790 5144">
    <p class='ocr_par' dir='ltr' id='par_1_84' title="bbox 400 5061 3790 5144">
     <span class='ocr_line' id='line_1_85' title="bbox 400 5061 3790 5144; baseline -0.003 -19"><span class='ocrx_word' id='word_1_767' title='bbox 400 5070 577 5125; x_wconf 87' lang='lat' dir='ltr'><strong>lestos</strong></span> <span class='ocrx_word' id='word_1_768' title='bbox 621 5074 677 5125; x_wconf 88' lang='lat' dir='ltr'><strong>et</strong></span> <span class='ocrx_word' id='word_1_769' title='bbox 726 5070 1197 5143; x_wconf 88' lang='lat' dir='ltr'><strong>improbissimos</strong></span> <span class='ocrx_word' id='word_1_770' title='bbox 1244 5078 1376 5144; x_wconf 89' lang='lat' dir='ltr'><strong>post</strong></span> <span class='ocrx_word' id='word_1_771' title='bbox 1421 5089 1622 5128; x_wconf 90' lang='lat' dir='ltr'><strong>eorum</strong></span> <span class='ocrx_word' id='word_1_772' title='bbox 1673 5077 1919 5128; x_wconf 90' lang='lat' dir='ltr'><strong>mortem</strong></span> <span class='ocrx_word' id='word_1_773' title='bbox 1980 5075 2051 5128; x_wconf 92' lang='lat' dir='ltr'><strong>ob</strong></span> <span class='ocrx_word' id='word_1_774' title='bbox 2162 5080 2283 5130; x_wconf 84' lang='lat' dir='ltr'><strong>erat</strong></span> <span class='ocrx_word' id='word_1_775' title='bbox 2313 5078 2416 5130; x_wconf 90' lang='lat' dir='ltr'><strong>aut</strong></span> <span class='ocrx_word' id='word_1_776' title='bbox 2454 5090 2632 5129; x_wconf 88' lang='lat' dir='ltr'><strong>novos</strong></span> <span class='ocrx_word' id='word_1_777' title='bbox 2667 5073 2851 5127; x_wconf 87' lang='lat' dir='ltr'><strong>facere</strong></span> <span class='ocrx_word' id='word_1_778' title='bbox 2878 5072 3040 5139; x_wconf 90' lang='lat' dir='ltr'><strong>deos,</strong></span> <span class='ocrx_word' id='word_1_779' title='bbox 3072 5071 3318 5139; x_wconf 87' lang='lat' dir='ltr'><strong>autjam</strong></span> <span class='ocrx_word' id='word_1_780' title='bbox 3378 5068 3559 5123; x_wconf 89' lang='lat' dir='ltr'><strong>factos</strong></span> <span class='ocrx_word' id='word_1_781' title='bbox 3612 5061 3790 5118; x_wconf 83' lang='lat' dir='ltr'><strong>tollere</strong></span> 
     </span>
    </p>
   </div>
   <div class='ocr_carea' id='block_1_85' title="bbox 402 5149 3786 5234">
    <p class='ocr_par' dir='ltr' id='par_1_85' title="bbox 402 5149 3786 5234">
     <span class='ocr_line' id='line_1_86' title="bbox 402 5149 3786 5234; baseline -0.004 -19"><span class='ocrx_word' id='word_1_782' title='bbox 402 5161 668 5232; x_wconf 67' lang='lat' dir='ltr'><strong>quaedam</strong></span> <span class='ocrx_word' id='word_1_783' title='bbox 702 5161 933 5234; x_wconf 79' lang='lat' dir='ltr'><strong>egregia</strong></span> <span class='ocrx_word' id='word_1_784' title='bbox 986 5161 1242 5216; x_wconf 88' lang='lat' dir='ltr'><strong>facinora</strong></span> <span class='ocrx_word' id='word_1_785' title='bbox 1304 5162 1441 5218; x_wconf 88' lang='lat' dir='ltr'><strong>deos</strong></span> <span class='ocrx_word' id='word_1_786' title='bbox 1498 5163 1865 5219; x_wconf 87' lang='lat' dir='ltr'><strong>renuntiatos</strong></span> <span class='ocrx_word' id='word_1_787' title='bbox 1923 5179 2052 5219; x_wconf 90' lang='lat' dir='ltr'><strong>esse</strong></span> <span class='ocrx_word' id='word_1_788' title='bbox 2161 5165 2233 5219; x_wconf 90' lang='lat' dir='ltr'><strong>de</strong></span> <span class='ocrx_word' id='word_1_789' title='bbox 2264 5164 2473 5219; x_wconf 91' lang='lat' dir='ltr'><strong>medio.</strong></span> <span class='ocrx_word' id='word_1_790' title='bbox 2508 5163 2621 5217; x_wconf 90' lang='lat' dir='ltr'><strong>Nec</strong></span> <span class='ocrx_word' id='word_1_791' title='bbox 2654 5164 2853 5217; x_wconf 87' lang='lat' dir='ltr'><strong>minus</strong></span> <span class='ocrx_word' id='word_1_792' title='bbox 2887 5160 3261 5231; x_wconf 90' lang='lat' dir='ltr'><strong>perspicuum</strong></span> <span class='ocrx_word' id='word_1_793' title='bbox 3288 5161 3578 5227; x_wconf 87' lang='lat' dir='ltr'><strong>estquam</strong></span> <span class='ocrx_word' id='word_1_794' title='bbox 3600 5149 3786 5206; x_wconf 86' lang='lat' dir='ltr'><strong>validis</strong></span> 
     </span>
    </p>
   </div>
   <div class='ocr_carea' id='block_1_86' title="bbox 388 5234 3784 5323">
    <p class='ocr_par' dir='ltr' id='par_1_86' title="bbox 388 5234 3784 5323">
     <span class='ocr_line' id='line_1_87' title="bbox 388 5234 3784 5323; baseline -0.004 -18"><span class='ocrx_word' id='word_1_795' title='bbox 388 5249 734 5322; x_wconf 86' lang='lat' dir='ltr'><strong>garriebant</strong></span> <span class='ocrx_word' id='word_1_796' title='bbox 756 5249 1016 5311; x_wconf 71' lang='lat' dir='ltr'><strong>(Tertull.</strong></span> <span class='ocrx_word' id='word_1_797' title='bbox 1051 5250 1348 5321; x_wconf 80' lang='lat' dir='ltr'><strong>Apologet.,</strong></span> <span class='ocrx_word' id='word_1_798' title='bbox 1380 5267 1508 5323; x_wconf 87' lang='lat' dir='ltr'><strong>cap.</strong></span> <span class='ocrx_word' id='word_1_799' title='bbox 1545 5252 1632 5319; x_wconf 89' lang='lat'><strong>11,</strong></span> <span class='ocrx_word' id='word_1_800' title='bbox 1662 5268 1719 5323; x_wconf 90' lang='lat' dir='ltr'><strong>p.</strong></span> <span class='ocrx_word' id='word_1_801' title='bbox 1761 5252 1889 5320; x_wconf 90' lang='lat'><strong>337)</strong></span> <span class='ocrx_word' id='word_1_802' title='bbox 1917 5250 1944 5306; x_wconf 89' lang='lat'><strong>?</strong></span> <span class='ocrx_word' id='word_1_803' title='bbox 2158 5252 2257 5307; x_wconf 90' lang='lat' dir='ltr'><strong>ille</strong></span> <span class='ocrx_word' id='word_1_804' title='bbox 2281 5251 2609 5306; x_wconf 89' lang='lat' dir='ltr'><strong>rationibus</strong></span> <span class='ocrx_word' id='word_1_805' title='bbox 2638 5250 2999 5304; x_wconf 87' lang='lat' dir='ltr'><strong>demonstret</strong></span> <span class='ocrx_word' id='word_1_806' title='bbox 3039 5247 3184 5302; x_wconf 90' lang='lat' dir='ltr'><strong>nihil</strong></span> <span class='ocrx_word' id='word_1_807' title='bbox 3216 5246 3289 5302; x_wconf 88' lang='lat' dir='ltr'><strong>ab</strong></span> <span class='ocrx_word' id='word_1_808' title='bbox 3343 5244 3594 5300; x_wconf 86' lang='lat' dir='ltr'><strong>ethnicis</strong></span> <span class='ocrx_word' id='word_1_809' title='bbox 3662 5234 3784 5306; x_wconf 76' lang='lat' dir='ltr'><strong>ﬁngi</strong></span> 
     </span>
    </p>
   </div>
   <div class='ocr_carea' id='block_1_87' title="bbox 469 5333 3779 5411">
    <p class='ocr_par' dir='ltr' id='par_1_87' title="bbox 469 5333 3779 5411">
     <span class='ocr_line' id='line_1_88' title="bbox 469 5333 3779 5411; baseline -0.004 -18"><span class='ocrx_word' id='word_1_810' title='bbox 469 5339 647 5411; x_wconf 86' lang='lat' dir='ltr'><strong>Urget</strong></span> <span class='ocrx_word' id='word_1_811' title='bbox 693 5338 884 5393; x_wconf 88' lang='lat' dir='ltr'><strong>adhuc</strong></span> <span class='ocrx_word' id='word_1_812' title='bbox 940 5338 1039 5392; x_wconf 91' lang='lat' dir='ltr'><strong>ille</strong></span> <span class='ocrx_word' id='word_1_813' title='bbox 1090 5338 1248 5407; x_wconf 83' lang='lat' dir='ltr'><strong>(Ibid.</strong></span> <span class='ocrx_word' id='word_1_814' title='bbox 1310 5354 1435 5409; x_wconf 85' lang='lat' dir='ltr'><strong>cap.</strong></span> <span class='ocrx_word' id='word_1_815' title='bbox 1498 5339 1587 5404; x_wconf 88' lang='lat'><strong>13,</strong></span> <span class='ocrx_word' id='word_1_816' title='bbox 1646 5356 1700 5409; x_wconf 92' lang='lat' dir='ltr'><strong>p.</strong></span> <span class='ocrx_word' id='word_1_817' title='bbox 1734 5341 1884 5408; x_wconf 78' lang='grc'>347),</span> <span class='ocrx_word' id='word_1_818' title='bbox 1931 5356 2043 5395; x_wconf 87' lang='lat' dir='ltr'><strong>ac:</strong></span> <span class='ocrx_word' id='word_1_819' title='bbox 2159 5341 2351 5411; x_wconf 89' lang='lat' dir='ltr'><strong>potius</strong></span> <span class='ocrx_word' id='word_1_820' title='bbox 2383 5338 2689 5400; x_wconf 81' lang='lat' dir='ltr'><strong>insulsius.</strong></span> <span class='ocrx_word' id='word_1_821' title='bbox 2723 5353 2897 5403; x_wconf 89' lang='lat' dir='ltr'><strong>quam</strong></span> <span class='ocrx_word' id='word_1_822' title='bbox 2934 5335 3199 5392; x_wconf 86' lang='lat' dir='ltr'><strong>homines</strong></span> <span class='ocrx_word' id='word_1_823' title='bbox 3253 5336 3326 5391; x_wconf 91' lang='lat' dir='ltr'><strong>oh</strong></span> <span class='ocrx_word' id='word_1_824' title='bbox 3356 5333 3619 5405; x_wconf 69' lang='lat' dir='ltr'><strong>quasdam</strong></span> <span class='ocrx_word' id='word_1_825' title='bbox 3673 5341 3779 5381; x_wconf 87' lang='lat' dir='ltr'><strong>me-</strong></span> 
     </span>
    </p>
   </div>
   <div class='ocr_carea' id='block_1_88' title="bbox 398 5421 3780 5498">
    <p class='ocr_par' dir='ltr' id='par_1_88' title="bbox 398 5421 3780 5498">
     <span class='ocr_line' id='line_1_89' title="bbox 398 5421 3780 5498; baseline -0.004 -14"><span class='ocrx_word' id='word_1_826' title='bbox 398 5430 554 5498; x_wconf 67' lang='lat' dir='ltr'><strong>Qum,</strong></span> <span class='ocrx_word' id='word_1_827' title='bbox 588 5428 804 5498; x_wconf 89' lang='lat' dir='ltr'><strong>inquit,</strong></span> <span class='ocrx_word' id='word_1_828' title='bbox 858 5428 1098 5482; x_wconf 86' lang='lat' dir='ltr'><strong>fuerunt</strong></span> <span class='ocrx_word' id='word_1_829' title='bbox 1145 5426 1263 5480; x_wconf 73' lang='lat' dir='ltr'><strong>date</strong></span> <span class='ocrx_word' id='word_1_830' title='bbox 1312 5427 1633 5482; x_wconf 65' lang='lat' dir='ltr'><strong>Larentina;</strong></span> <span class='ocrx_word' id='word_1_831' title='bbox 1688 5429 1934 5485; x_wconf 89' lang='lat' dir='ltr'><strong>virtutes</strong></span> <span class='ocrx_word' id='word_1_832' title='bbox 1990 5433 2048 5485; x_wconf 89' lang='lat' dir='ltr'><strong>et</strong></span> <span class='ocrx_word' id='word_1_833' title='bbox 2155 5430 2286 5497; x_wconf 90' lang='lat' dir='ltr'><strong>rita,</strong></span> <span class='ocrx_word' id='word_1_834' title='bbox 2347 5434 2449 5484; x_wconf 89' lang='lat' dir='ltr'><strong>aut</strong></span> <span class='ocrx_word' id='word_1_835' title='bbox 2505 5425 2791 5484; x_wconf 87' lang='lat' dir='ltr'><strong>nonnulla</strong></span> <span class='ocrx_word' id='word_1_836' title='bbox 2846 5425 3061 5482; x_wconf 80' lang='lat' dir='ltr'><strong>eximia</strong></span> <span class='ocrx_word' id='word_1_837' title='bbox 3120 5426 3381 5481; x_wconf 84' lang='lat' dir='ltr'><strong>facinora</strong></span> <span class='ocrx_word' id='word_1_838' title='bbox 3447 5421 3630 5476; x_wconf 85' lang='lat' dir='ltr'><strong>factos</strong></span> <span class='ocrx_word' id='word_1_839' title='bbox 3668 5426 3780 5471; x_wconf 74' lang='lat' dir='ltr'><strong>esse</strong></span> 
     </span>
    </p>
   </div>
   <div class='ocr_carea' id='block_1_89' title="bbox 399 5515 2313 5590">
    <p class='ocr_par' dir='ltr' id='par_1_89' title="bbox 399 5515 2313 5590">
     <span class='ocr_line' id='line_1_90' title="bbox 399 5515 2313 5590; baseline 0.001 -18"><span class='ocrx_word' id='word_1_840' title='bbox 399 5517 609 5573; x_wconf 87' lang='lat' dir='ltr'><strong>merita</strong></span> <span class='ocrx_word' id='word_1_841' title='bbox 636 5515 665 5569; x_wconf 83' lang='lat'><strong>?</strong></span> <span class='ocrx_word' id='word_1_842' title='bbox 692 5516 880 5572; x_wconf 83' lang='lat' dir='ltr'><strong>Nonne</strong></span> <span class='ocrx_word' id='word_1_843' title='bbox 909 5516 1190 5586; x_wconf 81' lang='lat' dir='ltr'><strong>publicum</strong></span> <span class='ocrx_word' id='word_1_844' title='bbox 1216 5520 1452 5571; x_wconf 78' lang='lat' dir='ltr'><strong>scortum</strong></span> <span class='ocrx_word' id='word_1_845' title='bbox 1507 5521 1632 5572; x_wconf 87' lang='lat' dir='ltr'><strong>erat</strong></span> <span class='ocrx_word' id='word_1_846' title='bbox 1650 5515 1681 5570; x_wconf 70' lang='grc' dir='ltr'><strong><em>τ</em></strong></span> <span class='ocrx_word' id='word_1_847' title='bbox 1705 5516 1862 5573; x_wconf 83' lang='lat' dir='ltr'><strong>Satis</strong></span> <span class='ocrx_word' id='word_1_848' title='bbox 1910 5534 2042 5590; x_wconf 90' lang='lat' dir='ltr'><strong>pro-</strong></span> <span class='ocrx_word' id='word_1_849' title='bbox 2152 5518 2313 5574; x_wconf 81' lang='lat' dir='ltr'><strong>deos.</strong></span> 
     </span>
    </p>
   </div>
  </div>
