4134 6184
356 360 509 419 1201

959 506 1278 546 Αιιτιουιυε
1322 506 1395 544 ιν.

355 597 651 671 Re/ellitur
678 596 867 671 fictum
896 612 931 650 a
968 597 1203 671 Varrone
1245 596 1473 671 triplem
1501 595 1723 671 deorum
1770 612 1955 671 genus
1992 613 2011 649 :

416 668 734 739 physicum,
794 684 891 723 seu
937 668 1241 733 naturale,-
1290 669 1622 737 mythicam,
1655 670 1773 724 sive
1799 668 2013 738 fabulo-

417 756 581 801 sum;
612 748 664 795 et
690 739 920 810 gentile,
951 742 1066 794 sive
1091 740 1255 794 civile
1280 750 1334 794 et
1360 740 1652 811 populare.

418 881 737 937 Gentilium
770 883 841 937 de
877 881 987 937 diis
1010 881 1136 937 suis
1185 898 1435 950 errores,
1493 884 1557 936 ut
1608 881 2008 936 Tertullianus

346 970 671 1027 raddicitus
699 970 928 1035 evellet,
955 970 1013 1025 in
1048 970 1306 1025 secundo
1340 986 1447 1025 suo
1477 969 1548 1023 ad
1569 969 1827 1025 Nationes
1861 970 2006 1025 libro

346 1058 612 1132 (Tertull.
649 1059 749 1114 lib.
786 1076 825 1115 ιι
854 1058 926 1114 ad
955 1060 1205 1124 Nation.,
1237 1074 1365 1128 cap.
1402 1061 1423 1112 1
1463 1060 1521 1113 et
1551 1073 1717 1128 seqq.
1752 1074 1807 1128 p.
1839 1058 1908 1111 64
1952 1062 2009 1112 et

343 1150 534 1221 seqq.)
565 1165 633 1204 ea
666 1147 861 1204 omnia
911 1147 1147 1213 refellit,
1196 1163 1324 1218 quas
1376 1147 1447 1201 de
1500 1145 1619 1200 illis
1669 1163 1701 1200 a
1748 1146 2007 1201 Varrone

339 1237 397 1292 in
430 1238 628 1293 citatis
664 1238 735 1292 ab
766 1236 1096 1307 Augustino
1129 1235 1423 1291 sexdecim
1459 1236 1530 1291 de
1561 1235 1776 1290 divinis
1832 1235 2006 1290 rebus

338 1326 508 1382 libris
557 1327 777 1382 tradita
830 1326 1063 1381 fuerant
1114 1327 1382 1396 (August.
1440 1324 1547 1379 lib.
1612 1341 1686 1379 ιν.
1718 1326 1787 1378 de
1816 1325 2003 1393 Civit.,

335 1433 461 1487 cap.
495 1418 553 1483 2,
588 1435 645 1489 p.
685 1417 828 1485 147).
866 1416 1039 1472 Illum
1073 1420 1271 1471 autem
1308 1415 1655 1470 nominatim
1690 1417 2001 1469 confutan-

336 1507 478 1561 dum
511 1521 639 1561 esse
668 1506 989 1561 arbitratus
1016 1505 1273 1576 est;quia
1302 1505 1569 1558 omnium
1624 1504 2003 1573 scriptorum,

338 1600 404 1650 ut
434 1612 543 1650 suo
575 1595 699 1650 loco
730 1594 1101 1650 ostendimus
1133 1595 1453 1663 (Dissertat.
1488 1595 1549 1647 in
1580 1595 1848 1659 Lactant.,
1872 1608 2000 1663 cap.

334 1686 441 1739 ult.
477 1689 585 1739 art.
621 1685 698 1755 3),
732 1683 1117 1739 acutissimus
1151 1682 1647 1753 doctissimusquo
1696 1680 2001 1735 existima-

340 1774 478 1829 batu
489 1791 535 1828 r.

1298 360 1372 418 D.
1420 358 1516 418 LE
1562 358 1887 420 NOUltltY
1934 356 2589 419 OBSERVATIUNES
2634 357 2890 420 NOV/E.

2034 492 2087 557 Α
2118 486 2353 558 vulgus,
2406 492 2538 558 post
2586 488 2712 543 vita:
2772 487 2947 555 hujus
3000 482 3268 541 mortatis
3316 486 3548 553 tempus
3615 476 3776 533 omni

3618 347 3776 406 1202

2124 577 2409 632 scelerum
2446 593 2676 647 genere,
2710 578 2792 630 uti
2845 575 3060 645 saepius
3109 573 3384 641 diximus,
3434 570 3770 633 decursum,

2123 682 2367 721 numero
2398 666 2638 721 deorum
2671 663 2924 720 adscribi
2958 661 3286 718 tinxerant?

2188 754 2423 826 Triplex
2456 758 2648 808 autem
2681 751 2824 806 illud
2861 753 3103 807 deorum
3137 767 3323 821 genus
3371 745 3770 803 Tertullianus

2120 847 2324 898 noster
2352 842 2527 896 variis
2559 842 2853 897 rationum
2887 840 3300 903 momentis,ac
3333 841 3534 909 postea
3564 842 3768 905 Augu-

2119 934 2310 987 stinus
2343 932 2607 987 funditus
2639 936 2905 987 evertunt
2937 931 3139 1001 (Idem,
3172 927 3274 983 lib.
3324 944 3403 992 v1,
3454 942 3582 996 cap.
3632 924 3670 978 5
3714 927 3772 978 et

2118 1038 2305 1093 seqq.,
2358 1038 2489 1093 pag.
2543 1022 2645 1077 150
2676 1026 2735 1075 et
2761 1019 2986 1091 seqq.).
3020 1023 3267 1073 Necesse
3298 1015 3477 1085 igitur
3506 1029 3623 1068 non
3654 1016 3767 1078 est,

2117 1115 2182 1164 ut
2212 1126 2277 1165 ea
2308 1127 2432 1181 quae
2464 1111 2535 1164 ab
2565 1110 2671 1164 hoc
2702 1114 2867 1165 tanto
2890 1110 3123 1162 doctore
3154 1105 3485 1161 examinata
3505 1102 3768 1157 enuclea-

2117 1206 2290 1270 taque
2320 1203 2461 1254 sunt
2493 1198 2691 1267 (Idem,
2727 1198 2825 1252 lib.
2866 1213 2937 1266 ιν,
2966 1213 3094 1267 cap.
3127 1195 3189 1249 31
3247 1201 3304 1249 et
3355 1209 3516 1264 seqq.
3564 1195 3619 1245 et
3661 1190 3763 1245 lib.

2114 1305 2239 1359 vm,
2292 1305 2417 1360 cap.
2469 1289 2492 1341 1
2536 1292 2592 1342 et
2622 1303 2784 1359 seqq.
2821 1302 2953 1358 pag.
2993 1286 3093 1338 162
3123 1289 3179 1338 et
3208 1283 3421 1354 seqq.),
3458 1279 3763 1351 sigillatim

2116 1394 2149 1432 a
2179 1377 2349 1432 nobis
2381 1393 2535 1431 nunc
2566 1376 2945 1444 explicentur.
2984 1374 3199 1429 Deinde
3233 1388 3368 1427 vero
3418 1371 3464 1425 si
3513 1369 3655 1440 quid
3703 1368 3761 1421 in

2114 1463 2199 1517 eis
2230 1463 2597 1517 difficultatis
2628 1462 2902 1527 occurrit,
2936 1460 2993 1513 id
3029 1460 3083 1513 in
3121 1460 3229 1513 hac
3260 1457 3510 1528 aliisque
3535 1452 3764 1508 fnostris

2113 1551 2634 1607 dissertationibus
2664 1567 2767 1622 pro
2797 1549 2951 1605 virili
2986 1555 3149 1621 parte
3197 1552 3392 1603 nostra
3422 1541 3759 1613 complana-

2109 1644 2237 1695 tum
2268 1644 2378 1695 est.

2699 1754 2929 1812 CAPUT
2968 1753 3159 1808 XXVI.

406 1862 640 1934 Triplex
670 1866 869 1918 autem
902 1860 999 1915 ille
1030 1860 1378 1916 distinxerat
1407 1858 1638 1930 gentilis
1668 1858 1995 1929 theologica,

2124 1872 2284 1940 Quam
2343 1874 2650 1927 luculenter
2705 1870 3079 1925 Tertullianus
3125 1868 3470 1923 ethnicorum
3528 1864 3753 1940 litleris,

334 1954 375 2007 Ι
397 1952 542 2008 102
568 1967 673 2005 seu
708 1952 948 2006 deorum
973 1965 1182 2022 genus;
1202 1954 1257 2004 et
1287 1949 1543 2020 primum
1574 1948 1813 2020 quidem
1849 1947 1998 2019 phy-

332 2041 546 2111 sicum,
580 2040 701 2096 sive
732 2038 1019 2103 naturale,
1053 2039 1206 2110 quod
1260 2036 1594 2111 philosophi
1645 2036 1892 2109 gentiles
1936 2035 1995 2090 in

334 2128 555 2185 scholis
604 2128 751 2196 suis,
805 2128 1256 2198 innumerisque
1286 2142 1432 2198 pene
1461 2125 1519 2180 in
1552 2124 1998 2180 commentatio-

333 2219 511 2273 nibus
543 2234 804 2274 asserere
835 2218 1054 2272 frustra
1086 2216 1274 2271 conati
1308 2219 1470 2270 suut.
1498 2220 1644 2269 Nam
1691 2214 1811 2268 haec
1859 2217 1999 2268 sunt

336 2308 582 2378 hujusce
654 2306 941 2361 Varronis
1010 2306 1191 2361 citata
1244 2306 1316 2359 ab
1374 2303 1701 2375 Augustino
1752 2303 1927 2357 verba
1981 2320 1995 2357 ε

348 2418 378 2446 ιι
407 2396 620 2451 Multos
652 2395 833 2451 libros
876 2394 1209 2467 philosophi
1258 2393 1643 2465 reliquerunt,
1688 2391 1747 2446 in
1782 2391 1997 2462 quibus

347 2490 438 2541 est
473 2502 486 2540 :
520 2484 611 2541 Dii
645 2484 742 2556 qui
776 2484 914 2551 sint,
950 2484 1049 2539 ubi
1110 2483 1249 2551 sint,
1281 2484 1436 2554 quod
1489 2498 1696 2554 genus,
1750 2479 1942 2551 quale,
1967 2496 1998 2533 n

344 2590 597 2645 quonam
646 2579 927 2645 tempore,
984 2590 1053 2627 an
1098 2589 1132 2627 a
1163 2571 1521 2643 sempiterno
1553 2569 1791 2631 fuerint,
1824 2586 1895 2623 an
1932 2585 1999 2623 ex

346 2663 479 2735 igne
511 2663 651 2729 sint,
688 2666 751 2717 ut
781 2660 967 2717 credit
997 2660 1363 2726 Heraclitus;
1399 2677 1468 2713 an
1502 2676 1570 2714 ex
1601 2656 1885 2725 numeris,
1935 2661 2000 2711 ut

346 2752 731 2824 Pythagoras;
763 2767 837 2805 an
869 2768 937 2806 ex
965 2749 1272 2815 atomis,ut
1300 2748 1696 2821 Epicnrus,sic
1726 2747 1840 2801 alia
1870 2762 1997 2817 quas

345 2840 574 2895 facilius
603 2838 760 2895 intra
790 2839 1041 2911 parietes
1072 2839 1128 2893 in
1162 2837 1557 2907 schola,quam
1592 2840 1753 2891 extra
1782 2835 1841 2889 in
1876 2836 1996 2889 foro

344 2930 493 2983 ferre
525 2931 775 3000 possunt
807 2944 977 2982 aures
1012 2949 1040 2976 η
1092 2929 1353 2997 (August.
1410 2926 1512 2981 lib.
1564 2942 1640 2989 v1,
1691 2925 1759 2979 de
1807 2925 1991 2988 Civit.,

343 3034 473 3089 cap.
522 3019 579 3081 5,
629 3034 687 3090 p.
742 3016 888 3088 150).
946 3016 1054 3073 Sed
1106 3015 1192 3070 hi8
1240 3015 1729 3088 philosophorum
1779 3014 1851 3068 de
1881 3012 1994 3068 diis

343 3105 747 3162 dissensiones
777 3110 834 3160 et
876 3104 1282 3161 controversiae
1333 3104 1700 3176 apertissime
1748 3103 1991 3157 demon-

340 3200 531 3249 strant
562 3193 741 3250 falsas
770 3195 1176 3266 absurdasque
1200 3194 1434 3265 penitus
1455 3194 1636 3249 fuisse
1656 3190 1889 3247 illorum
1920 3192 1991 3245 de

340 3282 456 3338 diis
486 3282 614 3339 suis
641 3282 969 3355 opiniones.

413 3371 747 3427 Secundum
780 3372 1022 3427 deorum
1053 3387 1236 3441 genus
1265 3374 1447 3426 Varro
1494 3369 1837 3442 mythicam,
1884 3383 1984 3421 seu

340 3460 675 3515 fabulosum
709 3460 935 3516 vocavit
967 3476 980 3515 :
1017 3482 1045 3509 ‹‹
1078 3466 1122 3513 Α
1151 3458 1363 3515 fabulis
1388 3458 1567 3523 enim,
1602 3459 1682 3511 ait
1714 3456 1988 3525 Augusti-

342 3565 478 3617 nus,
511 3549 811 3621 mythicon
842 3548 1063 3603 dictum
1095 3553 1216 3615 est;
1251 3548 1529 3619 quoniam
1579 3550 1746 3617 μῦθος
1794 3550 1985 3600 Graios

340 3636 541 3693 fabula
588 3637 803 3693 dicitur
852 3638 1058 3708 (Ibid.).
1110 3660 1137 3687 »
1189 3641 1263 3691 At
1309 3638 1511 3691 {ictum
1554 3636 1700 3691 illud
1734 3637 1925 3691 fuerat
1955 3652 1989 3690 a

339 3728 551 3799 poetis,
584 3726 685 3797 qui
715 3728 959 3782 deorum
987 3726 1414 3799 generationes,
1445 3730 1669 3796 stupra,
1703 3724 1989 3780 adulteria

340 3834 407 3872 ac
437 3816 713 3888 quaslibet
742 3815 856 3870 alia
887 3817 1139 3870 nefanda
1170 3816 1426 3871 facinora
1456 3816 1853 3869 decantavere.
1874 3814 1987 3869 Ve-

340 3910 670 3960 rumtamen
691 3904 817 3976 ipse
844 3903 1204 3973 Varro,teste
1235 3904 1425 3959 adhuc
1458 3903 1782 3974 Augustino
1808 3904 1986 3973 (Idem

340 3991 443 4048 lib.
477 4009 553 4057 1v,
585 4009 712 4064 cap.
742 3994 831 4063 32,
862 4010 918 4064 ρ.
944 3994 1091 4063 112),
1123 3992 1316 4064 palam
1350 3992 1655 4048 confessus
1686 3997 1775 4047 est
1804 3993 1988 4061 majo-

339 4096 436 4136 res
467 4097 568 4136 seu
593 4087 813 4137 veteres
832 4081 1125 4136 Romanos
1143 4081 1603 4149 illis,horrendia
1625 4082 1723 4136 illa
1744 4082 1987 4135 deorum

341 4168 564 4240 ﬂagitia
593 4186 659 4224 ac
686 4170 812 4240 conj
825 4169 960 4241 ugia
988 4171 1452 4239 venditantibus,
1478 4170 1651 4224 fidem
1678 4168 1985 4235 habuisse;

340 4258 479 4329 quia
507 4256 793 4328 imperitas
822 4257 1011 4329 plebis
1044 4258 1361 4314 multitudo
1394 4260 1464 4314 ad
1496 4260 1604 4314 hos
1636 4264 1835 4330 poetas
1867 4275 1990 4312 ma-

340 4346 433 4419 gis
463 4344 879 4415 inclinabatur,
913 4363 1090 4417 quam
1140 4346 1210 4401 ad
1264 4346 1553 4418 physicos.
1604 4347 1745 4410 Quis
1794 4352 1989 4401 autem

345 4434 661 4489 maximam
697 4435 956 4506 profecto
980 4440 1295 4507 utramque
1325 4436 1685 4506 impietatem
1718 4452 1832 4490 non
1887 4436 1990 4490 de-

339 4523 770 4578 testetur?Nam
806 4524 1002 4596 populi
1032 4526 1136 4579 hos
1169 4529 1551 4596 quantumue
1579 4524 1830 4579 infames
1859 4524 1994 4578 ridi-

2176 1945 2502 2069 :icriptisque
2564 1942 2809 1999 ostendat
2870 1942 3034 2013 falsos
3088 1956 3199 1996 esse
3263 1954 3444 1996 omnes
3517 1934 3754 1992 illorum

2216 2030 2328 2069 eos.

2216 2030 2328 2070 80$.

2619 2134 2944 2184 auricuws
2984 2143 3228 2183 PRIMUS.

2110 2245 2378 2314 Quomodo
2402 2246 2771 2299 Tertullianus
2792 2244 3117 2299 demonstret
3141 2244 3307 2311 falsos
3326 2257 3439 2295 esse
3456 2240 3757 2310 gentilium

2179 2318 2383 2371 1103
2432 2318 2554 2371 deos
2603 2332 2673 2371 ea:
2721 2318 2943 2381 litteris,
2991 2316 3186 2386 quibus
3217 2315 3289 2367 ad
3316 2314 3671 2386 prudentiam
3702 2314 3752 2365 et

2180 2389 2443 2443 liberalia
2475 2388 2655 2457 ofﬁcia
2696 2384 3164 2457 iri/armabantur,
3212 2389 3375 2455 atque
3418 2384 3752 2457 docebantur

2179 2462 2363 2514 varias
2393 2455 2615 2514 deorum
2649 2455 2792 2513 inter
2810 2476 2867 2513 se
2894 2475 3123 2529 pugnas,
3145 2460 3397 2511 Venerem
3424 2455 3749 2525 sauciatam,

2180 2533 2410 2585 Martem
2445 2531 2676 2586 vinculis
2707 2532 2803 2585 diu
2825 2531 3164 2598 adstrictum,
3196 2531 3379 2585 Jovem
3426 2545 3457 2582 a
3504 2534 3748 2580 monstro

2184 2604 2494 2671 liberatum,
2544 2602 2629 2657 vel
2676 2618 2861 2656 casum
2908 2602 3241 2672 Sarpedonis
3271 2603 3512 2672 ﬂentem,
3548 2599 3626 2653 vel
3657 2612 3748 2672 su-

2182 2675 2395 2729 bantem
2428 2669 2488 2729 in
2516 2675 2723 2729 sororis
2752 2669 3028 2735 amorem,‘
3061 2676 3191 2727 item
3220 2671 3528 2743 Appollinis
3553 2669 3749 2743 etrNe-

2174 2748 2338 2817 ptuni
2367 2745 3037 2816 servilutum,judicalum
3063 2742 3305 2815 fulmine
3335 2742 3746 2817 issulapium,

2179 2813 2242 2871 ac
2270 2818 2550 2885 lragcediis
2576 2813 2883 2902 poetarum,
2918 2813 3262 2870 nominatum
3293 2830 3415 2869 vero
3450 2813 3662 2867 Lentuli
3696 2817 3749 2866 et

2180 2888 2428 2943 Hostilii.
2510 2889 2747 2943 aliisoue
2824 2889 3130 2943 masculum
3199 2888 3391 2942 lunam
3465 2884 3747 2939 irridenti-

2223 2890 2397 2943 ostilii
2414 2933 2428 2959 ,

2178 2888 2428 3016 gustilii,
2510 2884 2747 2960 aliisque
2824 2889 3130 2943 masculum
3199 2888 3391 2942 lunam
3465 2884 3747 2939 irridenti-

2212 2976 2296 3016 us.

2212 2976 2296 3016 ω.

2174 3104 2254 3159 Ea
2283 3108 2374 3159 est
2404 3102 2617 3159 erroris
2650 3106 2951 3169 natura,ut
2968 3102 3066 3158 diu
3091 3100 3204 3157 ibi
3224 3100 3337 3174 ipsi
3361 3118 3477 3157 non
3502 3102 3750 3166 constet,

2103 3208 2283 3264 seque
2340 3192 2451 3264 ipsi
2512 3197 2640 3247 tum
2699 3192 2874 3247 etiam
2934 3192 3216 3261 destruat,
3274 3205 3409 3247 cum
3464 3187 3748 3244 audacius

2105 3286 2279 3353 caput
2301 3279 2533 3337 attollit.
2567 3281 2692 3336 Non
2714 3283 2928 3335 mirum
2962 3281 3181 3352 itaque,
3215 3280 3265 3336 si
3296 3278 3513 3335 ethnici
3546 3277 3743 3332 datam

2099 3371 2351 3426 mortuis
2383 3369 2719 3425 hominibus
2750 3370 3115 3424 divinitatem
3148 3369 3226 3424 ibi
3259 3366 3591 3430 everterint,
3642 3363 3744 3419 ubi

2097 3476 2225 3515 eam
2252 3460 2480 3514 firmius
2504 3458 2766 3514 stabilire
2787 3458 3322 3514 debebant.Nullibi
3350 3456 3505 3512 enim
3527 3453 3743 3510 clarius

2096 3555 2155 3604 et
2185 3548 2494 3603 enodatius
2525 3549 2865 3619 exponenda
2895 3554 3045 3615 erat,
3070 3564 3245 3617 quam
3282 3547 3338 3601 in
3388 3545 3459 3600 iis
3505 3541 3738 3608 litteris,

2096 3638 2314 3709 quibus
2342 3636 2738 3693 adolescentes
2771 3636 3262 3705 inlormabantur,
3295 3634 3379 3690 uti
3411 3634 3493 3689 ait
3518 3631 3742 3688 Tertul-

2095 3727 2312 3793 lianus,
2346 3727 2414 3779 ad
2446 3725 2795 3796 prudenle
2850 3724 3215 3795 (Tertullian.
3265 3724 3568 3792 Apologet.,
3610 3737 3738 3791 cap.

2098 3817 2187 3881 14,
2219 3831 2350 3885 pag.
2384 3815 2533 3882 351),
2585 3831 2734 3886 quae,
2786 3820 2933 3869 teste
2978 3813 3270 3879 Cicerone,
3319 3837 3346 3863 α
3400 3815 3626 3867 constat
3673 3826 3741 3864 ex

2098 3905 2341 3961 scientia
2372 3921 2566 3960 rerum
2601 3904 2885 3959 bonarum
2917 3910 2973 3958 et
3003 3905 3315 3971 malarum,
3350 3908 3406 3957 et
3435 3919 3539 3957 nec
3572 3903 3744 3957 bona-

2098 4012 2231 4051 rum
2268 4010 2372 4049 nec
2405 3992 2728 4058 malarum;
2762 3998 2819 4047 et
2849 3992 3115 4047 liberalia
3145 3992 3339 4047 ofﬁcia
3370 4014 3397 4040 »
3427 3988 3741 4061 (CicerJib.

2098 4100 2183 4149 ιιι,
2219 4082 2285 4138 de
2313 4084 2507 4137 Natur.
2541 4081 2714 4145 deor.,
2749 4097 2879 4151 pag.
2911 4082 3038 4145 246,
3069 4080 3173 4135 lin.
3210 4082 3320 4150 15),
3363 4097 3489 4152 quae
3538 4076 3744 4132 videli-

2099 4178 2190 4228 cet
2219 4171 2495 4237 liberum,
2528 4169 2720 4239 inquit
2748 4168 3078 4234 Terentius,
3112 4174 3171 4223 et
3201 4170 3518 4241 ingenuum
3552 4165 3743 4221 homi-

2098 4277 2234 4316 nem
2265 4259 2410 4315 scire
2435 4258 2676 4313 omnino
2701 4274 2934 4328 aequum
2968 4264 3058 4312 est
3087 4258 3337 4326 (Terent.
3357 4256 3743 4320 Eunuch.,act.

2102 4350 2220 4416 111,.
2253 4365 2410 4404 scen.
2460 4347 2513 4415 2,
2566 4363 2621 4401 v.
2673 4347 2787 4415 24).
2839 4349 2910 4401 At
2958 4346 3015 4401 in
3048 4346 3140 4401 his
3170 4345 3380 4401 litteris
3411 4348 3647 4417 quanta,
3682 4346 3747 4396 ut

2098 4438 2363 4509 loquitur
2395 4439 2611 4492 Auctor
2640 4437 3087 4503 noster,invenio
3118 4434 3608 4505 ludibria,quibus
3638 4446 3749 4487 nu-

2103 4528 2333 4583 minum
2366 4542 2607 4582 suorum
2638 4524 3007 4581 infamabant
3034 4524 3443 4580 divinitatem?

342 4611 625 4683 culosque
656 4594 983 4669 deos—serio
1015 4594 1307 4669 colebant.
1340 4612 1450 4667 Alii
1481 4629 1615 4668 vero
1646 4612 1719 4667 iis
1766 4613 1994 4683 sapien-
2030 4594 2074 4659 D
2173 4616 2231 4670 Si
2264 4616 2396 4688 quis
2423 4631 2555 4669 vero
2586 4614 2847 4686 inquirat
2878 4631 3002 4686 quas
3034 4615 3152 4670 sint
3181 4631 3258 4669 ea:
3284 4613 3490 4669 litters:
3522 4616 3579 4668 et
3597 4628 3751 4667 com-

341 4700 543 4766 tiores,
579 4700 750 4756 malis
784 4701 1116 4756 daemonum
1150 4700 1301 4756 dolis
1326 4717 1392 4756 ac
1415 4701 1721 4755 fraudibus
1746 4700 1994 4765 incitati,

343 4789 614 4844 incautos
645 4788 803 4861 vulgi
830 4791 1060 4845 animos
1100 4790 1158 4844 in
1190 4807 1297 4846 sua
1346 4790 1474 4861 ipsa
1518 4789 1819 4861 religione,
1866 4806 1994 4860 quas

344 4894 584 4932 summa
614 4892 811 4933 rerum
863 4885 971 4943 est,
1025 4878 1322 4944 fallebant,
1376 4884 1479 4933 aut
1525 4877 1646 4933 falli
1699 4879 1997 4949 patieban-

343 4969 467 5021 tur.

418 5054 680 5110 Tertium
714 5071 883 5127 porro
910 5054 1218 5129 theologia
1247 5072 1347 5111 seu
1382 5056 1621 5111 deorum
1654 5071 1841 5127 genus
1889 5072 1997 5128 ap-

346 5142 603 5217 pellatur
656 5142 846 5213 civile,
898 5161 1003 5200 seu
1055 5145 1271 5200 civium
1303 5149 1360 5201 et
1391 5144 1763 5216 populorum,
1795 5145 1853 5200 id
1886 5150 1995 5212 est,

347 5234 588 5289 illorum
622 5234 891 5303 deorum,
923 5253 1072 5307 quos
1104 5236 1307 5309 populi
1339 5238 1450 5293 sibi
1499 5256 1600 5310 pro
1654 5237 1894 5293 arbitrio
1942 5242 2000 5292 et

347 5323 595 5379 libidine
642 5325 1081 5395 adoptaverant.
1123 5328 1231 5383 Sed
1283 5332 1666 5399 praeterquam
1700 5328 1855 5399 quod
1891 5326 2000 5382 hoc

349 5413 596 5468 deorum
628 5428 811 5484 genus
842 5415 915 5469 ad
948 5416 1272 5471 secundum
1298 5420 1354 5471 et
1383 5416 1740 5486 fabulosum,
1765 5416 1851 5471 uti
1873 5418 1998 5487 jam

350 5500 630 5557 laudatus
660 5518 694 5557 a
727 5503 898 5559 nobis
927 5506 1297 5577 Augustinus
1330 5505 1496 5561 docet
1525 5506 1725 5577 (Idem,
1767 5504 1868 5560 lib.
1922 5523 1999 5575 v1,

352 5607 484 5662 cap.
508 5589 566 5658 7,
600 5606 733 5663 pag.
768 5593 918 5664 153),
964 5594 1139 5665 plano
1188 5595 1455 5665 refertur,
1499 5594 1633 5665 quid
1688 5594 2002 5650 absurdius

354 5696 541 5754 quam
574 5679 717 5738 deos
744 5680 876 5743 illos
904 5682 1160 5757 credere,
1190 5698 1336 5756 quos
1363 5698 1581 5742 cocum
1609 5682 2007 5755 insanumque

2107 4704 2521 4770 mentationes,
2552 4704 3039 4775 respondebimus
3086 4721 3152 4760 eo
3201 4702 3436 4759 nomine
3485 4706 3754 4773 poemata

2107 4792 2339 4849 Homeri
2371 4793 2685 4864 designari.
2706 4793 2839 4856 Qua:
2872 4793 3027 4848 enim
3062 4798 3277 4849 Auctor
3306 4795 3503 4849 noster
3532 4790 3751 4847 ibidem

2107 4885 2326 4948 narrat,
2362 4880 2479 4935 tusc
2506 4880 2578 4935 ab
2610 4882 2811 4936 eodem
2846 4886 3014 4953 poeta
3044 4880 3339 4937 delibavit.
3384 4880 3503 4937 Sibi
3553 4884 3751 4934 autem

2106 4970 2255 5026 illud
2302 4969 2352 5025 si
2401 4970 2536 5040 quis
2584 4969 2833 5039 alicujus
2863 4971 3209 5026 auctoritate
3238 4970 3459 5026 firmari
3489 4969 3647 5039 velit,
3681 4985 3752 5023 en

2108 5062 2318 5130 praesto
2348 5062 2438 5113 est
2464 5058 2754 5113 Minucius
2784 5058 2957 5124 Felix,
2991 5060 3088 5131 qui
3122 5067 3432 5131 postquam
3466 5059 3625 5114 varia
3654 5056 3756 5113 illa

2108 5149 2351 5203 deorum
2382 5146 2637 5202 ludibria
2665 5162 2733 5202 ex
2762 5149 3019 5212 Homeri,
3050 5166 3157 5203 suo
3189 5151 3427 5204 nomine
3454 5147 3753 5221 appellati,

2110 5234 2474 5290 carminibus
2506 5236 2819 5305 recensuit,
2854 5236 2937 5291 sic
2989 5238 3365 5307 prosequitur
3398 5253 3464 5292 :«
3515 5238 3616 5293 llis
3664 5242 3749 5292 at-

2111 5341 2225 5396 que
2252 5323 2590 5394 hujusmodi
2626 5324 3009 5395 ﬁgmentis,et
3039 5325 3361 5380 mendaciis
3391 5325 3753 5381 dulcioribus

2112 5417 2571 5484 corrumpuntur
2604 5413 2839 5485 ingenia
2872 5431 3211 5485 puerorum,
3243 5419 3300 5469 et
3326 5414 3535 5469 iisdem
3586 5414 3752 5468 fabu-

2111 5502 2184 5557 lis
2231 5501 2650 5557 inhaarentibus
2701 5503 2772 5557 ad
2821 5519 3003 5573 usque
3052 5520 3298 5558 summa:
3342 5502 3529 5557 astatis
3578 5502 3756 5557 robur

2115 5592 2474 5661 adolescunt,
2507 5598 2563 5649 et
2590 5594 2800 5649 iisdem
2824 5593 3198 5666 opinionibus
3230 5594 3430 5649 miseri
3480 5609 3755 5649 consene-

2114 5688 2307 5745 scunt.
2341 5704 2371 5737 ιο
2400 5685 2511 5743 Sed
2543 5685 2665 5744 beo
2693 5685 2754 5742 in
2777 5686 3064 5759 superiori
3094 5687 3166 5744 de
3193 5686 3302 5746 hoc
3329 5684 3571 5745 Minucii
3608 5684 3755 5746 libro
