4134 6184
489 294 646 356 1203

1008 299 1542 367 TEBTULLIANI
1586 300 1913 368 OPERUM
1960 306 2158 367 PARS
2202 308 2250 368 l.
2284 340 2362 352 —-
2392 308 2666 373 SERIES
2711 314 2759 383 Ι,
2808 315 3370 378 APOLOGETICA.

3684 323 3811 382 1204

497 426 912 486 dissertatione
942 430 1131 488 fusius
1162 433 1453 506 explicare
1503 438 1697 493 conati
1749 453 1953 495 sumus
2001 439 2140 509 (Dis-
2172 441 2230 507 Α
2256 445 2367 496 etc.
2402 445 2576 499 Tacet
2605 446 2846 517 quidem
2876 447 3164 520 Rigaltius
3195 466 3299 505 cur
3328 448 3439 505 haec
3468 450 3616 506 verba
3655 452 3822 508 abstu-

497 523 679 573 δενιαι·
719 520 777 574 in
807 521 1048 592 Μίνωα,
1083 539 1209 594 cap.
1251 526 1331 593 17,
1366 530 1474 580 art.
1509 527 1582 601 4).

563 628 684 692 Quo
717 631 917 684 autem
951 630 1123 685 modo
1153 630 1274 688 haec
1304 650 1337 688 a
1385 634 1746 691 Tertulliano
1802 637 2143 708 probentur,

482 713 610 784 jam
643 715 693 770 si
727 715 915 788 placet
944 719 1439 777 consideremusu
1476 725 1562 778 Ab
1596 725 2142 797 ipso,inquit,exor-

490 804 568 858 di.
615 846 627 859 .
675 847 686 859 .
723 811 940 873 vestro,
967 809 1095 879 ejus
1127 809 1262 866 inde
1289 828 1440 883 oma,
1476 818 1531 869 et
1561 832 1734 870 omne
1764 833 2015 886 aequore,
2048 815 2140 871 cui

490 899 777 964 quantum
806 895 1085 954 honorem
1111 900 1587 972 additis,tantum
1606 905 1731 960 deis
1751 906 1961 961 vestris
1982 906 2144 962 dero-

493 984 1140 1057 gastis;magniﬁcando
1172 989 1273 1060 qui
1305 990 1376 1047 de
1407 990 1490 1047 eis
1520 991 1704 1048 lusit»
1721 993 2141 1062 (Tertull.lib.1,

491 1072 565 1127 ad
583 1072 732 1144 Nat.,
766 1091 891 1147 cap.
929 1077 1015 1146 10,
1050 1094 1107 1149 p.
1138 1079 1285 1150 575).
1322 1080 1391 1135 Et
1419 1079 1539 1137 haec
1571 1082 1811 1153 quidem
1841 1082 2017 1139 verba
2058 1084 2141 1139 sic

491 1160 789 1233 descripta
819 1169 961 1221 sunt
990 1166 1046 1220 in
1070 1168 1366 1240 Agobardi
1410 1171 1630 1238 codice,
1680 1177 1737 1228 et
1781 1172 1841 1227 in
1888 1172 2142 1229 editione

489 1251 846 1322 Gothofredi,
880 1255 981 1325 qui
1012 1255 1203 1313 deleta
1230 1258 1312 1313 ibi
1342 1261 1517 1315 verba
1546 1261 1629 1316 sic
1660 1260 1989 1334 supplenda
2018 1263 2141 1334 opi-

492 1344 669 1396 natur
701 1357 713 1395 :
749 1364 777 1391 «
800 1343 884 1398 Ab
916 1342 1045 1415 ipso
1075 1346 1344 1404 exordiar
1372 1349 1567 1405 studio
1597 1354 1813 1419 vestro,
1837 1353 1991 1409 unde
2020 1369 2141 1408 cm-

495 1428 586 1483 nis
618 1430 866 1486 materia
895 1438 952 1486 et
980 1450 1154 1490 omne
1185 1452 1407 1507 aequor.
1441 1459 1471 1488 »
1501 1437 1790 1511 Rigaltius
1818 1440 2141 1509 vero,nulla

497 1512 728 1574 reddita
756 1520 1002 1590 ratione,
1054 1540 1119 1578 ac
1162 1528 1440 1596 tanquam
1489 1527 1561 1583 de
1609 1546 1744 1585 vera
1798 1529 2142 1585 Tertulliani

494 1605 745 1664 lectione
799 1626 1061 1681 securus,
1107 1612 1167 1668 in
1216 1616 1344 1686 ejus
1390 1620 1552 1673 textu
1596 1618 1879 1690 scriptum
1912 1619 2140 1675 voluit:

502 1717 531 1747 «
558 1697 647 1753 Ab
679 1697 807 1770 ipso
842 1692 1110 1757 exordiar
1146 1702 1395 1761 Homero
1445 1711 1658 1774 vestro,
1710 1708 1838 1778 ejus
1886 1710 2043 1765 unda
2089 1713 2145 1764 et

498 1802 670 1843 omne
698 1804 915 1859 aequor.
954 1812 975 1839 ι

569 1876 679 1933 Sed
710 1876 831 1935 haec
862 1880 1195 1951 conjectura
1223 1883 1424 1939 debuit
1453 1884 1653 1957 aliqua
1682 1886 1888 1942 saltem
1920 1886 2143 1943 ratione

498 1966 713 2023 fulciri.
746 1968 923 2025 Nobis
954 1974 1151 2027 tamen
1185 1972 1481 2043 probabile
1512 1976 1656 2031 satis
1685 1976 1915 2033 videtur
1944 1995 1977 2033 a
2003 1979 2140 2033 Ter-

498 2055 769 2125 tulliano,
792 2058 889 2129 qui
921 2059 991 2115 de
1021 2060 1327 2131 gentilium
1358 2061 1568 2120 litteris
1598 2063 1877 2137 loquitur,
1934 2084 2139 2139 quem-

497 2145 635 2200 dam
665 2146 831 2202 citari
862 2148 1305 2206 celeberrimum
1346 2151 1579 2209 illorum
1631 2155 1995 2227 scriptorem,
2047 2158 2136 2211 cui

494 2239 782 2307 quantum
812 2236 1093 2294 honorem
1126 2240 1344 2296 ethnici
1375 2242 1734 2310 tribuebant,
1766 2250 1994 2300 tantum
2028 2245 2141 2302 diis

492 2323 637 2393 suis,
670 2341 802 2383 eum
832 2326 1145 2398 laudendo,
1179 2330 1583 2389 detrahebant.
1614 2335 1686 2389 At
1715 2334 1766 2389 is
1798 2336 1997 2406 procul
2032 2336 2138 2392 du-

490 2413 585 2469 bio
616 2422 708 2471 est
737 2417 1046 2485 Homerus,
1073 2423 1200 2475 tum
1245 2421 1384 2492 quia
1434 2423 1696 2479 omnium
1727 2424 2030 2497 vetustior,
2076 2431 2139 2481 ut

489 2500 627 2558 alibi
655 2504 928 2577 vidimus,
958 2509 1166 2564 1l04
1195 2510 1449 2583 scriptor
1476 2515 1719 2582 est,tum
1753 2513 1892 2583 quia
1921 2515 2140 2586 scripta

488 2590 649 2648 illius
682 2595 831 2650 tanti
862 2597 1175 2666 faciebant,
1210 2603 1275 2654 ut
1304 2599 1706 2658 adolescentes
1755 2602 1830 2658 iis
1876 2603 1947 2659 ad
1998 2622 2137 2676 pru-

490 2680 772 2755 dentiam,
801 2684 954 2740 sicut
985 2703 1119 2743 mox
1150 2688 1510 2761 dicebamus,
1544 2696 1600 2746 et
1632 2690 1897 2748 liberalia
1946 2694 2137 2749 officia

489 2769 883 2828 erudirentur.
935 2776 994 2829 Si
1042 2776 1173 2847 quis
1204 2782 1402 2835 tamen
1434 2780 1698 2852 sagacior
1726 2780 1908 2837 alium
1932 2800 1965 2837 a
1994 2785 2135 2839 Ter-

489 2859 734 2917 tulliano
765 2861 1012 2919 indicari
1035 2867 1487 2937 ostendat,hunc
1512 2870 1779 2927 lubenter
1801 2871 2132 2929 audiemus.

487 2949 893 3008 Adimadverle
923 2957 1141 3023 tamen,
1175 2974 1392 3030 quaeso,
1420 2958 1617 3031 ipsum
1653 2960 1971 3017 Homerum
2026 2979 2133 3019 no-

488 3037 759 3096 minatim
781 3042 1065 3115 appellari
1087 3045 1179 3100 his
1199 3047 1696 3119 subsequentibus
1712 3051 1980 3107 Auctoris
2003 3069 2135 3107 nos-

485 3126 561 3182 tri
591 3128 783 3185 verbis
816 3146 831 3187 :
867 3153 896 3182 ιι
924 3132 1129 3189 Adhuc
1168 3136 1540 3193 meminimus
1576 3140 1823 3209 liomeri,
1856 3140 1953 3196 ille
2012 3142 2132 3213 opi-

1240 3190 1243 3191 ν
1308 3190 1313 3191 γ
1366 3190 1537 3193 ηψπ
1576 3190 1823 3209 ____-_-,
1856 3190 1950 3196 --η
2016 3190 2106 3213 -r-

484 3232 592 3272 nor
623 3220 836 3291 est,qui
866 3220 1125 3277 divinam
1157 3225 1524 3295 majestatem
1556 3227 1817 3284 humana
1846 3230 2129 3285 conditio-
2159 3190 2204 3254 Ο

482 3321 556 3361 ne
583 3309 870 3379 tractavit,
901 3311 1136 3367 casibus
1164 3318 1221 3368 et
1250 3315 1626 3385 passionibus
1671 3318 1945 3373 humanis
1996 3319 2134 3374 deos

481 3393 757 3454 imbuens
789 3421 815 3447 »
852 3400 1052 3470 (Ibid),
1086 3400 1143 3455 id
1177 3406 1285 3471 est,
1331 3405 1608 3461 omnibus
1656 3405 1832 3461 etiam
1884 3407 2134 3462 foedissi-

484 3483 598 3541 mis
628 3485 908 3544 humanis
939 3489 1244 3547 affectibus
1272 3508 1337 3547 ac
1367 3492 1525 3549 vitiis
1555 3500 1880 3567 corruptos.

559 3592 627 3647 Et
685 3598 839 3649 certe
896 3594 992 3650 ille
1047 3596 1378 3653 Graecorum
1438 3604 1744 3670 poetarum
1793 3602 2133 3675 coryphmus

486 3677 671 3736 libros
702 3697 839 3737 suos
871 3681 1031 3740 hisce
1064 3686 1305 3741 deorum
1335 3686 1597 3745 infamiis
1640 3690 1862 3761 passim
1916 3692 2133 3764 ubique

486 3768 743 3826 fmdavit.
793 3771 1085 3831 Nonnulla
1134 3780 1330 3832 autem
1380 3778 1592 3835 Auctor
1634 3784 1851 3849 noster,
1884 3798 1956 3837 ne
1986 3782 2133 3839 foret

486 3857 732 3929 longior,
769 3860 975 3935 selegit
1006 3865 1289 3938 exempla,
1317 3884 1382 3923 ac
1412 3866 1556 3926 illud
1590 3870 1828 3942 quidem
1853 3871 2129 3943 primum,

486 3962 598 4017 quo
628 3948 900 4006 decantat
929 3953 1068 4011 deos
1099 3956 1247 4011 inter
1272 3974 1331 4013 se
1350 3967 1575 4031 propter
1606 3960 1858 4031 Trojano:
1888 3965 1940 4016 et
1970 3963 2132 4018 Achi-

482 4051 594 4107 vos,
654 4043 713 4093 ut
763 4040 1135 4109 gladiatorum
1190 4049 1371 4116 paria,
1428 4065 1744 4122 congressos
1796 4050 2132 4122 depugnasse

482 4125 663 4198 (Idem
693 4128 965 4203 Apotoget.
998 4149 1123 4204 cap.
1161 4135 1245 4205 14,
1282 4152 1336 4207 ρ.
1368 4137 1524 4207 351);
1559 4138 1677 4195 sive
1707 4139 1860 4195 sicut
1888 4139 1949 4195 in
1982 4140 2130 4196 libro

482 4214 551 4270 ad
580 4216 837 4277 Nationes
865 4237 885 4275 :
921 4243 949 4274 ιι
980 4222 1087 4286 Qui
1119 4223 1188 4277 de
1217 4224 1335 4280 illis
1369 4228 1561 4281 favore
1609 4228 1856 4284 diversis
1904 4230 2129 4301 gladia-

480 4304 633 4362 toria
680 4308 937 4378 quodam
981 4312 1154 4367 modo
1186 4313 1349 4383 paria
1380 4314 1676 4371 commisit
1708 4339 1736 4366 »
1765 4318 1847 4390 (et
1876 4316 1979 4373 lib.
2014 4337 2031 4373 1
2061 4319 2131 4375 ad

484 4394 707 4451 Natzon.
741 4414 868 4469 cap.
903 4399 989 4465 10,
1019 4417 1076 4471 p.
1134 4402 1282 4473 575).
1344 4402 1455 4457 Sed
1513 4404 1647 4475 quis
1705 4407 1893 4463 nescit
1949 4425 2128 4480 quam

485 4482 701 4554 saepius
732 4485 831 4541 ille
862 4486 920 4542 in
951 4487 1135 4545 Itiade
1185 4490 1457 4547 cecinerit
1504 4492 1679 4550 hasce
1720 4496 1963 4553 deorum
2016 4516 2126 4570 pu-

485 4587 654 4643 gnas,
687 4577 745 4628 et
774 4573 1078 4643 Venerem,
1095 4577 1266 4634 sicuti
1299 4581 1483 4653 pergil
1514 4583 1906 4642 Tertullianus
1938 4563 2131 4659 (Ib-td.)
2160 4563 2207 4631 D

485 4659 749 4717 humana
775 4665 987 4736 sagitta
1005 4668 1597 4738 sauciatam,Martem
1631 4672 1689 4729 in
1716 4674 1964 4733 vinculis
1986 4692 2134 4749 pene

486 4756 1123 4825 consumptum,Jovem
1150 4776 1309 4816 nunc
1337 4762 1647 4831 cujusdam
1680 4765 1928 4821 monstri
1957 4784 2134 4839 opera

2172 1813 2220 1879 B

2256 529 2519 598 lerit,sed
2551 535 2873 593 arbitratus
2903 546 2991 594 est
3020 537 3176 594 haud
3211 539 3384 595 dubie
3410 539 3518 595 haec
3544 540 3823 611 explicatio-

2256 619 2347 675 nis
2378 639 2556 679 causa
2587 625 2657 681 ab
2692 626 2889 698 aliquo
2921 625 3162 684 librario
3193 629 3413 698 adjecta
3440 629 3618 698 fuisse,
3642 636 3689 685 et
3720 638 3825 703 post

2252 707 2371 765 haec
2404 710 2636 770 intrusa
2667 714 2723 769 in
2756 720 2999 772 textum.
3033 718 3179 773 Nam
3212 717 3332 772 haec
3363 718 3419 773 in
3462 718 3592 775 libro
3634 720 3692 774 ad
3733 719 3821 775 Na-

2250 800 2461 867 tiones,
2498 803 2595 858 ubi
2633 806 2837 861 eadem
2872 812 3242 877 repetuntur,
3278 824 3389 863 non
3420 814 3713 864 occurrunt.
3739 810 3827 865 Ne-

2251 905 2364 960 que
2395 891 2569 947 etiam
2602 894 2760 949 dictu
2796 895 2965 950 facile
2996 903 3087 952 est
3110 914 3217 952 cur
3244 898 3325 953 ibi
3355 898 3568 968 adjecta
3609 898 3711 953 sint
3750 898 3829 953 illa

2252 980 2449 1051 verba,
2490 982 2560 1038 ab
2592 983 2775 1039 eodem
2805 986 3083 1055 Diomede,
3117 986 3287 1058 cujus
3318 985 3474 1041 nulla
3516 988 3660 1057 prius
3702 1004 3831 1042 men-

2250 1068 2330 1124 tio
2356 1069 2527 1137 ,facta
2555 1072 2786 1127 fuerat?
2816 1079 3036 1130 Merum
3072 1075 3213 1147 quia
3242 1075 3364 1132 hac
3396 1075 3449 1130 in
3479 1075 3720 1147 plurimis
3745 1092 3829 1130 an-

2251 1157 2609 1230 tiquissimis
2652 1163 3074 1235 manuscriptis
3104 1163 3527 1235 exemplaribus
3572 1164 3832 1234 habentur,

2252 1263 2368 1301 non
2401 1247 2526 1304 sine
2550 1250 2778 1320 proavis,
2833 1258 2896 1307 ut
2944 1269 3123 1324 supra
3172 1252 3427 1307 diximus
3472 1253 3747 1319 (Dissertat.
3784 1255 3830 1306 in

2250 1338 2465 1393 Minue.
2502 1339 2708 1406 Octav.,
2740 1357 2867 1412 cap.
2904 1342 2989 1407 17,
3023 1346 3130 1396 art.
3164 1341 3237 1412 4),
3272 1340 3645 1423 admonitione
3670 1358 3833 1412 ampu-

2250 1426 2361 1480 tari
2393 1427 2701 1484 debebant.
2735 1434 3017 1485 Cteterum
3049 1430 3189 1485 alibi
3224 1431 3450 1485 Homeri
3490 1429 3607 1485 loca
3650 1430 3832 1484 indica-

2250 1514 2445 1571 vimus
2475 1522 2532 1572 et
2560 1516 3005 1590 cxplanavimus
3043 1522 3119 1589 (et
3149 1520 3496 1574 Dz'ssertat.in
3522 1518 3832 1591 Arnob.,cap.

2254 1605 2341 1671 12,
2376 1610 2484 1662 art.
2521 1607 2546 1661 1
2577 1614 2634 1663 et
2661 1608 2738 1679 3),
2770 1625 2895 1679 qua:
2943 1609 3341 1665 Tertullianus
3389 1609 3458 1664 de
3502 1608 3597 1664 illa
3636 1608 3834 1674 Venere,

2253 1694 2325 1750 de
2366 1695 2525 1764 Jove,
2574 1714 2639 1752 ac
2688 1697 2871 1754 Marte
2920 1699 3130 1756 citasse
3179 1698 3337 1755 haud
3385 1697 3660 1755 immerito
3712 1698 3838 1753 vide-

2252 1788 2367 1840 tur.

2323 1873 2513 1930 Simili
2545 1874 2719 1931 etiam
2753 1877 2923 1933 modo
2946 1876 3003 1932 in
3028 1875 3235 1933 iisdem
3267 1876 3749 1934 dissertationibus
3773 1892 3842 1932 os-

2250 1963 2551 2020 tendimus
2605 1966 2843 2037 quantis
2892 1966 2990 2022 alii
3042 1984 3280 2039 quoque
3305 1974 3503 2039 ,poette
3551 1964 3753 2039 probris
3790 1982 3839 2020 ac

2251 2053 2624 2110 contumeliis
2654 2055 2793 2112 deos
2823 2072 2962 2112 suos
3005 2056 3254 2113 insecuti
3304 2062 3462 2112 sunt.
3511 2060 3626 2111 Non
3670 2069 3838 2126 magno

2249 2142 2407 2197 enim
2449 2142 2576 2199 sine
2624 2142 2860 2201 illorum
2910 2146 3189 2202 dedecore
3237 2146 3545 2215 tinxerant,
3596 2144 3673 2199 uti
3713 2148 3842 2200 notat

2249 2231 2439 2286 adhuc
2470 2232 2868 2290 Tertullianus
2898 2234 3236 2306 (Apotohet.,
3269 2252 3317 2290 c.
3354 2236 3443 2304 14,
3471 2234 3665 2306 p.352),
3695 2230 3839 2304 Apol-

2248 2319 2427 2376 linem
2458 2338 2664 2395 greges
2696 2330 3031 2395 pascentem
3059 2324 3287 2380 Admeti
3329 2325 3505 2397 regis,
3555 2323 3841 2395 Neptunum

2246 2412 2564 2466 structorias
2621 2429 2825 2485 cperas
2882 2413 3265 2469 Laomedonti
3324 2412 3644 2479 iocantem,
3705 2416 3844 2480 atque

2245 2500 2646 2574 Esculapium
2676 2504 2923 2559 fulmine
2951 2505 3112 2561 Jovis
3144 2506 3347 2573 ictum,
3395 2503 3844 2576 quemadmodum

2244 2590 2539 2649 Pindarus
2572 2592 2747 2649 etiam
2779 2593 3008 2649 cecinit.

2315 2683 2530 2753 Majore
2590 2683 2784 2739 adhuc
2836 2683 3093 2739 ludibrio
3151 2683 3504 2756 probroque,
3555 2682 3638 2738 uti
3692 2679 3848 2753 pergit

2244 2771 2647 2827 Tertullianus
2698 2774 2776 2844 (et
2826 2772 2929 2829 lib.
2972 2791 2989 2828 ι
3020 2773 3090 2829 ad
3119 2775 3365 2841 Nattam,
3390 2790 3523 2845 cap.
3556 2772 3638 2838 10,
3668 2788 3717 2843 p.
3744 2770 3845 2836 576,

2244 2865 2302 2916 et
2332 2861 2435 2916 lib.
2466 2879 2526 2932 ιι,
2560 2879 2685 2934 cup.
2714 2863 2819 2933 14),
2844 2864 3047 2920 1105
3084 2880 3309 2935 nosque
3332 2862 3479 2919 alibi
3508 2862 3676 2918 etiam
3702 2875 3849 2915 anno-

2241 2950 2498 3006 tavimus
2530 2953 2837 3023 (Dz'ssertat.
2871 2954 2931 3007 in
2961 2952 3188 3020 Arnob.,
3221 2970 3347 3024 cap.
3392 2953 3485 3021 14,
3527 2957 3629 3007 art.
3679 2950 3742 3017 1),
3784 2946 3847 3001 dii

2242 3039 2592 3095 exhibentur
2622 3042 2679 3095 in
2715 3040 2929 3113 scenis,
2960 3042 3261 3114 tragoediis
3300 3041 3581 3114 ludisque
3624 3038 3844 3096 ethnico-

2243 3146 2392 3184 rum.
2446 3128 2670 3196 Quibus
2702 3130 2881 3197 enim,
2916 3130 3155 3187 obsecro
3187 3136 3262 3197 te,
3296 3129 3575 3186 conviciis
3601 3136 3654 3185 et
3678 3132 3849 3183 contu-

2243 3217 2435 3274 meliis
2466 3219 2537 3274 ab
2578 3218 2995 3275 commdiarum
3046 3220 3551 3292 trgcsdiarumque
3597 3215 3850 3273 actoribus

2242 3308 2428 3362 vexati
2459 3324 2575 3363 non
2610 3309 2885 3364 fuerunt?
2916 3307 3035 3365 Soli
3065 3325 3266 3364 earum
3297 3308 3482 3379 tituli,
3514 3309 3737 3378 solaque
3780 3320 3852 3357 ar-

2242 3402 2522 3468 gumenta
2571 3397 2715 3453 satis
2778 3397 2887 3453 hoc
2952 3397 3331 3453 manifestum
3388 3396 3661 3452 omnibus
3712 3390 3852 3448 facie-

2241 3485 2403 3540 bant.
2436 3489 2516 3540 Ex
2567 3485 2640 3541 iis
2692 3492 2890 3543 autem
2939 3504 3125 3559 pauca
3170 3491 3440 3542 recenset
3492 3482 3853 3542 Tertullianus

2242 3574 2543 3646 (Apologet.
2607 3592 2657 3630 c.
2719 3576 2807 3643 l6,
2889 3593 2949 3647 p.
3027 3574 3174 3647 358),
3252 3573 3527 3631 videlicet
3603 3570 3854 3628 mmchum

2240 3664 2519 3731 Anubim,
2551 3664 2793 3720 Dianam
2826 3663 3201 3737 ﬂagellatam,
3233 3662 3394 3720 Jovis
3450 3662 3663 3720 mortui
3710 3662 3858 3715 testa-

2242 3758 2531 3821 mentum,
2579 3758 2699 3810 tres
2750 3753 3046 3810 famelicos
3079 3753 3353 3810 Hercules
3386 3753 3617 3820 irrisus,
3647 3756 3698 3806 et
3724 3763 3852 3804 mas-

2241 3842 2439 3897 culum
2470 3843 2875 3909 Lunum.Quid
2906 3859 3063 3916 ergo,
3094 3842 3373 3916 inquies?
3404 3840 3705 3914 Numquid
3732 3837 3857 3893 inter

2241 3932 2662 3988 comoediarum
2692 3932 2899 3988 titulos
2932 3933 3092 3988 Luna
3122 3931 3437 3988 masculini
3470 3929 3749 4004 fgeueris?
3791 3927 3855 3981 Ita

2239 4020 2549 4078 sane.Nam
2581 4022 2779 4095 plures
2809 4023 3066 4095 profecto
3096 4021 3312 4078 ethnici
3335 4035 3682 4094 persuasum
3711 4014 3857 4074 stulte

2238 4109 2533 4167 habebant
2564 4112 2851 4183 quosdam
2879 4110 3088 4168 saltem
3119 4111 3258 4167 deos
3285 4127 3429 4167 suos
3474 4126 3664 4166 mares
3707 4101 3854 4162 simul

2239 4215 2368 4255 esse
2418 4205 2475 4256 et
2520 4202 2772 4257 feminas
2831 4202 3137 4273 (Dissertat.
3189 4201 3251 4255 in
3302 4201 3580 4269 Lactant.,
3628 4213 3745 4269 cap.
3781 4194 3855 4262 2⁸7,

2239 4294 2346 4344 art.
2380 4290 2413 4345 3
2443 4295 2499 4345 et
2529 4291 2581 4361 4,
2613 4294 2669 4345 et
2699 4289 2830 4346 aliis
2872 4291 2951 4346 ibi
3001 4290 3145 4363 cit.).
3201 4289 3438 4346 Servius
3490 4288 3766 4361 siquidem
3810 4282 3855 4335 in

2236 4376 2395 4434 hunc
2428 4378 2674 4450 ‘_Virgilii
2722 4396 2982 4451 versum,
3033 4396 3148 4451 quo
3200 4379 3399 4448 Enea,
3468 4379 3703 4435 ardente
3754 4370 3854 4439 Illo,

2238 4465 2573 4541 loquentem
2606 4468 2691 4525 sic
2724 4468 2951 4525 inducit
2986 4486 2999 4525 :

2336 4594 2628 4655 Descendo,
2664 4608 2727 4646 ac
2756 4594 2987 4645 ducente
3014 4594 3116 4645 deo
3145 4595 3416 4645 ﬂammam
3452 4595 3598 4645 inter
3628 4596 3683 4644 et
3705 4590 3858 4641 hostes

2333 4656 2619 4720 Expedior.
2716 4692 2731 4708 .
2832 4693 2846 4708 .
2944 4692 2958 4707 .
3056 4693 3070 4708 .
3170 4692 3183 4706 .

2918 4720 3116 4784 (Virgil.
3144 4718 3349 4770 (Εηοίᾱ.
3379 4719 3477 4771 lib.
3507 4732 3564 4781 ιι,
3589 4732 3635 4770 v.
3666 4716 3781 4776 632).

482 4837 824 4909 liberatum,
857 4846 1025 4902 modo
1050 4848 1287 4905 ﬂentem
1319 4850 1671 4923 Sarpedonis
1705 4870 1929 4924 casum,
1972 4837 2129 4914 dum;
2241 4844 2361 4901 haec
2396 4844 2810 4902 animadvertit
2859 4862 2872 4902 :
2925 4868 2953 4896 ‹‹
3004 4846 3341 4902 Secundum
3388 4861 3492 4901 eos
3540 4842 3642 4915 qui
3688 4842 3861 4896 dicunt

482 4928 907 4990 obscenissimo
924 4950 1230 5006 porcorum
1247 4955 1405 4997 more
1418 4941 1729 4999 subantem
1744 4945 2131 5016 prurientem-

479 5033 595 5091 que
624 5018 869 5079 libidine
888 5023 948 5080 in
979 5042 1235 5085 sororem
1263 5045 1618 5103 uxoremque
1643 5050 1812 5091 suam
1832 5034 2126 5093 Junonem

477 5108 620 5165 dum
650 5109 738 5167 illi
768 5116 1001 5187 turpem
1027 5132 1201 5174 suum
1233 5119 1293 5175 in
1324 5121 1543 5177 amicas
1575 5140 1835 5179 amorem
1867 5142 2122 5182 comme-

475 5200 762 5257 morabat.
819 5206 887 5260 At
934 5204 1015 5259 ibi
1060 5207 1241 5263 obiter
1298 5209 1729 5266 observandum
1778 5211 1836 5267 in
1888 5203 2123 5286 Rigallii

474 5289 728 5347 editione
760 5292 1109 5364 simpliciter
1135 5296 1421 5367 scriptum
1457 5315 1521 5353 :«
1544 5298 1827 5357 Venerem
1860 5302 2124 5361 humana

474 5379 692 5453 sagitta
722 5381 1072 5438 sauciatam.
1106 5405 1133 5433 »
1161 5384 1225 5438 In
1257 5388 1473 5443 nostris
1510 5403 1643 5444 vero
1675 5393 1971 5448 manuscri
1981 5396 2117 5466 ptis,

472 5473 531 5525 et
559 5471 994 5544 antiquioribus
1025 5472 1201 5528 editis
1231 5474 1526 5533 codicibus
1560 5476 1674 5550 legi
1709 5496 1722 5535 :
1757 5503 1784 5531 «
1836 5481 2117 5539 Venerem

473 5560 825 5628 sauciatam,
857 5561 1011 5632 quod
1043 5560 1230 5617 filium
1263 5580 1436 5621 suum
1469 5566 1709 5623 zEneam
1762 5586 1907 5639 pene
1937 5572 2117 5629 inter-

472 5646 691 5705 fectum
710 5649 782 5706 ab
800 5650 1002 5707 eodem
1026 5650 1301 5711 Diomede
1320 5670 1521 5728 rapere
1540 5655 2118 5730 voluerit,Martem.»

2238 4933 2546 5005 utriusque
2596 4951 2773 4991 sexus
2821 4934 3332 5007 participationem
3366 4931 3588 4989 habere
3620 4926 3857 4986 numina.

2237 5022 2384 5081 Nam
2416 5023 2625 5079 Calvus
2660 5039 2673 5079 :

2420 5111 2824 5177 Pollentemque
2854 5113 3021 5164 Deum
3052 5112 3331 5163 Venerem.

2235 5200 2379 5257 Item
2409 5200 2693 5273 Virgilius
2727 5216 2740 5255 :

2420 5299 2527 5348 Nec
2554 5299 2756 5349 dextras
2784 5300 2984 5350 erranti
3013 5299 3155 5351 Deus
3181 5298 3369 5361 abfuit,

2233 5415 2366 5454 cum
2395 5403 2496 5455 aut
2524 5400 2679 5455 Juno
2712 5398 2906 5468 fuerit,
2938 5404 3041 5457 aut
3072 5399 3292 5457 Alecto.
3324 5400 3429 5456 Est
3461 5398 3643 5456 etiam
3673 5394 3727 5450 in
3766 5392 3857 5462 CY'

2231 5505 2334 5560 pro
2394 5488 2782 5546 simulacrum
2841 5487 3084 5547 Veneris
3140 5490 3396 5548 barbata
3442 5508 3473 5542 II
3527 5488 3850 5575 (Serv-PQ:

2226 5577 2376 5649 252).
2407 5578 2566 5634 Alios
2611 5578 2662 5634 si
2704 5582 2884 5635 testes
2930 5580 3252 5669 desideras,
3301 5574 3665 5669 plureshtibi
3712 5569 3854 5669 dabit

2229 5666 2582 5739 Macrobius,
2615 5667 2717 5740 qui
2747 5668 3015 5728 observat
3043 5668 3105 5727 in
3132 5668 3307 5728 citato
3340 5665 3571 5739 Virgilii
3618 5665 3851 5721 carmine
