4134 6184
365 292 518 353 1205

1270 295 1344 354 D.
1390 295 1487 353 LE
1534 295 1861 356 NOURRY
1907 294 2553 360 OBSERVATIONES
2600 301 2865 362 NOVE.

3620 299 3777 363 1206

359 425 671 498 legendum
706 424 801 481 deo
833 441 947 481 non
980 429 1177 482 autem
1218 424 1320 482 dea
1366 424 1643 499 (Mocrob.
1675 426 1777 482 lib.
1811 443 1877 481 111
1909 426 2007 482 Sa-
2039 431 2094 496 Α
2194 431 2530 505 gens/ilium,
2565 433 2759 503 Cybele
2802 440 3073 504 pastorem
3121 435 3428 505 suspirans,
3471 434 3616 490 lovis
3662 434 3777 490 elo-

360 516 596 583 turnal.,
651 532 779 588 cap.
832 518 884 572 8.
930 533 987 588 p.
1032 516 1180 582 329).
1214 517 1377 582 Quod
1412 516 1650 587 quidem
1683 515 1778 571 ille
1810 516 2017 587 probat

360 622 475 661 non
524 604 721 660 solum
765 604 890 675 jam
940 605 1133 660 citatis
1181 622 1214 660 a
1263 604 1460 659 Servio
1505 604 1656 660 Calvi
1702 604 1914 671 verbis,
1949 621 2014 660 ac

359 692 602 750 Veneris
627 694 882 749 barbatae
905 693 1451 763 simulacro,verum
1475 694 1647 750 etiam
1675 694 2013 750 testimonio

358 782 797 855 Aristophanis,
830 783 930 855 qui
972 799 1102 839 eam
1144 778 1435 857 ἀφρόδιτον
1468 788 1651 851 vocat,
1684 787 1741 839 et
1791 782 2012 850 Levini,

358 872 461 945 qui
494 871 655 928 illam
687 872 992 944 adorabat,
1024 872 1145 929 sive
1177 889 1326 940 mas,
1360 872 1481 928 sive
1520 871 1738 928 femina
1768 872 1863 928 sit.
1894 872 2012 928 Ad-

360 962 446 1017 dit
472 977 607 1018 vero
639 960 1051 1017 Philochorum
1092 960 1417 1018 asseruisse
1446 962 1713 1017 eamdem
1744 976 1871 1017 esse
1906 960 2012 1015 Lu-

361 1068 521 1119 nam,
554 1051 647 1107 cui
679 1050 784 1106 viri
817 1068 952 1107 cum
981 1054 1143 1106 veste
1185 1049 1480 1116 muliebri,
1509 1050 1783 1106 mulieres
1815 1054 2012 1105 autem

359 1142 511 1197 virili
541 1141 894 1198 sacriﬁcium
927 1141 1171 1197 faciunt.
1205 1141 1367 1206 Quod
1399 1157 1530 1196 vere
1560 1141 1631 1196 ad
1667 1140 2013 1196 Tertulliani

357 1232 724 1304 pr0positum
757 1231 998 1303 propius
1029 1231 1220 1287 adhuc
1249 1231 1495 1300 accedit,
1517 1231 1863 1303 Spartianus
1886 1248 2015 1286 nar-

357 1326 448 1377 rat
474 1320 830 1377 Caracallam
885 1321 1296 1393 imperatorem
1341 1320 1570 1377 venisse
1619 1320 1824 1377 Carras
1867 1322 2015 1376 ι.υηί

361 1412 457 1467 Dei
485 1412 670 1480 gratia
710 1410 1025 1482 (Spartian.
1058 1410 1117 1465 in
1172 1412 1294 1467 Vita
1344 1410 1663 1481 Curacall.).
1715 1410 1901 1481 Atque
1932 1408 2011 1464 ibi

358 1517 467 1556 nos
501 1504 697 1555 monet
728 1498 1023 1555 memoriae
1054 1515 1088 1554 a
1119 1497 1474 1555 doctissimis
1505 1499 1838 1570 quibusque
1867 1497 2012 1553 illud

361 1589 735 1655 mandatum,
768 1588 923 1660 quod
957 1605 989 1643 a
1020 1587 1288 1644 Carrenis
1337 1588 1623 1661 praecipue
1656 1587 2009 1642 observaba-

357 1684 474 1747 tur,
510 1679 701 1747 illum,
736 1678 838 1752 qui
871 1678 1072 1735 lunam
1105 1679 1385 1735 feminam
1432 1695 1561 1735 esse
1591 1678 2008 1743 arbitrabatur,

360 1768 711 1825 mulieribus
772 1784 1007 1839 semper
1053 1767 1380 1835 inservire;
1430 1768 1531 1841 qui
1602 1784 1733 1824 vero
1784 1783 2005 1823 marem

357 1859 533 1915 deum
582 1858 873 1928 credebat,
905 1857 1063 1914 hunc
1110 1856 1399 1913 dominari
1452 1857 1615 1913 uxori
1647 1874 1789 1928 suae,
1825 1872 2011 1929 neque

358 1946 508 2002 ullas
540 1945 660 2019 pati
694 1945 1008 2001 muliebres
1041 1944 1309 2002 insidias.

425 2034 573 2100 Quid
604 2051 741 2107 ergo
768 2034 1007 2102 mirum,
1035 2034 1085 2091 si
1108 2040 1289 2107 postea
1319 2034 1379 2089 in
1410 2034 1653 2090 deorum
1685 2033 2011 2090 irrisionem

355 2123 669 2195 tragmdias
700 2125 1138 2196 composuerint
1161 2122 1426 2180 ridiculis
1449 2124 1691 2180 deorum
1716 2123 1904 2179 titulis
1928 2123 2012 2178 in-

356 2214 657 2285 scriptas?
702 2214 861 2269 Duos
910 2219 1107 2269 autem
1159 2230 1228 2270 ex
1276 2214 1348 2269 iis
1395 2216 1612 2269 Auctor
1660 2218 1856 2268 noster
1905 2230 2011 2268 no-

360 2304 569 2371 minat,
604 2302 920 2359 Lentulum
953 2312 1007 2359 et
1045 2302 1360 2359 Hostilium
1389 2304 1713 2376 (Apologet.,
1746 2320 1797 2358 c.
1835 2303 1918 2370 15,
1956 2319 2010 2373 p.

354 2394 461 2449 358
493 2396 552 2449 et
582 2392 686 2448 lib.
721 2393 745 2448 1
782 2392 851 2448 ad
879 2394 1128 2459 Nation.,
1159 2409 1209 2449 c.
1266 2394 1351 2462 10,
1403 2410 1460 2465 p.
1504 2394 1631 2465 576)
1665 2408 1679 2448 :
1725 2392 1825 2447 sed
1881 2408 2014 2447 rara

355 2482 512 2553 apud
560 2479 706 2537 alios
758 2482 1013 2538 occurrit
1066 2480 1302 2537 illorum
1358 2480 1601 2536 mentio.
1642 2479 1770 2534 Alio
1816 2484 2011 2535 tamen

358 2570 455 2627 ille
483 2570 545 2627 in
574 2570 723 2627 libro
753 2572 825 2627 de
879 2574 1083 2628 eodem
1133 2571 1378 2629 Lentulo
1432 2572 1579 2627 dixit
1613 2588 1625 2627 :
1660 2572 1826 2642 Pugil
1857 2570 2013 2627 Cleo-

356 2661 651 2718 machus...
686 2663 835 2717 inter
882 2660 1123 2735 fullones
1160 2663 1282 2734 jam
1328 2662 1597 2717 Novianos
1644 2660 2010 2727 coronandus,

357 2753 671 2823 meritoque
727 2750 1117 2822 mimographo
1182 2750 1412 2807 Lentulo
1493 2750 1554 2805 in
1632 2749 2013 2805 Catinensibus

357 2846 819 2897 commemoratus
851 2862 881 2891 »
909 2840 1019 2911 (td.
1056 2841 1093 2895 l.
1124 2839 1190 2897 de
1234 2840 1405 2909 Pall.,
1446 2856 1496 2895 c.
1548 2839 1628 2911 4).
1687 2839 1773 2895 Ibi
1817 2842 2011 2894 autem

357 2926 457 2987 ille
505 2930 840 2997 Lentulum,
873 2931 1045 3001 cujus
1097 2930 1481 3000 Hieronymus
1526 2930 1703 2985 etiam
1745 2928 2014 2985 meminit

358 3018 718 3091 (Hieronym.
750 3017 853 3073 lib.
886 3035 950 3085 11,
980 3018 1205 3089 Apolog.
1238 3017 1448 3074 advers.
1482 3018 1715 3089 Ruﬁn)
1763 3017 2012 3072 disserte

365 3113 531 3164 vocat
560 3107 1171 3180 mimographum,seu
1205 3107 1410 3163 fabulae
1450 3111 1770 3173 auctorem,
1805 3107 2011 3161 1108

358 3199 454 3255 cui
486 3198 723 3254 titulum
754 3199 1071 3255 Catinenses

355 3291 574 3344 Auctor
640 3291 839 3343 noster
912 3288 1054 3343 citat
1130 3286 1362 3342 Lentuli
1438 3286 1680 3360 auguris
1746 3288 2015 3342 consulta

360 3375 622 3448 (Tertull.
658 3376 758 3433 lib.
793 3376 858 3433 de
886 3377 1038 3433 Pall.
1068 3393 1194 3447 cap.
1228 3378 1301 3444 4).
1336 3377 1445 3432 Sed
1474 3376 1568 3432 hic
1618 3394 1651 3432 a
1694 3376 2012 3449 mimogra-

360 3466 480 3539 pho
509 3466 775 3522 diversus
799 3465 927 3522 fuit.
954 3465 1354 3539 Maioritaque
1384 3466 1719 3539 ambigendi
1751 3466 1896 3522 ratio
1926 3470 2016 3523 est

368 3559 567 3609 utrum
618 3554 669 3609 is
716 3554 795 3611 sit
842 3553 1267 3627 minographus
1316 3560 1505 3626 poeta,
1539 3554 1641 3627 qui
1675 3556 2013 3612 aluvenale

363 3643 596 3699 duobus
627 3643 721 3700 his
752 3644 1115 3700 carminibus
1146 3644 1355 3699 acriter
1384 3644 1704 3716 castigatur
1736 3660 1749 3699 :

521 3768 830 3833 Laureolum
860 3768 1017 3818 velox
1046 3768 1205 3819 etiam
1235 3768 1373 3818 bene
1402 3769 1659 3820 Lentulus
1688 3769 1810 3833 egit,

518 3831 705 3881 Judice
735 3846 821 3882 me
850 3832 1049 3897 dignus
1078 3846 1205 3882 vera
1233 3845 1408 3881 cruce.

1078 3902 1342 3965 (Juvenal.
1372 3902 1519 3953 satir.
1552 3902 1601 3963 8,
1632 3918 1679 3953 υ.
1714 3902 1841 3964 181.)

432 4035 709 4099 Quamvis
738 4036 895 4092 enim
929 4053 1101 4093 nemo
1135 4036 1458 4093 difﬁteatur
1506 4037 1811 4093 laureolam
1842 4036 2014 4113 fabu-

361 4127 483 4181 lam
515 4125 734 4194 fuisse;
768 4126 1038 4183 nonnulli
1072 4131 1269 4183 tamen
1300 4127 1682 4199 suspicantur
1705 4128 1876 4184 verbo
1907 4130 2016 4199 egit

364 4214 686 4287 signiﬁcari
716 4215 877 4273 illam
909 4222 1096 4273 actam
1129 4216 1323 4289 potius
1359 4235 1391 4273 a
1432 4218 1676 4273 Lentulo
1708 4217 2013 4285 histrione,

364 4320 544 4376 quam
574 4306 647 4361 ab
680 4304 858 4376 huius
888 4305 1144 4362 nominis
1167 4310 1336 4378 poeta
1356 4305 1568 4363 litteris
1588 4308 2015 4380 consignatam.

364 4394 515 4458 Quid
545 4411 700 4465 vero,
723 4394 775 4475 pi
807 4394 904 4451 ille
934 4399 991 4452 et
1020 4395 1228 4452 histrio
1257 4400 1315 4451 et
1343 4400 1512 4468 poeta
1541 4396 1691 4453 hanc
1718 4398 2021 4469 scripserit

364 4486 423 4538 et
451 4482 680 4555 egerit?
727 4484 949 4541 Deinde
987 4502 1122 4541 vero
1163 4501 1232 4541 ea
1263 4485 1461 4541 fabula
1490 4503 1607 4543 non
1640 4487 1712 4542 ab
1745 4492 2017 4543 unotan-

2195 504 2313 571 gia,
2344 506 2603 570 lunonis,
2646 507 2858 560 Veneris
2885 509 2935 561 et
2984 504 3240 562 Minervae
3293 505 3583 577 judicium,
3618 515 3776 577 atque

2196 576 2565 645 ignominiosa
2594 577 2845 634 Minervae
2873 582 2921 633 et
2952 578 3212 633 Herculis
3242 576 3446 647 imago.

2193 738 2276 793 Ad
2309 736 2624 795 histriones
2652 741 2864 795 transit
2886 738 3619 811 Tertullianus,palamque
3642 736 3779 793 facit

2124 826 2194 882 ab
2218 826 2310 883 his
2333 828 2472 884 deos
2496 845 2635 885 suos
2657 845 2772 884 non
2798 829 3008 885 minori
3033 845 3208 900 quam
3242 846 3277 884 a
3308 829 3494 900 poetis
3516 827 3776 883 ludibrio

2122 914 2345 972 haberi.
2379 917 2522 973 Nam
2556 918 2887 975 histrionum
2917 919 3136 986 littera,
3168 918 3249 974 ait
3280 917 3399 985 ille,
3432 932 3650 974 omnem
3676 918 3778 988 fte-

2119 1006 2347 1061 ditatem
2385 1023 2570 1063 eorum
2620 1008 2905 1077 designant
2935 1006 3197 1077 (Tertull.
3230 1007 3473 1080 Apolog.,
3525 1023 3653 1079 cap.
3688 1006 3776 1073 15,

2122 1112 2178 1169 p.
2211 1095 2360 1167 359),
2402 1095 2686 1169 illamque
2736 1114 2894 1164 voce,
2953 1096 3123 1163 facie,
3175 1097 3437 1169 corporis
3495 1095 3776 1167 motibus,

2121 1190 2282 1240 veste
2337 1188 2396 1240 et
2452 1185 2783 1257 insignibus
2837 1186 3189 1258 exprimunt.
3223 1187 3363 1252 Quis
3421 1187 3578 1243 enim
3639 1203 3774 1242 vero

2122 1274 2309 1330 nescit
2351 1274 2692 1345 histriones,
2724 1276 2795 1330 de
2837 1275 3050 1346 quibus
3103 1276 3271 1348 plura
3302 1276 3561 1335 Valerius
3594 1276 3777 1332 Μελικί⁴

2122 1380 2254 1419 mus
2283 1364 2524 1419 tradidit
2554 1364 2700 1434 (Val.
2736 1365 2884 1420 Max.
2911 1365 3011 1420 lib.
3038 1383 3099 1431 11,
3132 1383 3261 1437 cap.
3294 1368 3343 1434 4,
3374 1369 3400 1434 §
3432 1367 3506 1436 4),
3551 1370 3777 1420 actores

2121 1454 2304 1510 fuisse
2334 1455 2774 1527 tragcediarum,
2805 1471 2870 1511 ac
2920 1455 3358 1523 comoediarum,
3392 1454 3491 1526 qui
3533 1454 3773 1508 deorum

2121 1543 2488 1617 aliorumque
2557 1546 3049 1616 repraesentabant
3107 1561 3387 1617 personas
3434 1543 3461 1596 Ἰ
3526 1544 3599 1598 At
3647 1558 3772 1609 cur,

2119 1633 2347 1706 inquiet
2403 1634 2619 1705 aliquis
2666 1634 3063 1691 Tertullianus
3095 1651 3209 1689 non
3241 1633 3349 1689 hoc
3384 1635 3635 1698 tantum,
3670 1631 3773 1687 sed

2119 1723 2232 1778 alio
2263 1724 2455 1779 adhuc
2488 1724 2545 1778 in
2576 1722 2747 1792 libro,
2769 1740 2885 1779 non
2917 1724 3061 1779 dixit
3091 1720 3517 1790 histriones,sed
3547 1719 3772 1776 histrio-

2039 1808 2087 1875 B
2116 1829 2248 1868 num
2304 1813 2515 1868 litteras
2563 1812 2826 1885 ('lertull.
2888 1798 2989 1867 lib.
3024 1830 3064 1880 1,
3096 1812 3165 1867 ad
3211 1814 3462 1881 Nation.,
3508 1826 3635 1882 cap.
3681 1810 3770 1877 10,

2119 1919 2177 1974 p.
2208 1902 2384 1973 576)?
2413 1905 2547 1970 Quae
2579 1910 2715 1958 sunt
2746 1902 2831 1957 hze
2861 1901 3215 1957 histrionum
3248 1902 3448 1957 litterae
3473 1906 3495 1959 Ρ
3521 1899 3769 1967 Quidam

2120 2008 2252 2047 vero
2284 1990 2505 2063 opinati
2552 1995 2691 2047 sunt
2728 1990 2809 2047 ibi
2861 1990 3172 2063 legendum
3206 1991 3379 2046 latera
3402 2007 3423 2053 ,·
3482 1991 3582 2046 sed
3615 2005 3777 2045 mera

2120 2080 2380 2152 suspicio
2410 2085 2519 2149 est,
2554 2079 2775 2135 nullius
2810 2080 3027 2136 codicis
3058 2078 3204 2135 fulta
3233 2080 3598 2136 auctoritate.
3628 2077 3777 2145 Quid

2119 2174 2340 2235 autem,
2362 2170 2409 2225 si
2432 2169 2758 2225 litterarum
2793 2169 3026 2225 nomine
3052 2168 3384 2241 signiﬁcare
3411 2168 3662 2225 voluerit
3688 2183 3778 2236 ea,

2123 2276 2254 2331 quas
2284 2260 2641 2316 histrionum
2672 2276 2811 2315 voce
2842 2264 2898 2314 et
2945 2259 3205 2330 corporis
3248 2258 3504 2313 motibus
3534 2257 3774 2313 exhibe-

2122 2347 2463 2420 bantur,sed
2491 2349 2655 2421 prius
2676 2367 2708 2404 a
2732 2348 2917 2421 poetis
2940 2347 3158 2419 scripto
3188 2353 3245 2403 et
3274 2346 3485 2403 litteris
3518 2346 3774 2403 tradita?

2125 2439 2300 2506 Nam,
2338 2439 2421 2493 uti
2451 2439 2818 2511 Augustinus
2850 2439 2931 2492 ait
2964 2454 2976 2493 :
3015 2460 3035 2485 α
3064 2436 3210 2503 Quid
3240 2440 3378 2492 sunt
3411 2436 3481 2492 ad
3515 2437 3625 2492 hoc
3658 2452 3779 2492 ma-

2122 2529 2245 2583 lum
2306 2527 2577 2584 Mercurii
2638 2528 2813 2594 furta,
2878 2525 3110 2584 Veneris
3156 2524 3414 2595 lascivia,
3457 2529 3663 2597 stupra
3711 2540 3777 2581 ac

2120 2618 2453 2691 turpidines
2498 2621 2861 2684 ceterorum,
2895 2632 3022 2687 quas
3057 2616 3452 2689 proferremus
3485 2614 3554 2671 de
3586 2613 3775 2686 libris,

2124 2708 2235 2763 nisi
2269 2706 2527 2778 quotidie
2555 2709 2933 2762 cantarentur
2953 2709 3009 2760 et
3032 2704 3391 2761 saltarentur
3411 2704 3470 2760 in
3496 2703 3771 2760 theatris.

2122 2796 2390 2868 (August.
2422 2796 2523 2852 lib.
2558 2813 2653 2862 νη,
2685 2795 2750 2851 de
2797 2795 2979 2861 Civit.,
3014 2812 3140 2867 cap.
3170 2795 3262 2863 26,
3297 2811 3353 2867 ρ.
3388 2794 3532 2867 182).
3566 2797 3614 2847 Α
3645 2792 3778 2865 qui-

2121 2885 2232 2941 bus
2289 2889 2485 2941 autem
2544 2884 2656 2940 nisi
2709 2885 2780 2940 ab
2837 2883 3225 2940 histrionibus
3282 2883 3675 2939 cantabantur
3718 2885 3778 2937 et

2121 2974 2510 3043 saltabantnr,
2544 2978 2855 3046 postquam
2913 2991 2946 3029 a
2994 2973 3182 3045 poetis
3230 2972 3463 3045 scriptis
3497 2972 3777 3028 mandata

2123 3065 2399 3121 fuerant?

1103 3151 1171 3162 ““’
1205 3151 1410 3163 “”“’“’“’
1450 3151 1770 3173 “’“”“’””“’
1812 3151 2008 3161 “’“’“’
2198 3153 2593 3209 Tertullianus
2625 3156 2819 3208 autem
2852 3169 3079 3220 eorum,
3116 3169 3244 3224 quas
3286 3151 3356 3207 ab
3388 3151 3776 3207 histrionibus

1101 3197 1443 3270 praeﬁxarat.
1480 3197 1660 3253 Paulo
1702 3201 1834 3269 post
1881 3213 2013 3251 vero
2046 3182 2089 3248 C
2128 3243 2247 3270 um
2280 3244 2334 3270 ,A
2371 3244 2608 3270 Anum
2646 3259 2883 3270 “Amm
2913 3241 3324 3270 “Humanam
3353 3257 3775 3270 mmmnmmm

2128 3243 2248 3299 illis
2280 3244 2339 3299 in
2368 3244 2612 3299 deorum
2646 3259 2887 3297 suorum
2911 3241 3327 3298 contumeliam
3353 3257 3777 3312 summumque

2124 3333 2377 3389 dedecus
2408 3333 2755 3403 agebantur,
2789 3331 2909 3386 haec
2940 3331 3159 3405 profert
3188 3330 3452 3403 exempla
3482 3346 3497 3386 :
3539 3350 3562 3379 α
3596 3334 3779 3402 Luget

2122 3421 2215 3477 Sol
2250 3422 2439 3477 ﬁlium
2470 3422 2791 3477 detractum
2833 3422 2904 3477 de
2932 3420 3071 3477 caelo
3107 3442 3128 3472 ι
3164 3419 3426 3491 (Tertull.
3472 3420 3775 3492 Apologet.,

2124 3528 2250 3583 cap.
2286 3512 2372 3577 15,
2424 3528 2479 3582 p.
2527 3510 2673 3582 359).
2734 3512 2937 3567 1107
2996 3512 3057 3566 In
3118 3510 3475 3566 membranis
3534 3509 3773 3577 nostris,

2122 3606 2179 3657 et
2209 3599 2641 3671 antiquioribus
2687 3600 2941 3672 Rigultio
2990 3600 3368 3668 editionibus,
3405 3600 3684 3671 jactatum
3712 3598 3777 3653 de

2120 3689 2431 3755 etelo,haud
2455 3690 2630 3745 dubie
2656 3689 3101 3757 Phaethontem,
3124 3690 3296 3760 cujus
3328 3692 3466 3744 nota
3496 3691 3585 3744 est
3613 3688 3774 3743 fabu-

2121 3777 2196 3834 la.
2233 3778 2294 3833 In
2337 3778 2525 3850 primo
2566 3777 2948 3834 nihilominus
2997 3778 3074 3834 ad
3110 3781 3364 3836 Nationes
3418 3776 3567 3832 libro
3627 3775 3776 3849 legi-

2124 3885 2256 3923 mus
2303 3883 2316 3923 :
2376 3866 2529 3923 «Sol
2588 3866 2748 3938 luget
2804 3866 2991 3922 ﬁlium
3053 3867 3297 3922 fulmine
3353 3866 3709 3923 exstinctum
3744 3887 3770 3915 υ

2125 3957 2328 4028 (Idem,
2359 3956 2462 4011 lib.
2498 3955 2522 4009 1
2567 3956 2637 4011 ad
2666 3958 2919 4026 Nattam,
2954 3973 3003 4012 c.
3041 3958 3127 4024 10,
3177 3974 3231 4029 p.
3263 3958 3410 4027 576).
3445 3956 3606 4020 Quod
3641 3953 3777 4026 qui-

2125 4046 2255 4101 dem
2293 4043 2627 4116 JEsculapio
2654 4047 2941 4116 convenit,
2975 4046 3473 4117 quemadmodum
3505 4044 3565 4099 in
3599 4059 3779 4115 supc-

2127 4134 2280 4190 riore
2305 4132 2550 4189 articulo
2581 4134 3016 4189 annotavimus.
3050 4134 3463 4190 Verumtamen
3496 4132 3638 4207 quia
3667 4130 3775 4187 ibi-

2126 4224 2260 4279 dem
2293 4222 2546 4278 vidimus
2576 4222 2934 4278 mentionem
2984 4222 3165 4293 hujus
3198 4222 3256 4277 in
3288 4222 3630 4294 Apologetico
3662 4220 3780 4275 fac-

2126 4317 2269 4381 tam,
2296 4312 2432 4368 inde
2452 4311 2645 4384 colligi
2678 4315 2870 4384 potest
2890 4311 2971 4367 ibi
3002 4311 3515 4381 Phaethontem,et
3542 4310 3601 4365 in
3629 4309 3778 4365 libro

2126 4403 2201 4458 ad
2228 4404 2489 4459 Nationes
2521 4401 2918 4472 IEsculapium
2952 4399 3161 4457 notari.

2196 4492 2283 4548 Ab
2332 4491 2617 4548 histrione
2666 4489 2859 4547 adhuc
2906 4488 3434 4562 repraesentabatur
3463 4488 3658 4561 Cybele
3683 4504 3780 4561 pa-

366 4575 494 4627 tum
544 4571 827 4629 histrione
874 4577 1005 4630 acta
1035 4577 1145 4630 est.
1179 4577 1291 4629 Cur
1338 4591 1471 4646 ergo
1526 4574 1809 4632 Lentulus
1854 4576 2015 4632 solus
2046 4560 2092 4625 Π
2121 4586 2328 4638 storem
2356 4583 2647 4653 suspirans
2674 4560 3287 4652 fastidiosuin,scilicet
3316 4560 3777 4650 Atydem.Quam

364 4662 730 4728 nominatur,
764 4662 876 4718 nisi
918 4662 1078 4718 illam
1123 4662 1337 4735 scripto
1369 4680 1599 4736 quoque
1628 4664 2015 4721 tradidisset?

440 4755 721 4807 (laterum
755 4751 953 4808 minus
985 4752 1177 4808 adhuc
1209 4753 1482 4824 frequens
1531 4753 1761 4809 Hostilii
1807 4754 2015 4809 mimo-

365 4841 579 4914 graphi
616 4842 673 4897 in
706 4841 956 4900 aliorum
1004 4842 1170 4899 libris
1219 4843 1719 4901 commemoratio.
1752 4843 2016 4900 Pisciano

366 4935 568 4987 tamen
601 4931 652 4987 si
680 4932 855 4988 ﬁdem
888 4932 1129 5002 habeas,
1152 4932 1454 5003 Hostilius,
1488 4933 1655 4988 Ennii
1684 4935 2017 5007 exemplum

365 5019 878 5089 secutus,annales
910 5020 1138 5077 romani
1162 5020 1359 5093 populi
1382 5021 1582 5077 stricto
1612 5038 1881 5079 sermone
1901 5022 2020 5079 edi-

366 5108 559 5165 derat.
591 5108 787 5165 Potuit
841 5126 979 5183 ergo
1036 5110 1287 5166 scribere
1342 5110 1518 5167 etiam
1578 5112 1913 5169 comoedias.
1958 5113 2019 5170 Si

368 5196 503 5267 quis
536 5213 705 5269 porro
753 5199 823 5254 de
854 5198 954 5255 illo
994 5203 1051 5256 et
1095 5198 1337 5269 Lentulo
1368 5199 1612 5257 meliora
1638 5202 2017 5275 suggesserit,

367 5290 712 5357 pergratum
743 5287 917 5346 nobis
946 5288 1136 5345 faciet.

998 5423 1305 5465 ARTICULUB
1331 5423 1391 5464 11.

373 5501 884 5582 Quamperspicue
931 5507 1297 5582 Tertullianus
1344 5506 1681 5582 demonstret
1716 5511 1883 5582 [alsos
1912 5528 2024 5568 esse

442 5576 749 5656 gentilium
792 5578 920 5635 deos
975 5594 1045 5636 ex
1091 5579 1295 5656 litteris
1340 5576 1781 5656 histrionum,'a
1817 5586 2023 5656 quibus

442 5660 586 5715 voce,
623 5652 798 5722 gestu,
827 5659 1001 5723 metu,
1032 5653 1200 5709 cantu
1240 5653 1757 5722 representationtur
1798 5652 1892 5714 Sol
1933 5659 2019 5714 lu-

2126 4671 2385 4727 fabulam
2448 4671 2800 4744 descriptam
2868 4669 3122 4725 vidimus
3180 4686 3213 4724 a
3279 4666 3532 4723 Minucio
3592 4667 3777 4723 Felice

2126 4761 2438 4832 (Dissertat.
2474 4763 2529 4817 in
2563 4762 2779 4817 Minue.
2814 4760 3019 4830 Oetam,
3044 4775 3169 4831 cap.
3201 4759 3289 4826 '20,
3330 4761 3439 4813 art.
3471 4757 3526 4827 2,
3560 4760 3616 4812 et
3649 4759 3777 4813 Dis-

2124 4854 2313 4906 sertat.
2347 4852 2407 4905 in
2434 4851 2657 4920 Arnob.,
2692 4867 2817 4922 cap.
2848 4850 2939 4916 26,
2988 4853 3095 4904 art.
3141 4848 3213 4920 1),
3268 4851 3325 4903 et
3381 4847 3453 4903 ab
3496 4846 3775 4912 Arnobio,

2129 4939 2230 5010 qui
2278 4938 2492 4994 idcirco
2551 4938 2815 4996 ethnicos
2872 4938 3127 5010 exagitat
3190 4954 3202 4993 :
3270 4956 3295 4989 α
3359 4934 3778 5008 Tranquillior,

2129 5026 2317 5083 lenior
2350 5033 2537 5084 mater
2570 5044 2783 5100 magna
2815 5027 3082 5095 efﬁcitur,
3108 5025 3154 5081 si
3186 5024 3386 5097 AIydis
3417 5023 3783 5096 conspexerit

2130 5116 2384 5189 priscam
2411 5117 2669 5173 refricari
2698 5118 2769 5172 ab
2793 5115 3185 5172 histrionibus
3209 5113 3465 5169 fabulam
3496 5134 3516 5162 ι
3539 5115 3781 5183 (Arnob.

2129 5206 2231 5262 lib.
2268 5223 2366 5274 v11,
2400 5206 2610 5274 advers,
2645 5205 2822 5277 Gent.)
2844 5206 2871 5261 ?
2922 5207 3105 5261 Antea
3152 5219 3282 5259 vero
3318 5221 3331 5260 :
3365 5225 3392 5253 ι‹
3426 5202 3612 5271 Mater
3648 5216 3783 5256 eum

2132 5296 2333 5352 dilexit
2366 5312 2581 5367 magna
2613 5314 2626 5352 :
2662 5295 2710 5351 si
2742 5300 3035 5368 nepotem,
3070 5304 3134 5350 ut
3180 5292 3329 5361 avia,
3363 5308 3456 5347 res
3486 5289 3733 5362 simplex
3767 5304 3781 5343 :

2132 5385 2221 5441 sin
2272 5384 2500 5442 theatra
2552 5390 2616 5440 ut
2663 5389 3029 5458 percrepant,
3062 5382 3298 5439 infamis
3348 5386 3404 5437 et
3454 5376 3785 5453 perniciosa

2130 5474 2365 5532 dilectio
2403 5478 2492 5531 est
2523 5497 2551 5524 »
2584 5475 2687 5548 (Id.
2719 5474 2758 5530 l.
2792 5475 2866 5546 v).

2201 5563 2394 5637 Pergit
2423 5565 2842 5632 Tertullianus,
2874 5566 3050 5635 atque
3091 5560 3356 5617 ethnicos
3398 5558 3492 5613 his
3520 5556 3783 5628 increpat

2129 5653 2365 5713 verbis:
2393 5674 2423 5708 «
2451 5655 2763 5714 Sustinctis
2790 5653 2950 5711 Jovis
2979 5650 3168 5723 elogia
3197 5646 3419 5708 cantari
3450 5668 3479 5699 »
3509 5643 3780 5721 (Tertull.
