4094 6184
352 338 383 396 1
394 335 507 396 207

871 332 1405 395 TEHTULLIANI
1452 332 1778 394 OPERUM
1820 330 2022 391 PARS
2068 331 2117 391 l.
2154 362 2227 372 —
2270 327 2542 389 SERIES
2590 326 2636 399 Ι,
2688 316 3256 384 APOLOGETICA.

3610 308 3762 370 1208

355 467 662 538 Apologet.,
693 482 818 538 cap.
856 465 942 535 15,
976 481 1107 537 pag.
1140 465 1287 537 359),
1320 470 1376 521 et
1419 465 1477 521 in
1509 465 1656 520 libro
1696 464 1765 520 ad
1814 463 2001 518 Nalio-
2030 462 2082 528 Α
2114 464 2431 517 admonuru
2460 476 2528 515 ex
2558 458 2832 513 Cicerone
2881 454 2977 523 (de
3006 452 3216 508 Senect.
3250 465 3305 520 p.
3356 447 3481 538 412,
3511 443 3628 538 lin,
3649 442 3718 497 37
3751 458 3765 508 ;

354 576 473 628 nes,
509 579 534 607 ‹‹
568 555 760 628 elogia
792 553 1081 611 modulari
1110 577 1129 602 ι
1174 554 1299 627 (lib.
1334 573 1376 627 ι,
1409 572 1534 627 cap.
1572 556 1658 625 10,
1691 570 1822 627 pag.
1855 552 2003 623 576),

2115 556 2173 607 et
2226 550 2290 607 de
2335 548 2553 604 Amittit.
2608 565 2663 620 p.
2724 546 2849 614 422,
2891 543 2993 598 lin.
3050 541 3161 611 13),
3217 534 3498 594 Suetonio
3546 532 3672 604 (lib.
3706 547 3768 597 ιι,

356 622 478 703 sive
522 622 693 700 Jovis
733 622 1211 715 vituperationes,
1257 650 1313 700 et
1361 622 1714 718 ignominias
1762 622 2007 715 exprimi
2115 641 2280 714 ut),
2308 639 2505 696 Servio
2538 637 2617 710 (in
2653 635 2754 690 lib.
2786 651 2819 689 v
2850 631 3069 688 Αςηείά.
3121 646 3175 682 v.
3225 625 3349 693 340,
3392 622 3594 718 et_lib.
3640 636 3769 718 vm,

357 736 718 792 histrionum
747 734 988 789 vocibus
1020 750 1083 789 ac
1106 734 1392 806 gestibus,
1416 739 1471 789 et
1500 733 1779 790 tibiarum
1815 732 2011 787 modu-

358 825 576 882 latione
628 825 687 879 in
730 823 1051 893 commdiis,
1084 824 1252 878 sicuti
1304 823 1763 895 Amphitryonis,
1795 825 1851 877 et
1881 820 2011 876 aliis

362 920 517 973 certe
534 933 708 988 quam
732 916 1006 987 plurimis
1030 914 1654 971 similibusdecantari.
1670 912 2013 969 «Sustinetis

363 1022 597 1078 quoque
626 1006 940 1076 Junonem,
987 1006 1292 1073 Venerem,
1328 1004 1642 1062 Minervam
1696 1020 1729 1057 a
1787 1010 2017 1074 pastore

358 1095 612 1167 judicari
642 1118 669 1144 ››
702 1096 907 1167 (Idem,
938 1095 1235 1166 Apologet.,
1264 1094 1456 1166 ibid.),
1477 1093 1752 1148 nimirum
1787 1091 2012 1156 Paride,

363 1185 424 1239 in
476 1188 671 1240 monte
728 1184 827 1239 Ida
865 1186 1108 1240 educato
1157 1184 1311 1239 inter
1358 1187 1642 1255 pastores,
1686 1186 1742 1236 et
1789 1185 2017 1252 pastore

366 1280 725 1345 nuncupato,
782 1274 952 1344 cujus
1000 1273 1070 1327 de
1119 1273 1210 1327 his
1260 1273 1480 1327 deabus
1530 1270 1822 1343 judicium
1873 1268 2017 1323 nulli

367 1363 802 1433 incompertum
831 1361 1103 1418 est.Nihil
1130 1363 1325 1433 itaque
1347 1359 1838 1433 adjiciemus,nisi
1865 1358 2019 1430 quod

367 1451 513 1507 scite
542 1455 598 1505 et
628 1450 867 1506 omnino
899 1452 969 1505 ad
1007 1467 1128 1506 rem
1163 1454 1424 1506 nostram
1460 1450 1722 1522 apposite
1753 1448 2021 1519 Augusti-

371 1557 484 1595 nus
516 1539 659 1594 dixit
694 1556 706 1592 :
740 1540 993 1595 Tametsi
1036 1540 1184 1595 falsa
1217 1540 1357 1609 sint,
1406 1563 1433 1589 «
1469 1539 1658 1612 litigia
1687 1538 1772 1594 vel
1797 1538 2025 1609 judicia

375 1629 468 1702 [de
501 1628 769 1700 pluribus
803 1628 938 1698 diis,
971 1632 1027 1684 et
1058 1629 1246 1683 tribus
1302 1628 1418 1683 illis
1467 1628 1733 1699 deabus],
1768 1644 1891 1699 qua:
1924 1642 2024 1698 pro

375 1716 531 1774 malo
563 1734 738 1773 aureo
773 1717 1151 1789 adipiscendo
1185 1718 1337 1788 apud
1365 1718 1625 1788 judicem
1661 1716 1925 1770 Paridem
1956 1715 2026 1770 de

377 1806 837 1880 pulchritudinis
890 1807 1227 1864 excellentia
1275 1811 1529 1863 certasse
1583 1810 1920 1875 narrantur,
1970 1811 2029 1861 et

379 1896 451 1950 ad
484 1894 796 1967 placandos
827 1895 982 1950 ludis
1009 1895 1164 1963 deos,
1190 1894 1290 1967 qui
1324 1893 1688 1949 delectantur
1717 1909 1817 1948 seu
1851 1892 2024 1962 veris,

379 1999 481 2039 seu
516 1983 679 2037 falsis
712 1984 840 2039 istis
870 1984 1256 2051 criminibus;
1311 1983 1460 2039 inter
1491 1983 1803 2037 theatricos
1830 1986 2023 2036 tamen

376 2071 623 2144 plausus
655 2076 967 2128 cantantur
996 2078 1170 2145 atque
1221 2074 1513 2128 saltantur
1540 2094 1569 2135 η
1621 2073 1888 2144 (August.
1922 2069 2021 2125 lib.

374 2184 515 2222 xvm
546 2166 611 2221 de
643 2166 973 2237 Civit.,jcap.
1012 2167 1077 2221 10
1107 2181 1240 2238 pag.
1266 2166 1409 2235 496).
1444 2167 1630 2237 Atque
1661 2165 1764 2232 ita,
1798 2163 1878 2218 ait
1909 2169 2023 2217 Au-

372 2264 499 2311 ctor
530 2258 748 2324 noster,
783 2256 1026 2309 deorum
1061 2255 1361 2326 majestas,
1403 2253 1652 2309 ethnicis
1705 2269 1816 2308 non
1854 2252 2026 2307 modo

369 2362 481 2401 non
509 2346 951 2402 erubescentibus
984 2344 1243 2417 (Tertull.
1278 2345 1581 2417 Apoloyet.,
1607 2360 1733 2415 cap.
1769 2344 1856 2407 15,
1893 2358 2024 2413 pag.

371 2438 521 2509 359),
556 2440 652 2493 sed
686 2438 886 2507 etiam,
920 2437 1093 2493 sicuti
1126 2436 1184 2491 in
1219 2436 1471 2492 editione
1522 2433 1756 2507 Rigaltii
1790 2432 2022 2505 legitur,

366 2526 785 2598 plaudentibus,
826 2526 884 2581 in
932 2525 1148 2582 nostris
1197 2542 1328 2580 vero
1375 2522 1755 2593 membranis,
1790 2525 1845 2577 et
1875 2520 2022 2576 anti-

374 2613 509 2686 quis
540 2615 922 2685 editionibus,
954 2632 1021 2670 ac
1074 2614 1221 2670 libro
1272 2615 1342 2669 ad
1394 2613 1670 2668 Nationes
1714 2612 2030 2667 laetantibus

374 2703 497 2773 (lib.
533 2721 549 2760 ι
581 2703 649 2758 ad
674 2706 928 2772 Nalion.,
962 2720 1011 2759 c.
1057 2704 1145 2771 10,
1177 2721 1234 2777 p.
1266 2704 1413 2776 576),
1446 2702 1778 2758 violabatur
1805 2705 1859 2758 et
1892 2717 2027 2756 con-

374 2796 467 2849 stu
476 2792 774 2864 prabatur.

448 2882 626 2956 Urget
673 2882 1071 2939 Tertullianus
1112 2882 1293 2955 (ibid)
1345 2899 1357 2938 :
1408 2904 1435 2933 ‹‹
1475 2881 1641 2949 Quid,
1695 2881 1847 2952 quod
1900 2880 2027 2950 (no-

377 2972 482 3028 Itri
506 2973 735 3029 codices
761 2972 1145 3045 manuscripti
1167 2978 1224 3029 et
1251 2973 1499 3044 antiquae
1516 2968 2029 3041 editiones,ipsum)

375 3062 570 3135 imago
601 3062 694 3117 dei
726 3062 898 3119 vestri
930 3061 1562 3135 ignominiosissimum
1594 3060 1770 3132 (idem
1804 3059 1904 3115 alii
1936 3075 2028 3113 co.

378 3150 559 3222 dices,
608 3153 1059 3223 ignominiosum)
1109 3157 1284 3224 caput
1333 3156 1389 3206 et
1435 3152 1722 3206 famosum
1773 3148 1963 3203 vestit.
1998 3168 2023 3199 υ

2118 711 2171 785 v.
2198 730 2346 801 635),
2371 727 2618 798 aliisque
2650 721 3205 780 discimus.Summa
3232 713 3480 785 erat,ubi
3515 711 3768 779 t‘eniinaa,

2122 799 2313 874 media
2344 817 2443 872 ubi
2479 813 2753 888 populus,
2786 810 2957 867 tertia
2990 809 3087 864 ubi
3122 804 3435 862 nobiliores
3463 801 3572 858 viri
3606 799 3772 854 sede-

2123 908 2284 974 bant,
2314 905 2774 979 spectabantque
2817 899 3081 972 publicos
3133 896 3323 951 ludos.
3374 888 3773 979 Tertullianus

2122 976 2863 1066 tamen,vquemadmodum
2893 987 3241 1043 Ammianus
3263 980 3629 1037 Marcellinus
3650 976 3776 1048 (lib.

2124 1102 2240 1152 xxx,
2275 1102 2329 1157 p.
2362 1085 2510 1152 550),
2545 1098 2727 1137 cavea:
2775 1078 3010 1134 nomine
3054 1074 3370 1146 designant
3406 1066 3777 1141 amphithea-

2126 1174 2200 1230 tri
2232 1190 2489 1240 arenam,
2524 1172 2583 1226 in
2632 1187 2746 1242 qua
2777 1168 3116 1241 pugnabant
3146 1161 3517 1233 gladiatores.
3562 1159 3623 1212 In
3667 1171 3776 1210 suo

2129 1264 2345 1336 quippe
2392 1262 2461 1316 ad
2508 1261 2769 1319 Nationes
2809 1257 2959 1311 libro
2991 1252 3228 1324 scripsit
3261 1267 3275 1305 :
3310 1273 3338 1299 ‹‹
3373 1245 3785 1336 Religios-iores

2130 1333 2361 1409 estis—in
2392 1350 2783 1423 gladiatorum
2834 1361 3026 1413 cavea,
3061 1342 3159 1396 ubi
3211 1354 3387 1411 super
3429 1333 3784 1406 sanguinem

2131 1422 2482 1505 humanum,
2516 1455 2693 1510 super
2718 1434 3167 1505 inquinamenta
3200 1443 3501 1501 poenarum
3541 1422 3791 1497 proinde

2133 1532 2350 1588 saltant
2379 1530 2458 1585 dii
2492 1527 2688 1595 vestri,
2723 1530 3068 1596 argumenta
3108 1523 3165 1574 et
3212 1516 3490 1573 historias
3531 1510 3796 1568 nocenti-

2135 1620 2241 1676 bus
2272 1616 2602 1691 erogandis,
2627 1614 2809 1672 autin
2842 1611 2987 1683 ipsis
3030 1609 3154 1665 deis
3202 1610 3474 1663 nocentes
3524 1600 3786 1674 puniun-

2134 1713 2231 1764 tur
2257 1729 2281 1759 ιι
2320 1690 2586 1779 (Tertull.
2620 1704 2722 1759 lib.
2757 1720 2774 1757 ῐ
2805 1701 2876 1755 ad
2907 1702 3055 1769 NaL,
3088 1715 3211 1769 cap.
3250 1696 3335 1764 10,
3370 1709 3500 1766 pag.
3535 1693 3688 1760 576).
3726 1690 3792 1745 In

2137 1799 2476 1870 Apologetico
2501 1800 2699 1852 autem
2728 1789 2905 1848 simili
2940 1789 3112 1844 modo
3149 1804 3164 1843 ι
3199 1808 3228 1837 κ
3263 1786 3325 1840 In
3350 1798 3544 1852 cavea,
3570 1779 3791 1851 inquit,

2137 1888 2235 1943 ubi
2286 1904 2463 1959 super
2507 1884 2851 1955 sanguinem
2904 1882 3255 1942 humanum,
3290 1890 3466 1944 super
3512 1870 3795 1943 inquina-

2138 1982 2337 2032 menta
2369 1990 2672 2049 pmnarum
2715 1971 2959 2045 proinde
3010 1968 3226 2024 saltant
3266 1964 3345 2018 dii
3380 1961 3575 2030 vestri,
3610 1976 3794 2049 argu-

2138 2071 2335 2122 menta
2355 2046 2410 2121 et
2442 2062 2716 2119 historias
2748 2058 2933 2115 noxiis
2962 2048 3511 2119 ministrantes,nisi
3546 2046 3708 2119 quod
3738 2049 3798 2100 et

2134 2156 2294 2228 ipsos
2352 2156 2491 2209 deos
2547 2155 2769 2207 vestros
2827 2163 2980 2219 saepe
3038 2143 3189 2200 noxii
3231 2141 3548 2196 induunt»
3582 2136 3793 2207 (Idem,

2136 2223 2380 2316 dpolog.,
2413 2260 2541 2313 cap.
2578 2242 2663 2310 15,
2694 2257 2748 2310 p.
2781 2239 2908 2307 361,
2944 2242 3001 2290 et
3030 2234 3132 2289 lib.
3166 2230 3281 2286 iad
3318 2230 3463 2298 Nat.,
3502 2226 3611 2281 loc.
3648 2223 3800 2292 cit.),

2137 2335 2359 2399 Quibus
2392 2331 2486 2386 ille
2518 2329 2709 2386 verbis
2741 2326 3033 2398 signiﬁcat
3079 2324 3210 2394 post
3238 2318 3635 2392 gladiatorum
3672 2329 3796 2368 cer-

2136 2429 2357 2488 tamen,
2391 2418 2820 2493 pantominum,
2856 2417 3092 2485 sumpta
3122 2411 3214 2465 dei
3255 2407 3503 2477 alicujus
3538 2404 3701 2458 larva
3732 2417 3797 2455 ac

2138 2530 2407 2586 persona,
2442 2507 2814 2566 descendisse
2857 2503 2915 2558 in
2950 2516 3211 2570 arenam,
3243 2502 3301 2553 et
3331 2496 3579 2552 saltasse
3612 2506 3799 2564 supra

2138 2584 2382 2676 corpora
2413 2600 2762 2661 occisorum,
2797 2598 2896 2648 aut
2944 2591 3202 2647 animam
3243 2584 3672 2651 exhalantium,
3706 2596 3803 2636 no-

2135 2673 2384 2761 xiorum,
2418 2689 2476 2744 id
2508 2691 2617 2757 est,
2652 2684 2887 2740 illorum
2939 2679 3063 2752 qui,
3093 2678 3165 2734 ob
3213 2673 3462 2732 crimina
3510 2688 3622 2727 sua
3653 2686 3798 2725 con-

2138 2758 2421 2850 demnati,
2473 2794 2601 2832 cum
2655 2773 2860 2830 bestiis
2907 2772 3203 2826 decertare
3253 2763 3631 2836 cogebantur.
3694 2758 3799 2813 Dic

2139 2889 2295 2944 ergo,
2320 2886 2493 2940 quam
2530 2864 2841 2938 pulchrum
2866 2878 2930 2916 ac
2964 2860 3124 2933 pium
3156 2858 3281 2912 erat
3311 2855 3485 2909 deum
3520 2865 3802 2944 persons-

2140 2936 2607 3017 tuin—c-arniticis
2658 2952 2820 3025 fungi
2877 2948 3089 3015 ofﬁcio,
3123 2954 3219 3001 aut
3268 2957 3499 2998 reorum
3544 2957 3579 2995 a
3610 2936 3800 2994 beatis

2141 3050 2467 3107 occisorum
2499 3042 2878 3101 cadaveribus
2910 3037 3173 3093 illudere.

2214 3159 2395 3217 Nemo
2429 3160 2624 3212 autem
2657 3151 2802 3207 illud
2835 3150 2906 3204 ab
2950 3150 3201 3203 Auctore
3246 3145 3443 3197 nostro
3473 3138 3681 3193 ﬁctum
3714 3136 3803 3193 vel

384 3241 447 3297 In
481 3212 858 3297 libro-autem
890 3242 960 3296 ad
990 3212 1263 3297 Nationes.
1290 3264 1317 3290 «
1343 3242 1655 3296 Famosum
1687 3242 1743 3293 et
1773 3238 2027 3292 diminu-
2060 3212 2103 3279 Ε
2144 3212 2557 3319 εχξιέεθωιυω
2609 3238 2915 3314 putaverit,
2960 3233 3114 3307 quod
3148 3234 3273 3303 ipse
3320 3228 3570 3284 suismet
3604 3225 3798 3280 oculis

380 3334 508 3386 tum
553 3334 729 3402 caput
774 3329 968 3403 imago
1020 3329 1334 3401 cujuslibet
1383 3330 1472 3383 dei
1522 3328 1735 3395 vestit;
1772 3350 1799 3376 »
1830 3327 1889 3381 id
1919 3331 2027 3397 est,

377 3416 588 3472 histrio
620 3418 1073 3489 ignominiosus,
1121 3422 1178 3473 et
1224 3416 1461 3489 ﬂagitiis
1509 3417 1793 3482 famosus,
1828 3432 2033 3485 reprae-

377 3509 571 3560 sentat
629 3506 945 3577 cujuslibet
995 3506 1085 3561 dei
1142 3504 1481 3577 imaginem.
1543 3503 1723 3558 Addit
1780 3502 2027 3558 adhuc:

382 3594 600 3663 Corpus
632 3596 931 3664 impurum,
983 3597 1032 3648 et
1069 3594 1139 3648 ad
1188 3596 1349 3648 istam
1396 3598 1576 3648 artem
1624 3593 2034 3663 eﬂeminatione

374 3681 853 3753 productum,sive
881 3683 1058 3736 mima
1083 3683 1427 3754 impendens
1447 3682 1745 3736 Minervam
1766 3683 2029 3751 aliquam.

380 3769 486 3836 vel,
516 3770 872 3842 petulantior
897 3772 1115 3826 mimus
1142 3771 1428 3827 Herculem
1461 3771 1663 3843 (ibid),
1687 3771 1741 3825 id
1776 3776 1883 3835 est,
1908 3774 2031 3824 tur-

383 3859 481 3931 pia
513 3860 821 3931 utriusque
862 3860 1013 3915 facta
1062 3861 1119 3915 in
1166 3877 1340 3917 scena
1371 3861 1623 3916 exhibet.
1657 3860 1796 3925 Quis
1825 3861 2031 3916 1108

382 3953 577 4004 autem
620 3966 775 4005 sanas
832 3952 1046 4006 mentis
1076 3951 1251 4006 homo
1283 3968 1395 4006 non
1429 3950 1621 4005 videat
1644 3952 1927 4021 jactatam
1961 3951 2033 4004 ab

381 4038 633 4094 ethnicis
666 4039 873 4093 horum
922 4040 1233 4095 numinum
1275 4040 1638 4095 divinitatem
1672 4040 1844 4111 plane
1876 4038 2033 4109 peni-

382 4132 600 4199 tusque
630 4128 805 4183 everti
835 4127 928 4184 his
962 4129 1313 4184 histrionum
1349 4130 1599 4194 actibus,
1634 4128 1732 4184 illo
1765 4133 2033 4201 spectan-

382 4216 529 4272 tium
565 4216 776 4289 plausu
809 4233 875 4272 ac
905 4218 1144 4288 gaudio,
1168 4219 1562 4288 omnibusque
1587 4218 1705 4272 illis
1735 4216 2034 4289 tragmdiis

382 4310 440 4362 et
468 4308 790 4377 comoediis,
823 4307 894 4362 de
925 4307 1139 4378 quibus
1172 4306 1340 4378 plura
1389 4308 1446 4361 in
1495 4306 1779 4377 superiori
1815 4307 2031 4362 disser-

380 4396 601 4451 tatione
647 4401 704 4452 et
742 4395 873 4450 aliis
921 4394 1065 4452 locis
1098 4396 1174 4449 ibi
1208 4396 1401 4451 citatis
1428 4395 1859 4467 disputavimus
1890 4397 2031 4468 (Dis-

382 4490 551 4541 sertat
580 4486 641 4540 in
670 4489 945 4557 Lactant.,
977 4502 1106 4557 cap.
1138 4487 1227 4551 27,
1262 4489 1369 4540 art.
1402 4485 1504 4553 3)?

987 4626 1303 4667 ARTICULUS
1343 4627 1426 4666 III.

2141 3314 2355 3408 saepius
2384 3333 2597 3389 vidisse
2626 3328 2977 3385 testiﬁcatur
3013 3341 3026 3378 :
3064 3322 3326 3384 Vidimus,
3358 3316 3459 3384 ait,
3495 3314 3806 3408 aliquando

2140 3402 2401 3498 (Tertull.
2454 3421 2655 3488 ibid);
2704 3424 2761 3472 et
2806 3418 2863 3469 in
2910 3412 3057 3467 libro
3094 3411 3168 3465 ad
3213 3409 3468 3464 Nationes
3515 3422 3534 3458 :
3588 3402 3807 3498 «_Vidi-

2141 3492 2273 3572 mus
2304 3531 2453 3584 saepe
2481 3516 2801 3566 castratum
2844 3509 3030 3576 Atyn),
3062 3501 3230 3556 illum
3279 3498 3455 3552 deum
3499 3510 3570 3548 ex
3614 3492 3806 3584 Passi-

2142 3610 2341 3670 nunte,
2380 3582 2406 3653 lc
2439 3601 2581 3655 urbe
2609 3595 2876 3653 videlicet
2905 3593 2965 3647 in
2998 3590 3260 3661 Phrygiae
3293 3600 3518 3655 magnas
3540 3582 3803 3637 conﬁnio

2143 3694 2252 3750 sub
2282 3689 2515 3761 Agdesti
2575 3688 2770 3741 monte
2803 3683 2934 3747 sita,
2969 3679 3026 3734 in
3060 3694 3177 3750 qua
3206 3678 3366 3748 Atys,
3401 3675 3804 3761 testePausa-

2143 3783 2241 3839 nia
2271 3760 2597 3836 tumulatus
2649 3772 2964 3836 ferebatur,
3005 3768 3285 3822 Praeterea
3343 3780 3358 3819 :
3411 3784 3435 3814 υ
3466 3760 3577 3824 Qui
3610 3760 3799 3823 vivus,

2144 3876 2224 3929 ait
2254 3872 2371 3940 ille,
2405 3868 2666 3931 ardebat,
2699 3859 3003 3918 Herculem
3029 3858 3349 3913 induerat»
3377 3853 3678 3940 (Pausan.
3699 3848 3799 3940 lib.

2145 3981 2183 4028 1,
2238 3978 2295 4033 p.
2358 3938 2440 4027 ⁷4),
2498 3954 2646 4019 Quid
2705 3956 2897 4006 autem
2958 3947 3119 4003 hisce
3174 3942 3367 3999 verbis
3424 3940 3540 4033 sibi
3591 3938 3799 4033 voluit,

2145 4027 2259 4107 nisi
2290 4050 2349 4102 in
2381 4042 2719 4102 crudelibus
2752 4038 2867 4094 illis
2908 4032 3259 4108 spectaculis
3293 4029 3496 4086 noxios
3527 4027 3799 4083 homines

2143 4145 2201 4196 et
2228 4137 2542 4195 sceleratos
2573 4133 2810 4202 sumpta
2838 4126 2926 4183 vel
2953 4124 3181 4197 Atydis,
3213 4120 3415 4177 1109
3443 4117 3534 4173 vel
3592 4116 3804 4171 Hercu-

2143 4229 2217 4285 lis
2250 4228 2456 4292 forma,
2475 4222 2925 4293 reprzssentasse
2956 4217 3278 4269 castratum
3308 4212 3503 4280 Atym,
3526 4211 3586 4261 et
3605 4206 3799 4259 vivum

2144 4314 2449 4373 Herculem
2478 4309 2874 4366 combustum.
2894 4309 2976 4359 De
2998 4306 3247 4371 utroque
3267 4297 3493 4370 egimus
3517 4296 3579 4349 in
3603 4297 3801 4349 nostra

2143 4408 2214 4461 de
2239 4400 2479 4460 Arnobii
2504 4396 2670 4454 libris
2700 4391 3113 4451 dissertatione
3134 4389 3445 4461 (Dissertat.
3479 4385 3541 4439 in
3572 4382 3795 4447 Arnob,

2142 4510 2267 4566 cap.
2297 4492 2387 4561 14,
2420 4491 2530 4546 art.
2583 4489 2639 4553 2,
2661 4488 2720 4541 et
2747 4498 2875 4554 cap.
2906 4480 2995 4550 18,
3028 4481 3137 4535 art.
3171 4476 3245 4549 1).

2212 4598 2359 4666 Quid
2392 4591 2608 4669 plura?
2637 4612 2667 4642 ι(
2696 4588 2978 4652 Risimus,
3022 4582 3215 4656 inquit
3252 4581 3446 4638 adhuc
3486 4575 3795 4669 Tertullia-

391 4710 665 4779 Quanlum
696 4708 951 4780 gentiles,
977 4726 1264 4780 personam
1293 4708 1517 4763 deorum
1549 4709 1607 4762 in
1636 4722 1797 4762 cavea
1829 4705 2031 4774 induti,
2067 4694 2114 4757 Β
2145 4706 2278 4759 Πυδ»
2302 4692 2359 4780 el
2402 4686 2552 4780 illa?”
2582 4680 2840 4780 Ῑυάίοτξὶε
2869 4674 3329 4780 meridianorum
3360 4666 3657 4770 (ΤθνιιιῙΙγ
3689 4664 3795 4780 13‘3-

460 4782 811 4837 divinz’tatem
857 4782 1082 4837 illorum
1110 4780 1597 4852 pessumdederint,
1630 4786 2034 4852 repraesentan-

458 4862 535 4909 tes
580 4856 879 4908 castratum
924 4850 1121 4923 Atym,
1158 4854 1238 4907 vel
1286 4853 1571 4906 Herculem
1616 4854 1801 4905 vivum
1836 4850 2032 4904 arden-

458 4929 584 4987 tem,
614 4926 698 4980 vel
728 4927 1075 4981 Mercurium
1120 4926 1365 4979 canterio
1413 4928 1655 4979 mortuos
1700 4923 2031 4977 examinan-

458 5010 583 5058 tem,
618 4999 703 5052 vel
749 4999 895 5053 Jovis
939 4998 1173 5066 fratrem
1212 4996 1480 5050 cadavera
1509 4994 1879 5066 gladiatorum
1907 5010 2033 5066 cum

459 5070 652 5124 malleo
702 5064 1073 5134 deducentem,
1132 5068 1340 5139 aliique
1382 5069 1440 5120 in
1496 5064 1714 5137 templis
1761 5064 2033 5121 adulteria

456 5150 509 5197 et
539 5141 815 5196 lenocinia
847 5138 1257 5212 componentes,
1282 5140 1473 5210 quibus
1502 5139 1729 5194 deorum
1772 5138 2031 5208 majesta-

454 5215 563 5268 tem
592 5212 940 5269 obsoletant.

454 5328 540 5384 Ab
573 5328 928 5384 histrionum
959 5327 1185 5383 theatro
1217 5325 1518 5382 descendit
1547 5323 1944 5381 Tertullianus
1975 5339 2036 5378 in

386 5434 629 5489 caveam,
666 5422 730 5473 ut
758 5418 881 5490 ipse
931 5416 1210 5488 loquitur,
1242 5431 1347 5470 nec
1379 5414 1645 5470 ethnicos
1689 5413 1769 5469 ibi
1802 5412 2035 5484 religio-

386 5511 561 5565 siores
604 5508 825 5563 invenit
880 5505 1146 5579 (Tertull.
1196 5506 1468 5576 Apologet.
1524 5522 1573 5559 c.
1606 5505 1694 5573 15,
1726 5520 1781 5575 p.
1825 5503 1950 5570 361,
1982 5505 2040 5558 et

384 5597 490 5654 lib.
524 5615 542 5653 ι
581 5598 660 5654 ad
690 5598 932 5668 Nattam,
955 5612 1004 5651 c.
1042 5596 1129 5666 10,
1151 5612 1206 5666 p.
1238 5595 1385 5661 576).
1417 5591 1729 5664 Triplicem
1761 5608 1891 5647 vero
1915 5590 2040 5647 dis-

386 5688 665 5758 tinguunt
684 5703 942 5757 caveam,
966 5685 1086 5743 sive
1107 5684 1303 5756 potius
1326 5687 1443 5739 tres
1465 5683 1595 5754 ejus
1620 5685 2043 5754 partes,quem-

2141 4758 2267 4853 cit.)
2295 4777 2708 4851 gladiatorum,
2758 4771 2829 4825 de
2881 4767 3099 4841 quibus
3144 4780 3250 4821 nos
3310 4778 3491 4853 supra
3544 4758 3797 4853 egimus,

2137 4847 2494 4929 crude'litatei
2538 4862 2907 4925 Mercurium,
2964 4857 3020 4911 id
3080 4859 3191 4925 est,
3247 4851 3544 4909 hominem
3581 4847 3794 4903 larvam

2138 4959 2406 5017 Mercurii
2467 4973 2579 5028 prae
2637 4971 2700 5010 se
2758 4952 3059 5019 ferentem,
3107 4949 3369 5013 mortuos,
3405 4940 3530 4997 sive
3574 4940 3795 4995 occisos

2144 5052 2523 5125 gladiatores,
2575 5041 2841 5105 cauterio,
2891 5055 2995 5095 seu
3045 5038 3195 5094 ferro
3253 5033 3541 5091 candente
3574 5027 3796 5125 exemi:

2139 5113 2363 5197 nantem
2424 5143 2621 5192 utrum
2677 5133 2835 5186 fraus
2876 5127 3077 5199 aliqua
3130 5143 3245 5182 non
3296 5123 3523 5188 lateret,
3587 5133 3655 5174 ac
3712 5113 3796 5170 illi

2143 5247 2341 5287 revera
2367 5224 2583 5282 mortui
2615 5222 2833 5278 essent.

2214 5318 2509 5384 Vidimus,
2537 5312 2724 5387 pergit
2752 5308 2850 5364 ille
2879 5307 3089 5379 (ibid.),
3146 5306 3196 5361 et
3247 5302 3396 5361 Iovis
3423 5301 3674 5371 fratrem,
3705 5291 3792 5387 ni-

2147 5410 2362 5467 mirum
2393 5382 2697 5462 Plutonem
2752 5397 3132 5471 gladiatorum
3177 5393 3443 5449 cadavera
3485 5404 3607 5444 cum
3655 5382 3791 5439 mal-

2148 5502 2253 5568 leo,
2281 5499 2396 5556 sive
2429 5500 2494 5551 ut
2522 5494 2583 5549 in
2623 5491 2772 5546 libro
2820 5488 2890 5544 ad
2939 5487 3203 5543 Nationes
3233 5482 3470 5556 legitur,
3510 5474 3795 5568 essequid:

2148 5562 2272 5646 cum
2320 5585 2522 5643 malleo
2565 5581 2939 5647 deducentem,
2998 5575 3058 5630 in
3117 5571 3463 5647 spoliarium
3511 5562 3788 5647 videlicet,

2151 5677 2252 5736 ubi
2282 5675 2635 5749 gladiatores
2662 5667 2818 5739 victi,
2851 5674 2907 5723 et
2928 5646 3419 5723 lethali’vulnsrs
3450 5656 3689 5728 accepto,
3731 5646 3790 5703 si
