4134 6184
321 319 478 378 1209

1233 322 1305 379 D.
1354 322 1449 381 LE
1494 323 1823 383 NOURRY
1869 321 2522 384 OBSERVATIONES
2566 322 2824 383 NOVJE.

324 450 463 522 quid
496 450 707 523 reliqui
743 452 889 507 foret
918 451 1183 524 spiritus,
1217 451 1726 510 intcrimebantur.
1759 454 1970 517 Quam-
2004 454 2052 519 Α
2089 455 2511 511 sertationibus
2539 455 2851 520 (Dissertat.
2886 457 2945 509 in
2979 454 3199 520 Minue,
3233 470 3360 524 cap.
3398 455 3482 521 l3,
3517 459 3626 509 art.
3687 457 3737 510 iv

325 542 523 598 obrem
584 543 879 599 scribebat
938 544 1213 599 Seneca:
1272 566 1298 593 «
1357 543 1655 617 Numquid
1718 546 1971 618 aliquem

322 648 450 687 esse
479 636 600 689 tam
633 632 912 705 cupidum
942 634 1070 689 vitae
1103 637 1296 705 putas,
1332 638 1395 689 ut
1438 634 1702 706 jugulari
1735 634 1791 689 in
1846 653 1971 706 spo-

323 721 511 790 liario,
546 740 722 796 quam
756 726 815 780 in
849 742 1025 781 arena
1054 724 1221 781 malit
1280 748 1306 775 »
1363 726 1588 798 (Senec.
1649 727 1819 798 epist.
1878 727 1968 797 9i,

324 812 433 868 sub
468 813 566 868 fin.
602 830 732 887 pag.
765 814 892 886 384)
924 813 952 868 ?
978 814 1149 869 Plura
1180 819 1375 871 autem
1409 814 1506 871 ille
1538 814 1675 871 alibi
1709 816 1967 887 (epist.7,

322 918 452 973 pag.
489 902 632 972 172),
666 905 736 959 de
766 903 1192 976 gladiatoribus
1215 905 1760 978 meridianis,atque
1792 905 1967 960 etiam

318 990 809 1065 Suetonius(Vita
837 992 1035 1051 Ctaud.
1090 996 1117 1064 §
1172 994 1261 1060 34,
1320 999 1377 1050 et
1435 994 1672 1064 Caligul.
1734 996 1761 1063 §
1815 995 1885 1050 26
1915 998 1971 1050 et

320 1080 535 1151 seqq.),
570 1097 717 1152 quos
751 1082 964 1138 videsis
998 1083 1152 1137 sicut
1186 1082 1583 1155 Lampridium
1627 1083 1767 1155 (Vita
1803 1084 1967 1140 Com-

316 1168 461 1224 mod.
494 1172 847 1243 imperator.)
880 1173 948 1227 de
980 1170 1276 1244 spoliario,
1323 1172 1380 1228 in
1411 1173 1565 1245 quod
1619 1172 1969 1246 gladiatores

319 1274 469 1315 unco
502 1259 907 1316 trahebantur.

391 1347 688 1410 Quosdam
722 1365 892 1420 porro
923 1349 1199 1405 admirari
1236 1348 1414 1421 subit,
1444 1350 1540 1421 qui
1604 1350 1659 1407 in
1692 1350 1800 1407 hoc
1832 1352 1967 1407 Ter-

319 1433 548 1491 tulliani
584 1440 740 1492 textu
772 1437 1056 1509 scriptum
1088 1438 1292 1494 volunt
1327 1457 1339 1495 :
1374 1462 1401 1489 «
1466 1440 1729 1497 Vidimus
1787 1446 1844 1496 et
1895 1442 1966 1496 ad

317 1524 480 1580 Jovis
512 1526 748 1582 fratrem
775 1550 801 1576 »
838 1527 1025 1597 (Joan.
1059 1529 1252 1601 Argol.
1282 1533 1406 1585 Not.
1440 1531 1498 1584 in
1533 1530 1778 1601 Unuphr.
1807 1547 1828 1592 ,'
1862 1536 1967 1585 Pa-

320 1613 484 1669 nuin.
515 1618 581 1671 de
614 1616 727 1671 tud.
782 1616 1021 1673 Circeas.
1057 1634 1182 1689 cap.
1234 1619 1315 1690 2),
1366 1618 1535 1690 quasi
1580 1620 1793 1675 dixerit
1826 1637 1838 1675 :
1870 1620 1967 1675 Vi-

316 1703 512 1760 dimus
540 1706 811 1761 eumdem
843 1708 1214 1775 Mercurium,
1275 1708 1374 1780 qui
1432 1709 1822 1781 gladiatorum
1874 1727 1968 1765 ca-

2082 547 2140 598 et
2170 545 2229 598 in
2261 545 2501 601 Lactant.
2537 563 2591 617 p.
2627 546 2718 610 ‘27,
2752 550 2858 600 art.
2896 547 2918 598 1
2950 549 3006 599 et
3034 545 3146 611 34).
3182 543 3322 606 Quis
3362 549 3581 611 autem,
3641 546 3734 600 cui

2082 649 2226 688 sana
2262 651 2424 690 mens
2458 634 2551 702 sit,
2588 639 2796 704 sponte
2828 650 2942 689 non
2994 633 3323 689 subscribet
3354 633 3735 701 Tertulliano,

2080 722 2179 792 qui
2213 739 2280 778 ex
2310 722 2403 779 his
2435 724 2734 790 omnibus,
2782 739 2912 795 quae
2971 723 3025 777 in
3068 723 3175 777 hoc
3226 726 3281 777 et
3330 722 3733 794 superioribus
3798 763 3803 768 η

2080 811 2344 868 articulis
2377 813 2666 885 explicata
2698 817 2856 882 sunt,
2891 816 3046 868 recte
3092 811 3388 867 concludit
3435 812 3506 866 ab
3557 812 3732 884 ipsis-

2080 906 2201 956 met
2221 902 2473 958 ethnicis
2501 919 2735 958 omnem
2771 902 2940 975 plane
2971 902 3213 957 deorum
3265 916 3529 969 suorum,
3586 918 3733 972 quos

2079 990 2491 1047 aChristianis
2549 991 2795 1063 aliisque
2872 991 3111 1064 agnosci
3172 994 3228 1046 et
3287 989 3393 1047 coli
3437 990 3731 1057 volebant,

2079 1079 2444 1137 divinitatem
2476 1080 2865 1153 pessumdari,
2895 1082 3246 1153 penitusque
3277 1080 3535 1136 subverti
3565 1079 3592 1133 ?

2150 1170 2260 1224 Tot
2290 1169 2444 1224 enim
2477 1173 2768 1241 tantaeque
2827 1170 3071 1225 deorum
3126 1168 3513 1238 contumeliae,
3561 1168 3729 1241 igno-

2080 1258 2294 1325 minias,
2329 1258 2668 1316 irrisiones:
2732 1262 3020 1325 Honorem,
3057 1258 3158 1323 ait,
3219 1259 3528 1329 inquietant
3584 1258 3725 1312 divi-

2077 1347 2292 1413 nitatis,
2327 1348 2380 1403 id
2415 1352 2522 1415 est,
2556 1349 2817 1419 turbant,
2881 1365 2984 1403 nec
3033 1347 3291 1419 quietam
3343 1363 3731 1418 securamque

2077 1452 2204 1492 esse
2235 1438 2460 1493 sinunt.
2494 1438 2640 1501 Quin
2675 1438 2851 1493 etiam
2884 1438 3199 1509 majestatis
3249 1437 3484 1506 fastigia
3520 1436 3722 1491 obsole-

2076 1530 2203 1581 tant
2236 1526 2494 1598 (Tertull.
2529 1528 2835 1598 Apotoget.,
2870 1527 3094 1598 cap.15,
3129 1530 3184 1579 et
3217 1524 3319 1579 lib.
3353 1542 3371 1579 ι
3410 1525 3480 1579 ad
3508 1526 3726 1580 Nation.

2078 1631 2126 1669 ο.
2166 1616 2269 1686 10).
2305 1618 2493 1687 Atque
2526 1616 2605 1670 ita
2629 1616 2868 1688 quidem
2928 1616 2985 1670 in
3049 1615 3264 1670 nostris
3318 1614 3643 1681 codicibus,
3675 1617 3732 1669 et

2079 1704 2354 1760 omnibus
2388 1710 2522 1760 ante
2554 1704 2869 1776 Rigaltium
2901 1703 3093 1760 editis.
3130 1706 3194 1758 At
3224 1702 3273 1758 is
3305 1704 3461 1757 verbi
3520 1704 3726 1759 obsole-

316 1793 528 1849 (ἰανθΐᾶ
558 1812 672 1851 non
724 1796 915 1852 solum
963 1797 1221 1852 cauterio
1278 1799 1673 1866 examinabat,
1720 1799 1819 1855 sed
1867 1799 1968 1871 qui
1998 1831 2045 1895 B
2078 1798 2199 1849 tant
2257 1794 2689 1866 ineptissimam
2740 1794 3112 1850 existimabat
3169 1808 3297 1848 esse
3345 1791 3727 1863 significatio-

313 1884 609 1939 eosetiam
670 1900 802 1940 cum
864 1886 1072 1941 malleo
1123 1888 1448 1943 deducebat
1505 1889 1573 1943 ad
1636 1888 1963 1954 Plutonem,

310 1971 471 2026 Jovis
504 1973 761 2040 fratrem,
796 1974 915 2029 sive
946 1976 1014 2029 ad
1049 1976 1285 2031 inferos.
1343 1977 1464 2031 Non
1514 1977 1668 2032 enim
1703 1977 1965 2033 animum

312 2060 460 2116 satis
486 2062 805 2118 advertisse
834 2063 1111 2119 videntur
1140 2066 1212 2120 ad
1264 2065 1384 2120 haec
1432 2067 1698 2137 ejusdem
1731 2066 1966 2122 Tertul-

312 2148 454 2204 liani
484 2150 540 2205 in
567 2150 712 2206 libro
745 2152 821 2207 ad
847 2156 1116 2209 Nationes
1146 2157 1321 2209 verba
1354 2171 1366 2208 :
1427 2176 1455 2203 «
1486 2155 1771 2225 Dispater,
1804 2155 1965 2211 Jovis

314 2240 516 2305 frater,
550 2239 937 2309 gladiatorum
971 2243 1277 2314 exsequias
1308 2260 1440 2299 cum
1474 2245 1684 2300 malleo
1707 2246 1965 2313 deducit,

315 2343 429 2397 quo
462 2328 809 2396 Mercurius,
844 2331 903 2385 in
955 2330 1185 2386 calvitio
1243 2332 1622 2404 pennatulus,
1672 2334 1731 2387 in
1786 2335 1963 2390 cadu-

314 2430 415 2471 ceo
449 2416 754 2489 ignitulus,
787 2436 1029 2491 corpora
1075 2421 1407 2477 examinata
1459 2422 1607 2492 jam,
1644 2426 1965 2479 mortemve

314 2505 677 2573 simulantia,
719 2524 749 2563 e
781 2510 1037 2564 cauterio
1092 2512 1298 2581 probat
1325 2534 1345 2561 η
1382 2511 1648 2578 (Tertull.
1684 2513 1783 2567 lib.
1818 2530 1835 2566 ι
1892 2513 1964 2568 ad

312 2594 441 2651 Nat.
473 2610 600 2667 cap.
659 2598 746 2665 10,
784 2615 837 2668 p.
896 2599 1048 2668 576).
1109 2598 1424 2671 Utriusque
1480 2601 1659 2671 igitur
1702 2602 1961 2656 ofﬁcium

313 2683 645 2756 distinguit,
677 2689 734 2741 et
791 2686 1061 2743 Mercurii
1119 2688 1379 2761 quidem,
1434 2690 1531 2760 qui
1594 2690 1964 2746 examinabat

314 2775 513 2827 utrum
545 2772 899 2846 gladiatores
933 2777 1146 2831 mortui
1178 2780 1376 2832 essent
1410 2795 1425 2847 ;
1459 2782 1515 2833 et
1545 2778 1827 2850 Plutonis,
1860 2779 1961 2852 qui

313 2866 599 2929 mortuos,
632 2862 751 2920 sive
782 2881 981 2920 eorum
1017 2866 1323 2937 exsequias
1353 2867 1678 2924 deducebat
1717 2869 1775 2923 in
1826 2886 1961 2941 spo-

314 2948 571 3007 liarium.
609 2953 683 3007 De
732 2952 826 3007 his
884 2954 1177 3026 siquidem
1234 2956 1334 3011 ille
1388 2956 1673 3029 loquitur,
1714 2975 1841 3029 quas
1902 2959 1958 3013 in

310 3038 700 3111 gladiatorum
754 3041 911 3098 ludis
971 3042 1094 3099 fieri
1152 3052 1594 3101 consueverant.
1644 3047 1797 3102 Alias
1828 3064 1959 3104 vero

311 3128 633 3185 Mercurius
655 3131 948 3187 ferebatur
994 3133 1270 3204 caduceo,
1303 3151 1403 3191 seu
1462 3135 1624 3207 virga
1675 3138 1960 3193 deducere

310 3218 381 3272 ad
431 3223 668 3289 tartara,
727 3223 1224 3292 quemadmodum
1287 3225 1356 3278 de
1405 3224 1503 3279 illo
1554 3225 1713 3280 canit
1769 3226 1960 3298 Virgi-

311 3305 427 3361 lius
455 3323 469 3362 :

418 3420 540 3465 Tum
568 3422 758 3479 virgam
783 3424 923 3480 capit.
954 3426 1043 3469 hac
1064 3427 1247 3472 animas
1266 3425 1346 3471 ille
1373 3432 1545 3472 evocat
1567 3429 1694 3474 Orco

418 3484 673 3537 Pallentes,
703 3486 825 3532 alias
854 3488 943 3532 sub
972 3489 1123 3533 tristia
1152 3490 1356 3535 Tartara
1384 3491 1538 3539 mittit.

414 3546 508 3592 Dat
530 3560 746 3599 somnos,
777 3550 1050 3607 adimitque,
1070 3562 1119 3596 et
1145 3553 1321 3597 lumina
1360 3559 1516 3597 morte
1546 3556 1771 3612 resignat.

724 3614 917 3671 (Virgil.
951 3616 1127 3665 Eneid.
1164 3616 1240 3658 lib.
1269 3628 1336 3667 xv,
1366 3628 1412 3660 v.
1442 3621 1488 3660 et
1516 3616 1595 3662 242
1621 3621 1772 3674 seqq.)

380 3712 529 3768 Suos
561 3730 731 3785 porro
762 3715 901 3770 deos
931 3714 1149 3770 ethnici
1200 3734 1313 3771 non
1346 3716 1403 3770 in
1441 3717 1692 3789 publicis
1727 3724 1955 3777 tantum

304 3801 657 3871 spectaculis
706 3807 764 3858 et
821 3820 993 3859 cavea
1049 3804 1395 3876 irridebant,
1448 3807 1549 3861 sed
1610 3807 1670 3861 in
1718 3806 1955 3865 illorum

302 3888 483 3944 etiam
516 3891 775 3963 templis,
810 3892 907 3948 ubi
942 3910 1081 3949 sane
1112 3893 1249 3963 illis,
1302 3894 1525 3949 sicubi‘
1549 3913 1834 3966 unquam,
1867 3898 1954 3953 di-

302 3977 427 4031 vini
458 3978 709 4035 honores
740 3981 994 4037 habendi
1025 3986 1210 4037 erant.
1246 3983 1307 4039 In
1340 3983 1412 4038 iis
1435 3984 1729 4041 enimvero
1758 3987 1955 4043 videre

303 4071 455 4137 erat,
504 4067 699 4141 inquit
749 4070 1170 4139 Tertullianus,
1230 4096 1256 4122 ‹‹
1318 4071 1607 4128 adulteria
1664 4078 1952 4147 componi,

301 4156 462 4211 inter
491 4174 622 4214 aras
680 4158 970 4215 lenocinia
1006 4162 1264 4228 tractari,
1318 4164 1378 4218 in
1427 4162 1571 4231 ipsis
1615 4167 1953 4237 plerumque

302 4246 655 4303 mdituorum
687 4266 752 4304 ac
784 4250 1155 4305 sacerdotum
1188 4250 1583 4307 tabernaculis
1613 4253 1749 4323 [non
1782 4270 1952 4309 secus

300 4339 481 4406 atque
513 4337 570 4391 in
601 4337 1008 4410 lupanaribus]
1040 4340 1148 4394 sub
1187 4340 1395 4395 iisdem
1427 4340 1587 4396 vittis
1618 4342 1947 4413 [ipsorum],

298 4429 362 4479 et
390 4424 679 4498 apicibus,
711 4433 768 4484 et
799 4429 1097 4500 purpuris,
1132 4430 1304 4484 thure
1338 4429 1951 4501 ﬂagrante,libidinem

296 4516 560 4587 expungi
599 4538 627 4567 η
663 4515 1152 4589 (Teru11.Apotog.
1216 4535 1266 4572 c.
1328 4519 1435 4590 15).
1471 4521 1679 4574 1110
1711 4537 1813 4576 seu
1854 4538 1948 4576 ex-

296 4603 502 4675 primi,
536 4610 709 4677 atque
739 4606 977 4678 expleri.
1003 4607 1117 4662 Nec
1161 4606 1288 4677 tibi,
1324 4623 1541 4677 quaeso,
1573 4616 1848 4681 suspecta
1878 4611 1955 4666 sit

292 4692 429 4763 ejus
460 4694 622 4750 ﬁdes.
656 4695 801 4751 Nam
833 4695 1152 4766 Juvenalis,
1211 4698 1445 4752 tametsi
1503 4696 1794 4766 ethnicus,
1818 4716 1951 4756 cum

292 4785 466 4837 tanta
496 4782 716 4856 ﬂagitia
746 4785 893 4841 ferre
927 4802 1039 4841 non
1074 4789 1290 4857 posset,
1325 4802 1393 4841 ea
1425 4804 1536 4841 non
1570 4787 1696 4843 sine
1717 4805 1954 4845 summa

288 4870 702 4943 indignatione
724 4874 817 4929 his
848 4875 1116 4931 versibus
1144 4875 1437 4947 exagitat:

405 4995 572 5051 Nuper
598 4996 739 5048 enim,
772 5002 822 5041 ut
849 5003 1007 5054 repeto
1032 4998 1191 5043 fanum
1227 4997 1386 5049 Isidis,
1417 5003 1464 5045 et
1496 4997 1841 5057 Ganymedem,

405 5059 555 5108 Pacis.
581 5067 629 5105 et
656 5062 872 5106 advectae
902 5068 1095 5107 secreta
1127 5063 1301 5119 palatia
1328 5063 1513 5115 Matris,

406 5120 468 5165 Et
494 5124 717 5169 Cererem
748 5138 760 5179 ;
787 5135 895 5169 nam
925 5137 1018 5182 quo
1038 5138 1130 5170 non
1156 5131 1341 5182 prostat
1369 5126 1545 5172 femina
1558 5126 1743 5184 templo
1768 5130 1788 5170 ?

858 5186 1087 5241 (Juvenal.
1118 5188 1251 5235 sstir.
1276 5188 1319 5239 9,
1344 5201 1389 5234 ν.
1411 5190 1477 5241 22,
1509 5194 1557 5234 et
1582 5191 1735 5248 seqq.)

366 5300 437 5357 Et
458 5317 518 5357 re
548 5302 787 5374 quidem
811 5320 944 5359 vera
969 5302 1066 5359 ille
1092 5304 1255 5376 prius
1282 5304 1508 5362 dixerat
1540 5322 1553 5361 :

398 5426 499 5469 Aut
527 5426 651 5483 apud
685 5426 853 5473 Isiacae
883 5428 1042 5486 potius
1064 5428 1282 5475 sacraria
1311 5427 1433 5474 lenae

402 5488 655 5546 Componit
681 5491 883 5538 crinem.

1118 5575 1133 5591 .
1231 5545 1393 5600 (Satir.
1421 5557 1483 5597 v1.
1513 5560 1559 5593 v.
1590 5549 1631 5599 4,
1658 5549 1718 5603 5.)

362 5651 477 5708 Sed
506 5652 579 5711 de
608 5652 702 5710 his
725 5653 850 5725 jam
870 5652 1038 5726 plura
1054 5652 1311 5712 diximus
1340 5652 1400 5711 in
1422 5653 1556 5712 aliis
1585 5655 1804 5713 nostris
1820 5655 1945 5714 dis-

2078 1899 2233 1946 nem,
2289 1883 2616 1955 corrigique
2682 1882 2869 1937 voluit
2925 1883 3194 1947 adsolent,
3242 1898 3357 1952 quo
3412 1880 3539 1952 ipse
3596 1885 3729 1953 post

2074 1972 2495 2027 Gothofredum
2530 1977 2726 2028 censet
2783 1972 3124 2043 significari,
3183 1971 3242 2024 in
3284 1969 3475 2025 solum
3529 1974 3586 2025 et
3613 1974 3723 2025 ter-

2077 2078 2201 2117 ram
2229 2062 2587 2134 deprimunt.
2638 2066 2872 2117 Fatetur
2928 2061 3174 2116 libenter
3204 2061 3259 2115 in
3296 2059 3483 2131 primo
3505 2062 3721 2115 Aucto-

2076 2151 2156 2206 ris
2187 2151 2369 2206 nostri
2411 2151 2481 2205 ad
2535 2152 2793 2206 Nationes
2842 2150 2989 2205 libro
3048 2150 3332 2221 scriptum
3367 2165 3380 2204 :
3417 2150 3724 2220 Majestatis

2072 2242 2355 2311 fastigium
2409 2239 2658 2296 adsolent
2704 2239 2997 2310 (Tertull.,
3060 2240 3159 2293 loc.
3225 2240 3391 2307 cit.);
3452 2242 3511 2293 at
3577 2238 3717 2309 quid

2074 2330 2343 2401 prohibet
2374 2329 2693 2401 quominus
2730 2329 2835 2384 hoc
2865 2328 3104 2383 verbum
3147 2343 3263 2382 uno
3316 2326 3375 2381 in
3432 2326 3603 2393 libro,
3664 2332 3721 2380 et

2073 2418 2229 2473 aliud
2255 2418 2310 2473 in
2346 2418 2525 2473 altero
2552 2416 2883 2473 adhibuerit
2912 2416 2939 2470 ?
2968 2415 3138 2470 Verbi
3174 2420 3366 2471 autem
3423 2415 3721 2470 obsoletant

2072 2507 2504 2579 ineptissimam
2537 2523 2665 2562 esse
2695 2504 3185 2578 significationem
3245 2504 3344 2576 qui
3403 2503 3626 2573 objicit,
3669 2504 3719 2559 is

2072 2600 2225 2652 certe
2278 2597 2423 2652 satis
2484 2613 2596 2651 non
2648 2595 2899 2651 attendit
2952 2595 3224 2649 eumdem
3291 2591 3718 2648 Tertullianum

2073 2684 2211 2740 alibi
2241 2685 2457 2741 dixisse
2491 2702 2503 2739 :
2540 2708 2568 2735 «
2606 2685 2904 2740 Perituros
2949 2684 3256 2755 plerosque
3290 2697 3525 2736 rursum
3588 2684 3721 2752 post

2071 2774 2351 2844 salutem,
2386 2774 2487 2845 qui
2545 2774 2819 2829 vestitum
2853 2771 3286 2829 obsoletassent
3325 2769 3646 2843 nuptialem
3693 2792 3713 2818 ι

2071 2864 2279 2932 (Idem,
2312 2862 2595 2933 Scorpiac.
2624 2879 2752 2933 cap.
2786 2863 2863 2933 6).
2900 2861 3101 2915 Nonne
3129 2861 3187 2915 in
3219 2860 3328 2916 hoc
3386 2860 3532 2914 libro
3562 2858 3715 2913 idem

2070 2957 2159 3008 est
2190 2952 2370 3022 hujus
2401 2952 2559 3008 verbi
2617 2956 2791 3022 atque
2842 2950 2900 3005 in
2959 2950 3311 3021 Apotogetico
3346 2935 3571 3004 'sensns
3600 2948 3627 3003 ?
3656 2948 3717 3004 Si

2070 3057 2206 3112 ergo
2232 3041 2664 3112 ineptissimus,
2696 3040 2983 3105 videatur,
3018 3056 3142 3104 cur,
3210 3039 3449 3094 obsecro
3507 3042 3582 3105 te,
3617 3038 3715 3093 Ri-

2070 3130 2288 3203 galtius
2319 3130 2487 3198 illud,
2520 3130 2576 3185 in
2612 3130 2723 3184 hoc
2752 3127 2901 3184 libro
2958 3133 3271 3195 mutatum,
3332 3126 3391 3182 in
3445 3126 3557 3182 alio
3602 3144 3719 3183 ser-

1989 3205 2035 3271 C
2073 3219 2229 3275 vavit
2257 3218 2284 3273 ?
2315 3219 2439 3274 Non
2469 3235 2573 3291 ego
2601 3218 2901 3273 immutari
2936 3217 3137 3271 debuit
3166 3217 3366 3285 unius,
3399 3215 3448 3270 si
3499 3215 3557 3270 in
3614 3215 3715 3271 illo

2071 3309 2416 3381 reperiatur,
2455 3307 2762 3363 Fnldensis
2791 3306 3009 3362 codicis
3065 3304 3425 3371 testimonio,
3479 3303 3573 3359 cui
3632 3307 3719 3359 tot

2071 3397 2185 3453 alia
2218 3396 2567 3469 antiquioris
2600 3396 2975 3468 meliorisque
3006 3399 3153 3451 nota:
3175 3392 3532 3465 exemplaria
3552 3408 3717 3464 aper-

2068 3486 2298 3542 tissime
2331 3490 2675 3559 repugnant.
2709 3484 2861 3540 Satis
2911 3484 3127 3556 quippe
3184 3487 3274 3539 est
3305 3483 3351 3538 si
3393 3480 3715 3554 genuinum

2070 3575 2415 3632 Tertulliani
2444 3576 2687 3630 verbum
2719 3574 2797 3631 sit
2824 3574 3146 3639 obsoletant,
3202 3588 3316 3643 quo
3377 3571 3551 3627 etiam
3588 3570 3718 3625 For-

2068 3670 2311 3720 tunatus
2343 3683 2489 3720 usus
2520 3669 2608 3719 est
2645 3665 2845 3719 eodem
2891 3664 3062 3735 plane
3121 3662 3455 3734 significatu
3489 3661 3717 3729 (Fortu-

2068 3760 2188 3809 nat.
2248 3756 2363 3809 Vita
2422 3754 2475 3808 S.
2538 3753 2786 3825 Albini§
2836 3753 2908 3823 l),
2972 3758 3147 3823 atque
3207 3751 3509 3821 abrogant,
3562 3748 3719 3803 anti-

2067 3848 2272 3915 quant,
2304 3842 2632 3898 obsoletum
2667 3841 2906 3896 faciunt.
2966 3844 3186 3895 Sensus
3236 3838 3417 3911 igitur
3447 3838 3717 3893 Auctoris

2066 3932 2252 3989 nostri
2284 3932 2377 3986 hic
2410 3936 2498 3986 est
2533 3948 2543 3984 :
2574 3930 2810 4000 ethnici,
2844 3946 2976 3984 cum
3031 3930 3170 3983 deos
3202 3944 3341 3981 suos
3372 3927 3552 3981 tantis
3576 3943 3715 3980 con~

2064 4021 2346 4090 tumeliis,
2382 4020 2635 4092 probris,
2668 4018 2903 4090 injuriis
2962 4016 3021 4071 in
3081 4016 3415 4087 quibusque
3470 4014 3612 4069 locis
3660 4018 3718 4068 et

2064 4111 2247 4167 sacris
2279 4113 2335 4164 et
2366 4108 2622 4181 profanis
2652 4111 2880 4172 vexant,
2914 4121 3132 4176 eosque
3166 4102 3551 4159 nihilominus
3601 4100 3713 4156 coli

2062 4205 2119 4254 et
2148 4200 2375 4254 adorari
2404 4196 2628 4263 volunt,
2680 4194 2913 4249 illorum
2974 4192 3340 4249 divinitatem
3371 4208 3490 4247 una
3530 4206 3710 4244 manu

2063 4289 2374 4359 antiquant
2406 4291 2461 4342 et
2483 4286 2819 4349 destruunt,
2842 4299 3016 4355 quam
3042 4282 3224 4337 altera
3255 4282 3557 4336 adstruere
3588 4280 3708 4334 fru-

2062 4382 2185 4433 stra
2214 4377 2576 4432 nitebantur.

2676 4559 2992 4598 ARTICULUS
3025 4559 3099 4597 ιν.

2065 4663 2267 4733 Quibus
2296 4662 2635 4733 argumentis
2668 4660 3034 4733 Tertullianus
3089 4658 3407 4733 patefecerit
3458 4657 3707 4733 ethnico-

2132 4752 2258 4790 rum
2281 4730 2406 4790 (teos
2435 4751 2469 4788 a
2499 4732 2850 4805 philosOphis,
2910 4747 2975 4785 ac
3030 4730 3358 4805 nominatim
3388 4746 3423 4783 a
3462 4732 3705 4797 Socrate,

2134 4810 2388 4877 Diogene,
2422 4810 2471 4859 et
2499 4800 2750 4860 Varrone
2778 4805 2971 4858 irrisas
2999 4807 3163 4873 atque
3190 4800 3465 4872 explosos.

2131 4947 2311 5003 Nemo
2342 4961 2505 5014 sane,
2536 4944 2808 5016 quisquis
2839 4944 2935 5014 sit,
2970 4943 3224 5014 objicere
3290 4942 3462 4999 nobis
3517 4944 3710 5015 potest

2059 5038 2259 5092 1111
2303 5034 2583 5105 majorem
2618 5032 2801 5088 fuisse
2840 5031 3323 5104 philosophorum
3374 5030 3706 5105 gentilium,

2059 5142 2237 5198 quam
2271 5128 2610 5181 ceterorum
2628 5120 2988 5192 plebeiorum
3008 5121 3398 5189 hominum,in
3414 5122 3552 5177 deos
3570 5137 3708 5177 suos

2059 5214 2397 5287 religionem
2434 5210 2697 5284 (Tertull.
2733 5210 3010 5282 Apologet.
3046 5228 3094 5266 c.
3131 5211 3216 5277 14,
3251 5227 3306 5283 p.
3368 5211 3513 5281 353).
3558 5210 3706 5265 Nam

2058 5305 2318 5377 plerique
2348 5317 2554 5359 omnes
2604 5317 2638 5356 a
2693 5299 2812 5357 veri
2843 5301 2943 5356 Dei
2991 5299 3311 5373 agnitione,
3365 5303 3467 5355 aut
3524 5297 3705 5370 agniti

2056 5390 2469 5464 praedicatione
2502 5389 2585 5445 sic
2625 5388 3132 5461 abalienabantur,
3185 5392 3250 5444 ut
3303 5387 3435 5443 illos
3474 5386 3704 5442 Tertul-

2056 5481 2251 5538 lianus
2282 5496 2439 5536 nunc
2461 5478 2800 5535 nominibus
2857 5479 2981 5535 suis
3014 5477 3293 5551 appellari
3352 5491 3702 5546 supervaca-

2054 5586 2229 5627 neum
2263 5585 2391 5626 esse
2422 5567 2733 5642 putaverit.
2768 5568 2979 5625 Missos
3002 5572 3197 5624 autem
3228 5565 3363 5623 illos
3383 5563 3479 5618 hic
3498 5561 3703 5619 fecisse

2051 5660 2302 5732 videtur,
2335 5658 2475 5732 quia
2503 5656 2669 5730 alibi,
2699 5656 2852 5715 sicut
2908 5657 3272 5716 ostendimus
3326 5654 3513 5727 (supr.
3572 5668 3700 5725 cap.

3583 322 3741 382 1210
3832 318 3837 321 ’
