4134 6184
499 315 651 373 1211

1020 309 1549 372 TERTULLIAN!
1593 304 1919 369 OPERUM
1962 304 2166 363 PARS
2210 303 2259 362 Ι.
2286 332 2367 346 -
2397 296 2672 360 SERIES
2715 296 2765 368 Ι,
2809 290 3371 355 APOLOGETICA.

3698 290 3827 348 1212

499 447 556 513 5,
592 450 701 500 art.
735 444 810 514 4),
837 459 1019 498 vanas
1052 441 1625 512 absurdissimasque
1662 438 1897 495 illorum
1934 437 2003 492 de
2035 441 2147 491 Deo
2174 436 2231 504 Α
2261 432 2462 489 fuisse.
2495 426 2793 500 Quidquid
2825 431 3024 483 autem
3056 420 3416 514 pronunties,
3443 418 3695 514 inde‘ille
3719 435 3833 514 con-

502 533 810 605 opiniones
838 531 986 587 satis
1008 538 1206 602 aperte
1237 531 1753 586 demonstraverat.

526 684 531 689 .
572 641 871 695 Socratem
932 636 1317 693 nihilominus
1371 636 1720 692 nominatim
1772 638 1879 689 hoc
1928 631 2057 703 ipso
2090 630 2150 684 in

498 729 624 785 loco
707 727 982 800 appellat,
1049 743 1152 781 nec
1211 726 1505 781 immerito
1565 724 1821 796 quidem.
1873 720 2151 776 Omnium

503 819 724 891 quippe
757 815 1119 886 mortalium,
1152 815 1655 886 quemadmodum
1713 818 1886 869 antea
1908 813 2151 866 adnota-

501 908 697 964 vimus
723 908 973 979 (Dissert.
1005 907 1065 961 in
1096 906 1295 960 Minue.
1332 908 1546 974 Oetam,
1607 919 1733 974 cap.
1788 903 1843 971 3,
1906 905 2014 955 art.
2072 898 2151 970 2),

506 996 982 1069 sapientissimus
1032 994 1265 1050 oraculo
1312 992 1601 1065 Apollinis
1654 990 1988 1048 declaratus
2027 994 2144 1044 est.

507 1087 619 1143 Sed
648 1085 745 1141 ille
775 1084 1153 1156 quantumvis
1186 1084 1423 1155 sapiens
1464 1082 1722 1148 habitus,
1758 1103 1786 1132 «
1820 1080 1879 1134 in
1912 1080 2153 1134 deorum

511 1174 953 1242 contumeliam,
983 1174 1064 1229 ait
1112 1173 1527 1237 Tertullianus,
1584 1186 1890 1243 quercum,
1922 1174 1981 1223 et
2032 1168 2154 1221 hir-

512 1281 671 1332 cum,
702 1270 759 1318 et
796 1278 1001 1318 canem
1031 1262 1330 1333 dejerabat
1359 1284 1387 1311 n
1421 1259 1689 1326 'l‘ertull.,
1718 1259 1825 1314 loc.
1864 1257 2005 1327 cit.).
2041 1256 2156 1313 Nos

510 1371 646 1409 vero
686 1352 973 1424 Rigalitus
1008 1351 1087 1405 ibi
1118 1352 1371 1406 monitos
1438 1367 1563 1406 esse
1601 1348 1787 1404 voluit
1842 1348 1903 1402 in
1962 1345 2158 1402 codice

507 1440 785 1497 Fuldensi
815 1442 937 1496 haec
968 1441 1143 1496 verba
1171 1444 1222 1495 et
1250 1456 1445 1495 canem
1476 1440 1684 1494 abesse
1715 1454 1729 1492 :
1778 1438 1878 1493 sed
1941 1435 2160 1491 sufﬁcit

509 1531 766 1602 profecto
817 1546 885 1584 ea
940 1527 1000 1583 in
1053 1528 1184 1584 aliis
1241 1529 1519 1583 omnibus
1566 1526 1827 1599 reperiri.
1901 1527 1964 1580 In
2009 1522 2158 1579 libro

509 1624 707 1676 autem
736 1618 807 1673 ad
836 1620 1104 1675 Nationes
1134 1619 1346 1673 erravit
1377 1617 1653 1673 librarius
1683 1617 1872 1671 heram
1904 1632 2006 1686 pro
2038 1613 2158 1667 hir-

509 1726 634 1765 cum
665 1707 974 1765 scribendo
1007 1707 1215 1778 (Idem,
1273 1707 1376 1763 lib.
1435 1706 1506 1762 ad
1561 1707 1710 1775 Nat.,
1741 1721 1871 1776 cap.
1904 1705 1990 1770 10,
2028 1718 2157 1773 pag.

508 1798 659 1870 576).
692 1797 869 1853 Plura
899 1801 1094 1852 autem
1143 1813 1251 1851 nos
1282 1794 1422 1851 alibi
1483 1794 1793 1851 retulimus
1824 1794 1895 1848 de
1927 1791 2026 1846 illo
2057 1793 2160 1845 So-
2190 1814 2237 1879 B

511 1888 688 1944 cratis
710 1886 1121 1958 jurejurando,
1155 1885 1463 1956 palamque
1521 1884 1771 1939 fecimus
1803 1882 1946 1936 illud
1998 1895 2162 1951 adva-

512 1977 616 2032 riis
646 1973 1033 2046 scriptoribus
1063 1974 1222 2030 varie
1254 1974 1515 2045 quidem,
1549 1973 1651 2028 sed
1706 1986 2009 2041 nunquam
2039 1967 2165 2023 sine

514 2066 757 2121 deorum
779 2068 1116 2133 contemptu
1147 2070 1205 2118 et
1234 2063 1454 2134 injuria
1503 2062 1703 2118 referri
1758 2061 2069 2133 (Dissertat.
2102 2059 2167 2112 in

516 2155 790 2223 Lactant.,
814 2168 943 2223 cap.
977 2153 1066 2221 30,
1101 2160 1209 2207 art.
1246 2154 1321 2220 1).

588 2244 768 2299 Addit
789 2246 1068 2313 praeterea
1099 2242 1495 2297 Tertullianus
1552 2242 1844 2297 Socratem
1877 2240 1948 2293 ab
1987 2236 2169 2293 Athe-

520 2332 828 2388 niensibus
888 2336 1077 2385 morte
1131 2330 1348 2387 idcirco
1406 2332 1774 2399 damnatum,
1835 2329 1973 2399 quia
2030 2327 2168 2381 deos

519 2423 861 2479 destruebat
896 2423 1039 2489 ;sed
1070 2438 1170 2477 eos
1202 2421 1439 2476 tandem
1499 2419 1713 2491 iniquae
1774 2416 2169 2473 damnationis

522 2512 868 2584 poenitentia
901 2513 987 2568 sic
1019 2516 1202 2581 actos,
1235 2519 1296 2566 ut
1326 2512 1714 2566 criminatores
1780 2508 2044 2575 Socratis,
2075 2506 2169 2559 in-

525 2602 673 2673 quit,
703 2611 882 2669 postea
909 2602 1223 2673 afflixerint
1244 2598 1506 2672 (Tertull.
1566 2599 1865 2671 Apologet.,
1920 2613 2046 2667 cap.
2081 2596 2170 2663 14,

524 2706 658 2762 pag.
690 2690 837 2762 351i),
862 2690 1135 2745 videlicet
1164 2688 1431 2744 Melitum
1478 2693 1687 2756 morte,
1747 2691 1919 2758 atque
1968 2683 2171 2740 exsilio

526 2782 809 2852 Anytum,
868 2787 925 2835 et
975 2780 1271 2849 imaginem
1328 2779 1445 2848 ejus
1495 2776 1753 2833 Socratis
1818 2791 2056 2832 auream
2112 2776 2174 2828 in

525 2869 723 2940 templo
755 2869 1075 2951 coltocarint
1104 2868 1312 2940 (Plato,
1341 2867 1559 2939 Apolog.
1612 2866 1854 2935 Socrat.,
1892 2869 2034 2920 tom.
2066 2863 2172 2939 lli,

528 2974 663 3029 pag.
695 2958 843 3029 390).
881 2957 1092 3013 Verum
1125 2976 1158 3012 a
1191 2956 1416 3012 Laertio
1436 2956 1672 3028 scriptis
1721 2954 2006 3011 traditum
2028 2952 2178 3025 legi‘

530 3064 709 3103 mus:
744 3043 967 3114 Χαλκῆς
997 3043 1205 3107 εἰκόνος
1256 3043 1605 3116 ὲτπμήσαντο,
1663 3060 1834 3112 aerea,
1895 3058 2011 3098 non
2068 3058 2175 3097 au-

527 3152 645 3205 rea,
676 3137 937 3205 imagine,
973 3136 1379 3191 honoraverunt
1408 3135 1624 3205 (Laert.
1676 3132 1780 3189 lib.
1813 3149 1874 3199 ti,
1933 3133 1994 3186 in
2060 3132 2176 3188 Vita

524 3223 767 3294 Socrat.,
799 3226 825 3291 §
854 3224 963 3295 43).
1019 3225 1382 3295 Quapropter
1421 3222 1803 3278 Casaubonus
1861 3225 1918 3276 et
1974 3221 2175 3276 Mena-

528 3310 663 3382 gius
690 3312 749 3367 in
781 3311 1132 3367 Tertulliani
1180 3316 1342 3366 textu
1402 3311 1637 3366 restitui
1688 3310 1892 3365 volunt
1944 3325 2173 3381 aeream,

528 3400 739 3474 hicque
768 3402 1018 3458 miratur
1048 3400 1386 3473 Rigaltium,
1415 3401 1511 3472 qui
1544 3400 1723 3471 hujus
1744 3400 2176 3455 emendationis

530 3492 821 3547 monitum
850 3492 1051 3547 fecerit
1097 3492 1416 3546 neminem.
1479 3491 1591 3546 Sed
1626 3491 1823 3546 minus
1881 3495 2033 3545 certe
2066 3489 2177 3544 mi-

530 3580 752 3635 randus
792 3579 874 3634 ibi
906 3579 1215 3650 Rigaltius,
1254 3579 1351 3635 ubi
1390 3579 1690 3650 vulgatam
1722 3579 1987 3650 sequitur
2015 3575 2178 3633 codi-

531 3684 667 3723 cum
700 3668 963 3723 omnium
1020 3668 1347 3737 lectionem,
1408 3685 1585 3740 quam
1645 3668 1776 3724 aliis
1825 3666 2178 3734 plurimisin

530 3756 696 3828 locis,
737 3758 837 3812 ubi
869 3763 1071 3813 contra
1100 3758 1477 3813 manifestam
1510 3757 1745 3813 illorum
1779 3758 1955 3813 ﬁdem
1988 3757 2179 3813 since-

531 3862 665 3901 rum
690 3845 1274 3902 Tertullianitextum
1305 3846 1641 3902 immutavit
1669 3853 1727 3902 et
1758 3845 2034 3917 corrupit.

606 3952 754 4019 Quia
783 3970 920 4024 ergo
976 3957 1263 4023 Socrates,
1323 3954 1463 4010 deos
1516 3953 1823 4026 gentilium
1892 3953 2180 4026 negando,

532 4041 980 4099 Atheniensium
1064 4043 1266 4099 odium
1324 4044 1382 4099 in
1439 4060 1499 4099 se
1580 4044 1990 4114 concitaverat,
2051 4041 2183 4097 hinc

537 4131 937 4187 Tertullianus
987 4133 1358 4188 continenter
1411 4132 1671 4204 adjecit:
1706 4155 1734 4182 ‹‹
1792 4131 1969 4187 Plane
2019 4130 2182 4202 olim,

535 4221 595 4275 id
627 4225 735 4291 est,
769 4237 1001 4294 semper
1056 4221 1274 4277 veritas
1312 4221 1444 4277 odio
1476 4226 1580 4277 est.
1613 4242 1640 4272 ιι
1678 4222 1784 4276 Sed
1820 4221 1877 4275 in
1937 4220 2183 4275 dubium

537 4309 699 4365 haud
726 4326 969 4382 prorsus
1008 4310 1303 4366 immerito
1333 4309 1549 4382 aliquis
1579 4309 1808 4365 vocabit
1833 4312 2033 4365 utrum
2065 4308 2185 4364 haec

536 4398 735 4469 verba,
767 4399 824 4453 id
852 4404 947 4469 est,
980 4415 1215 4471 semper,
1275 4397 1411 4454 huic
1468 4398 1651 4453 textui
1706 4402 1910 4469 postea
1966 4397 2187 4452 inserta

540 4487 681 4544 sint.
739 4490 1030 4551 Quorsum
1085 4488 1264 4558 enim,
1322 4486 1569 4559 inquiet,
1632 4487 1726 4542 his
1788 4486 2184 4542 Tertullianus

2258 521 2445 578 cludit
2474 524 2704 575 tantum
2736 532 2865 573 esse
2924 515 3126 570 odium
3159 509 3436 580 veritatis,
3470 513 3527 564 ut
3568 507 3833 563 Athenien-

2259 627 2353 667 ses
2406 626 2535 665 eam
2584 609 2645 663 in
2695 608 2928 663 Socrate
2979 602 3217 658 ﬁctitios
3267 600 3399 655 deos
3447 601 3708 654 evertente
3733 597 3836 652 odio

2260 699 2593 757 habuerint.
2676 702 2755 752 De
2834 694 2993 749 illius
3052 696 3248 747 autem
3294 686 3736 745 condemnatione
3794 692 3838 740 et

2263 794 2448 845 morte
2478 804 2659 860 supra
2688 785 2748 841 in
2806 781 3211 856 superioribus
3267 775 3738 833 dissertationibus
3777 774 3838 829 ibi

2262 880 2458 937 citatis
2488 874 2921 950 disputavimus
2952 874 3156 943 (supra
3186 886 3312 942 cap.
3342 870 3429 937 25,
3456 870 3557 922 art.
3587 866 3654 935 3).

2332 967 2553 1024 Socrati
2636 967 2785 1021 duos
2869 961 3017 1018 alios
3082 956 3460 1031 philosophos
3506 952 3844 1010 Tertullianus

2263 1057 2571 1130 conjungit
2645 1054 2968 1127 (Apologet.,
3035 1066 3163 1121 cap.
3216 1048 3303 1115 14,
3360 1061 3488 1118 pag.
3543 1044 3674 1113 355),
3725 1040 3843 1130 Gra-

2265 1129 2400 1204 cum
2448 1162 2632 1201 unum
2686 1143 3022 1215 Diogenem,
3077 1138 3328 1194 alterum
3384 1139 3685 1190 Romanum
3734 1129 3846 1185 Var-

2266 1253 2488 1293 ronem.
2550 1239 2623 1288 At
2710 1230 2926 1287 mirum
3008 1228 3255 1283 fortasse
3309 1223 3568 1297 pluribus
3612 1220 3708 1276 erit
3768 1235 3848 1273 cur

2266 1326 2446 1400 priori
2477 1323 2810 1379 testimonio
2843 1320 3125 1374 adversus
3156 1304 3421 1371 ethnicos
3450 1312 3507 1367 in
3550 1311 3647 1366 hoc
3673 1314 3723 1365 et
3766 1308 3851 1380 pri-

2268 1397 2362 1473 mo
2392 1415 2466 1471 ad
2492 1415 2751 1472 Nationes
2800 1409 2951 1464 libro
3008 1407 3093 1464 sic
3149 1406 3410 1476 disputet
3443 1421 3454 1457 :
3488 1402 3740 1472 Diogenes,
3786 1397 3851 1451 ia-

2269 1507 2416 1579 quit,
2447 1505 2625 1578 nescio
2654 1500 2785 1575 quid
2816 1501 2875 1554 in
2928 1496 3215 1553 Herculem
3248 1493 3425 1554 ludit;
3480 1490 3537 1546 in
3592 1488 3691 1579 alio
3740 1485 3852 1579 libro

2269 1575 2401 1651 lusit
2432 1575 2611 1666 (lib.'1
2630 1590 2704 1647 ad
2741 1590 2990 1657 Nation.,
3039 1602 3167 1658 cap.
3230 1585 3317 1651 10,
3370 1596 3500 1654 pag.
3556 1578 3690 1650 576).
3741 1575 3852 1666 Nam

2269 1662 2515 1751 tantine,
2566 1685 2837 1752 arguont,
2898 1674 3174 1749 ponderis
3198 1679 3289 1728 est
3319 1671 3436 1726 haec
3468 1662 3856 1752 argumentatio,

2272 1779 2338 1829 ut
2366 1771 2545 1844 repeti
2578 1750 2912 1825 meruerit?
2955 1765 3017 1821 Si
3063 1762 3363 1819 nesciebat
3420 1759 3571 1815 enim
3603 1750 3857 1844 Tertullia-

2274 1880 2387 1919 nus
2417 1840 2558 1934 quid
2590 1858 2877 1931 Diogenes
2927 1854 3071 1910 lusit
3100 1855 3158 1908 in
3207 1849 3538 1916 Herculem,
3582 1843 3707 1918 quid
3757 1840 3858 1934 inde

2274 1929 2476 2009 contra
2501 1929 3049 2022 [falsos'gentilium
3108 1942 3248 1998 deos
3298 1938 3579 1995 conﬁcere
3630 1929 3859 2022 poterat?

2276 2039 2416 2106 Quis
2447 2017 2578 2095 vero
2611 2036 2720 2092 iste
2747 2017 2841 2090 est
2874 2034 3156 2105 Diogenes
3184 2030 3212 2086 Ἰ
3274 2027 3444 2084 Dictu
3500 2039 3625 2081 cum
3668 2021 3717 2075 id
3742 2017 3859 2073 ditii-

2275 2129 2385 2185 cile
2407 2128 2503 2195 sit,
2537 2126 2775 2198 quidam
2825 2122 3204 2195 suspicantur
3259 2116 3568 2189 legendum
3623 2112 3859 2180 Diagoras,

2278 2219 2379 2291 qui
2408 2218 2645 2289 quidem
2679 2212 2818 2286 quia
2849 2212 2921 2268 ad
2952 2209 3275 2281 coqendam
3316 2220 3539 2262 omnem
3569 2202 3691 2273 igne
3740 2211 3860 2291 care:

2278 2286 2399 2375 bat,
2425 2286 2502 2363 ab
2532 2302 2798 2361 Herculis
2829 2300 3146 2357 simulacro
3176 2296 3417 2370 petiisse
3453 2290 3776 2365 perhibetur,
3818 2286 3865 2337 ut

2278 2414 2382 2470 pro
2434 2394 2659 2451 decimo
2717 2390 2886 2447 tertio
2945 2387 3265 2445 certamine
3339 2382 3500 2439 illam
3560 2376 3861 2470 excoqueret.

2277 2486 2388 2541 Sed
2419 2484 2556 2541 huic
2585 2479 2981 2539 emendationi
3026 2477 3417 2532 adversantur
3455 2484 3648 2527 omnes
3675 2475 3865 2521 omnino

2280 2572 2527 2630 codices.
2562 2570 2742 2627 Nobis
2773 2570 2988 2639 itaque,
3052 2566 3261 2621 horum
3301 2557 3630 2619 auctoritati
3658 2547 3863 2639 cedenti-

2281 2666 2413 2731 bus,
2447 2661 2616 2717 facile
2638 2636 3087 2732 persuadebitur
3117 2655 3189 2710 ab
3246 2651 3348 2708 illo
3405 2650 3703 2722 Diogenem
3728 2636 3865 2732 (lyci-

2282 2726 2439 2822 curn,
2470 2726 2889 2806 sicut-ibidem.
2921 2744 3243 2800 Varronem
3303 2738 3579 2809 Cynicum
3618 2726 3866 2822 appellari-

2282 2818 2434 2909 Quia-
2453 2840 2608 2895 enim
2640 2836 2826 2892 nescit
2855 2838 3145 2906 quantum
3168 2831 3229 2886 in
3250 2827 3490 2886 Luciani
3515 2822 3739 2891 Dialoyis
3763 2818 3867 2873 Her-

2281 2930 2441 2987 cules
2472 2930 2543 2984 ab
2576 2926 2685 2982 hoc
2717 2926 2845 2998 ipso
2878 2923 3130 2994 Diogene
3160 2919 3373 2993 Cynico
3433 2910 3865 2998 derideaturt(Lu-

2282 3020 2435 3076 cian.
2490 3016 2699 3087 Dialog.
2731 2996 2918 3081 mort.,
2959 3012 3051 3081 56,
3085 3027 3213 3082 pag.
3248 3008 3394 3064 137:
3428 3009 3486 3061 et
3540 3007 3700 3059 veter.
3750 2996 3868 3051 auct.

2285 3127 2424 3183 pag.
2468 3108 2588 3177 190)
2620 3106 2648 3161 ?
2677 3104 3163 3159 Prwtereaexstat
3190 3097 3332 3154 illud
3368 3093 3607 3153 Ausonii
3637 3089 3869 3161 epigram-

2289 3219 2405 3267 ma,
2439 3215 2553 3270 quo
2588 3197 2871 3268 Diogenes
2906 3191 3201 3248 Herculem
3234 3193 3408 3245 sectae
3466 3201 3580 3243 sua:
3631 3184 3872 3237 auctorem

2286 3290 2442 3347 haud
2472 3288 2598 3344 sine
2624 3288 2758 3357 joco
2792 3283 3000 3339 fecisse
3028 3280 3284 3336 traditur
3317 3296 3331 3334 :

2392 3407 2613 3451 Inventor
2637 3402 2820 3460 primus
2848 3398 3053 3457 Cynicae
3078 3409 3187 3453 ego.
3217 3396 3338 3460 Qum
3368 3394 3490 3440 ratio
3517 3390 3677 3437 isthme
3700 3388 3719 3429 Ρ

2446 3459 2647 3513 Alcides
2668 3463 2817 3509 multo
2845 3461 3015 3507 dicitur
3036 3471 3151 3504 esse
3179 3459 3327 3516 prior.

2394 3528 2569 3576 Alcide
2598 3524 2890 3583 quomodam
2916 3524 3104 3568 fueram
3129 3520 3330 3565 doctore
3353 3517 3595 3583 secundus
3619 3528 3635 3562 .'

2442 3593 2581 3639 Nunc
2608 3578 2702 3647 ego
2724 3600 2831 3634 sum
2860 3585 3060 3644 Cynicos
3088 3583 3288 3647 primus,
3315 3585 3367 3626 et
3394 3579 3475 3647 ille
3502 3578 3633 3647 deus,

3140 3646 3202 3701 (A
3209 3656 3345 3689 nson.
3374 3643 3525 3700 epigr.
3548 3640 3631 3694 26.)

2287 3774 2360 3828 At
2389 3784 2583 3826 nonne
2608 3765 2751 3821 illud
2783 3767 2873 3820 est
2900 3761 3097 3819 nescio
3128 3761 3291 3833 quid,
3342 3759 3501 3832 quod
3538 3749 3872 3812 Tertullianus

2289 3858 2554 3918 Herculis
2586 3854 2953 3911 divinitatem
2982 3852 3055 3907 ab
3076 3851 3185 3907 hoc
3218 3850 3475 3922 Diogene
3514 3845 3729 3902 irrisam
3768 3850 3873 3891 000'

2289 3946 2587 4006 testatur?
2626 3944 2687 4000 Si
2717 3948 2917 3999 tamen
2946 3957 3080 3997 eum
3114 3940 3186 3997 ad
3219 3938 3399 3995 aliam
3458 3937 3769 4007 aliquam,a
3791 3924 3877 3979 Lu-

2292 4038 2459 4094 oiano
2489 4038 2591 4090 aut
2622 4031 2735 4090 alio
2780 4035 3187 4095 memoratam,
3227 4027 3563 4085 irrisionem
3616 4012 3879 4090 respexisse

2294 4124 2592 4188 ostendas,
2623 4119 2729 4177 tibi
2788 4137 2905 4175 non
2958 4117 3405 4173 reluctabimur.
3439 4109 3701 4182 Quamvis
3738 4111 3878 4195 porto

2293 4214 2437 4270 illud
2468 4212 2652 4268 nescio
2718 4207 2852 4280 quid
2897 4205 3216 4272 vocaverit;
3250 4205 3393 4277 quia
3445 4207 3637 4258 tamen
3685 4188 3881 4280 ethnicis

2294 4279 2738 4374 incompertum,
2758 4313 2873 4352 non
2896 4301 3042 4364 erat,
3074 4295 3213 4351 hinc
3238 4293 3524 4350 adversus
3545 4288 3753 4345 illorum
3778 4279 3882 4374 dies

2295 4399 2449 4449 recte
2478 4361 2925 4462 argumentatur
2954 4361 3205 4457 (Dissert.
3251 4384 3313 4439 in
3360 4382 3631 4444 Lactant.,
3681 4361 3879 4443 “p.25.

2298 4486 2409 4539 art.
2442 4481 2517 4552 4).

537 4575 732 4631 verbis
754 4548 1093 4633 adverbium
1125 4548 1263 4633 olim
1289 4548 1696 4649 explicavisset
1725 4576 1753 4631 ‘I
1782 4576 1984 4632 Nonne
2036 4576 2184 4631 sim-
2212 4558 2261 4624 D
2371 4548 2668 4627 Dubitabit
2699 4563 2940 4621 forsitan
2975 4563 3188 4635 aliquis
3232 4565 3434 4617 utrum
3487 4558 3629 4649 alter
3677 4548 3881 4649 phileas:

541 4662 753 4735 plicius
785 4665 977 4722 dicere
1005 4671 1265 4738 poterat:
1290 4688 1317 4716 ‹‹
1335 4666 1580 4738 Semper
1610 4665 1820 4722 veritas
1841 4666 1974 4721 odio
1996 4664 2131 4720 est?
2158 4686 2181 4714 ι

541 4752 689 4816 Quid
732 4754 886 4824 quod
936 4755 1276 4811 adverbium
1315 4756 1449 4810 olim
1512 4772 1616 4827 pro
1664 4752 1870 4825 quovis
1925 4759 2187 4826 tempore

542 4840 928 4913 significando
959 4860 992 4897 a
1029 4843 1272 4916 Virgilio
1303 4846 1581 4913 sumitur,
1618 4843 1717 4899 ubi
1750 4842 1906 4899 canit
1939 4859 1952 4900 :
1995 4866 2023 4893 «
2056 4842 2187 4899 Jam

540 4929 649 4987 tibi
728 4932 1070 5003 prevalidas
1121 4934 1261 4990 olim
1320 4955 1350 4984 ››
1408 4932 1637 5006 (Virgil.
1697 4932 1802 4989 lib.
1866 4949 1906 4989 ιι
1973 4932 2186 5005 Georg,

2296 4660 2474 4733 phus,
2507 4654 2608 4730 qui
2661 4652 2731 4709 ab
2790 4668 2857 4708 eo
2915 4632 3154 4709 vocatur
3183 4655 3366 4707 Varro
3424 4647 3683 4723 Cynicus,
3734 4632 3883 4733 iens“,

2296 4724 2470 4819 cuius
2507 4724 2899 4802 eruditionem
2951 4742 3155 4813 tantis,
3225 4746 3292 4797 ut
3348 4738 3623 4805 vidimus,
3665 4724 3884 4819 laud-ibus

2297 4815 2516 4894 ethnici
2545 4832 2874 4897 cumulant,
2931 4835 3137 4904 totque
3196 4832 3267 4887 de
3324 4825 3693 4901 religionibus
3744 4815 3885 4909 libre!

2298 4928 2728 4999 composuerat.
2762 4903 3059 4994 Numquid
3091 4921 3251 4977 enim
3309 4918 3409 4974 ille
3468 4915 3639 4974 etiam
3692 4911 3755 4999 de
3800 4903 3884 4958 diis

542 5037 595 5075 v.
634 4998 773 5091 100—;
807 5024 862 5076 et
890 5019 993 5077 lib.
1026 5039 1128 5077 vm
1158 5022 1374 5090 ineid,
1490 4998 1618 5090 351)
1650 5040 1665 5091 ;
1725 5021 1784 5076 id
1845 5026 1954 5090 est,
1997 4998 2192 5093 inquit
2290 4998 2479 5090 jocari
2510 5033 2692 5072 ausus
2723 5014 2855 5073 est?
2885 5011 3099 5079 Ουίάοῖ
3129 5010 3157 5067 Ῡ
3178 5009 3383 5066 Nonne
3411 5008 3471 5064 in
3526 4998 3773 5093 Auctoris
3813 5004 3886 5093 ,m:

543 5109 793 5179 Servius,
826 5113 983 5168 omni
1011 5121 1269 5185 tempore.
1311 5111 1575 5168 Posthac
1604 5126 1737 5167 vero
1791 5110 1946 5167 idem
1978 5116 2188 5184 poeta:

550 5222 571 5249 α
608 5202 734 5254 Non
766 5216 934 5265 secus
966 5207 1141 5273 atque
1158 5201 1297 5258 olim
1318 5201 1561 5267 tonitru,
1596 5221 1623 5249 ››
1657 5198 1765 5256 hoc
1789 5204 1970 5271 est,ut
2001 5199 2194 5257 adhuc

543 5291 813 5344 observat
834 5290 1067 5347 Servius
1101 5306 1117 5347 :
1147 5314 1173 5342 ‹‹
1208 5291 1349 5346 Fore
1384 5294 1448 5345 ut
1476 5288 1644 5344 solet.
1665 5288 1811 5346 Nam
1834 5306 1951 5345 non
1984 5293 2074 5345 est
2088 5290 2195 5345 ad-

542 5378 809 5433 verbium
840 5379 1122 5452 temporis
1154 5402 1181 5429 »
1214 5379 1398 5452 (Serv.
1433 5377 1719 5449 pag.5l1).
1748 5379 1952 5435 1112
1978 5378 2194 5435 Verum

548 5484 741 5523 nonne
772 5468 1171 5525 Tertullianus
1193 5467 1383 5524 dicere
1440 5466 1631 5538 potuit
1684 5466 1986 5524 veritatem
2043 5469 2195 5534 olim,

549 5556 832 5611 nimirum
863 5558 1138 5625 Socratis,
1181 5559 1251 5613 de
1274 5573 1391 5628 quo
1422 5554 1793 5627 loquebatur,
1824 5560 2106 5630 tempore,
2141 5561 2199 5613 et

551 5660 659 5701 suo
708 5645 886 5703 etiam
950 5652 1125 5719 atque
1195 5647 1339 5705 adeo
1398 5660 1612 5719 semper
1665 5643 1798 5703 odio
1853 5645 2199 5706 hominibus

2300 5074 2406 5163 stri
2460 5105 2532 5162 ad
2586 5106 2841 5162 Nationes
2897 5074 3065 5159 libris
3121 5099 3379 5172 legimus
3410 5114 3479 5155 εις
3532 5085 3759 5151 Romani
3784 5074 3885 5151 styli

2300 5194 2587 5267 Diogenes
2616 5197 2798 5250 Varro
2818 5194 3108 5249 trecentos
3126 5191 3314 5255 Joves,
3339 5186 3460 5243 sive
3480 5183 3752 5255 Jupiteres
3775 5173 3885 5267 (mel?

2303 5259 2593 5356 nuscripti
2624 5282 2812 5341 nostri
2843 5282 3075 5339 codices
3129 5276 3428 5351 Jupiteros)
3486 5269 3776 5330 dicendum
3801 5259 3884 5319 esi,

2303 5374 2431 5431 sine
2460 5372 2756 5445 capitibus
2786 5370 3015 5427 inducit
3044 5391 3074 5421 »
3116 5369 3289 5441 (Tert.
3324 5365 3428 5422 lib.
3462 5381 3480 5421 ι
3509 5362 3578 5419 ad
3628 5360 3739 5416 Nat.
3764 5362 3886 5445 _08P°

2305 5464 2394 5534 10,
2426 5440 2557 5535 pag:
2587 5463 2736 5532 576).
2768 5464 2844 5517 At
2881 5440 3176 5533 quomodo
3214 5457 3341 5515 sine
3370 5453 3631 5512 irrisione
3660 5449 3733 5503 tot
3755 5440 3887 5535 Jove?

2304 5520 2581 5608 inducere
2606 5520 2801 5624 potuit
2829 5551 2857 5605 ‘P
2884 5520 3095 5607 Nonne
3141 5544 3430 5605 Minucius
3491 5538 3657 5609 Felix,
3708 5520 3891 5624 'l‘ertul-

2306 5641 2533 5703 lisnum
2563 5622 2831 5701 nostrum
2859 5639 3021 5700 haud
3077 5636 3256 5698 dubie
3310 5636 3573 5697 secutus,
3626 5622 3755 5683 dixit
3791 5623 3892 5675 8⁸³⁸
