4134 6184
333 261 491 320 1213

1243 263 1318 323 D.
1364 262 1462 323 LE
1506 264 1833 326 NOURRY
1880 264 2536 329 OBSERVATIONES
2579 268 2840 329 NOVE.

3584 268 3742 330 1214

330 398 407 449 tot
436 393 587 449 lovis
619 396 860 448 monstra
891 394 1097 448 1113
1138 397 1265 465 quot
1310 397 1559 451 nomina.
1593 396 1823 452 Videsis
1855 413 1983 468 qua
2011 400 2065 465 Α
2098 396 2416 452 Pharaonis
2475 399 2707 454 familia
2765 399 3088 470 ascriptum
3147 398 3329 453 fuisse
3386 399 3745 470 probaveris.

328 481 391 537 in
448 481 570 537 hac
626 483 804 537 verba
859 482 998 538 alibi
1055 484 1577 541 animadvertimus
1637 486 1890 556 (Dissert.
1922 487 1982 540 in

326 583 529 638 Minue.
564 580 769 649 Octav.,
826 598 951 653 cap.
1006 582 1091 649 15,
1124 586 1232 637 art.
1284 583 1360 652 2).
1424 582 1704 638 Caeterum
1741 582 1982 655 quidam

328 675 541 743 putant
572 670 693 725 hac
724 689 758 727 a
807 670 1062 727 Varrone
1093 671 1251 727 dicta
1282 672 1341 727 in
1386 670 1584 727 satiris
1618 671 1940 743 Menippeis
1967 690 1979 740 ;

327 777 434 816 cur
471 776 586 816 non
648 761 708 815 in
768 759 899 816 aliis
958 762 1086 831 ejus
1144 762 1215 816 de
1272 761 1645 817 ethnicorum
1706 761 1984 833 religione

326 848 514 919 libris,
549 866 802 922 quorum
832 854 1033 905 tantus
1079 851 1190 906 fuit
1221 851 1551 907 numerus?
1592 850 1703 906 Sed
1739 849 1983 906 ubicun-

328 954 442 1010 que
500 939 571 994 ab
630 955 696 994 eo
732 939 888 995 dicta
945 939 1085 1007 sint,
1142 939 1278 995 inde
1333 945 1391 996 et
1438 940 1595 997 lovis
1653 946 1709 995 et
1734 938 1984 996 aliorum

326 1026 477 1083 falsa
558 1026 837 1084 divinitas
921 1027 1409 1085 manifestissime
1493 1030 1980 1085 demonstratur.

325 1116 684 1172 Persuasum
714 1133 850 1172 vero
882 1115 1031 1172 illud
1064 1118 1205 1173 adeo
1254 1118 1367 1173 fuit
1394 1116 1490 1189 iis,
1521 1116 1582 1173 in
1630 1118 1844 1189 quibus
1877 1116 1983 1173 ali-

326 1222 447 1276 qua
475 1204 666 1260 adhuc
705 1210 1011 1277 supererat
1058 1206 1368 1277 probitatis
1398 1210 1457 1262 et
1503 1206 1797 1278 aquitatis
1828 1207 1982 1263 scin-

326 1292 475 1364 tilla,
509 1297 573 1348 ut
632 1293 907 1350 Liberum
968 1300 1217 1366 patrem,
1277 1294 1432 1351 sicut
1490 1312 1670 1366 supra
1727 1295 1983 1352 vidimus

327 1383 515 1455 (supr.
552 1400 679 1456 cap.
716 1384 801 1450 18,
838 1386 946 1439 art.
980 1384 1058 1453 9).
1107 1384 1447 1456 Serapidem
1480 1389 1537 1440 et
1568 1385 1981 1457 Harpocratem

326 1489 463 1527 cum
493 1471 893 1545 Cynocephalo
924 1490 1031 1529 suo
1060 1473 1295 1545 penitus
1326 1472 1653 1545 rejecerint.
1688 1475 1767 1528 At
1799 1490 1983 1528 unum

324 1560 607 1633 profecto,
638 1561 889 1619 sublatis
919 1561 1052 1617 aliis
1095 1562 1370 1619 omnibus
1401 1563 1567 1620 falsis
1614 1562 1983 1629 numinibus,

326 1650 513 1707 Deum
544 1650 1005 1723 omnipotentem
1036 1649 1225 1707 colere
1257 1651 1566 1709 debebant.

909 1785 1141 1841 CAPUT
1180 1785 1406 1842 XXVII.

328 1871 743 1944 Expenduntur
789 1874 1136 1930 Tertulliani
1182 1884 1531 1946 argumenta,
1577 1874 1773 1946 quibus
1816 1874 1990 1945 falsos

508 1946 800 2017 nullosque
827 1962 940 2002 esse
969 1948 1266 2018 gentilium
1293 1947 1418 2002 deos
1447 1948 1808 2003 demonstrat.

873 2080 1197 2120 ARTICULUS
1237 2081 1454 2120 PRIMUS

327 2151 505 2219 Quam
557 2152 779 2221 nefaria
834 2154 1011 2221 fuerit
1061 2152 1499 2223 provinciarum,
1559 2154 1871 2222 civitatum,
1925 2169 1989 2208 ac

394 2225 701 2296 praesertim
758 2224 1141 2296 zEgyptzorum
1196 2226 1503 2295 peculiares
1555 2224 1678 2278 deos
1706 2225 1815 2279 sibi
1841 2226 1986 2281 ado-

393 2294 596 2364 ptandi
626 2294 907 2351 licentia."
938 2313 1103 2366 quam
1149 2314 1353 2366 parum
1400 2297 1732 2351 verisimilia
1761 2297 1872 2352 sint
1920 2312 1986 2351 ea

396 2381 525 2436 qua
552 2384 597 2439 αῖ
647 2367 980 2423 Tertulliano
1035 2367 1245 2423 tradita
1300 2372 1428 2422 sunt
1485 2368 1550 2423 de
1604 2368 1834 2438 Josepho
1880 2385 1984 2439 pa-

395 2438 668 2510 triarcha,
702 2446 751 2493 et
780 2443 966 2494 utrum
995 2440 1255 2509 ngyptii
1282 2456 1402 2494 cum
1453 2439 1733 2510 Serapidis
1761 2438 1987 2495 nomine

392 2508 552 2563 deum
580 2510 828 2582 dixerint
874 2515 927 2566 et
972 2508 1290 2567 coluerint:
1341 2527 1444 2581 quo
1491 2508 1624 2582 jure
1665 2512 1731 2566 ab
1764 2511 1868 2567 illo
1897 2511 1983 2566 di-

390 2590 550 2636 catur
576 2580 708 2654 deus
764 2582 948 2654 Syriae
1002 2585 1268 2648 Astartes,
1327 2580 1548 2640 Arabiae
1602 2585 1849 2652 Disares,
1880 2584 1984 2639 Νο-

394 2653 811 2779 νίεἰειῌειετιιιε,
841 2654 1048 2727 Africae
1096 2655 1357 2726 Cretestis,
1403 2658 1459 2712 et
1504 2655 1589 2711 dii
1626 2655 1986 2713 Mauritaniae

396 2741 534 2779 reau
563 2742 582 2779 ι
610 2742 720 2779 sui.

396 2741 582 2796 reguli
610 2742 720 2782 sui.

396 2848 573 2904 Aliud
605 2849 1119 2907 evidentissimum
1168 2852 1423 2923 profecto
1478 2850 1636 2907 falsa
1685 2849 1986 2924 religionis

326 2946 746 3010 argumentum
778 2942 1026 2997 estdata
1047 2942 1382 2998 civitatibus
1408 2946 1465 2997 et
1488 2940 1722 3014 populis
1751 2939 1988 2997 licentia

325 3027 655 3099 quemlibet
686 3030 885 3101 deum,
918 3031 1144 3087 cateris
1190 3030 1402 3103 sapius
1451 3031 1837 3103 incognitum,
1871 3029 1987 3086 sibi

2094 485 2241 540 falsa
2292 487 2520 542 videtur
2567 487 2688 542 hac
2735 487 3077 543 Tertulliani
3132 487 3347 559 opinio.
3397 488 3511 542 Nec
3547 487 3744 543 verius

2092 580 2181 631 est
2212 576 2366 647 quod
2399 576 2726 647 subjunxit,
2759 594 2893 632 eum
2922 594 2954 632 a
2985 579 3177 647 regina
3210 578 3393 632 minus
3420 576 3625 649 pudica
3652 576 3745 632 de-

2090 665 2421 737 sideratum,
2456 672 2632 738 atque
2666 666 2723 721 in
2770 683 3058 722 carcerem
3112 666 3327 722 idcirco
3379 667 3533 738 regis
3568 668 3741 737 jussu

2094 762 2459 812 contrusum.
2492 758 2617 812 Non
2650 757 2806 812 enim
2856 775 2889 812 a
2919 757 3141 829 regina,
3192 758 3293 812 sed
3345 774 3377 813 a
3408 757 3743 830 Putipharis

2096 862 2292 915 uxore,
2328 846 2411 901 uti
2444 845 2503 900 in
2537 847 2738 902 eodem
2788 863 2954 902 sacro
2984 846 3133 901 libro
3185 851 3476 917 narratur,
3509 847 3581 901 ad
3615 850 3739 901 stu-

2094 952 2267 1007 prum
2299 935 2647 991 sollicitatus
2678 936 2811 1006 fuit,
2837 941 2894 991 et
2925 953 2958 992 a
2988 937 3225 1008 decepto
3258 934 3573 1006 Putiphare
3601 951 3744 991 con-

2084 1025 2277 1095 jectus
2308 1025 2368 1080 in
2403 1025 2653 1081 vincula.
2704 1030 3011 1082 Asseverat
3059 1026 3301 1097 insuper
3344 1023 3744 1080 Tertullianus

2092 1114 2412 1186 Josephum
2446 1114 2738 1185 accepisse
2772 1116 2829 1169 in
2883 1115 3325 1171 matrimonium
3378 1114 3558 1169 ﬁliam
3590 1113 3744 1186 regis

2092 1203 2437 1274 Pharaonis,
2471 1204 2640 1275 cujus
2672 1204 2901 1261 somnia
2948 1204 3350 1275 explicaverat.
3403 1204 3578 1260 Sacra
3608 1220 3742 1258 vero

2095 1293 2399 1365 Scriptura
2431 1295 2581 1364 (Cen.
2638 1310 2751 1364 xu,
2798 1295 2909 1365 50),
2971 1297 3028 1349 et
3080 1293 3373 1365 Josephus
3433 1292 3744 1349 historicus

2093 1382 2354 1454 (Joseph.
2417 1382 2527 1438 loc.
2589 1382 2709 1454 cit.)
2762 1383 3039 1438 certiores
3097 1400 3204 1438 nos
3262 1382 3486 1439 faciunt
3543 1381 3615 1437 ab
3648 1380 3743 1435 illo

2091 1472 2349 1545 Josepho
2380 1472 2716 1544 patriarcha
2754 1473 2989 1527 ductam
3039 1472 3315 1544 Aseueth,
3364 1471 3547 1528 filiam
3579 1470 3743 1526 Puti-

2093 1560 2295 1633 pharis
2316 1559 2725 1633 Heliopolitani
2766 1560 3100 1617 sacerdotis.

2164 1669 2429 1743 Denique
2460 1668 2727 1726 nonnulli
2760 1669 3012 1736 veritati,
3035 1670 3095 1724 in
3128 1668 3336 1725 iisdem
3368 1668 3660 1725 Geneseos
3691 1672 3748 1724 et

2014 1758 2334 1841 BJosephi
2382 1758 2551 1815 libris
2607 1759 2855 1828 tradita,
2908 1757 3053 1814 illud
3112 1775 3436 1830 repugnare
3481 1763 3742 1825 censent,

2100 1849 2254 1919 quod
2287 1853 2503 1904 Auctor
2533 1854 2729 1904 noster
2756 1848 2969 1917 adiecit
2993 1864 3005 1902 :
3032 1870 3060 1899 «
3092 1848 3307 1920 Joseph
3339 1848 3748 1920 expedimenta

2098 1938 2168 1993 de
2190 1954 2418 1992 carcere
2438 1937 2688 2003 edocuit,
2711 1938 3010 1992 somnium
3031 1936 3153 2010 regi
3176 1938 3404 2010 aperuit
3426 1960 3454 1987 ››
3473 1936 3742 2010 (Tertull.

2098 2025 2199 2081 lib.
2233 2043 2293 2092 ιι,
2327 2025 2397 2081 ad
2426 2028 2677 2097 Nation.,
2710 2043 2759 2081 c.
2793 2026 2869 2098 8).
2903 2025 3167 2082 Emissus
3197 2026 3487 2097 siquidem
3518 2041 3586 2081 ex
3616 2042 3744 2080 car-

2098 2130 2227 2169 cere
2259 2115 2464 2181 fuerat,
2519 2131 2652 2169 cum
2700 2114 2855 2187 regis
2904 2116 3134 2170 somnia
3183 2115 3601 2186 interpretatus
3633 2117 3742 2169 est.

2097 2204 2299 2259 Nonne
2328 2209 2521 2259 tamen
2554 2204 2647 2259 his
2702 2204 2895 2259 verbis
2944 2204 3203 2259 indicare
3262 2204 3450 2275 potuit
3490 2204 3741 2258 duorum

2096 2292 2419 2348 Pharaonis
2476 2293 2879 2348 cunuchorum
2928 2292 3181 2360 somnia,
3242 2309 3368 2364 qua
3417 2308 3615 2347 revera
3642 2307 3741 2345 cx-

2097 2383 2332 2454 plicavit
2364 2383 2419 2436 in
2470 2399 2721 2451 carcere,
2783 2387 2960 2455 atque
3015 2383 3493 2455 explicandorum
3539 2387 3743 2453 postea

2095 2473 2359 2544 ejusdem
2391 2472 2712 2528 Pharaonis
2742 2473 3109 2528 somniorum
3158 2473 3449 2528 dederunt
3479 2471 3740 2527 occasio-

2096 2579 2228 2618 nem
2258 2561 2285 2616 ?
2314 2564 2448 2628 Qua
2480 2578 2655 2634 porro
2701 2579 2876 2617 sacra
2923 2562 3235 2633 Scriptura
3277 2562 3569 2617 contraria
3597 2562 3739 2615 Ter-'

2094 2650 2379 2707 tullianus
2413 2651 2608 2720 refert,
2667 2651 2787 2706 hac
2817 2650 3054 2723 scripsit
3108 2652 3168 2705 in
3199 2650 3324 2706 solo
3382 2651 3453 2706 ad
3480 2652 3740 2707 Nationes

2094 2740 2266 2810 libro,
2313 2745 2371 2796 et
2415 2740 2475 2796 in
2532 2742 2874 2813 Apologetico
2923 2740 3159 2812 penitus
3216 2740 3436 2795 omisit.
3495 2742 3629 2805 Qua
3662 2738 3740 2793 sit

2096 2836 2293 2887 autem
2326 2830 2503 2902 hujus
2552 2830 3062 2902 pratermissionis
3111 2846 3309 2901 causa,
3361 2835 3557 2885 utrum
3600 2830 3739 2896 quia

2097 2919 2335 2975 omnino
2366 2936 2501 2975 vera
2530 2937 2645 2975 non
2677 2936 2806 2975 esse
2849 2919 3285 2990 animadvertit,
3337 2919 3470 2989 quis
3499 2916 3742 2974 delinire

2097 3010 2356 3065 audeat?
2387 3009 2671 3065 Caterum
2693 3025 2760 3063 ea
2791 3009 3033 3065 forsitan
3056 3008 3335 3064 hauserat
3356 3024 3425 3063 ex
3449 3006 3742 3079 corruptis

324 3116 643 3185 adoptandi
666 3132 733 3172 ac
755 3117 1002 3174 colendi.
1026 3123 1101 3173 At
1130 3094 1329 3175 multa
1346 3094 1654 3191 gentilium
1674 3118 1985 3190 provincia
2018 3144 2061 3211 ρ
2099 3098 2380 3198 fontibus?
2430 3097 2543 3211 ηέεί
2589 3097 2865 3211 ξιξπδτῖοε
2917 3097 3155 3211 Ριξ-ορτξδι
3202 3097 3462 3163 ηοωίηιι
3498 3095 3599 3211 Au“
3628 3094 3742 3151 alia

321 3209 379 3260 et
409 3203 672 3261 civitates
700 3211 945 3279 sumptos
990 3225 1093 3279 pro
1139 3186 1400 3279 libidine,
1452 3207 1535 3264 ait
1582 3186 1982 3263 Tertullianus

2093 3190 2327 3259 sapius,
2361 3187 2418 3242 in
2452 3186 2559 3243 hoc
2588 3186 2736 3243 libro
2779 3186 3182 3258 describendo,
3227 3202 3454 3243 errasse
3495 3186 3740 3241 demon-

320 3298 541 3365 noster,
571 3310 682 3349 non
709 3313 811 3367 pro
856 3298 1055 3353 notitia
1102 3297 1371 3368 veritatis,
1422 3298 1565 3367 deos,
1597 3301 1701 3352 aut
1749 3296 1823 3351 ab
1852 3295 1984 3352 aliis

320 3382 591 3454 rejectos,
624 3390 727 3439 aut
758 3384 873 3441 illis
897 3386 1227 3457 incognitas
1249 3389 1683 3442 venerabantur
1714 3384 1980 3457 (Tertull.

319 3474 572 3544 Apolog.,
606 3490 732 3545 cap.
755 3475 847 3541 24,
882 3491 937 3545 p.
972 3475 1077 3530 417
1107 3478 1164 3530 et
1193 3474 1295 3530 lib.
1332 3492 1395 3545 ιι,
1426 3492 1495 3547 ap
1525 3477 1775 3540 Nation.,
1818 3491 1869 3530 c.
1901 3475 1979 3545 8).

318 3565 621 3637 Egyptios
653 3576 851 3621 autem
884 3562 966 3619 ibi
998 3564 1287 3635 praecipue
1319 3564 1639 3635 redarguit,
1693 3563 1795 3635 qui
1828 3562 1983 3618 sicut

319 3652 381 3707 in
405 3651 536 3710 aliis
559 3653 779 3710 nostris
803 3652 1319 3708 dissertationibus
1342 3652 1709 3707 ostendimus
1729 3652 1979 3723 (Dissert.

320 3743 385 3797 in
409 3743 684 3813 Lactant.,
716 3758 767 3799 ο.
800 3742 892 3808 34,
925 3746 1033 3797 art.
1065 3744 1101 3797 2
1132 3745 1188 3798 et
1216 3742 1327 3797 loc.
1361 3740 1442 3795 ibi
1465 3741 1610 3813 cit.),
1645 3745 1767 3796 tam
1799 3740 1983 3812 impia

320 3847 499 3903 quam
531 3832 787 3889 absurda
817 3829 1235 3903 superstitione
1268 3847 1381 3885 non
1421 3828 1614 3885 solum
1643 3844 1779 3885 oves
1809 3828 1980 3885 alias-

319 3936 436 3992 que
466 3921 689 3977 bestias
741 3920 1186 3989 consecrabant,
1237 3919 1339 3975 sed
1388 3918 1521 3975 illos
1580 3918 1756 3974 etiam
1789 3918 1980 3989 capite

315 4010 703 4080 damnabant,
746 4009 848 4082 qui
900 4008 1158 4080 aliquem
1218 4006 1563 4078 hujusmodi
1620 4006 1795 4062 deum
1829 4005 1980 4062 occi-

312 4097 560 4154 dissent.
595 4101 847 4170 Accepta
900 4102 1097 4152 autem
1158 4096 1266 4152 hac
1308 4113 1408 4152 eos
1458 4095 1774 4168 adoptandi
1804 4095 1979 4151 liber-

309 4192 452 4259 tate,
484 4188 761 4261 zEgyptii,
795 4187 987 4258 inquit
1028 4185 1449 4253 Tertullianus,
1485 4186 1571 4240 sic
1618 4185 1786 4241 abusi
1816 4190 1978 4256 sunt,

318 4285 383 4334 ut
410 4277 737 4350 Josephum
769 4276 1167 4332 Patriarcham
1199 4275 1501 4347 Serapidis
1534 4275 1770 4330 nomine
1803 4275 1977 4330 deum

310 4368 561 4424 fecerint
590 4365 860 4437 (Tertull.
893 4364 1004 4421 loc.
1038 4365 1184 4433 cit.).
1230 4365 1340 4421 Sed
1393 4363 1581 4419 multa
1610 4364 1692 4419 ibi
1722 4363 1821 4419 ille
1850 4369 1979 4419 tur-

312 4458 417 4513 bat
446 4461 620 4528 atque
651 4456 735 4511 ita
764 4471 925 4525 sane,
977 4458 1042 4510 nt
1088 4455 1305 4508 mirum
1364 4453 1635 4507 videatur
1684 4453 1978 4524 quomodo

2092 3277 2388 3332 straveris.

2161 3365 2308 3422 Vero
2339 3365 2536 3436 itaque
2567 3363 2820 3421 similius
2864 3364 3065 3422 Vossio
3113 3364 3259 3420 illud
3292 3364 3522 3420 videtur
3569 3363 3693 3435 (lib.
3725 3379 3739 3416 ι

2089 3455 2153 3512 de
2183 3456 2395 3525 Origin.
2429 3458 2479 3511 et
2508 3459 2792 3523 Progress.
2828 3453 2988 3523 idot.,
3022 3471 3071 3509 c.
3100 3455 3192 3527 29)
3231 3456 3386 3526 quod
3417 3452 3515 3509 ille
3546 3453 3739 3508 adhuc

2090 3550 2325 3602 enarrat
2380 3544 2678 3616 ngyptios
2715 3584 2731 3614 ,
2790 3547 2921 3617 post
2977 3545 3173 3617 fruges
3232 3544 3345 3599 sibi
3398 3561 3431 3598 a
3486 3542 3737 3614 Josepho

2090 3634 2263 3690 famis
2290 3638 2551 3705 tempore
2572 3632 3070 3704 subministratas,
3098 3634 3349 3703 jussisse
3378 3632 3439 3688 in
3464 3632 3610 3688 tanti
3643 3632 3737 3686 be-

2090 3723 2280 3779 neficii
2314 3723 2656 3778 memoriam
2689 3740 2754 3777 ac
2786 3721 3116 3795 symbolum
3148 3722 3225 3778 ali
3271 3740 3305 3778 a
3335 3722 3738 3779 sacerdotibus

2090 3814 2317 3883 bovem,
2379 3828 2553 3883 quem
2612 3810 2869 3883 primum
2928 3811 3105 3882 civili,
3161 3815 3218 3867 et
3275 3811 3483 3867 deinde
3539 3810 3736 3865 divino

2088 3900 2249 3957 cultu
2306 3900 2759 3956 honoraverunt.
2815 3902 2889 3954 At
2942 3904 3172 3956 constat
3226 3916 3366 3956 sane
3414 3900 3617 3955 bovem
3661 3897 3734 3952 ab

2087 3989 2296 4045 iisdem
2322 3987 2605 4061 Egyptiis
2630 3988 2845 4042 factum
2869 4003 2998 4043 esse
3019 3989 3192 4043 deum
3227 3988 3419 4060 Apim,
3443 3992 3500 4043 et
3528 3986 3737 4042 exinde

2089 4079 2377 4151 Serapim,
2436 4078 2507 4133 de
2563 4093 2679 4149 quo
2738 4077 3007 4132 Ruffinus
3066 4076 3192 4148 (lib.
3251 4094 3293 4132 11
3337 4078 3536 4133 Histor.
3587 4076 3733 4132 Eccl.

2088 4186 2137 4224 c.
2170 4169 2285 4240 23),
2316 4172 2374 4223 et
2407 4184 2511 4222 nos
2542 4166 2678 4223 alibi
2723 4166 2887 4237 (tom.
2921 4166 2942 4219 Ι
2990 4167 3275 4238 Apparat.,
3306 4182 3363 4238 p.
3415 4166 3594 4236 1090).
3629 4163 3736 4219 Ce-

2087 4256 2467 4313 leberrimum
2529 4272 2761 4328 quoque
2817 4254 3180 4311 Alexandria
3250 4254 3593 4310 fabricatum
3648 4256 3738 4308 est

2087 4348 2267 4420 hujus
2294 4347 2588 4419 Serapidis
2637 4347 3043 4413 simulacrum,
3085 4349 3157 4404 de
3206 4364 3318 4421 quo
3363 4348 3519 4404 idem
3550 4346 3731 4403 Rufil-

2088 4455 2239 4495 nus:
2280 4459 2301 4487 ι
2336 4438 2537 4510 Cujus,
2570 4436 2781 4508 inquit,
2814 4437 2991 4509 capiti
3038 4438 3272 4494 modius
3302 4436 3731 4511 superpositus,

311 4548 406 4601 vir
434 4545 492 4601 in
521 4518 707 4602 sacris
762 4543 1081 4616 Scripturis
1139 4542 1406 4614 apprime
1463 4546 1753 4614 versatus,
1808 4518 2055 4614 pluraD
2086 4530 2142 4584 et
2172 4526 2411 4598 (Ιυίάθω
2464 4525 2525 4581 in
2574 4526 2854 4616 ῒιροοτθφ
2913 4525 3097 4582 Ποείτί
3142 4526 3360 4599 J05mph
3417 4527 3733 4616 formatum

312 4633 436 4689 illis
467 4651 609 4690 sane
640 4632 928 4707 opposita,
961 4631 1131 4688 nobis
1159 4631 1440 4688 venditat.

389 4723 653 4778 Primum
710 4721 865 4777 enim
920 4720 1248 4792 Josephus,
1309 4718 1504 4791 inquit
1549 4718 1645 4774 ille
1703 4719 1973 4790 (Tertull.

310 4813 419 4869 lib.
455 4829 498 4869 ιι
526 4812 597 4868 ad
616 4812 766 4881 Nat.,
790 4827 844 4867 c.
875 4810 956 4882 8),
978 4809 1204 4865 cateris
1235 4809 1518 4865 fratribus
1538 4808 1975 4880 (Benjaminum

308 4901 578 4972 excipere
605 4899 878 4971 debebat)
912 4899 1115 4971 junior
1158 4898 1218 4953 in
1266 4898 1511 4970 [Egypto
1558 4898 1973 4969 venumdatus,

296 4992 375 5048 in
405 4988 727 5048 Pharaonis
757 4987 1155 5061 Egyptiorum
1207 4988 1362 5060 regis
1412 4986 1633 5043 familia
1663 4986 1970 5044 serviebat.

300 5079 654 5139 Atinlibro
713 5084 1006 5136 Geneseos
1063 5078 1218 5152 (Gen.
1277 5096 1490 5151 xxxvu,
1546 5080 1612 5134 18
1668 5084 1727 5134 et
1776 5078 1886 5146 36;
1918 5082 1975 5134 et

307 5186 642 5241 c.xxx1x,v.
670 5171 696 5225 1
721 5174 778 5226 et
795 5171 983 5242 seqq.)
1000 5167 1254 5241 legimus
1271 5168 1441 5227 illum
1464 5166 1767 5226 venditum
1791 5167 1973 5222 fuisse

303 5260 667 5331 Madianitis,
699 5264 756 5317 et
780 5259 853 5315 ab
875 5258 969 5315 his
993 5258 1316 5331 Putipbari,
1345 5258 1616 5316 eunucho
1648 5254 1972 5312 Pharaonis

308 5355 376 5407 et
405 5349 660 5405 militum
693 5350 996 5420 magistro,
1029 5348 1124 5403 cui
1154 5365 1356 5405 revera
1405 5348 1663 5417 servivit,
1696 5347 1882 5402 donec
1912 5345 1971 5401 in

313 5455 610 5497 carcerem
642 5439 995 5495 mitteretur.
1028 5437 1153 5494 Nisi
1193 5454 1331 5511 ergo
1361 5438 1519 5495 hunc
1566 5435 1969 5507 Putipharem,

315 5528 463 5601 quia
488 5528 747 5600 Josepho
802 5525 1079 5604 Πετεφρὴς
1127 5532 1372 5585 vocatur
1421 5526 1682 5599 (Joseph.
1716 5525 1973 5585 1.11An-

536 5617 786 5690 Judaic.,
817 5634 868 5674 c.
898 5617 1044 5689 3,_p.
1093 5617 1163 5675 39
1194 5621 1252 5677 et
1296 5617 1504 5689 seqq),
1560 5616 1772 5683 1114
1799 5614 1971 5690 regia

2082 4616 2415 4689 perhibent,
2445 4616 2517 4671 ob
2576 4614 3004 4671 dimensionem
3053 4616 3351 4686 frumenti,
3405 4633 3519 4688 quo
3559 4614 3732 4672 famis

2081 4709 2343 4775 tempore
2372 4702 2642 4760 subvenit
2685 4703 2990 4775 ngyptiis.
3040 4725 3070 4755 »
3102 4706 3334 4763 Rul'ﬁno
3378 4705 3736 4778 suffragatur

2083 4794 2297 4850 Suidas
2326 4792 2573 4863 (Suidas,
2607 4792 2679 4847 ad
2714 4809 2746 4848 v
2790 4790 3075 4865 Σάραπις),
3108 4811 3212 4851 nec
3260 4799 3504 4867 uterque
3534 4799 3732 4851 tamen

2084 4881 2321 4938 diffiteri
2350 4881 2542 4954 potuit
2571 4880 2718 4937 alias
2748 4880 2932 4938 fuisse
2963 4882 3211 4939 aliorum
3242 4883 3567 4957 opiniones.

2151 4989 2239 5046 Ab
2266 4987 2553 5061 Egyptiis
2609 4990 2826 5044 Auctor
2882 4992 3081 5045 noster
3127 4992 3200 5047 ad
3257 4992 3401 5048 alios
3441 4991 3733 5048 delabitur

2081 5077 2349 5152 populos,
2381 5078 2481 5149 qui
2513 5094 2629 5133 non
2672 5076 2896 5134 minore
2927 5078 3168 5137 licentia
3214 5081 3355 5138 deos
3385 5082 3730 5155 peculiares,

2084 5167 2215 5224 aliis
2246 5185 2311 5223 ac
2371 5168 2695 5239 prasertim
2728 5167 3006 5224 Romanis
3050 5169 3402 5243 incognitos,
3436 5170 3547 5227 sibi
3580 5170 3729 5227 asci-

2078 5260 2322 5313 verant:
2359 5255 2624 5323 «Quanti
2675 5256 2969 5313 enimvero
3013 5264 3171 5331 sunt,
3219 5259 3437 5333 inquit,
3488 5260 3589 5333 qui
3620 5276 3728 5315 no-

2081 5346 2200 5402 rint
2228 5347 2357 5401 visu
2408 5345 2493 5401 vel
2542 5345 2746 5401 auditu
2780 5346 2912 5419 quis
2972 5348 3286 5422 unicuique
3335 5348 3639 5422 provincia
3672 5350 3728 5401 et

2080 5435 2297 5492 civitati
2328 5451 2474 5490 suus
2504 5438 2594 5491 est
2622 5435 2787 5504 deus,
2821 5441 2888 5492 ut
2914 5437 3088 5510 Syria
3115 5441 3376 5495 Astartes
3397 5460 3425 5489 ››
3462 5433 3725 5508 (Tertull.

2079 5524 2355 5596 Apologet.
2384 5539 2433 5579 c.
2461 5524 2554 5595 24,
2584 5542 2641 5598 p.
2677 5524 2802 5595 418)
2831 5525 3239 5599 (manuscripti
3281 5525 3465 5582 nostri
3493 5523 3723 5581 codices

2056 5612 2378 5690 _Adstartes)
2404 5612 2466 5673 in
2494 5613 2642 5673 libro
2673 5614 2745 5671 ad
2782 5614 3080 5686 Nationes,
3122 5616 3408 5690 Atagartis
3454 5613 3722 5689 Syrorum
