4134 6184
495 288 655 347 1215

1020 288 1551 351 TERTULLIANI
1597 264 2171 350 OPEltUM‘PARS
2216 286 2260 346 l.
2295 317 2370 327 —
2402 282 2677 343 SERIES
2725 283 2771 359 Ι,
2817 276 3374 339 APOLOGETICA.

3707 273 3843 333 1218

496 419 621 490 (lib.
657 436 698 474 ιι
729 418 801 474 ad
854 420 1101 487 Nation.,
1137 437 1185 476 c.
1246 422 1301 489 8)
1322 420 1350 476 ‘l
1405 422 1541 485 Quae
1595 421 1766 477 lectio
1811 417 2141 475 conﬁrmari
2176 421 2229 484 Α
2260 414 2604 472 Mauritaniae
2633 413 2823 483 reguli
2845 413 2955 467 sui.
2988 414 3063 465 At
3084 407 3374 464 Minucius
3398 405 3545 461 Felix
3562 409 3614 461 et
3639 406 3839 461 Lactan-

497 514 689 579 potest
720 509 813 563 his
846 508 1016 563 Plinii
1063 511 1253 565 verbis
1286 528 1300 565 :
1350 535 1377 561 «
1412 511 1568 583 Syris
1617 528 1746 566 vero
1793 510 2023 581 Magog.
2059 507 2143 562 Ibi

497 596 834 668 prodigiosa
863 599 1175 669 Atagartis,
1210 599 1422 655 Graecis
1445 604 1640 654 autem
1665 600 1903 655 Derceto
1935 598 2088 651 dicta
2114 616 2141 644 »

497 685 668 757 (Plin.
703 685 804 741 lib.
838 703 869 739 v
903 690 1109 743 Nalur.
1164 688 1299 742 Hist.
1354 705 1479 760 cap.
1512 690 1603 758 23,
1638 707 1691 760 p.
1751 688 1899 757 577).
1937 685 2138 742 1115

498 774 706 829 Strabo
738 791 869 830 vero
918 777 988 829 de
1038 776 1351 849 Hierapoli,
1385 775 1435 829 ἐν
1467 777 1505 847 ᾖ
1533 780 1731 850 τιμῶσι
1789 775 1888 843 τὴν
1952 773 2147 847 Συρεαν

501 862 619 925 θεὸν
674 863 774 930 τὴν
835 863 1147 939 Ἀταργατῖν
1181 908 1194 935 ,
1251 868 1311 921 in
1369 884 1476 939 qua
1562 868 1865 938 Atargalim
1923 865 2149 935 Syriam

497 951 661 1007 deam
690 954 873 1008 colunt
931 954 1137 1025 (Strab.
1202 954 1303 1011 lib.
1359 973 1453 1010 xvr
1510 960 1697 1026 Geogr.
1750 972 1804 1026 p.
1853 954 2002 1023 7/18).
2034 952 2145 1007 Sed

499 1046 702 1111 postea
765 1043 1004 1114 scripsit
1050 1062 1062 1099 :
1098 1044 1437 1118 Ἀταργατήν
1478 1042 1534 1097 δὲ
1579 1049 1678 1111 τήν
1732 1042 1986 1115 'AOa'zpev,
2020 1048 2147 1113 Δερ-

496 1129 636 1183 κετὼ
669 1128 714 1183 δ’
764 1130 932 1199 αὐτὴν
989 1131 1221 1201 Κτησίας
1270 1132 1466 1201 καλεῖς
1521 1135 1833 1207 Atargalim
1890 1133 2152 1187 Atharam

498 1218 778 1287 dixerunt,
813 1238 975 1291 quam
1012 1223 1213 1277 Ctesias
1240 1225 1463 1278 Derceto
1484 1226 1697 1278 vocavit
1727 1222 1884 1294 (Ibid.
1922 1221 2147 1292 p.785).

498 1309 586 1362 Ab
620 1309 751 1363 aliis
779 1316 971 1364 autem
1009 1316 1270 1366 Astartes
1304 1311 1595 1384 appellata
1626 1316 1733 1381 est,
1769 1310 2150 1382 quemadmo-

501 1398 641 1450 dum
678 1414 710 1451 a
742 1397 992 1453 Minucio
1031 1397 1234 1469 Felice,
1269 1401 1365 1471 qui
1414 1401 1524 1455 hoc
1562 1417 1771 1455 nomen
1830 1400 1886 1454 in
1918 1397 2149 1452 Tertul—

503 1484 641 1540 liani
677 1486 860 1541 nostri
917 1487 1308 1560 Apologetico,
1370 1490 1524 1544 sicut
1578 1495 1634 1544 et
1686 1489 1800 1543 alia
1846 1487 2035 1559 plura,
2071 1486 2149 1542 le-

503 1579 685 1645 gerat.
720 1574 951 1631 Videsis
984 1577 1258 1633 Vossium
1314 1578 1437 1650 (lib.
1480 1596 1519 1646 ι,
1581 1579 1644 1634 de
1673 1578 1821 1649 Orig.
1852 1581 1901 1632 et
1958 1579 2149 1645 Progr.

501 1664 726 1733 Idolol.,
761 1680 815 1719 c.
856 1666 968 1737 28),
1030 1683 1093 1721 ac
1152 1684 1239 1734 ea,
1299 1668 1348 1723 si
1406 1668 1617 1740 placet,
1678 1685 1805 1739 quae
1863 1667 1921 1721 in
1981 1666 2147 1720 illum

2255 505 2374 561 tius
2390 506 2420 561 J
2431 506 2605 560 ubam
2631 504 3142 571 nominant,quem
3169 494 3471 569 provincias
3492 494 3655 567 hujus
3676 494 3842 549 incola

2254 595 2475 650 honore
2507 593 2701 649 divino
2751 591 3055 664 speciatim
3108 585 3612 659 prosequebantur.
3657 584 3768 645 Adi,
3802 585 3841 636 si

2256 685 2439 753 lubet,
2472 699 2605 754 quas
2631 682 2692 736 in
2724 680 2943 736 nostris
2975 678 3046 732 de
3080 676 3389 746 utriusque
3418 672 3573 727 libris
3603 672 3841 727 disserte-

2256 772 2518 828 tionibus
2547 770 2844 842 disputata
2867 772 3006 824 sunt
3027 767 3332 837 (Dissertat.
3365 762 3561 817 IIIS
3591 763 3645 815 in
3673 762 3843 816 Minue.

2256 867 2473 929 Oclav.,
2504 878 2631 933 cap.
2667 860 2755 931 16,
2807 863 2916 914 art.
2959 860 3014 928 2,
3072 855 3299 911 Dissert.
3352 854 3409 907 in
3468 851 3846 921 Lactanl.,cap.

2257 951 2347 1019 30,
2382 955 2491 1006 art.
2518 952 2595 1019 2).

2873 1048 3191 1090 ARTICULUS
3231 1048 3294 1086 ιι.

2263 1136 2345 1186 De
2375 1129 2503 1184 aliis
2528 1129 2656 1198 diis,
2689 1127 2783 1197 qui
2836 1124 3094 1198 Romanis
3143 1119 3434 1191 incogniti,
3481 1119 3536 1198 in
3567 1116 3728 1198 Italia?
3745 1131 3848 1198 pro-

2334 1202 2529 1256 vinciis
2558 1203 2609 1254 et
2639 1187 2867 1254 urbibus
2897 1195 3232 1262 colebantur,
3271 1187 3848 1262 quemadmodumdus-

2330 1273 2639 1327 sinensium
2700 1271 2817 1325 sive
2892 1259 3439 1333 Crustuminerisium
3510 1259 3848 1333 Delventinus,

2331 1344 2723 1401 Narniensium
2790 1339 3141 1403 Visidianus,
3190 1331 3609 1391 [Esculanorum
3660 1331 3850 1403 Ancaria

2332 1432 2427 1470 seu
2457 1416 2757 1473 Ancharia,
2819 1402 3224 1473 Volsinensium
3283 1407 3504 1468 Nursia,
3552 1405 3654 1457 sive
3681 1402 3851 1464 Nar-tia,

2337 1471 2789 1543 Ocriculanorum
2840 1483 3107 1548 Valentia,
3136 1471 3189 1534 et
3225 1479 3580 1541 Faliscorum,
3626 1474 3679 1527 in
3708 1473 3851 1527 hono-

2336 1576 2458 1616 rem
2493 1558 2679 1631 patris
2711 1555 2930 1623 Curris,
2962 1558 3020 1609 et
3046 1550 3269 1623 accepit
3298 1563 3510 1604 nomen
3536 1549 3696 1601 Juno.

2337 1669 2767 1739 Argumentum
2821 1677 2995 1717 suum
3066 1656 3445 1730 prosequitur
3496 1651 3853 1739 Tertullianus,

503 1753 741 1808 Minucii
801 1754 988 1810 locum
1050 1738 1461 1814 annotavimus
1516 1738 1769 1830 (Dissert.
1832 1759 1892 1812 in
1950 1756 2147 1810 Minue.
2179 1784 2227 1849 B
2263 1738 2440 1826 atque
2471 1772 2504 1809 a
2537 1751 2852 1825 provinciis
2886 1751 3066 1805 Roma
3099 1746 3337 1817 longius
3377 1742 3630 1810 remotis,
3657 1739 3787 1839 venit
3810 1738 3851 1849 ip

507 1845 700 1898 Octav.
731 1858 779 1897 c.
816 1844 903 1911 14,
938 1849 1044 1899 art.
1084 1846 1155 1915 1).

577 1949 742 2005 Sicut
798 1955 995 2006 autem
1058 1953 1175 2008 haec
1232 1953 1409 2024 Syriae
1478 1958 1601 2009 erat
1656 1953 1763 2008 dea
1796 1994 1810 2018 ,
1869 1953 1948 2007 ita
2004 1954 2150 2010 Ara-

510 2038 631 2105 biae,
664 2041 743 2093 ait
772 2039 1170 2097 Tertullianus
1228 2042 1361 2109 (loc.
1408 2043 1534 2114 cit.)
1581 2044 1819 2112 Disares,
1853 2043 1953 2097 sed
1988 2042 2156 2098 aliter

507 2127 567 2181 in
627 2128 773 2183 libro
832 2132 1090 2185 secundo
1148 2130 1218 2186 ad
1274 2133 1551 2200 Nationes,
1612 2131 2152 2188 Obodanedussiren.

510 2218 858 2288 Corruptum
893 2224 1089 2274 autem
1144 2226 1351 2291 putant
1381 2221 1488 2275 hoc
1519 2238 1729 2275 nomen
1782 2223 1853 2275 ab
1886 2221 2154 2291 imperito

506 2306 766 2373 librario,
801 2308 900 2379 qui
932 2326 1107 2363 unum
1142 2327 1205 2364 ex
1248 2310 1337 2364 his
1384 2311 1615 2364 duobus
1667 2309 1902 2365 Obodam
1949 2315 2005 2365 et
2038 2315 2155 2363 Du-

507 2410 687 2449 sarem
719 2395 935 2450 fecerit.
965 2400 1140 2451 Suam
1192 2402 1385 2452 autem
1422 2398 1754 2470 opinionem
1811 2398 2158 2453 confirmare

510 2489 803 2538 conantur
833 2485 1179 2541 auctoritate
1210 2487 1467 2555 Eusebii,
1526 2504 1559 2541 a
1591 2504 1706 2557 quo
1759 2486 1866 2542 hos
1899 2487 2153 2541 Arabum

511 2572 651 2626 deos
684 2578 1036 2629 memoratos
1060 2591 1187 2630 esse
1211 2575 1413 2630 dicunt
1437 2576 1696 2647 quidem,
1722 2576 1823 2630 sed
1857 2591 1960 2630 nec
1982 2577 2159 2631 verba

512 2660 661 2729 ejus,
698 2677 801 2715 nec
831 2661 1045 2717 librum
1080 2664 1362 2719 indicant.
1423 2664 1501 2719 De
1552 2670 1799 2735 utroque
1831 2670 2022 2719 autem
2058 2664 2155 2719 illo

513 2750 619 2804 deo
667 2749 836 2821 plura
880 2751 1142 2819 Vossius,
1171 2770 1343 2825 quem
1384 2754 1546 2809 adire
1592 2754 1777 2809 cuivis
1815 2759 2153 2825 promptum

512 2843 600 2894 est
655 2838 716 2908 (l.
778 2858 817 2894 ιι
874 2841 939 2895 de
969 2842 1221 2909 0rig.et
1270 2844 1430 2913 Prog.
1486 2844 1650 2909 ldol.,
1707 2859 1852 2914 cap.
1912 2844 1966 2912 8,
2027 2859 2149 2914 pag.

511 2930 675 2998 178).
738 2929 965 2986 Patrius
1023 2931 1197 2986 etiam
1258 2932 1401 2987 deus
1461 2933 1571 2987 fuit
1628 2932 1839 2988 Noricis
1898 2934 2148 3004 Belenus,

502 3015 701 3089 inquit
758 3021 972 3074 Auctor
1028 3027 1225 3075 noster
1282 3021 1446 3092 (ibid.
1501 3038 1628 3092 cap.
1685 3022 1776 3087 24,
1840 3039 1893 3092 p.
1954 3021 2080 3090 419)
2131 3039 2145 3091 ;

505 3108 608 3161 sed
667 3116 941 3179 corrupta
1016 3127 1247 3181 quoque
1320 3112 1558 3166 fuerunt
1611 3112 1668 3166 in
1728 3112 2146 3182 manuscriptis

505 3196 722 3250 nostris
754 3197 1052 3253 codicibus
1100 3198 1218 3254 hinc
1269 3200 1509 3254 nomina
1560 3200 1692 3254 Nori
1742 3199 2055 3268 Cibetenus,
2085 3201 2145 3255 in

505 3284 862 3355 quibusdam
922 3304 1051 3342 vero
1106 3288 1277 3342 editis
1335 3288 1642 3354 Tibelenus,
1696 3304 1870 3359 quem
1912 3289 2149 3345 Vossius

506 3374 843 3444 suspicatur
888 3391 1022 3431 eum
1070 3393 1219 3444 esse,
1273 3394 1445 3447 quem
1501 3376 1868 3448 Tybelinum,
1920 3380 2152 3450 antiqui

507 3462 764 3518 Saxones
820 3464 1183 3533 Tebilenum,
1235 3472 1292 3522 et
1340 3465 1527 3521 Sclavi
1573 3466 1938 3521 Zeerneboch
1987 3484 2153 3523 voca-

506 3550 669 3605 bant.
705 3555 906 3606 Nonne
939 3568 1069 3607 vero
1101 3553 1270 3625 longe
1295 3552 1655 3624 probabilius
1687 3558 1777 3607 est
1808 3553 2155 3625 illumloqui

510 3638 582 3692 de
615 3637 823 3694 Beleno
852 3640 958 3694 deo
1005 3658 1177 3713 quem
1232 3640 1657 3712 Aquileienses,
1690 3643 1773 3696 uti
1828 3642 2016 3699 Julius
2047 3644 2152 3698 Ca-

515 3726 794 3797 pitolinus
826 3731 907 3802 (in
944 3731 1024 3785 Vit
1074 3731 1364 3786 Maximin.
1414 3749 1468 3802 p.
1499 3732 1623 3794 361,
1676 3731 1782 3786 col.
1837 3736 1910 3800 2),
1962 3738 2017 3787 et
2046 3733 2156 3788 He-

515 3814 794 3873 rodianus
824 3818 947 3889 (lib.
984 3837 1023 3874 11
1072 3822 1222 3875 Hist.
1276 3820 1491 3891 p.612)
1540 3820 1832 3875 memorias
1881 3821 2156 3891 prodide-

516 3911 672 3975 runt,
708 3924 941 3964 summo
983 3909 1042 3964 in
1094 3909 1313 3965 honore
1364 3909 1678 3978 habebant,
1730 3915 1787 3963 et
1816 3913 1998 3965 solem
2030 3926 2159 3965 esse

516 3995 912 4066 opinabantur
949 3998 977 4053 Τ
1023 4003 1301 4054 Praeterea
1351 3999 1634 4053 Gruterus
1691 3999 1884 4053 varias
1930 3999 2161 4055 exhibet

515 4084 929 4157 inscriptiones
957 4089 1060 4144 Deo
1092 4089 1308 4155 Beleno,
1342 4089 1411 4143 ab
1437 4089 1700 4159 Augusto
1731 4088 1953 4143 Caesare
1974 4089 2159 4143 editas

515 4174 750 4244 (Gruter.
782 4181 924 4233 tom.
960 4176 1005 4243 Ι,
1044 4178 1295 4245 Inscript.
1347 4193 1402 4248 p.
1435 4177 1505 4230 26
1554 4182 1610 4230 et
1638 4175 1750 4247 27).
1800 4176 1949 4239 Quin
1981 4175 2159 4231 etiam

516 4263 567 4318 is
589 4264 660 4319 ab
682 4266 939 4321 Ausonio
957 4265 1471 4338 Burdigalensium
1496 4266 1640 4320 deus
1659 4280 1763 4320 nec
1783 4282 1898 4320 uno
1921 4264 2159 4335 quidem

519 4354 779 4409 carmine
809 4355 1159 4426 predicatur
1185 4356 1425 4427 (Auson.
1451 4355 1523 4410 de
1554 4353 1837 4424 Burdigal.
1866 4357 2159 4425 professor.

519 4440 708 4497 Carm.
742 4445 794 4511 4,
828 4444 858 4516 §
891 4445 1013 4516 145,
1074 4448 1130 4499 et
1160 4460 1341 4499 carm.
1397 4445 1484 4510 10,
1518 4448 1544 4513 §
1576 4444 1721 4514 154).
1772 4442 1897 4498 Νοιι
1958 4459 1992 4498 a
2021 4442 2162 4498 solis

518 4528 720 4601 itaque
747 4531 997 4600 Noricis,
1048 4531 1369 4588 Germanias
1419 4530 1673 4604 populis,
1724 4530 1826 4586 sed
1876 4531 2050 4586 etiam
2090 4532 2162 4586 ab

520 4617 653 4674 aliis
682 4618 930 4676 Belenus
980 4620 1297 4675 colebatur.
1348 4624 1417 4675 At
1457 4620 1602 4675 istos
1664 4620 1905 4674 forsitan
1936 4618 2163 4674 Tertul-

520 4707 714 4763 lianus
745 4709 1091 4765 nominatim
1123 4709 1251 4765 ideo
1282 4708 1614 4781 appellavit,
1657 4708 1795 4780 quia
1825 4714 2060 4763 noverat
2091 4707 2162 4763 ab

516 4796 662 4868 ipsis
694 4797 850 4852 hunc
908 4799 1080 4854 deum
1132 4817 1246 4872 prae
1299 4799 1523 4867 caeteris
1570 4797 1844 4854 honorari
1893 4796 2159 4870 (Tertull.

519 4886 837 4961 Apoloyet.,
869 4904 998 4961 cap.
1037 4891 1130 4960 24,
1179 4906 1235 4961 p.
1286 4890 1433 4962 420).
1462 4887 1520 4943 Si
1568 4904 1741 4960 quem
1776 4886 2163 4943 nihilominus

519 4978 915 5035 obscuriorem
951 4980 1291 5036 Noricorum
1326 4984 1425 5035 aut
1479 4978 1721 5035 alterius
1766 4978 1959 5050 gentis
1987 4979 2161 5033 deum

518 5069 591 5123 ab
621 5068 719 5125 illo
752 5070 1097 5127 denotatum
1129 5072 1429 5140 ostendas,
1461 5070 1568 5125 tibi
1592 5069 1748 5125 haud
1780 5084 1930 5140 (egre
1960 5083 2162 5123 assen-

517 5157 755 5213 tiemur.

588 5265 704 5320 Nec
737 5266 986 5338 patriam
1019 5284 1188 5323 suam
1224 5266 1320 5321 ille
1350 5265 1569 5331 omisit,
1594 5270 1771 5337 atque
1805 5266 2018 5335 Africae
2051 5265 2163 5319 σω.

520 5354 689 5426 lestis,
721 5360 781 5409 et
809 5356 870 5410 in
902 5355 1049 5411 libro
1083 5356 1153 5410 ad
1198 5356 1457 5411 Nationes
1505 5354 1632 5425 (lib.
1667 5371 1729 5424 ιι,
1783 5370 1909 5424 cap.
1939 5354 2017 5422 8),
2052 5351 2165 5407 Cte-

521 5444 670 5499 lestis
702 5445 983 5511 Afrorum,
1018 5445 1089 5499 de
1120 5461 1236 5515 qua
1266 5461 1373 5499 nos
1413 5442 1685 5513 superius
1733 5442 2165 5515 disputavimus

522 5533 669 5604 (cap.
706 5533 790 5603 18,
825 5539 936 5590 art.
969 5534 1046 5605 6).
1081 5533 1353 5603 Ejusdem
1402 5548 1573 5604 porro
1621 5531 1823 5587 Africa:
1855 5532 2011 5603 regio
2041 5533 2167 5585 erat

519 5622 891 5694 Mauritania,
923 5623 993 5680 de
1023 5638 1141 5695 qua
1180 5621 1309 5694 ipse
1352 5620 1630 5680 continuo
1677 5619 1800 5677 hac
1831 5619 2164 5679 subnectit:

2264 1844 2513 1911 Italiam,
2548 1848 2605 1898 et
2629 1858 2731 1913 per
2759 1842 2965 1911 ipsam,
3001 1836 3211 1907 inquit,
3239 1834 3321 1889 dii
3347 1846 3551 1906 quoque
3578 1826 3855 1898 municipali

2261 1933 2663 1990 consecratione
2690 1940 2982 1984 censentnr
3008 1923 3277 1995 (Tertull.
3310 1924 3606 1993 Apotoget.,
3648 1933 3758 1988 cap.
3782 1914 3852 1981 24,

2264 2041 2320 2095 p.
2350 2023 2498 2091 420),
2531 2038 2675 2091 quos
2707 2016 2951 2073 Romani
2987 2031 3101 2069 non
3133 2012 3424 2068 colebant.
3477 2010 3653 2065 Tanta
3677 2004 3850 2077 quippe

2263 2116 2390 2168 erat
2434 2110 2760 2165 incolarum
2812 2107 3220 2176 cujuscunque
3280 2099 3533 2158 civitatis
3585 2095 3779 2152 caecitas
3802 2106 3851 2145 ac

2265 2201 2522 2267 licentia,
2555 2204 2619 2253 ut
2667 2214 2782 2252 non
2833 2194 3025 2250 solum
3077 2193 3217 2247 deos
3268 2190 3402 2245 aliis
3450 2185 3747 2258 incognitos
3774 2181 3850 2235 ha-

2266 2290 2520 2358 buerint,
2553 2288 2653 2343 sed
2700 2302 2940 2357 quorum
2989 2284 3189 2351 etiam,
3224 2280 3311 2335 uti
3363 2278 3459 2334 ille
3489 2278 3584 2342 ait,
3622 2290 3685 2328 ne
3715 2271 3850 2325 nomi-

2263 2396 2398 2434 num
2430 2377 2649 2449 quidem
2675 2375 2916 2444 dignitas
2973 2372 3233 2426 humanis
3291 2365 3687 2439 cognominibus
3726 2360 3853 2414 distat

2268 2469 2467 2537 (Idem,
2499 2464 2602 2520 lib.
2644 2481 2715 2529 ιι,
2747 2462 2820 2518 ad
2874 2462 3024 2524 Nat.,
3075 2476 3201 2530 cap.
3262 2460 3344 2525 2).
3391 2460 3464 2511 At
3519 2454 3661 2509 sicut
3686 2462 3852 2537 nomen

2266 2535 2524 2612 hominis
2558 2552 2965 2625 praeferebant,
2998 2550 3079 2604 ita
3108 2549 3438 2603 humanam
3494 2544 3660 2598 vitam
3686 2535 3853 2607 egisse,

2265 2652 2322 2701 et
2354 2644 2572 2700 idcirco
2602 2643 2741 2697 deos
2790 2656 2905 2695 non
2959 2654 3088 2693 esse
3133 2636 3515 2692 manifestum
3569 2635 3666 2686 est.
3696 2625 3852 2682 Plures

2263 2751 2396 2789 vero
2429 2750 2497 2788 ex
2527 2731 2645 2786 illis
2677 2732 2938 2785 recenset
2977 2726 3184 2795 (Ibid),
3236 2740 3306 2780 ac
3337 2739 3408 2778 ne
3458 2719 3558 2775 ulli
3587 2718 3738 2772 ﬁdem
3766 2709 3854 2764 sibi

2263 2820 2577 2895 derogandi
2619 2826 2774 2875 esset
2822 2816 3007 2882 locus,
3062 2818 3270 2869 testem
3319 2812 3462 2867 citat
3505 2810 3780 2895 Varronem
3808 2798 3851 2851 in

2261 2892 2578 2982 eius'haud
2611 2906 2788 2963 dubie
2831 2904 3021 2971 libris,
3048 2919 3194 2974 quos
3226 2903 3303 2957 de
3347 2897 3577 2967 divinis,
3605 2892 3850 2982 testeris-

2258 2974 2495 3074 gustino
2522 3000 2792 3069 (August.
2838 2994 2943 3049 lib.
2995 3009 3051 3049 v1
3080 2991 3145 3047 de
3190 2990 3383 3060 dicit,
3414 3004 3537 3060 cap.
3583 2984 3632 3053 3,
3662 2974 3848 3053 μηδ),

2258 3092 2436 3147 rebus
2466 3087 2749 3144 ediderat.

2330 3178 2725 3234 Obscurarum
2753 3176 2947 3228 autem
2964 3170 3245 3226 horumce
3275 3168 3517 3223 deorum
3533 3155 3845 3234 agminipm-

2259 3268 2515 3323 mittitur
2544 3264 2953 3321 Casiniensium
2982 3260 3336 3315 Delventinus
3366 3250 3622 3327 (Tertull.
3644 3248 3714 3301 loc
3731 3238 3844 3337 cit.)3

2258 3356 2349 3412 vel
2381 3354 2536 3411 sicut
2565 3351 2791 3409 codices
2830 3351 3013 3404 nostri
3065 3346 3429 3417 antiquiores
3480 3353 3646 3397 manu
3673 3331 3847 3425 exarati

2261 3449 2319 3501 et
2347 3444 2469 3508 alii,
2513 3440 2951 3505 Casianensium,
3002 3436 3354 3491 vetustiores
3399 3430 3554 3494 editi,
3602 3425 3848 3508 Crustumi-

2262 3503 2562 3598 niensium,
2595 3534 2653 3586 et
2680 3537 2877 3601 postea
2907 3503 2967 3581 in
2999 3523 3361 3597 quibusdam
3385 3503 3853 3601 editionibus,Bel-

2262 3624 2542 3679 ventinus.
2573 3598 2884 3675 Cassinum
2913 3631 3049 3671 vero
3078 3611 3409 3683 Campaniae
3440 3606 3698 3680 oppidum
3716 3598 3851 3653 Sam-

2265 3712 2441 3777 nites,
2474 3710 2553 3765 ait
2580 3713 2763 3763 Varro
2811 3705 2935 3775 (lib.
2996 3721 3075 3773 v1,
3105 3702 3171 3757 de
3218 3703 3381 3770 Ling.
3434 3700 3576 3764 Lat.,
3604 3709 3656 3763 P-
3681 3688 3776 3756 7⁷),
3801 3695 3850 3777 ἐι

2264 3774 2496 3855 Sabinis
2525 3798 2635 3853 orti
2668 3796 2943 3868 primum,
2966 3810 3032 3848 ac
3059 3790 3308 3847 Romani
3335 3786 3540 3844 deinde
3568 3774 3848 3868 tenuerunt.

2267 3888 2621 3944 Mentionem
2669 3865 2875 3956 oppidi
2933 3881 3092 3936 illius
3150 3880 3339 3934 fecere
3388 3874 3601 3931 Plinius
3652 3865 3759 3956 (lib.
3784 3872 3850 3916 ιιι.

2268 3980 2413 4034 Hist.
2470 3977 2664 4031 Natur.
2697 3955 2830 4043 δερ.
2863 3972 2916 4038 4,
2967 3987 3023 4043 ρ.
3082 3968 3235 4039 229),
3296 3972 3356 4022 et
3411 3963 3594 4051 Silius
3634 3955 3849 4051 (tinam:

2265 4083 2320 4121 ν.
2353 4065 2500 4136 525),
2534 4039 2867 4133 nomenque
2911 4039 3056 4115 illud
3112 4058 3172 4113 in
3203 4055 3387 4111 variis
3432 4039 3852 4136 inscriptiopibus

2268 4172 2304 4211 a
2350 4124 2596 4210 Grutero
2652 4124 2827 4208 editis
2885 4146 3141 4205 occurrit
3198 4145 3452 4215 (Gruter.
3508 4153 3642 4231 pag.
3685 4124 3853 4231 13.63t

2271 4244 2414 4313 151).
2446 4243 2502 4297 Si
2533 4240 2668 4313 quis
2700 4246 2895 4294 tamen
2930 4238 3009 4292 ibi
3050 4236 3238 4307 legere
3267 4231 3459 4298 malit,
3494 4228 3853 4318 ονξιξιαζνξξηςζξς

2268 4299 2436 4399 sium,
2470 4299 2804 4402 opinionem
2837 4342 3007 4382 suam
3048 4325 3280 4380 ﬁrmare
3312 4319 3520 4395 poterit
3569 4314 3652 4371 his
3677 4299 3854 4373 Virgilii

2269 4424 2557 4480 versibus.

2778 4534 2886 4583 Nec
2914 4532 3162 4583 surculus
3190 4529 3335 4579 idem

2458 4597 2775 4649 Crustumiis
2799 4597 3069 4660 Syriisque
3102 4594 3247 4659 pyris

2957 4675 3153 4739 (Virgil.
3184 4674 3273 4723 lib.
3306 4686 3344 4722 ιι
3375 4671 3550 4733 Georg.
3579 4678 3626 4713 γι
3654 4661 3736 4719 33-)

2271 4813 2507 4870 Servius
2537 4814 2755 4884 quippe
2788 4810 2905 4865 haec
2933 4808 3151 4864 ibidem
3183 4808 3488 4864 observat:
3524 4821 3550 4854 ι
3577 4796 3856 4884 Crustumia

2273 4920 2417 4976 pyra
2446 4876 2585 4958 sunt
2604 4876 2673 4957 ei:
2686 4876 2860 4972 parte
2888 4896 3156 4954 rubentia
3183 4897 3254 4952 ab
3272 4895 3486 4968 Oppido
3502 4876 3852 4978 Crustumia»:

2271 4969 2492 5063 Agrum
2526 5006 2657 5045 vero
2697 4969 3142 5044 Crustuminum
3191 4986 3437 5056 ejusque
3481 4981 3651 5037 situm
3678 4969 3854 5066 Plin‘ifl

2274 5051 2436 5137 hisce
2488 5078 2684 5136 verbis
2742 5077 3057 5143 describit;
3123 5095 3151 5128 α
3206 5051 3365 5130 Gitra
3418 5066 3681 5127 tredecim
3708 5051 3855 5157 millia

2275 5185 2564 5243 passuum
2594 5166 2757 5222 urbis
2803 5166 3104 5222 Veientem
3162 5180 3368 5237 agrum
3428 5178 3461 5217 a
3514 5155 3853 5243 Crustumino.

2274 5239 2411 5314 dein
2433 5257 2788 5323 Fidenatem,
2815 5254 3208 5325 Latinumque
3230 5270 3264 5308 a
3286 5251 3555 5307 Vaticano
3573 5239 3855 5325 diuertunt!D

2274 5346 2447 5419 (Plin.
2482 5344 2585 5400 lib.
2618 5362 2683 5400 ιιι
2711 5317 2910 5400 Natur.
2942 5344 3081 5401 Hist.
3110 5317 3243 5415 cap.
3274 5343 3330 5409 5,
3376 5334 3601 5411 p.323).
3632 5331 3692 5385 At
3716 5317 3853 5419 pgiqu

2275 5404 2447 5491 antea
2504 5434 2685 5490 alium
2743 5404 3205 5489 Crustuminum.
3267 5404 3669 5487 memoraverat
3712 5404 3851 5482 (Ibid-

2274 5543 2333 5599 P-
2364 5525 2512 5597 322),
2547 5523 2646 5596 qui
2669 5523 2909 5596 quidem
2931 5521 3031 5578 ubi
3055 5521 3206 5577 situs
3228 5519 3415 5587 fuerit,
3430 5517 3551 5588 jam
3578 5503 3848 5599 ignoretur-

2273 5591 2582 5677 ildeliorum
2628 5591 2802 5687 porro
2849 5609 3365 5685 antiquiorumqus
3408 5604 3656 5665 codicum
3687 5591 3849 5652 sunto-
