4134 6184
286 309 442 369 1217

1195 308 1271 369 D.
1318 306 1415 367 LE
1454 307 1783 370 NOURRY
1822 307 2472 371 OBSERVATIONES
2514 313 2778 374 ΝονΑς.

3531 324 3688 385 1218

282 438 437 495 ritati
467 438 514 494 si
551 437 873 493 cedendum
907 441 1012 499 est,
1038 436 1434 492 Tertullianus
1464 436 1921 492 Cassiniensium
1962 441 2006 504 Α
2042 442 2170 509 pter
2203 440 2499 495 malumus
2534 441 2772 497 alterius
2830 446 3047 501 codicis
3109 464 3273 520 Opem
3326 457 3681 523 exspectare,

281 529 562 602 Oppidum
597 526 925 599 designavit
952 528 1271 599 (Apologet.,
1306 543 1434 598 cap.
1472 527 1563 594 21,
1595 544 1651 598 p.
1691 528 1819 592 420,
1875 531 1934 581 et

281 619 387 673 lib.
420 635 481 688 ιι,
509 618 582 672 ad
611 618 853 687 Nalion.,
903 633 1031 688 cap.
1091 617 1169 688 8),
1228 617 1379 687 quod
1452 633 1609 671 nunc
1670 619 1928 671 montem

286 707 568 764 Casinum
600 724 728 763 esse
758 706 1119 763 existimant.

362 796 573 852 Dehinc
613 795 748 852 ille:
780 792 1188 851 Narniensium
1212 794 1545 851 Visidianus.
1595 797 1667 849 At
1695 794 1922 850 Plinius

287 887 385 942 ubi
415 886 666 941 Umbria:
698 886 911 957 oppida
942 884 1306 957 populosque
1338 888 1644 939 enumerat
1677 900 1689 938 :
1731 904 1752 930 α
1786 883 1933 938 Nar-

286 976 539 1045 nienses,
563 975 774 1046 inquit,
819 976 975 1046 quod
1025 975 1306 1048 oppidum
1368 973 1701 1045 Nequinum
1761 977 1935 1028 antea

283 1071 555 1121 vocatum
588 1065 789 1119 1117
825 1068 914 1120 est
958 1064 1181 1135 »(Plin.
1240 1062 1337 1117 lib.
1396 1080 1456 1117 ιιι
1515 1064 1649 1117 Hist.
1712 1064 1932 1132 Nalur.,

284 1171 410 1225 cap.
447 1154 533 1220 14,
560 1154 785 1226 p.365).
822 1154 891 1207 Et
939 1157 1089 1207 certe
1139 1151 1423 1225 scriptum
1483 1169 1517 1207 a
1575 1151 1729 1206 Livio
1787 1150 1932 1223 legi-

284 1260 444 1299 mus:
474 1266 494 1292 ι
518 1242 676 1298 Alter
706 1241 913 1297 consul
949 1241 1223 1313 Apuleius
1247 1242 1302 1295 in
1325 1241 1565 1296 Umbria
1596 1241 1930 1313 Nequinum

281 1332 559 1404 oppidum
593 1331 991 1387 circumsedit.
1028 1330 1213 1386 Locus
1235 1334 1359 1385 erat
1393 1331 1634 1399 arduus,
1667 1336 1842 1402 atque
1873 1330 1932 1384 in

282 1426 446 1493 parte
513 1437 630 1475 una
679 1436 956 1491 princeps,
1016 1420 1113 1473 ubi
1176 1435 1333 1472 nunc
1394 1419 1609 1473 Narnia
1661 1418 1776 1473 sita
1845 1423 1935 1473 est

280 1510 428 1581 (Liv.
466 1509 563 1564 lib.
598 1526 654 1575 κ,
685 1511 712 1576 §
740 1510 817 1580 9).
852 1529 880 1557 »
908 1513 1120 1563 Nomen
1156 1513 1352 1563 autem
1386 1507 1529 1561 illud
1557 1508 1811 1578 sumpsit
1860 1507 1932 1562 ab

279 1616 369 1668 eo,
400 1613 520 1669 quo
541 1595 800 1667 alluitur,
831 1597 980 1652 Nare
1011 1596 1300 1661 fluvio,uti
1331 1596 1424 1650 his
1456 1595 1745 1668 intelliges
1768 1596 1931 1651 Stra-

280 1687 456 1741 bonis
506 1685 734 1741 verbis:
795 1686 981 1760 Νάρνα
1040 1680 1111 1737 δι’
1168 1686 1235 1751 ἧς
1287 1682 1369 1758 ῥεῖ
1408 1684 1435 1736 ὁ
1492 1682 1604 1757 Νὰρ
1659 1683 1930 1755 ποταμὸς,

281 1776 516 1844 Narnia,
543 1792 644 1846 per
672 1791 835 1844 quam
884 1776 1009 1875 f’luit
1067 1776 1186 1828 Nar
1241 1774 1445 1843 [iuvius
1484 1774 1696 1839 (Strab.
1748 1773 1849 1827 lib.
1904 1790 1934 1826 v
1968 1811 2013 1875 Β

286 1864 499 1935 Geogr.,
552 1880 607 1933 p.
656 1864 803 1933 227).
867 1861 1060 1917 Variis
1122 1878 1353 1932 quoque
1417 1863 1571 1932 apud
1622 1861 1933 1917 Gruterum

280 1950 767 2023 inscriptionibus
821 1949 1176 2007 Narnienses
1237 1948 1609 2005 celebrantur
1678 1950 1930 2021 (Gruter.

282 2059 341 2114 p.
378 2042 500 2110 174,
530 2040 800 2113 inscript.
833 2042 906 2109 4;
968 2057 1026 2111 p.
1076 2040 1202 2107 388,
1240 2038 1505 2109 inscript.
1564 2040 1635 2109 2;
1688 2056 1744 2110 p.
1808 2040 1929 2106 400,

281 2131 551 2200 inscript.
584 2129 658 2201 4).

352 2224 656 2286 Praeterea,
715 2219 1136 2273 lEsculanorum
1195 2219 1494 2286 Ancharia,
1540 2219 1599 2271 in
1652 2216 1801 2272 libro
1864 2217 1935 2271 ad

277 2311 555 2375 Nationes,
601 2312 659 2362 et
717 2308 933 2362 nostris
996 2307 1416 2377 manuscriptis
1465 2307 1931 2377 exemplaribus:

275 2398 554 2453 Ancharia
586 2396 849 2464 (Tertull.
877 2398 978 2452 loc.
1011 2397 1212 2468 cit.).A
1245 2396 1432 2451 Plinio
1467 2401 1665 2450 autem
1698 2395 1929 2450 dicitur:

280 2487 508 2542 Colonia
537 2487 794 2541 Asculum
824 2486 1023 2541 Piceni
1046 2486 1396 2540 nobilissima
1430 2483 1705 2552 (Plin.lib.
1731 2502 1792 2539 m
1822 2486 1932 2541 Na-

278 2587 393 2633 tur.
430 2578 600 2640 Hist,
633 2592 762 2646 cap.
796 2574 885 2643 13,
920 2591 975 2645 p.
1010 2574 1162 2641 362),
1212 2573 1381 2644 cujus
1440 2574 1675 2628 nomine
1734 2572 1933 2629 multa!

279 2672 512 2721 exstant
540 2666 695 2737 apud
726 2668 1037 2719 Gruterum
1093 2662 1506 2733 inscriptiones
1561 2664 1812 2735 (Gruter.
1876 2681 1932 2735 p.

282 2757 409 2820 465,
441 2756 707 2826 inscript.
744 2757 767 2808 1
796 2762 852 2809 et
883 2754 967 2817 10,
1004 2769 1134 2824 pag.
1169 2751 1296 2822 371,
1326 2751 1594 2824 inscript.
1632 2755 1679 2807 1.
1713 2757 1770 2807 et
1800 2769 1930 2823 pag.

282 2846 409 2911 427,
443 2843 707 2915 inscript.
743 2844 816 2910 1).
849 2842 1056 2897 Strabo
1107 2858 1239 2896 vero
1285 2836 1497 2895 Λσκλὸν
1551 2839 1613 2893 τὸ
1673 2838 1931 2908 Πικηνόν.

282 2934 391 2987 Sed
426 2933 582 2988 aliud
615 2936 704 2987 est
732 2929 1033 3001 Asculum,
1092 2929 1313 3001 Apulite
1373 2929 1674 3000 oppidum,
1730 2930 1932 3001 Pyrrhi

277 3022 443 3077 clade
476 3020 868 3076 notissimum.
905 3025 981 3075 De
1012 3020 1289 3075 alterutro
1320 3026 1516 3073 autem
1549 3019 1706 3074 haud
1756 3019 1933 3074 dubie

277 3110 544 3181 loquitur
576 3114 788 3164 Auctor
818 3108 1155 3177 noster,nisi
1187 3108 1451 3163 eamdem
1484 3109 1650 3163 deam
1680 3108 1737 3162 in
1768 3115 1928 3163 utro-

274 3216 390 3270 que
422 3200 637 3254 cultam
674 3198 855 3252 fuisse
886 3196 1240 3269 probaveris.
1274 3198 1347 3251 De
1373 3196 1562 3267 priore
1590 3203 1781 3251 tamen
1806 3214 1925 3252 ser-
1963 3177 2005 3243 C

273 3303 508 3343 monem
534 3288 605 3342 ab
627 3286 727 3342 illo
758 3287 903 3350 fieri,
937 3286 1046 3340 erit
1067 3287 1309 3340 forsitan
1343 3286 1445 3356 qui
1496 3287 1700 3340 conlici
1753 3304 1924 3357 posse

269 3376 615 3448 putabithis
646 3376 863 3431 Lucani
898 3376 967 3429 de
1002 3374 1239 3429 Lentulo
1271 3374 1539 3429 versibus
1570 3392 1583 3429 :

382 3541 397 3556 .
485 3541 499 3556 .
586 3541 597 3551 .
709 3539 720 3550 .
834 3540 850 3555 .
953 3506 1212 3564 Depellitur
1236 3517 1349 3550 arce

354 3570 583 3616 Lentulus
613 3569 840 3615 Esculea.

762 3634 959 3686 (Lucan.
984 3633 1193 3676 Pharsat.
1215 3631 1291 3675 lib.
1315 3643 1363 3682 ιι,
1382 3643 1430 3685 v,
1462 3630 1575 3681 150.)

267 3757 516 3823 Quidam
550 3758 704 3814 enim
737 3757 1214 3813 animadvertunt
1238 3756 1459 3810 Eseulea
1489 3759 1547 3809 et
1574 3756 1799 3810 Asculea
1831 3756 1921 3811 in-

268 3847 607 3902 differenter
636 3848 879 3917 dictum,
913 3845 1118 3915 quidni
1150 3849 1207 3899 et
1237 3845 1507 3911 AEsculea,
1530 3845 1685 3899 unde
1718 3849 1922 3900 ZEscu-

266 3935 411 4004 lani,
446 3938 516 3993 de
548 3936 764 4008 quibus
786 3952 942 3990 nunc
974 3933 1223 4006 agitur?

342 4024 626 4082 Caeterum
659 4026 966 4080 Turnebus
1000 4024 1123 4093 (lib.
1174 4041 1292 4081 xvn
1342 4024 1586 4094 Advers.,
1645 4040 1773 4096 cap.
1830 4023 1921 4095 24)

268 4114 614 4185 suspicatur
633 4114 969 4170 Anchariam
1001 4129 1126 4168 earn
1160 4129 1290 4169 esse
1317 4114 1508 4175 deam,
1533 4113 1702 4182 cujus
1732 4114 1924 4167 furore

267 4204 524 4274 correpti
559 4204 820 4259 homines
852 4202 1072 4257 aucarii
1119 4203 1499 4269 vocabantur,
1564 4201 1743 4272 idque
1799 4206 1920 4255 sta-

267 4289 443 4347 bilire
474 4291 682 4347 nititur
712 4293 805 4348 his
837 4293 1090 4358 duobus,
1126 4309 1159 4346 a
1191 4290 1374 4346 Nonio
1406 4290 1596 4346 citatis
1626 4290 1795 4362 (Non.
1849 4290 1921 4345 ad

269 4397 322 4435 v.
360 4381 686 4454 Quiritare),
718 4381 920 4438 Lucilii
952 4381 1311 4437 carminibus
1338 4396 1351 4436 :

404 4530 527 4576 Haec
552 4533 728 4577 cadum
757 4531 898 4576 rudet
924 4545 952 4577 e
980 4529 1176 4581 nostris,
1214 4536 1355 4587 atque
1382 4530 1631 4587 ejulitabit.

400 4597 705 4642 Concursus
734 4594 865 4639 velut
886 4594 1124 4644 alicarias,
1151 4593 1373 4650 ciareque
1401 4592 1646 4650 quiritans.

264 4747 331 4803 In
365 4748 565 4801 nostra
592 4740 832 4815 quidem
857 4739 1062 4795 horum
1092 4741 1418 4794 carminum
1473 4739 1730 4795 editione
1777 4739 1921 4813 legi-

267 4851 444 4891 mus:
480 4836 577 4889 Hic
604 4834 903 4903 inquam...
940 4828 1118 4885 veluti
1147 4830 1462 4885 arenarius.
1505 4829 1613 4883 Sed
1649 4835 1921 4902 corrupte

264 4921 475 4997 procul
504 4921 707 4987 dubio,
740 4936 804 4974 ac
835 4924 1037 4975 contra
1067 4918 1235 4972 metri
1280 4916 1457 4988 leges.
1504 4916 1920 4973 Verumtamen

267 5030 436 5070 mera
467 5012 583 5067 haec
612 5015 702 5066 est
717 5008 973 5064 Turuebi
1006 5008 1364 5078 conjectura,
1399 5023 1525 5078 quae
1557 5006 1671 5060 alia
1729 5008 1921 5062 adhuc

266 5103 614 5178 probatione
646 5100 886 5170 indiget.
921 5098 985 5153 In
1021 5097 1167 5152 libro
1199 5101 1391 5152 autem
1425 5096 1495 5151 ad
1526 5097 1784 5152 Nationes
1816 5115 1921 5152 no-

210 5252 217 5255 _
269 5211 402 5250 men
434 5192 770 5248 Anchariam
800 5188 1069 5256 habetur,
1111 5190 1168 5243 et
1216 5187 1707 5259 quamprzeverinl,
1767 5187 1918 5259 quod

264 5283 658 5355 depravatum
691 5277 1118 5347 existimantes,
1154 5276 1357 5348 reponi
1380 5275 1612 5331 voluere
1643 5280 1699 5330 et
1724 5293 1922 5347 quam-

264 5372 569 5446 prieverim
598 5388 616 5423 :
650 5368 750 5423 sed
778 5366 944 5422 nulla
968 5366 1193 5421 reddita
1225 5366 1449 5420 ratione
1470 5364 1925 5434 emendationis,

267 5478 400 5532 quas
432 5458 758 5515 adulterato
792 5461 953 5511 textu
984 5453 1190 5510 melior
1218 5470 1332 5509 non
1353 5454 1601 5512 videtur.
1662 5454 1922 5525 Quapro-

343 5638 421 5711 (1)
454 5638 521 5696 In
556 5635 917 5709 quibusdam
948 5631 1306 5690 editionibus
1338 5632 1567 5690 Nursia.

2042 544 2221 599 quam
2252 528 2739 602 variisindulgere
2769 534 3138 605 conjecturis.

2112 618 2363 673 Facilius
2423 620 2619 691 itaque
2676 621 2818 676 illud
2879 625 3242 694 probabitur,
3304 632 3455 701 quod
3521 634 3683 705 adje-

2044 706 2533 764 citTertullianus
2567 726 2579 763 :
2617 711 3056 767 Volsiniensium
3098 715 3298 772 Nursia
3354 719 3679 793 (Apologet..

2043 814 2093 851 c.
2126 796 2215 867 24,
2247 814 2303 869 p.
2341 798 2495 869 421);
2531 798 2588 853 in
2618 799 2766 855 libro
2798 806 2992 858 autem
3040 804 3113 858 ad
3169 809 3432 864 Nationes
3492 813 3554 873 (l.
3619 831 3684 879 Il,

2044 886 2112 940 ad
2144 889 2346 943 Nation
2379 930 2391 951 ,
2426 905 2552 959 cap.
2576 892 2626 959 8,
2663 906 2715 959 p.
2748 890 2858 961 71),
2893 896 2949 946 et
2982 891 3147 949 libris
3181 899 3397 953 nostris
3430 900 3688 974 ineditis,

2044 977 2240 1031 Narcia
2272 982 2328 1031 et
2360 978 2572 1045 Nortia,
2604 978 2740 1049 sive,
2767 984 2831 1033 ut
2857 980 2914 1035 in
2947 982 3208 1039 Tacitum
3234 1003 3368 1041 mox
3390 990 3690 1048 uitandum

2044 1071 2207 1120 notat
2240 1066 2487 1137 Lipsius,
2520 1069 2799 1123 Neurscia.
2836 1072 3117 1128 AtLivius
3148 1076 3325 1131 semel
3349 1078 3680 1152 iterumque

2045 1155 2311 1209 meminit
2343 1156 2779 1244 Volsinensium
2809 1159 2933 1230 (lib.
2968 1166 3070 1231 v,§
3101 1165 3188 1231 31,
3214 1169 3269 1219 et
3299 1165 3399 1222 lib.
3422 1173 3542 1239 1x,§
3574 1173 3685 1244 21),

2044 1244 2140 1314 qui
2166 1243 2419 1298 etiamin
2452 1246 2702 1317 quadam
2732 1246 3114 1320 inscriptione
3145 1270 3179 1308 a
3227 1253 3470 1312 Grutero
3529 1260 3692 1317 edita

2044 1330 2795 1404 sicappellantur(Gruter.
2828 1335 3093 1410 inscript.
3144 1341 3195 1408 1,
3255 1360 3291 1415 p
3370 1346 3518 1415 385),
3571 1349 3681 1405 Ve-

2044 1437 2174 1476 rum
2210 1421 2454 1491 ipsemet
2481 1422 2875 1479 Tertullianus
2897 1425 3037 1480 alibi
3090 1427 3243 1498 illos,
3304 1435 3687 1503 quemadmo-

2043 1510 2182 1564 dum
2206 1510 2409 1564 1118
2444 1511 2879 1565 observavimus
2911 1513 3058 1586 (cap.
3092 1517 3180 1583 23,
3215 1523 3321 1572 art.
3355 1521 3430 1592 3).
3490 1523 3683 1579 Volsi-

2045 1600 2173 1655 nios
2198 1607 2375 1671 vocat,
2403 1602 2573 1656 sicuti
2608 1602 3082 1675 Propertius(lib.
3120 1625 3177 1661 ιν
3206 1609 3351 1684 eleg.
3404 1616 3458 1683 2,
3517 1633 3570 1671 ν.
3629 1618 3684 1684 2,

2044 1691 2330 1745 etPlinius
2364 1691 2486 1763 (lib.
2520 1709 2560 1747 ll
2594 1692 2783 1748 Natur.
2819 1696 2980 1764 Hist.,
3014 1714 3136 1768 cap.
3171 1700 3263 1766 52,
3326 1720 3381 1773 p.

2043 1783 2144 1837 lib.
2182 1801 2264 1844 Ill,
2299 1801 2424 1854 cap.
2464 1786 2511 1851 4,
2547 1803 2606 1856 p.
2673 1787 2821 1855 322),
2871 1789 2968 1859 qui
3032 1792 3425 1850 testiﬁcantur
3477 1798 3682 1855 urbem

2043 1873 2195 1928 hanc
2224 1874 2734 1945 opulentissimam
2756 1881 3081 1935 Tuscorum
3106 1880 3306 1948 fuisse,
3343 1901 3467 1957 quae
3531 1906 3686 1945 nunc

2043 1965 2153 2018 sub
2176 1981 2547 2020 summorum
2568 1967 2910 2036 pontificum
2935 1970 3153 2026 ditione
3187 1978 3292 2028 est.

2038 2064 2043 2067 '
2113 2053 2380 2109 Noreiam
2412 2070 2543 2108 vero
2574 2072 2775 2111 eorum
2810 2059 2976 2114 deem
3003 2061 3184 2118 fuisse
3214 2080 3280 2119 ex
3323 2065 3411 2122 bis
3435 2068 3559 2139 jam
3602 2073 3686 2128 ci-

2041 2142 2143 2195 tati
2176 2143 2319 2196 Livii
2353 2143 2543 2199 verbis
2574 2144 2898 2202 discimus:
2935 2171 2962 2197 «
2998 2149 3277 2208 Volsiniis
3325 2154 3539 2227 clavos,
3590 2161 3681 2217 in-

2045 2230 2201 2285 dices
2233 2231 2459 2285 numeri
2494 2236 2951 2305 annorumﬁxos
2983 2237 3038 2291 in
3068 2241 3508 2311 temploNortias
3527 2254 3687 2306 etru-

2044 2336 2153 2374 sca:
2185 2321 2304 2374 deae
2337 2337 2669 2391 comparere
2701 2322 2951 2395 diligens
3006 2327 3210 2383 talium
3276 2344 3685 2394 monumento-

2043 2426 2173 2463 rum
2198 2413 2401 2464 auctor
2429 2409 2664 2465 Cincius
2696 2412 2997 2468 afﬁrmat»
3046 2418 3185 2483 (Liv.
3248 2420 3347 2477 lib.
3401 2428 3554 2495 vn,§
3610 2430 3685 2497 3).

2042 2497 2342 2552 Juvenalis
2359 2515 2593 2570 quoque
2625 2500 2695 2555 de
2728 2500 2825 2555 illa
2847 2502 2966 2559 hac
2999 2507 3247 2564 cecinit:

2230 2635 2263 2668 ζ
2324 2636 2340 2668 .
2426 2636 2438 2647 .
2519 2604 2650 2668 idem
2677 2607 2894 2663 populus,
2920 2610 2962 2653 si
2992 2612 3170 2656 Noreia
3196 2614 3252 2668 (1)
3281 2615 3475 2663 Thusco

2228 2666 2460 2714 Favisset.
2492 2665 2535 2710 si
2563 2680 2799 2724 oppressa
2828 2670 2953 2715 foret
2980 2686 3150 2718 secura
3181 2665 3404 2724 senectus

2203 2737 2443 2794 Principis,
2478 2737 2569 2781 hac
2598 2738 2703 2795 ipsa
2733 2741 2953 2797 Sejanum
2982 2743 3162 2789 diceret
3192 2748 3313 2793 hora

2203 2800 2492 2855 Augustum.

2650 2854 2877 2911 (Juvenal.
2909 2860 3046 2908 satir.
3079 2861 3145 2912 10,
3175 2876 3224 2911 v.
3252 2865 3317 2918 70,
3337 2871 3445 2922 etc.)

2044 2960 2341 3028 Praeterea,
2377 2959 2828 3013 Ocriculanorum
2865 2956 3137 3027 Valentia,
3157 2961 3238 3015 ait
3268 2962 3682 3039 Tertullianus,

2040 3048 2369 3118 (xlpologctq
2394 3064 2520 3117 cap.
2552 3048 2642 3115 24,
2679 3063 2733 3116 p.
2768 3046 2913 3112 ll21).
2949 3046 3280 3103 Ocriculum
3329 3058 3546 3121 autem,
3580 3073 3683 3114 seu

2045 3136 2316 3205 Ocriculi,
2348 3137 2611 3191 Straboni
2643 3132 2934 3197 Ὀκρικλου
2970 3136 3162 3205 (Strab
3232 3139 3330 3194 lib.
3382 3159 3417 3195 v
3470 3143 3684 3216 Gcoyr.,

2046 3244 2102 3297 p.
2134 3226 2281 3294 227),
2312 3226 2453 3279 urbs
2480 3224 2654 3280 estin
2679 3224 2893 3277 finibus
2921 3223 3192 3290 Umbriae,
3221 3245 3346 3298 quae
3380 3247 3489 3285 non
3527 3235 3682 3288 mul-

2034 3318 2158 3367 tum
2192 3317 2368 3366 Roma
2399 3313 2600 3374 distat,
2636 3328 2910 3383 nuncque
2944 3313 3173 3368 Olricoli
3228 3322 3485 3372 vocatur.
3526 3324 3678 3377 Men-

2032 3402 2252 3456 tionem
2287 3401 2444 3455 illius
2477 3400 2697 3455 faciunt
2739 3400 3097 3471 Plinins(lib,
3154 3420 3218 3458 ιιι
3268 3405 3464 3462 Natur.
3527 3410 3679 3483 hisl.,

2033 3506 2158 3561 cap.
2194 3491 2245 3542 4.
2271 3506 2327 3560 p.
2360 3489 2485 3557 323,
2518 3494 2577 3543 et
2606 3506 2729 3559 cap.
2764 3490 2842 3551 l4,
2887 3506 2939 3560 p.
2991 3489 3140 3562 365).
3182 3492 3377 3548 Livius
3421 3495 3549 3564 (lib.
3598 3516 3678 3569 Ix,

2032 3579 2059 3645 §
2085 3578 2194 3647 41),
2218 3576 2434 3649 aliique
2448 3595 2513 3632 ac
2546 3579 2915 3649 potissimum
2950 3581 3289 3652 geographi.
3316 3582 3681 3642 Ocriculano-

2034 3682 2163 3719 rum
2198 3683 2367 3737 porro
2390 3667 2559 3722 dcam
2592 3684 2787 3721 revera
2816 3667 2995 3722 fuisse
3026 3668 3373 3740 Valentiam,
3398 3690 3681 3745 agnosces

2033 3752 2139 3807 hac
2170 3754 2347 3809 veteri
2377 3754 2760 3826 inscriptione
2791 3756 2937 3826 apud
2983 3760 3288 3814 Gruterum
3340 3761 3418 3833 (p.
3480 3764 3533 3827 2,
3588 3764 3678 3818 inc

2037 3842 2237 3913 script.
2274 3845 2360 3909 12)
2388 3860 2399 3898 :
2430 3844 2544 3898 Pao
2585 3860 2795 3898 SALUTE
2822 3861 3031 3899 rrusm:
3062 3863 3328 3903 REDITUS.
3357 3867 3409 3903 ι).
3438 3868 3494 3904 Ν.
3515 3869 3683 3907 SANC-

2030 3949 2339 3988 TISSIMI....
2380 3950 2455 3988 TI.
2491 3951 2624 3989 AUC}.
2649 3951 3229 3991 EDICULAMLONCILII
3272 3956 3530 4007 DEORUM,
3548 3958 3681 3996 ΒΕΑ-

2034 4040 2277 4087 nUMoue
2302 4041 2487 4079 AUGN.
2514 4042 2579 4078 ex
2603 4042 2730 4078 vrsu
2755 4042 2876 4079 nam
2904 4025 3203 4080 VALENTLE
3228 4032 3286 4080 S.
3316 4032 3381 4081 ν,
3410 4030 3467 4083 Ρ.
3511 4031 3571 4084 Ε.
3617 4031 3677 4084 C.

2105 4112 2249 4175 Quid
2287 4112 2499 4183 plura?
2528 4112 2906 4182 Sutrinorum,
2940 4114 3019 4166 ait
3053 4117 3261 4168 Auctor
3295 4122 3511 4187 noster,
3539 4118 3678 4172 Nar-

2036 4203 2109 4257 (ia
2141 4201 2409 4273 (Tertull.
2445 4201 2553 4256 lor.
2587 4202 2708 4271 cit.)
2765 4204 2833 4256 At
2865 4224 2890 4249 ‹‹
2916 4204 3199 4263 Sutrium,
3235 4204 3427 4275 inquit
3463 4205 3680 4277 Livius,

2035 4291 2173 4345 urbs
2193 4291 2351 4345 socia
2372 4291 2957 4359 Romanorum,velut
2976 4291 3232 4346 claustra
3247 4294 3487 4349 Etrurire
3510 4300 3678 4349 erat»

2034 4380 2177 4451 (Liv.
2201 4378 2302 4433 lib.
2340 4396 2409 4445 Ix,
2443 4378 2470 4449 Ξ
2502 4380 2593 4443 32,
2626 4384 2683 4433 et
2713 4380 2811 4433 lib.
2843 4397 2913 4442 v1,
2949 4381 2976 4447 §
3006 4380 3081 4445 3).
3116 4384 3295 4434 Antea
3340 4398 3471 4436 vero
3532 4384 3681 4438 fece—

2035 4473 2125 4523 rat
2146 4467 2497 4523 mentionem
2533 4468 2825 4540 cjus,quce
2859 4469 2915 4523 in
2932 4468 3108 4523 variis
3138 4470 3312 4523 etiam
3349 4470 3682 4544 inscriptio-

1952 4547 2001 4611 D
2036 4558 2263 4613 nibuse
2295 4560 2539 4611 Grutero
2562 4557 2836 4611 exhibitis
2869 4558 3124 4612 occurrit
3155 4558 3406 4629 (Gruter.
3444 4577 3499 4631 p.
3554 4560 3680 4623 254,

2032 4649 2157 4715 302,
2187 4648 2293 4700 205
2314 4651 2369 4700 et
2399 4647 2547 4712 481).
2583 4647 2666 4701 Ab
2691 4648 2832 4701 urbe
2875 4652 3067 4701 autem
3131 4647 3314 4702 Roma
3380 4649 3561 4704 distat
3615 4651 3684 4704 24

2034 4735 2218 4791 millia
2243 4752 2553 4807 passuum,
2588 4734 2740 4789 sicut
2763 4735 2993 4790 Marsus
3025 4737 3396 4791 adnotavitin
3422 4738 3537 4793 hinc
3553 4739 3677 4793 Silii

2032 4824 2215 4881 Italici
2251 4825 2462 4880 verba:
2500 4824 2690 4879 Sutria
2719 4828 2863 4878 tecta
2898 4824 3021 4893 (Sil.
3074 4825 3278 4896 ltalic.,
3312 4826 3411 4881 lib.
3446 4844 3571 4897 vm,
3626 4846 3681 4883 v.

2033 4914 2177 4981 408).
2212 4913 2442 4967 Videsis
2476 4913 2781 4966 Erasmum
2817 4913 2873 4965 in
2900 4912 3007 4968 hoc
3040 4914 3405 4984 proverbium
3444 4933 3457 4971 :
3517 4918 3689 4985 Quasi

2031 5005 2281 5058 Sutrium
2329 5010 2457 5058 eant
2514 5003 2761 5073 (Erasm.
2821 5002 2996 5074 Adag.
3041 5002 3175 5057 chil.
3231 5005 3283 5073 4,
3343 5011 3569 5061 centur.
3631 5008 3684 5073 4,

2034 5097 2201 5165 adag.
2233 5096 2321 5160 52,
2360 5111 2412 5164 p.
2446 5094 2589 5155 841).
2628 5093 2811 5162 Hujus
2872 5111 3042 5165 porro
3093 5095 3254 5150 urbis
3306 5096 3511 5152 incolis
3553 5098 3683 5168 dea,

2035 5187 2115 5239 uti
2152 5184 2230 5238 ait
2263 5181 2683 5246 Tertullianus,
2717 5187 2839 5236 erat
2871 5184 3093 5238 Norcia.
3126 5186 3232 5240 Sed
3284 5186 3469 5255 prius,
3531 5187 3684 5241 sicut

2031 5274 2309 5339 vidimus,
2358 5272 2583 5327 dixerat
2634 5271 3060 5328 Volsiniensium
3117 5274 3341 5329 horcia.
3403 5274 3679 5345 Nunquid

2034 5378 2170 5433 ergo
2190 5360 2393 5415 eadem
2420 5364 2808 5431 utrorumque
2840 5361 2949 5415 dea
2981 5361 3137 5416 fuit?
3169 5362 3371 5417 Nonne
3402 5362 3483 5416 ibi
3502 5374 3680 5432 pecu-

2033 5450 2226 5519 liares,
2254 5466 2320 5505 ae
2340 5448 2608 5521 proprios
2629 5450 2918 5522 cujusque
2948 5450 3199 5505 civitatis
3223 5451 3361 5506 deos
3383 5447 3682 5505 recenset?

3443 1706 3571 1775 287,
3633 1711 3692 1762 et
3784 1710 3791 1716 '
