4094 6184
462 322 618 383 1219

977 318 1506 382 TERTULLIANI
1550 316 1877 382 OPERUM
1919 317 2122 381 PARS
2163 319 2213 381 Ῐ.
2355 320 2629 384 SERIES
2673 322 2724 395 Ι,
2772 323 3346 385 APOLOGETICA.

3710 316 3867 388 £290

454 459 530 511 At
559 456 711 511 hanc
749 451 1158 527 proculdubio
1200 452 1272 509 ob
1321 468 1558 508 causam
1621 452 1834 526 prioris
1892 468 2105 508 nomen
2135 458 2191 526 Α
2220 453 2471 512 Junonis
2501 460 2641 511 sunt
2672 470 2877 512 omnes
2911 455 3258 515 celandam...
3305 457 3636 532 Quirinum,
3698 462 3865 533 quasi

458 544 634 618 paulo
664 543 850 615 aliter,
878 543 1029 599 sicut
1059 542 1416 612 monuimus,
1450 542 1738 615 scriptum
1772 541 2103 600 voluerunt.

456 633 601 691 Huic
632 636 825 689 tamen
856 632 1254 689 emendationi
1307 633 1695 689 adversantur
1744 649 1857 688 non
1908 632 2103 689 solum

455 741 657 780 omnes
688 722 873 778 nostri
904 722 1155 787 codices,
1190 722 1288 777 sed
1325 722 1539 777 citatus
1589 739 1822 795 quoque
1853 739 1886 777 a
1934 722 2104 779 nobis

456 814 675 871 Livius.
710 813 921 869 Verum
958 814 1096 884 quia
1125 811 1456 868 Volsinium
1503 816 1559 867 et
1603 812 1866 868 Sutrium
1928 813 2104 869 urbes

456 902 694 959 Etruria
737 904 992 969 fuerunt,
1035 906 1089 957 et
1119 901 1239 957 haec
1263 902 1370 957 dea
1400 901 1642 956 Etruriae
1673 919 1705 956 a
1737 900 1895 957 Livio
1946 920 2100 957 nun-

454 996 722 1065 cupatur,
750 991 1057 1063 utriusque
1091 990 1254 1047 urbis
1284 991 1393 1047 dea
1422 1008 1551 1047 esse
1597 991 1808 1063 potuit.
1853 990 1911 1045 Si
1969 992 2102 1062 quis

449 1099 586 1138 vero
619 1082 791 1149 duas,
820 1098 885 1137 ac
918 1082 1146 1137 diverso
1171 1080 1410 1136 nomine
1436 1085 1670 1136 vocatas
1698 1081 1877 1137 fuisse
1904 1085 2096 1137 osten-

452 1172 572 1238 dat,
608 1170 909 1226 sententite
944 1169 1106 1225 illius
1139 1169 1292 1226 ultro
1320 1169 1786 1226 subscribemus.

521 1264 743 1333 Agmen
776 1259 985 1315 borum
1022 1258 1474 1331 municipalium
1495 1258 1937 1331 topicorumque
1960 1260 2098 1316 deo-

452 1366 584 1405 rum
617 1349 821 1404 1119
855 1348 1076 1404 claudit
1101 1348 1501 1404 Tertullianus
1533 1347 1627 1403 his
1667 1348 1899 1404 verbis:
1942 1370 1970 1399 «
1994 1348 2099 1404 Fa-

450 1437 731 1494 liscorum
789 1438 849 1493 in
890 1438 1171 1494 honorem
1231 1438 1414 1511 patris
1474 1437 1692 1507 Curris,
1752 1442 1807 1493 et
1877 1439 2100 1511 accepit

449 1543 771 1601 cognomen
802 1532 1011 1585 Juno»
1082 1528 1410 1599 (Apologel.,
1468 1544 1517 1583 c.
1577 1527 1668 1595 24,
1738 1544 1793 1599 p.
1856 1527 1980 1597 421,
2042 1532 2099 1583 et

387 1664 397 1677 .
450 1616 552 1673 lib.
610 1632 653 1674 ιι
698 1619 775 1673 ad
828 1617 1050 1673 Nation.
1111 1634 1246 1689 cap.
1301 1617 1381 1687 8).
1428 1615 1651 1673 Falisca
1705 1621 1895 1672 autem
1956 1617 2097 1672 urbs

446 1707 709 1775 Etruriae,
741 1707 893 1763 inter
922 1706 1213 1763 Ciminum
1247 1710 1507 1763 montem
1569 1710 1625 1762 et
1674 1706 1924 1762 Tiberim
1982 1705 2097 1762 sita

446 1800 553 1853 est.
586 1795 832 1853 Coloniae
862 1812 996 1852 vero
1032 1795 1391 1852 Faliscorum
1427 1795 1645 1851 mentio
1676 1794 1743 1849 lit
1793 1796 1850 1850 in
1920 1795 2092 1850 Plinii

443 1885 612 1942 libris
642 1885 765 1958 (lib.
798 1904 857 1942 ιιι
890 1887 1034 1942 Hist.
1069 1888 1206 1956 nat.,
1240 1902 1366 1956 cap.
1401 1884 1455 1955 4,
1505 1900 1562 1956 p.
1620 1885 1769 1952 320),
1830 1888 1886 1940 et
1942 1884 2089 1939 Gru-

443 1975 552 2031 tari
588 1974 1068 2047 inscriptionibus
1093 1976 1174 2046 (p.
1222 1974 1352 2041 288,
1411 1972 1683 2045 inscript.
1748 1973 1821 2044 1),
1876 1973 2089 2046 saepius

440 2080 575 2120 vero
605 2063 663 2119 in
695 2064 808 2119 Titi
840 2064 980 2120 Livii
1013 2063 1273 2120 historiis
1298 2062 1423 2135 (lib.
1452 2080 1507 2130 v,
1540 2062 1568 2130 §
1608 2062 1694 2131 17,
1738 2061 1827 2131 18,
1887 2063 1976 2130 26,
2034 2066 2091 2118 et

440 2152 541 2209 lib.
576 2171 676 2225 vn,
705 2156 733 2223 §
758 2154 845 2223 17,
878 2153 1036 2226 etc.),
1058 2154 1265 2225 hisque
1291 2151 1517 2224 Virgilii
1550 2150 1913 2207 carminibus
1942 2167 1956 2208 :

571 2268 631 2313 Hi
656 2268 975 2314 Fescenninas
1003 2268 1147 2319 acies.
1181 2278 1440 2325 aequosque
1470 2266 1710 2317 Faliscos,

558 2331 619 2375 Hi
647 2332 865 2378 Soractis
885 2331 1061 2376 habent
1087 2343 1242 2383 arces,
1274 2328 1577 2386 Flaviniaque
1605 2340 1739 2382 arva,

566 2401 627 2446 Et
654 2396 822 2444 Cimini
848 2407 958 2440 cum
988 2398 1148 2439 monte
1175 2393 1345 2445 lacum,
1380 2391 1610 2449 lucosque
1635 2392 1872 2448 Capenos.

758 2465 949 2523 (Virgil.
980 2464 1058 2509 lib:
1090 2476 1158 2509 vn
1184 2465 1361 2510 Amat.
1394 2476 1442 2509 v.
1470 2463 1548 2508 695
1578 2468 1625 2509 et
1650 2464 1802 2520 seqq.)

510 2574 966 2637 SimiliaaSilio
1012 2573 1212 2629 Italico
1269 2574 1580 2629 decantata
1637 2571 1896 2627 invenies
1955 2570 2080 2643 (Sil.

438 2668 626 2726 Italic.
658 2666 758 2723 lib.
793 2682 917 2736 VIII,
947 2680 1000 2719 v.
1036 2663 1141 2718 406
1169 2666 1225 2719 et
1258 2661 1429 2734 seq).
1464 2661 1746 2717 Caeterum
1779 2661 1932 2717 Juno
1952 2659 2079 2733 plu-

437 2776 521 2831 ra,
546 2761 631 2814 uti
660 2771 831 2812 nemo
862 2753 1072 2821 nescit,
1095 2752 1350 2808 habebat
1366 2751 1733 2823 cognomina,
1764 2767 1833 2807 ex
1863 2750 2081 2823 quibus

436 2864 622 2907 unum
655 2843 874 2912 Curris,
901 2847 1049 2898 teste
1078 2842 1265 2910 Festo,
1307 2840 1439 2896 fuit.
1475 2840 1532 2896 Si
1567 2839 1701 2911 quis
1730 2856 1862 2896 vero
1886 2839 2081 2911 inqui-

436 2942 526 2995 rat
554 2954 658 2993 cur
685 2935 767 2991 ita
781 2936 1117 3005 nuncupata
1140 2931 1297 2995 sit,is
1324 2928 1523 2985 audiat
1544 2930 1801 2985 Servium
1829 2944 1842 2985 :
1879 2949 1902 2981 c
1927 2928 2080 2983 Juno

433 3029 610 3085 habet
638 3024 825 3083 multa
847 3021 1121 3078 nomina:
1154 3020 1383 3077 Curetis
1414 3018 1667 3091 cst,quia
1696 3018 1882 3074 utitur
1907 3034 2079 3073 curru

434 3122 491 3175 et
519 3118 688 3173 hasta
710 3134 735 3167 ι
766 3114 946 3186 (Serv.
984 3113 1043 3166 in
1075 3111 1171 3166 lib.
1193 3126 1211 3164 ι
1234 3110 1452 3165 AEneid.
1485 3126 1538 3163 v.
1597 3108 1675 3179 6).
1735 3106 1929 3163 Alium
1979 3106 2081 3162 ad-

434 3207 571 3274 huc,
600 3204 649 3261 si
678 3203 836 3273 velit,
869 3200 1071 3258 audiat
1103 3201 1336 3255 Festum
1398 3197 1738 3269 Pompeium
1779 3213 1792 3251 :

433 3300 524 3353 est
552 3293 762 3350 Sabine
792 3292 1050 3348 hasta....
1084 3289 1328 3346 Curitim
1359 3289 1649 3344 Junonem
1681 3285 2074 3358 appellabant,

434 3384 574 3459 quia
602 3383 862 3441 eamdem
900 3381 1047 3436 ferre
1073 3379 1300 3435 hastam
1331 3378 1619 3450 putabant
1651 3398 1678 3426 ››
1704 3376 1875 3445 (Fest.
1909 3375 1980 3430 ad
2019 3392 2074 3430 v.

434 3477 634 3548 Curis).
696 3478 911 3529 Verum
974 3471 1126 3528 sicut
1186 3470 1240 3525 hi
1327 3468 1643 3541 scriptores
1718 3465 2077 3522 Tertulliano

433 3571 634 3622 nostro
669 3565 863 3619 favent
911 3560 1195 3616 asserenti
1253 3559 1545 3615 Junonem
1603 3555 2076 3629 cognominatam

431 3654 615 3711 fuisse
636 3651 863 3707 Currim
898 3650 1018 3706 sive
1048 3648 1303 3705 Curetim
1330 3665 1343 3704 :
1376 3648 1454 3702 ita
1495 3647 1611 3719 ipsi
1671 3646 2074 3713 adversantur,

432 3746 627 3815 aperte
659 3741 917 3796 dicentes
942 3738 1051 3793 hoc
1082 3753 1405 3810 cognomen
1438 3753 1554 3792 non
1609 3734 1694 3790 illi
1753 3735 1955 3790 datum
2016 3734 2074 3789 in

430 3833 711 3887 honorem
745 3830 927 3901 patris
956 3828 1144 3897 Curis,
1179 3827 1278 3884 sed
1302 3844 1369 3882 ex
1402 3826 1733 3898 hasta,quae
1764 3843 1794 3881 a
1844 3824 2077 3881 Sabinis

430 3921 589 3977 curis
619 3917 1043 3992 appellabatur,
1089 3921 1191 3972 aut
1243 3933 1276 3971 a
1325 3932 1521 3983 curru,
1585 3914 2076 3987 quemadmodum

434 4010 633 4067 innuit
675 4007 908 4064 Servius
942 4025 956 4077 ;
1008 4006 1105 4077 qui
1138 4011 1333 4062 tamen
1367 4023 1399 4060 a
1439 4003 1762 4072 nonnullis,
1820 4005 2072 4076 priorem

429 4098 607 4170 hujus
641 4096 898 4153 nominis
920 4095 1331 4168 etymologiam
1369 4093 1652 4150 veriorem
1685 4092 2077 4150 existimanti-

431 4190 565 4255 bus,
598 4186 933 4259 corripitur.

503 4277 651 4343 Quid
685 4293 821 4350 ergo
843 4274 1139 4346 Numquid
1174 4271 1514 4345 responderi
1544 4274 1738 4344 potest
1788 4271 2075 4327 Junonem

430 4368 502 4425 ab
534 4368 707 4423 hasta
736 4365 983 4421 traxisse
1008 4364 1165 4420 istud
1185 4378 1526 4435 cognomen,
1560 4361 1714 4433 quod
1747 4365 1948 4432 postea
1972 4362 2077 4415 Fa-

431 4456 557 4513 lisci
578 4457 636 4512 in
671 4456 851 4527 patris
881 4454 1049 4511 Curis
1070 4454 1348 4509 honorem
1372 4452 1422 4506 ei
1448 4450 1780 4507 dederunt?
1811 4451 1921 4506 Sed
1946 4451 2078 4521 quis

434 4550 545 4616 est,
578 4544 833 4617 inquies,
867 4548 1032 4617 pater
1062 4542 1159 4599 ille
1185 4540 1354 4598 Curis
1376 4540 1404 4596 Ἰ
1455 4540 1572 4596 Nos
1626 4540 1864 4611 quidem
1910 4540 2080 4595 docet

432 4635 673 4692 Ovidius
705 4635 1023 4691 Romulum
1056 4632 1135 4688 ita
1181 4635 1449 4688 vocatum
1484 4630 1686 4699 fuisse,
1721 4629 1821 4684 ubi
1881 4628 2074 4685 canit:

618 4749 847 4795 Proxima
872 4748 952 4794 lux
982 4758 1133 4793 vacua
1161 4750 1247 4799 est,
1275 4749 1324 4790 at
1348 4745 1489 4790 tertia
1517 4745 1643 4789 dicta
1673 4743 1880 4798 Quirino,

665 4811 754 4864 Qui
776 4816 902 4857 tenet
933 4811 1025 4855 hoc
1050 4821 1237 4858 nomen,
1267 4807 1501 4852 Romulus
1528 4811 1638 4851 ante
1667 4806 1783 4850 fuit:

647 4875 759 4920 Sive
787 4873 911 4929 quod
942 4872 1081 4918 basta
1106 4872 1241 4916 curis
1267 4870 1438 4926 priscis
1466 4874 1542 4915 est
1569 4869 1694 4914 dicta
1717 4868 1915 4924 Sabinis,

669 4937 791 4982 Belli
804 4949 881 4981 :us
910 4947 939 4980 a
966 4935 1061 4980 telo
1092 4934 1216 4980 venit
1244 4933 1291 4976 in
1320 4938 1457 4977 astra
1485 4932 1619 4977 deus.

615 5002 827 5048 Sivesuo
856 5000 977 5057 Regi
1005 5012 1177 5045 nomen
1205 5008 1416 5054 posuere
1452 4995 1675 5050 Quirites,

673 5067 763 5111 Seu
785 5063 893 5120 quia
921 5062 1154 5107 Romanis
1176 5060 1405 5117 junxerat
1432 5058 1512 5103 ille
1535 5058 1702 5105 Cures.

1064 5130 1220 5187 (Ovid.
1255 5128 1333 5173 lib.
1365 5140 1399 5174 ιι
1426 5129 1602 5173 Faster.
1625 5133 1645 5183 ς
1672 5129 1757 5186 13.)

428 5236 503 5288 At
535 5249 652 5290 non
675 5232 864 5290 solum
895 5231 1164 5301 Romulo,
1200 5229 1300 5286 sed
1320 5232 1490 5285 antea
1506 5229 1653 5286 Jano
1688 5246 1900 5287 nomen
1931 5230 2077 5287 illud

425 5323 767 5395 impositum
800 5325 1010 5389 fuerat,
1044 5321 1131 5378 uti
1162 5318 1491 5377 Macrobius
1523 5323 1799 5377 testatum
1832 5321 1927 5377 his
1945 5338 2075 5378 ver-

424 5413 519 5470 bis
548 5414 719 5470 fecit:
756 5436 784 5464 «
811 5417 873 5469 In
909 5412 1093 5468 sacris
1124 5412 1463 5466 invocamus
1480 5410 1695 5466 Janum
1727 5412 2076 5481 Junonium,

421 5504 643 5561 Janum
676 5503 1056 5571 Quirinum...
1090 5504 1315 5574 patrem
1350 5498 1521 5571 quasi
1570 5500 1836 5567 deorum,
1894 5502 2076 5559 Juno-

426 5594 613 5663 nium,
649 5594 818 5667 quasi
852 5610 967 5650 non
1000 5591 1189 5649 solum
1218 5589 1439 5645 mensis
1459 5588 1745 5663 Januarii,
1779 5593 1880 5649 sed
1913 5609 2078 5650 men-

428 5684 585 5740 sium
617 5684 879 5742 omnium
904 5684 1206 5757 ingressus
1237 5682 1628 5737 tenentem.ln
1651 5681 2078 5740 ditioneautem

2123 1839 2170 1904 B

2216 542 2501 600 bellorum
2536 550 2861 618 parentem,
2895 547 2966 603 ab
2987 546 3159 604 hasta
3188 564 3361 620 quam
3420 548 3624 605 Sabini
3681 550 3864 606 curim

2213 637 2421 689 vocant
2450 657 2479 686 »
2508 635 2787 708 (Macrob.
2813 635 2915 691 lib.
2948 654 2967 693 ι
2998 637 3315 707 Saturnal.,
3371 655 3499 710 cap.
3559 639 3639 712 9).
3702 639 3867 696 Varia

2214 721 2411 795 itaque
2438 724 2679 780 fuerunt
2708 725 2843 781 Jani
2874 726 3135 795 nomina,
3171 744 3421 799 quorum
3454 729 3566 783 tria
3613 730 3683 783 ad
3736 746 3866 802 pro-

2214 813 2471 883 positum
2500 818 2765 870 nostrum
2803 819 3090 887 spectant.
3124 816 3387 871 Primum
3420 820 3510 873 est
3532 822 3725 888 Pater,
3780 834 3866 874 se-

2212 901 2471 956 cundum
2507 906 2596 957 est
2618 904 2904 974 Quirinus,
2938 922 2971 960 a
3004 904 3127 960 curi
3159 905 3279 961 sive
3310 905 3479 961 hasta
3514 907 3864 975 derivatum,

2210 993 2267 1045 et
2294 990 2535 1047 tertium
2565 995 2865 1063 Iunonius,
2900 995 3069 1065 quasi
3102 998 3159 1049 et
3185 995 3452 1051 Januarii
3508 1001 3566 1051 et
3596 998 3862 1054 omnium

2211 1080 2504 1136 mensium
2537 1082 2614 1137 sit
2644 1082 2882 1138 initium
2915 1088 2973 1139 et
3019 1083 3341 1154 ingressus.
3403 1084 3606 1142 Nonne
3665 1091 3861 1142 autem

2210 1167 2347 1223 hinc
2370 1168 2704 1226 conﬁrmari
2736 1176 2949 1244 potest,
2983 1174 3135 1245 quod
3177 1173 3419 1246 scripsit
3464 1173 3865 1232 Tertullianns

2207 1256 2497 1314 Junonem
2532 1277 2564 1315 a
2596 1263 2760 1332 patre
2789 1261 2945 1333 Curi,
2981 1262 3079 1334 qui
3104 1263 3279 1318 etiam
3329 1264 3602 1319 Iunonius
3658 1266 3865 1337 appel-

2207 1344 2363 1402 latus
2384 1353 2493 1414 est,
2528 1366 2703 1405 suum
2717 1350 2904 1422 Curis,
2919 1351 3039 1407 sive
3061 1352 3298 1421 Curitis,
3323 1352 3619 1425 accepisse
3650 1356 3693 1408 1
3710 1356 3864 1411 120

2209 1452 2532 1509 cognomen
2553 1438 2580 1493 ?
2610 1439 2687 1496 De
2710 1439 2818 1496 hac
2846 1444 3045 1497 tamen
3077 1443 3415 1513 conjectura
3444 1442 3699 1499 aliorum
3743 1450 3864 1500 esto

2198 1525 2514 1596 judicium.

2276 1619 2555 1671 Caeterum
2588 1615 2821 1689 duplex,
2856 1634 2959 1689 pro
3017 1617 3247 1674 diversa
3305 1620 3575 1676 codicum
3633 1624 3866 1678 nostro-

2205 1720 2336 1759 rum
2381 1702 2647 1773 lectione,
2708 1710 2899 1777 potest
2954 1723 3083 1764 esse
3135 1707 3449 1765 verborum
3508 1710 3865 1767 Tertulliani

2206 1810 2437 1849 sensus.
2471 1794 2528 1849 Si
2587 1794 2739 1851 enim
2799 1794 2901 1863 ibi,
2953 1798 3452 1869 quemadmodum
3512 1798 3573 1854 in
3636 1801 3864 1857 nostris

2202 1898 2378 1936 manu
2419 1883 2670 1939 exaratis
2701 1883 3161 1956 exemplaribus,
3191 1890 3247 1941 et
3303 1886 3535 1958 Rigallii
3598 1889 3863 1945 editione

2198 1970 2376 2043 legas,
2398 1993 2419 2020 α
2455 1971 2814 2027 Faliscorum
2840 1973 2898 2028 in
2917 1973 3198 2031 honorem
3226 1974 3395 2048 (mss.
3415 1975 3640 2048 honore)
3668 1978 3855 2050 patris

2198 2059 2387 2131 Curis,
2418 2064 2474 2115 et
2502 2061 2978 2133 accepitnomem
3017 2064 3188 2135 Juno,
3226 2086 3247 2113 ι
3285 2080 3497 2120 sensus
3529 2065 3687 2123 erit:
3747 2067 3857 2123 Fa-

2194 2148 2473 2205 liscorum
2507 2151 2614 2206 dea
2644 2156 2729 2207 est
2760 2155 2935 2222 Juno,
2968 2168 3097 2224 qua:
3119 2152 3178 2208 in
3212 2152 3397 2225 patris
3428 2155 3598 2211 Curis
3660 2155 3853 2213 hono-

2195 2253 2317 2294 rem
2350 2241 2558 2295 sortita
2587 2244 2677 2296 est
2705 2258 2873 2296 suam
2899 2241 3115 2297 Curitis
3146 2242 3689 2315 appellationem.Si
3718 2264 3855 2302 vero

2194 2345 2328 2384 cum
2362 2331 2584 2386 cazteris
2617 2330 2972 2387 editionibus
3004 2330 3305 2404 legamus:
3335 2356 3356 2382 α
3382 2333 3751 2391 Faliscorum
3796 2336 3854 2391 in

2195 2418 2411 2475 honore
2442 2424 2531 2475 est
2585 2424 2749 2492 pater
2805 2421 2991 2489 Curis,
3041 2423 3197 2478 unde
3240 2423 3463 2497 accepit
3518 2441 3855 2493 cognomen

2191 2509 2345 2566 Juno
2373 2530 2386 2580 ;
2415 2532 2442 2559 »
2474 2509 2568 2565 his
2591 2511 2784 2567 verbis
2820 2511 3251 2584 signiﬁcabitur
3282 2512 3537 2577 {divinos
3593 2514 3857 2572 honores

2191 2616 2226 2655 a
2255 2598 2496 2656 Faliscis
2527 2599 2817 2657 exhibitos
2847 2600 3029 2657 fuisse
3059 2601 3210 2675 patri
3258 2602 3410 2658 Curi.
3446 2620 3481 2658 a
3515 2620 3634 2675 quo
3696 2604 3857 2661 Juno

2190 2689 2604 2762 cognominata
2633 2694 2741 2746 est.
2760 2691 2833 2747 At
2862 2690 2912 2747 si
2943 2691 3013 2746 de
3035 2691 3218 2763 patris
3262 2692 3430 2748 Curis
3486 2692 3717 2751 honore
3764 2695 3857 2752 lo-

2191 2778 2411 2851 quitur,
2444 2796 2566 2852 cur,
2600 2797 2820 2851 quaeso,
2850 2780 2929 2836 ibi
2958 2781 3205 2837 Junonis
3237 2782 3381 2837 nihil
3413 2781 3586 2855 plane
3616 2784 3693 2839 ad
3720 2802 3855 2841 eam

2190 2884 2310 2923 rem
2338 2867 2604 2924 facientis
2631 2869 2852 2925 inserta
2874 2869 3135 2925 mentio?
3154 2870 3357 2927 Nonne
3380 2872 3448 2926 ad
3491 2872 3857 2931 Tertulliani

2190 2962 2449 3013 mentem
2481 2959 2723 3031 propius
2755 2960 3054 3032 accedent,
3096 2959 3196 3033 qui
3245 2961 3617 3033 probaverint
3675 2962 3855 3021 illum

2189 3044 2636 3118 intelligendum
2660 3064 2789 3104 esse
2820 3049 2891 3104 de
2919 3048 3369 3118 JunoneCuriti,
3399 3067 3578 3121 quam
3604 3051 3853 3122 Falisci,

2188 3138 2467 3207 tanquam
2501 3136 2859 3208 singularem
2891 3137 3054 3194 urbis
3077 3154 3194 3193 sua
3226 3137 3702 3206 deam,colebant
3720 3145 3743 3196 Ρ
3763 3142 3853 3197 Tu

1856 3219 1883 3303 ξ(
1908 3196 2076 3303 φυτξδ
2108 3215 2151 3282 C
2189 3241 2322 3281 vero
2355 3242 2480 3297 qua:
2508 3225 2699 3281 verior
2718 3226 2795 3282 sit
2821 3224 2989 3282 lectio
3017 3230 3074 3283 et
3102 3226 3531 3300 interpretatio,
3565 3231 3851 3303 expende

2188 3330 2255 3370 ac
2286 3314 2625 3386 pronuntia.

2255 3425 2329 3477 At
2359 3422 2529 3477 nobis
2560 3421 2854 3495 quispiam
2889 3423 3136 3478 fortasse
3166 3420 3394 3479 obviam
3425 3424 3711 3491 veniet,et
3740 3428 3848 3484 ob-

2177 3510 2425 3583 jectabit
2454 3511 2532 3567 ibi
2564 3512 2806 3567 humani
2838 3510 3057 3584 aliquid
3091 3528 3331 3583 passum
3366 3528 3493 3570 esse
3522 3515 3847 3573 Tertullia-

2186 3618 2348 3667 num,
2377 3601 2472 3672 qui
2505 3605 2625 3656 tam
2660 3600 2874 3657 diserte
2906 3601 3167 3656 afﬁrmat
3195 3600 3287 3656 his
3309 3602 3757 3673 provinciarum
3780 3622 3843 3661 ac

2186 3690 2489 3745 civitatum
2523 3690 2659 3757 diis,
2690 3689 2978 3746 hactenus
3009 3691 3080 3744 ab
3112 3706 3178 3745 eo
3212 3690 3791 3762 appellatis,nullum
3816 3712 3848 3750 a

2185 3780 2461 3836 Romanis
2488 3779 2779 3835 redditum
2813 3778 3077 3834 divinum
3112 3779 3392 3834 honorem
3427 3782 3845 3857 (Tertull.Apo-

2188 3870 2377 3939 leget,
2408 3885 2535 3941 cap.
2569 3872 2681 3938 24).
2714 3868 2918 3924 Nonne
2967 3868 3118 3923 enim
3167 3868 3515 3940 Capitolium
3579 3872 3655 3927 ab
3716 3874 3845 3946 ipso

2188 3964 2357 4015 antea
2374 3962 2643 4014 vocatum
2676 3959 2866 4013 fuerat
2893 3960 3053 4013 curia
3081 3957 3437 4014 daemonum?
3471 3958 3682 4017 Nonne
3741 3964 3844 4018 ad-

2186 4049 2301 4103 huc
2330 4048 2452 4103 haec
2484 4050 2625 4103 sunt
2654 4046 2812 4102 illius
2836 4045 2948 4101 alio
2980 4047 3038 4101 in
3071 4045 3218 4101 libro
3247 4048 3423 4102 verba
3458 4064 3471 4102 :
3505 4071 3535 4097 ‹‹
3565 4049 3847 4107 Pluribus

2186 4141 2242 4192 et
2256 4136 2651 4210 asperioribus
2669 4135 3009 4191 nominibus
3023 4135 3523 4207 amphitheatrum
3540 4154 3851 4195 consecra-

2186 4231 2301 4296 tur,
2338 4244 2512 4300 quam
2572 4228 2654 4301 (in
2716 4225 3150 4299 antiquioribus
3208 4226 3383 4282 editis
3425 4228 3594 4284 deest
3646 4232 3851 4302 quam)

2187 4316 2533 4388 Capitolium
2559 4315 2823 4373 omnium
2847 4316 3092 4371 deorum
3132 4316 3294 4371 curia
3338 4321 3427 4372 est
3458 4339 3487 4366 »
3510 4318 3723 4389 (Idem,
3784 4322 3853 4375 de

2189 4404 2749 4479 Spoctac.,cap.12)?
2780 4405 2983 4462 Nonne
3010 4408 3212 4471 Roma,
3239 4410 3304 4460 ut
3333 4406 3416 4462 ait
3447 4407 3560 4463 Leo
3588 4412 3850 4481 primus,

2186 4495 2733 4567 omniumgentium
2766 4493 3058 4551 serviebat
3115 4493 3435 4560 erroribus,
3484 4495 3854 4571 illarumqne

2110 4589 2155 4657 ι)
2189 4587 2323 4643 deos
2355 4588 2757 4657 assumpserat
2785 4584 2940 4655 (Leo,
2973 4582 3147 4639 Serm.
3181 4584 3241 4637 in
3262 4586 3443 4639 natat.
3478 4587 3581 4643 SS.
3615 4590 3778 4644 Petri
3792 4595 3851 4644 et

2185 4676 2428 4748 Pauli)?
2458 4673 2704 4730 Romani
2734 4672 2914 4745 igitur
2931 4672 3331 4745 quarumlibet
3369 4675 3637 4746 gentium
3699 4679 3854 4735 deos

2186 4766 2474 4822 colebant.
2508 4768 2579 4820 At
2608 4762 2878 4835 quamvis
2909 4761 3100 4817 resita
3128 4761 3365 4832 sit,illos
3395 4767 3598 4821 tamen
3633 4783 3855 4824 omnes

2185 4854 2503 4927 generatim
2535 4857 2787 4919 tantum,
2804 4868 2919 4907 non
2941 4867 3074 4907 vero
3096 4851 3443 4908 nominatim
3474 4858 3855 4914 veneraban-

2184 4949 2299 5000 tur.
2332 4943 2473 4998 Nam
2505 4960 2604 4998 eos
2634 4959 2705 4997 ne
2728 4956 3038 4996 numerare
3071 4940 3330 5012 quidem,
3365 4948 3588 5013 quanto
3643 4947 3853 5003 minus

2185 5034 2471 5091 honorare
2511 5036 2568 5087 et
2595 5029 3179 5102 invocarepoterant!
3214 5029 3618 5090 Tertullianns
3642 5042 3853 5094 autem

2187 5124 2257 5181 de
2276 5122 2486 5196 topicis
2518 5125 2574 5177 et
2604 5118 3004 5192 singularibus
3026 5118 3141 5174 diis
3195 5118 3479 5192 disputat,
3534 5141 3688 5196 quos
3744 5144 3850 5182 nr-

2187 5212 2350 5268 bium
2380 5215 2438 5268 et
2494 5210 2925 5285 provinciarum
2977 5206 3181 5264 incolis
3227 5208 3494 5268 solebant
3552 5219 3850 5287 tanquam

2188 5302 2514 5375 municipes
2540 5318 2678 5358 suos
2710 5300 2993 5369 colere,ac
3024 5296 3149 5354 suis
3180 5299 3449 5358 invocare
3471 5305 3846 5361 nominibus.

2259 5410 2405 5477 Quid
2438 5410 2620 5483 igitur
2650 5409 2889 5473 mirum,
2922 5406 2973 5462 si
3006 5405 3092 5461 illi
3120 5407 3384 5481 plerique
3416 5412 3846 5483 omnibusjam

2187 5500 2469 5573 incogniti
2504 5500 2642 5567 sint,
2675 5496 2851 5555 sicuti
2904 5497 3256 5552 Delventinus
3310 5504 3369 5554 et
3407 5500 3721 5557 Visidianus
3786 5504 3849 5559 in

2187 5592 2541 5665 Apologctico
2571 5588 2860 5648 nominati
2889 5603 2955 5644 ao
2978 5587 3039 5644 in
3061 5585 3208 5645 libro
3240 5587 3311 5644 ad
3332 5589 3610 5660 Nationes,
3655 5594 3849 5651 Athe-

2190 5683 2493 5753 niensium,
2525 5682 2645 5740 sive
2695 5679 2889 5754 potius
2934 5677 3383 5736 Atherniensium
3435 5682 3848 5755 Numantinus,
