4134 6184
259 318 407 379 1221

1161 317 1236 377 D.
1281 315 1380 377 LE
1423 319 1754 380 NOURRY
1795 312 2453 381 OBSERVATIONES
2497 320 2758 381 NOVJE.

3510 323 3675 382 1222

255 451 339 509 vel
367 451 723 507 Numerttnus
750 446 1011 518 (Tertull.
1044 447 1289 520 Apolog.,
1324 466 1451 522 cap.
1484 452 1574 521 24,
1627 454 1683 507 et
1726 450 1826 506 lib.
1861 466 1904 505 ιι
1937 452 1986 517 Α
2018 465 2148 523 cap.
2178 451 2268 519 25,
2304 457 2413 507 art.
2437 452 2474 506 5
2510 470 2523 518 ;
2574 457 2631 509 et
2677 454 2900 508 Dissert.
2936 454 2994 507 in
3023 451 3221 508 Minue.
3248 452 3385 520 0ct.,
3417 468 3544 526 cap.
3578 456 3667 522 17,

255 541 322 597 ad
351 541 602 604 Nation.,
628 538 849 610 cap.8).
874 541 1094 593 Horum
1126 539 1283 595 enim
1318 544 1374 595 et
1406 540 1656 597 aliorum
1686 540 1904 613 topico-

256 648 383 687 rum
416 630 681 694 deorum,
709 642 959 699 quorum
982 626 1251 684 infinitus
1282 629 1393 684 fuit
1429 647 1735 699 numerus,
1764 629 1907 685 noti-

255 722 335 777 tia
364 718 533 775 nobis
554 718 682 789 jam
714 734 748 772 a
778 716 949 790 longo
981 721 1245 789 tempore
1277 724 1475 791 erepta
1506 725 1614 776 est.
1644 723 1770 774 Non
1802 718 1907 773 mi-

257 810 413 866 noris
442 813 640 863 tamen
674 806 901 862 roboris
930 806 1146 862 idcirco
1177 812 1267 862 est
1296 809 1557 864 Auctoris
1592 809 1776 865 nostri
1809 826 1907 864 ar-

256 901 748 972 gumentum,quo
774 912 843 951 ex
865 895 1149 951 hactenus
1172 896 1344 952 dictis
1379 898 1907 969 meritissimojure

255 986 549 1043 concludit
592 985 1003 1057 iniquissimos
1052 1001 1180 1041 esse
1212 986 1485 1058 gentiles,
1527 988 1905 1059 quibuscum

256 1080 513 1150 potestas
547 1079 701 1130 esset
732 1092 835 1146 pro
866 1074 1031 1129 libito
1053 1091 1119 1130 ac
1150 1074 1395 1132 libidine
1414 1075 1629 1133 falsum
1654 1076 1903 1149 quemli-

255 1170 349 1225 bet
378 1173 436 1225 et
465 1168 598 1224 aliis
644 1168 919 1240 gentibus
965 1167 1233 1240 ignotum
1291 1169 1467 1225 deum
1507 1169 1755 1242 colendi,
1789 1187 1905 1227 non

254 1259 525 1316 sinebant
542 1274 743 1315 verum
773 1257 958 1313 Deum
990 1274 1023 1313 a
1046 1257 1392 1315 Christianis
1422 1259 1676 1316 adorari.

702 1375 902 1431 1121
949 1373 1179 1430 CAPUT
1215 1374 1460 1431 XXVIII.

259 1468 472 1535 Quanta
503 1463 824 1519 insulsilale
864 1464 1098 1519 Romani
1143 1465 1557 1521 venditaverint
1605 1482 1661 1522 se
1704 1480 1806 1523 sua
1844 1468 1905 1523 in

386 1537 512 1593 deos
534 1537 749 1609 pietate
774 1536 1042 1591 meruisse
1064 1536 1233 1591 totius
1267 1537 1414 1593 orbis
1446 1539 1765 1611 imperium.

770 1667 1103 1707 ARTICULUS
1142 1668 1385 1709 PRIMUS.

260 1743 430 1812 Quam
495 1741 702 1813 falsum
765 1741 840 1794 sit
904 1742 1167 1796 Romanos
1222 1745 1487 1799 meruisse
1540 1745 1705 1798 totius
1758 1744 1905 1799 orbis

2018 544 2125 594 art.
2156 540 2212 611 2,
2246 544 2302 595 et
2327 542 2552 598 Dissert.
2592 542 2651 597 in
2699 543 2967 608 Lactant.,
3002 558 3127 614 cap.
3179 542 3270 612 32,
3307 549 3413 599 art.
3450 546 3471 597 1
3508 548 3566 598 et
3593 547 3667 613 2).

2014 628 2197 684 Nemo
2225 633 2420 685 autem
2444 631 2657 686 mentis
2677 648 2795 685 suae
2816 646 3053 702 compos
3076 631 3226 686 serio
3252 631 3545 687 affirmare
3567 649 3668 686 un-

2015 733 2191 789 quam
2214 718 2549 790 nudebit,ab
2568 720 2911 790 hujusmodi
2935 720 3252 776 infamibus
3269 726 3325 776 et
3342 720 3671 777 vernaculis

2015 806 2128 861 diis
2162 814 2455 880 porrectos
2488 810 2668 865 fuisse
2712 810 2959 865 Romani
3008 809 3238 881 imperii
3272 810 3436 866 ﬁnes.
3471 811 3671 882 Neque

2015 897 2215 961 etiam,
2248 899 2317 951 ab
2350 898 2481 953 aliis
2503 899 2843 953 domesticis
2873 901 2929 953 et
2959 898 3354 970 peculiaribus
3376 899 3489 954 diis
3518 902 3667 955 suis.

2015 984 2252 1041 Diversa
2283 986 2576 1043 enimvero
2609 988 2667 1043 in
2719 987 2989 1060 pluribus
3020 1004 3149 1043 esse
3186 988 3390 1060 nequit
3419 988 3537 1043 veri
3568 988 3668 1044 Dei

2016 1075 2295 1147 potentia,
2327 1076 2538 1143 virtus,
2572 1078 2871 1144 sanctitas,
2925 1076 3101 1132 sicuti
3156 1092 3261 1131 nec
3306 1082 3532 1133 natura.
3568 1083 3669 1132 At-

2016 1181 2127 1238 que
2160 1181 2332 1220 nemo
2366 1182 2625 1237 unquam
2660 1166 2807 1222 dixit
2838 1166 2895 1221 in
2930 1166 3543 1238 praefatisinfamibus,
3569 1174 3669 1224 aut

2015 1254 2145 1310 aliis
2175 1255 2513 1310 domesticis
2562 1256 2958 1311 Romanorum
3007 1256 3121 1311 diis
3167 1256 3347 1313 fuisse
3376 1259 3665 1329 eamdem,

2014 1348 2188 1416 atque
2219 1344 2278 1399 in
2310 1345 2515 1401 1122
2548 1344 2952 1416 omnipotente
2988 1344 3125 1412 Deo,
3150 1349 3421 1402 naturam
3453 1351 3510 1403 et
3542 1364 3668 1402 om-

2014 1433 2421 1505 nipotentiam,
2445 1434 2718 1489 virtutem
2753 1438 2810 1489 et
2836 1434 3228 1489 sanctitatem.
3266 1434 3352 1490 Dii
3382 1450 3519 1507 ergo
3550 1452 3665 1491 non

2012 1528 2174 1591 sunt,
2210 1539 2315 1579 nec
2345 1528 2663 1595 potuerunt
2697 1524 2883 1579 ullum
2916 1524 3151 1596 aliquod
3187 1524 3449 1580 Romano
3484 1526 3671 1598 impe-

2013 1616 2099 1672 rio
2131 1615 2335 1671 afferre
2366 1616 2814 1673 incrementum.

2085 1723 2367 1795 Superest
2416 1722 2591 1795 igitur
2660 1727 2727 1778 ut
2773 1722 3211 1795 peregrinorum
3261 1724 3504 1779 deorum
3563 1741 3669 1780 au-

326 1811 1014 1898 terriz‘domiaatum-sua
1059 1818 1276 1898 pietate.
1309 1815 1370 1868 in
1418 1814 1542 1898 deos
1572 1815 1902 1898 Sterculum,
1937 1811 2151 1898 Bxilio
2226 1817 2283 1868 et
2361 1816 2649 1885 potestate
2734 1812 3049 1868 accreverit
3125 1813 3366 1869 Romani
3440 1812 3670 1887 imperii

324 1882 620 1953 Matinum,
694 1882 1069 1949 Larentiam,‘
1112 1883 1385 1955 Cybetem,
1456 1888 1661 1951 Jovem,
1729 1882 1904 1943 Juno;

324 1973 476 2025 nem,
506 1957 768 2031 aliosque,
821 1957 947 2031 qui
968 1958 1215 2031 patriam
1268 1973 1427 2012 suam
1481 1960 1679 2030 magis,
1738 1976 1907 2031 quam

323 2030 594 2172 ῗογηαηῗε
622 2029 770 2083 tueri
798 2028 1077 2093 debebant,
1096 2030 1296 2101 quique
1324 2045 1508 2087 omnes
1533 2028 1649 2102 fato
1680 2028 1911 2090 obhoxii

351 2117 530 2156 uerun
561 2140 576 2157 .

322 2190 431 2246 Tot
460 2187 760 2260 tantisque
798 2188 1093 2243 rationum
1129 2191 1444 2245 momentis
1476 2191 1557 2246 ita
1579 2207 1842 2247 eversam
1876 2208 1910 2247 a

253 2276 611 2335 Tertulliano
638 2276 899 2331 vidimus
933 2275 1142 2332 falsam
1193 2277 1522 2348 gentilium,
1553 2281 1695 2336 deos
1730 2281 1903 2352 plane

256 2365 688 2423 commentitios
720 2364 1060 2433 colentium,
1110 2365 1480 2438 religionem,
1504 2373 1568 2423 ut
1596 2368 1825 2435 nullus,
1857 2380 1908 2434 si

256 2458 387 2512 sani
416 2455 623 2528 capitis
656 2455 733 2511 sit
761 2454 960 2521 homo,
1005 2455 1077 2509 iis
1112 2455 1384 2512 reluctari
1415 2474 1587 2529 posse
1617 2458 1905 2514 videatur.

255 2546 366 2601 Sed
398 2544 677 2617 quoniam
710 2560 778 2599 ea
802 2548 892 2599 est
924 2544 1247 2600 errantium
1278 2544 1686 2619 plerorumque
1716 2547 1906 2604 homi-

255 2650 399 2689 num
431 2632 773 2706 pervicacia,
797 2636 863 2689 ut
880 2632 1063 2689 vietos
1085 2649 1148 2689 se
1177 2635 1343 2691 fateri
1366 2653 1675 2709 nunquam
1705 2637 1905 2706 velint,

254 2727 459 2778 contra
489 2722 706 2777 ethnici
730 2721 922 2777 adhuc
944 2722 1349 2795 insurgebant,
1376 2724 1683 2797 nobisque,
1706 2726 1791 2780 uti
1827 2726 1908 2782 ait

252 2811 667 2877 Tertullianus,
719 2810 1095 2881 objiciebant,
1132 2833 1161 2861 ‹‹
1193 2812 1488 2869 Romanos
1538 2831 1640 2886 pro
1698 2814 1905 2870 merito

254 2900 656 2973 religiositatis
690 2898 1161 2972 diligentissimis
1211 2901 1270 2956 in
1321 2905 1555 2959 tantum
1598 2903 1804 2970 elatos,
1840 2907 1905 2959 ut

253 2991 453 3047 orbem
487 2989 896 3061 occupaverint
928 3010 956 3038 »
987 2988 1246 3059 (Tertull.
1279 2991 1580 3063 Apologet.,
1613 3008 1662 3047 c.
1713 2993 1803 3064 25)
1845 3010 1901 3064 p.

253 3082 379 3146 422,
436 3082 494 3134 et
540 3078 579 3132 l.
623 3095 666 3133 ιι
709 3078 779 3133 art
826 3076 1072 3147 Nation.,
1116 3095 1241 3152 cap.
1295 3081 1404 3153 17),
1447 3081 1505 3136 id
1551 3084 1659 3147 est,
1694 3098 1906 3153 magna

252 3170 313 3224 in
371 3168 512 3223 deos
570 3184 709 3224 suos
752 3154 974 3239 pietate
1023 3172 1079 3224 et
1133 3168 1412 3238 religione
1460 3170 1783 3226 meruerint
1839 3188 1904 3227 ac

255 3256 553 3313 consecuti
614 3255 733 3312 sint
786 3256 967 3312 totius
1010 3260 1296 3313 terrarum
1347 3259 1508 3315 orbis
1564 3259 1899 3331 imperium.

252 3346 558 3401 Exsistunt
600 3362 758 3417 ergo,
803 3345 1170 3417 inquiebant,
1223 3346 1282 3401 hi
1315 3347 1420 3416 dii,
1453 3349 1783 3421 debentque
1829 3350 1900 3404 ab

253 3435 530 3491 omnibus
576 3433 919 3490 hominibus
958 3433 1253 3491 honorari.
1282 3438 1488 3493 Totam
1521 3442 1713 3495 autem
1756 3439 1905 3494 hanc

252 3524 849 3596 argumentationem,
885 3540 1063 3596 quam
1114 3524 1252 3580 alibi
1295 3526 1485 3582 fusius
1516 3527 1906 3599 explicuimus

253 3615 500 3685 (Dissert.
552 3615 616 3669 in
664 3615 874 3671 Minue.
932 3612 1139 3682 Octav.,
1198 3630 1325 3687 cap.
1380 3616 1465 3682 16,
1500 3620 1608 3671 art.
1639 3617 1697 3684 2,
1728 3621 1787 3672 et
1828 3618 1905 3688 3),

251 3700 655 3757 Tertullianus
687 3705 887 3756 noster
915 3698 1086 3772 plane
1116 3702 1381 3758 frivolam
1414 3703 1755 3776 nulliusque
1786 3723 1909 3761 mo-

250 3788 435 3847 menti
480 3806 608 3846 esse
658 3788 818 3845 haud
864 3789 1154 3845 immerito
1208 3791 1545 3849 arbitratur.
1596 3794 1677 3850 Ne
1736 3811 1908 3867 quem

250 3885 453 3937 tamen
487 3878 575 3935 vel
606 3878 916 3934 minimum
944 3879 1197 3936 ethnicis
1238 3882 1521 3952 praeberet
1555 3883 1909 3939 mussitandi

247 3967 468 4036 locum,
498 3968 675 4023 variis
706 3968 1193 4040 responsionibus
1224 3968 1355 4039 hoc,
1380 3970 1781 4044 qualecunque
1812 3972 1910 4044 sit,

250 4061 667 4131 argumentum
691 4057 902 4113 refellit
934 4074 999 4112 ac
1031 4058 1301 4114 destruit.

324 4146 417 4203 Dii
478 4147 694 4219 quippe
752 4147 1175 4215 Romanorum,
1204 4147 1287 4204 ait
1331 4147 1450 4217 ille,
1486 4153 1588 4206 aut
1616 4149 1911 4206 vernaculi

248 4236 520 4310 ipsisque
540 4235 759 4309 proprii
775 4240 1071 4306 erant,aut
1086 4237 1377 4309 peregrini
1392 4242 1448 4294 et
1471 4239 1913 4295 ascititii.Num-

250 4326 399 4399 quid
432 4329 629 4381 autem
654 4325 768 4381 dici
790 4329 981 4397 potest
1006 4343 1038 4381 δ.
1063 4327 1270 4398 primis
1294 4334 1647 4401 propagatos
1680 4330 1913 4401 imperii

250 4415 505 4472 Romani
535 4414 731 4471 flues?
779 4436 806 4465 «
859 4414 1095 4470 Scilicet
1139 4415 1255 4471 ista
1295 4432 1536 4485 merces,
1569 4418 1914 4474 Tertulliani

248 4505 409 4561 hanc
439 4503 774 4577 Opinionem
807 4502 1107 4559 irridentis
1157 4506 1331 4560 verba
1380 4511 1538 4577 sunt,
1573 4508 1851 4564 Romanis
1883 4525 1916 4563 a

2018 1901 2383 1974 magnitudo.
2444 1900 2620 1974 Atqui
2675 1901 2871 1975 opinio
2930 1900 3031 1957 illa
3083 1918 3197 1957 non
3256 1902 3453 1958 minus
3510 1903 3672 1958 omni

2018 2008 2262 2064 prorsus
2314 1990 2856 2047 verrisimilitudine
2919 2006 3095 2063 quam
3167 1991 3435 2063 superior
3490 1996 3668 2048 caret.

2017 2080 2163 2135 Nam
2199 2085 2399 2152 praeter
2430 2081 2601 2136 modo
2635 2080 2871 2136 allatam
2904 2081 3232 2136 rationem:
3273 2103 3293 2130 ι
3329 2081 3673 2153 Peregrinos

2019 2168 2179 2239 deos,
2209 2173 2274 2223 ut
2330 2172 2485 2225 recte
2537 2167 2939 2223 Tertullianus
2970 2168 3070 2236 ait,
3106 2186 3219 2224 non
3255 2173 3452 2241 putem
3484 2173 3673 2225 extra-

2019 2273 2137 2313 nea:
2169 2259 2334 2331 genti
2370 2259 2559 2331 magis
2591 2258 2818 2313 fautum
2870 2258 3146 2325 voluisse,
3178 2262 3233 2314 et
3257 2259 3514 2330 patrium
3575 2275 3669 2314 so-

2018 2346 2164 2417 lum,
2214 2347 2272 2403 in
2334 2365 2449 2420 quo
2520 2347 2662 2414 nati,
2722 2346 2931 2412 adulti,
2993 2346 3283 2402 nobilitati
3342 2347 3673 2419 sepultique

2019 2440 2178 2507 sunt,
2260 2434 2668 2491 transfretanis
2726 2435 2958 2491 dedisse
3040 2434 3299 2507 (Tertull.
3373 2435 3670 2507 Apologet.,

2018 2538 2145 2596 cap.
2178 2526 2292 2593 23),
2326 2541 2430 2580 seu
2466 2525 2661 2579 minus
2696 2524 2907 2579 favisse
2956 2524 3155 2596 patriai
3187 2529 3243 2580 et
3284 2523 3476 2579 altrici
3507 2527 3670 2579 terrea

2017 2630 2157 2683 suae,
2214 2631 2391 2685 quam
2447 2614 2726 2670 Romanis
2778 2613 3191 2670 transmarinis
3243 2617 3298 2669 et
3357 2613 3669 2670 extraneis.

2016 2705 2137 2765 Quo
2168 2702 2321 2758 enim
2355 2702 2569 2775 ingrati
2605 2702 2789 2761 animi
2837 2702 2976 2759 vitio
3017 2703 3277 2775 patrium
3335 2703 3524 2758 solum
3559 2703 3670 2758 Ro-

2015 2792 2208 2846 manis
2236 2792 2610 2856 vastandum,
2642 2796 2697 2847 et
2727 2808 2930 2847 eorum
2966 2791 3208 2864 imperio
3234 2791 3668 2862 subjiciendum

2015 2881 2241 2935 tradere
2271 2884 2589 2953 potuerunt
2616 2880 2643 2934 ?

2084 2988 2190 3041 Sed
2227 2992 2289 3042 ut
2332 2987 2389 3042 id
2440 2988 2797 3059 quibusdam
2847 2987 3129 3058 exemplis
3179 2986 3412 3059 planius
3449 2987 3620 3043 faciat
3655 3003 3669 3046 :

2016 3098 2045 3127 α
2078 3075 2319 3146 Viderit,
2373 3075 2585 3148 inquit,
2638 3075 2865 3149 Cybele,
2916 3076 3055 3133 σα)ιί
3089 3082 3145 3131 et
3175 3077 3364 3132 Terra)
3399 3076 3536 3148 filia,
3569 3080 3673 3132 Sa-

2016 3164 2170 3220 turni
2204 3181 2367 3231 uxor,
2398 3170 2453 3220 et
2498 3182 2711 3237 magna
2743 3170 2947 3235 mater,
2982 3166 3029 3221 si
3087 3166 3288 3221 urbem
3326 3167 3677 3235 Romanam,

2018 3259 2082 3310 ut
2113 3255 2455 3310 memoriam
2504 3255 2738 3325 Trojani
2770 3255 3000 3324 generis
3030 3256 3348 3322 adamavit,
3380 3255 3676 3311 vernaculi

2020 3343 2109 3398 sui
2145 3344 2390 3413 scilicet,
2424 3344 2706 3399 adversus
2738 3344 3120 3399 Arcbivorum
3154 3360 3318 3399 arma
3339 3342 3678 3415 protecti,si

2019 3434 2092 3488 ad
2139 3432 2357 3488 ultores
2406 3449 2544 3488 suos
2594 3434 2839 3489 transire
2885 3433 3200 3505 prospexit,
3252 3450 3399 3505 quos
3452 3431 3671 3488 sciebat

2020 3521 2304 3577 Graeciam
2386 3521 2647 3594 Phrygize
2729 3521 3161 3577 debellatricem
3237 3522 3585 3578 subacturos
3647 3543 3675 3571 »

2022 3610 2292 3685 (Tertull.
2356 3611 2539 3683 Apot.,
2590 3628 2638 3666 c.
2666 3614 2755 3673 25,
2791 3629 2845 3683 p.
2882 3611 3025 3683 424).
3079 3612 3175 3667 Vis
3205 3617 3400 3667 autem
3434 3611 3681 3683 hujusce

2022 3700 2354 3773 argumenti
2389 3700 2471 3755 uti
2498 3700 2906 3774 perspiciatur,
2937 3701 2993 3755 in
3032 3702 3373 3757 memoriam
3408 3717 3678 3757 revocan-

2024 3790 2165 3845 dum
2225 3794 2332 3859 est,
2394 3788 2663 3860 Cybelem
2724 3789 3082 3860 quibusdam
3144 3789 3323 3845 videri
3392 3807 3425 3846 a
3474 3789 3682 3863 Cybelo

2025 3878 2283 3950 Phrygiae
2330 3883 2524 3932 monte
2556 3877 3047 3949 cognominatam.
3100 3878 3308 3932 Nullus
3351 3894 3481 3933 vero
3513 3878 3684 3934 dubi-

2023 3969 2109 4022 tat
2162 3965 2607 4021 celeberrimum
2662 3965 3030 4036 Pessinunte,
3064 3983 3190 4039 qua:
3236 3966 3495 4038 Phrygiae
3547 3968 3687 4022 urbs

2025 4060 2169 4126 erat,
2234 4056 2491 4126 positum
2554 4054 2733 4109 fuisse
2814 4055 2971 4109 illius
3042 4055 3451 4125 simulacrum,
3533 4056 3685 4125 quod

2028 4149 2227 4217 postea
2277 4147 2493 4212 Romen,
2526 4144 2679 4199 sicut
2730 4143 2868 4198 alibi
2918 4145 3177 4201 diximus
3210 4145 3456 4218 (Dissert.
3491 4146 3549 4199 in
3576 4146 3684 4201 Mi-

2024 4250 2152 4290 nuc.
2190 4235 2316 4304 cap.
2354 4232 2438 4302 19,
2474 4237 2579 4287 art.
2643 4234 2663 4288 l
2717 4237 2772 4288 et
2821 4235 2879 4289 in
2924 4234 3153 4305 Arnob.,
3186 4250 3311 4305 cap.
3347 4235 3435 4303 20,
3470 4238 3579 4288 art.
3612 4234 3685 4303 2;

2025 4330 2081 4379 et
2112 4325 2173 4379 in
2199 4324 2469 4391 Lactant,
2495 4340 2620 4394 cap.
2644 4323 2733 4389 3t,
2760 4329 2866 4379 art.
2901 4324 2980 4395 3),
3008 4324 3265 4379 maxima
3296 4340 3429 4379 cum
3463 4339 3679 4396 pompa

2025 4412 2370 4489 collocatum
2405 4416 2513 4467 est.
2548 4414 2619 4467 At
2639 4412 3036 4468 Tertullianus
3066 4414 3201 4468 inde
3233 4412 3315 4469 sic
3365 4430 3681 4486 argumen-

2024 4507 2185 4558 tatur
2236 4518 2249 4556 :
2307 4501 2604 4572 Numquid
2652 4500 2861 4571 Cybele
2911 4507 3148 4574 propter
3190 4505 3453 4574 Eneam,
3493 4504 3682 4575 Troja,

249 4595 373 4650 diis
406 4610 509 4666 pro
541 4593 729 4666 gratia
758 4609 1013 4664 expensa
1044 4597 1152 4649 est.
1187 4594 1509 4666 Sterculus,
1550 4601 1606 4652 et
1634 4597 1917 4667 Mutinns,
1949 4580 1995 4645 D
2029 4593 2289 4666 Phrygia:
2343 4593 2587 4647 minoris
2619 4610 2686 4647 ex
2720 4592 2861 4647 urbe
2893 4593 3232 4661 oriundum,
3266 4600 3443 4666 atque
3474 4594 3691 4651 idcirco

251 4688 314 4740 et
340 4683 653 4739 Larentina
684 4681 942 4754 provexit
964 4682 1277 4754 imperium
1304 4705 1331 4732 »
1357 4683 1622 4756 (Tertull.
1654 4686 1752 4741 loc.
1777 4688 1913 4754 cit.).

252 4774 320 4829 In
357 4772 798 4845 antiquioribus
831 4770 1007 4827 editis
1038 4771 1203 4828 libris
1235 4772 1448 4845 legitur
1476 4777 1528 4829 si
1556 4792 1660 4846 pro
1689 4776 1915 4844 scilicet,

251 4863 360 4919 sed
418 4863 622 4917 eodem
658 4861 830 4934 plane
882 4877 1082 4929 sensu,
1141 4860 1433 4919 locutione
1478 4870 1673 4921 tamen
1724 4864 1918 4920 minus

252 4952 533 5024 eleganti.
570 4951 967 5007 Romanorum
1023 4954 1217 5006 autem
1271 4953 1411 5008 deos
1441 4952 1761 5009 vilissimos
1794 4954 1917 5026 pla-

256 5057 455 5114 neque
508 5041 761 5097 infames
813 5039 894 5095 ibi
952 5038 1227 5112 appellat,
1264 5046 1328 5096 ut
1366 5042 1689 5100 acrioribus
1721 5044 1918 5099 ironia;

254 5130 486 5187 aculeis
515 5129 806 5201 ethnicos,
834 5130 1075 5186 deorum
1107 5146 1349 5186 suorum
1382 5133 1707 5205 potentiam
1740 5132 1922 5189 insul-

254 5219 502 5276 sissime
530 5219 1236 5290 venditantes,pungeret.
1259 5222 1558 5280 Sterculus
1589 5222 1742 5279 enim
1764 5238 1922 5294 agros

258 5307 423 5365 sicut
471 5307 569 5364 ille
618 5307 757 5364 alibi
792 5307 980 5377 docet,
1028 5309 1354 5365 stercoribus
1390 5312 1643 5383 juvando
1689 5313 1924 5385 diligens

257 5398 381 5471 fuit
415 5398 593 5467 (Idem
622 5397 726 5453 lib.
772 5415 815 5452 ιι
844 5397 917 5452 ad
944 5398 1187 5465 Nation.,
1220 5415 1347 5471 cap.
1382 5401 1457 5471 9).
1488 5406 1560 5459 At
1588 5403 1658 5460 de
1691 5403 1809 5473 illo,
1844 5403 1921 5460 si-

261 5490 371 5543 cut
424 5491 483 5542 et
530 5486 876 5560 turpissimo
916 5487 1160 5557 Mutino,
1212 5492 1270 5542 et
1324 5489 1653 5562 Larentina,
1696 5510 1822 5565 quae
1850 5494 1921 5551 ab

262 5575 478 5632 eodem
525 5575 744 5634 dicitur
789 5575 1073 5646 publicum
1128 5584 1393 5649 scortum,
1427 5585 1617 5647 antea,
1660 5587 1836 5657 atque
1862 5583 1922 5641 in

264 5665 680 5738 superioribus
706 5664 1245 5737 dissertationibus,
1279 5667 1706 5740 disputavimus
1736 5673 1919 5747 (supr.

2030 4681 2410 4737 vernaculum
2444 4698 2638 4747 suum,
2674 4681 2971 4736 adamavit
3000 4683 3469 4755 Romanos,quia
3504 4701 3571 4740 ex
3595 4683 3692 4739 illo

2034 4775 2349 4844 postquam
2382 4786 2452 4825 ex
2495 4770 2743 4841 Trojano
2794 4769 3065 4826 incendio
3126 4776 3181 4826 et
3211 4772 3565 4829 Achivorum
3599 4791 3693 4830 ar-

2036 4862 2146 4916 mis
2179 4864 2415 4933 ereptus
2454 4860 2678 4927 fuisset,
2736 4861 3019 4933 originem
3057 4879 3227 4917 suam
3282 4864 3695 4920 deduxerunt?

2031 4952 2327 5023 Numquid
2365 4968 2497 5007 vero
2545 4951 2645 5007 illa
2696 4952 2910 5023 sprevit
2958 4952 3209 5024 patriam
3262 4971 3454 5026 suam,
3489 4954 3692 5027 illique

2033 5042 2329 5097 Romanos
2382 5041 2657 5113 praetulit,
2705 5040 2843 5113 quia
2892 5042 3248 5114 praevidebat
3305 5044 3690 5101 simulacrum

2034 5151 2209 5189 suum
2245 5135 2485 5190 Romam
2522 5132 3023 5206 transferendum,
3047 5142 3100 5192 et
3135 5154 3167 5192 a
3191 5136 3470 5193 Romanis
3497 5135 3689 5193 debel-

2034 5221 2274 5280 landam
2309 5223 2610 5288 Graeciam,
2646 5221 2906 5296 Phrygiae
2939 5226 3140 5297 patriae
3191 5244 3310 5283 sua:
3356 5225 3689 5284 debellatri-

2035 5328 2159 5368 cem
2186 5318 2208 5370 Ρ
2237 5314 2349 5370 Cur
2379 5328 2514 5384 ergo
2547 5328 2721 5384 passa
2752 5317 2841 5368 est
2874 5313 3040 5384 hanc,
3077 5317 3174 5371 ubi
3209 5334 3441 5373 summo
3474 5317 3689 5371 honore

2035 5403 2353 5473 colebatur,
2386 5420 2420 5459 a
2448 5402 2664 5459 Graecis
2712 5405 3079 5476 expugnari?
3108 5407 3244 5463 Esto
3271 5410 3484 5471 tamen,
3516 5405 3689 5460 illud-

2035 5510 2170 5565 que,
2221 5494 2271 5549 si
2328 5492 2491 5565 velis,
2547 5491 2901 5566 permiserit.
2966 5498 3036 5550 At
3084 5496 3375 5567 quomodo
3420 5493 3689 5566 praescire

2036 5584 2226 5657 potuit
2258 5584 2378 5640 fore
2409 5582 2749 5655 aliquando,
2783 5586 2849 5639 ut
2893 5582 3042 5655 ipsa,
3075 5584 3161 5641 vel
3206 5584 3360 5657 quod
3391 5582 3546 5639 idem
3577 5588 3687 5651 est,

2034 5672 2419 5730 simulacrum
2436 5689 2607 5729 suum
2622 5672 2974 5730 Pessinunte
2993 5672 3239 5731 Romam
3264 5670 3687 5744 asportantur?
