4134 6184
380 216 397 244 .i

521 283 677 343 1223
1067 280 1597 343 TERTULLIANI
1641 279 1968 343 OPERUM
2012 278 2214 341 PARS

2256 279 2305 341 Ῑ.
2332 310 2408 324 -
2430 279 2705 340 SEBIES
2750 282 2797 352 Ῑ,
2841 279 3392 343 APOLOGETICA.
3699 287 3825 347 ιω

515 417 637 472 Non
666 413 854 487 magis
909 412 1066 469 enim
1126 412 1233 467 hoc
1290 411 1574 483 praevidit,
1624 428 1801 483 quam
1833 410 2013 481 diem,
2046 427 2162 482 quo
2189 415 2246 477 Α
2276 413 2491 466 Verum
2525 412 2731 467 misera
2782 412 2909 479 illa,
2943 412 3027 468 ait
3073 412 3263 468 adhuc
3290 412 3642 485 Tertullanus,
3667 418 3829 485 coniux

514 510 741 560 Marcus
791 502 1063 559 Aurelius
1113 502 1431 572 imperator
1478 501 1674 555 Sirmii
1730 504 1996 555 mortuus
2035 504 2151 556 est.

414 586 417 591 ”
510 599 584 650 At
613 594 671 648 id
704 593 898 666 plane,
928 591 1012 647 ait
1039 589 1458 660 Tertullianus,
1492 595 1593 644 aut
1626 589 1888 653 nescivit,
1922 593 2021 643 aut
2050 594 2162 644 tar-

472 698 475 699 '
510 685 703 741 diores
728 682 966 737 nuntios
998 679 1159 736 misit
1189 680 1259 733 ad
1294 678 1652 749 praecipuum
1686 694 1859 733 suum
1891 678 2159 733 sacerdo-

508 781 626 830 tem
657 771 1065 844 archigallum,
1097 769 1195 840 qui
1224 774 1386 824 sexta
1415 772 1547 840 post
1576 768 1753 839 hujus
1789 768 2159 840 imperatoris

507 868 756 920 mortem
790 862 902 930 die,
933 859 1193 915 elicitum
1230 874 1297 912 ex
1329 858 1556 912 lacertis
1590 858 1888 929 impurum
1923 858 2158 930 sangui-

508 970 641 1009 nem
677 968 779 1024 pro
827 949 987 1004 illius
1019 948 1206 1003 salute
1237 947 1463 1002 litabat.
1495 946 1812 1001 Christiani
1846 946 2038 1019 itaque
2070 954 2153 1001 ta-

504 1043 619 1099 lem
644 1043 777 1112 jurc
812 1038 1017 1094 merito
1045 1036 1311 1092 ridebant
1329 1036 1521 1106 deam,
1546 1040 1645 1089 aut
1671 1035 1846 1090 futuri
1874 1035 2153 1101 nesciam,

504 1135 605 1186 aut
635 1128 948 1195 crudelem,
985 1144 1112 1198 quae
1143 1143 1315 1197 passa
1343 1132 1431 1181 est
1479 1141 1590 1180 non
1623 1124 1815 1179 solum
1849 1123 2154 1197 archigalli

502 1220 594 1276 sui
656 1234 959 1290 perperam
1020 1215 1235 1271 eli‘undi
1285 1214 1657 1286 sanguinem,
1736 1214 1831 1269 sed
1895 1214 2153 1284 patriam

501 1325 737 1382 quoque
768 1324 934 1362 suam
970 1306 1203 1379 penitus
1235 1304 1409 1359 dirui.
1434 1304 1669 1358 Nullum
1709 1320 1845 1375 ergo
1876 1303 2154 1359 Romanis

500 1399 574 1456 ad
607 1397 941 1453 dilatandos
972 1394 1199 1466 imperii
1235 1393 1325 1449 sui
1378 1394 1522 1447 lines
1562 1392 1846 1447 auxilium
1879 1392 2005 1448 sine
2041 1392 2151 1445 ini-

502 1506 616 1562 quo
648 1487 991 1559 ingrataque
1022 1484 1217 1539 animo
1252 1484 1397 1537 ferre
1431 1482 1638 1553 potuit.

572 1577 776 1632 1123
808 1576 1006 1646 Neque
1055 1573 1232 1628 etiam
1263 1572 1494 1644 Jupiter
1540 1569 1672 1625 illos
1703 1571 1923 1642 majore
1956 1569 2150 1624 studio

501 1684 567 1723 ac
619 1667 809 1721 favore
859 1661 1165 1735 complecti
1212 1661 1480 1717 debebat.
1531 1659 1797 1731 (Tertull.
1846 1658 2149 1730 Apologel,

496 1773 624 1829 cap.
666 1755 783 1826 25).

493 1846 556 1900 in
587 1845 756 1900 Creta
784 1842 978 1897 insula
1009 1840 1182 1911 antri,
1222 1840 1317 1894 ubi
1368 1838 1617 1910 gentiles
1648 1856 1781 1894 eum
1829 1842 2030 1892 natum
2084 1854 2148 1892 ac

494 1932 791 2006 sepultum
827 1931 1008 1986 fuisse
1040 1928 1478 2002 prmdieabant?
1512 1926 1803 1999 Numquid
1829 1943 2025 1981 amore
2056 1944 2151 1999 pa-

492 2022 617 2078 trias
646 2022 702 2075 in
733 2020 930 2076 odium
966 2035 1263 2089 converso,
1297 2034 1507 2090 passus
1558 2020 1649 2072 est
1697 2018 1914 2073 Cretam
1958 2033 2146 2085 suam,

493 2116 558 2166 ut
605 2109 868 2181 loquitur
907 2106 1304 2162 Tertullianus
1351 2106 1560 2177 (Ibid),
1603 2107 1863 2161 Romanis
1908 2105 2147 2175 fascibus

493 2206 550 2257 et
576 2198 756 2255 armis
812 2196 1074 2251 concuti?
1112 2196 1408 2267 Numquid
1462 2212 1527 2249 ex
1578 2194 1862 2250 memoria
1912 2211 2146 2265 quoque

490 2288 653 2345 illius
682 2286 1017 2343 exciderant
1045 2302 1159 2340 cera
1190 2284 1554 2357 Corybantia,
1590 2300 1838 2355 quorum
1873 2284 2144 2355 clangore

492 2395 558 2434 ac
589 2377 785 2434 sonitu
837 2375 1330 2430 inhumanissima
1363 2375 1544 2443 patris
1574 2375 1703 2443 ejus
1749 2373 2004 2438 Saturni,
2053 2373 2145 2427 de-

490 2484 697 2524 vorare
726 2466 893 2521 illum
924 2464 1190 2529 volentis,
1234 2463 1433 2518 feritas
1464 2462 1630 2518 elusa
1678 2467 1812 2518 est?
1844 2460 2140 2529 Numquid

486 2556 727 2610 tandem
772 2552 1101 2607 voluntaria
1148 2550 1436 2606 oblivione
1491 2552 1763 2605 obruerat
1808 2549 2141 2621 jucundissi-

485 2660 644 2697 mum
675 2641 799 2698 illic
828 2643 1061 2697 nutricis
1089 2657 1202 2697 sua:
1225 2640 1444 2696 odorem
1473 2640 1660 2708 abiit.)
1679 2640 1706 2694 ‘2
1726 2639 1837 2695 Sed
1869 2639 2141 2695 dubitant

487 2734 685 2805 plures
718 2748 843 2801 quas
873 2732 1047 2786 fuerit
1074 2729 1176 2784 illa
1207 2730 1424 2797 nutrix,
1459 2728 1735 2800 illiusque
1765 2727 1905 2783 odor
1926 2729 2139 2798 jucun-

488 2820 1049 2886 dissimus.Quidam
1084 2823 1280 2873 autem
1308 2820 1689 2889 suspicantur
1708 2815 2135 2873 Tertullianum

484 2910 577 2965 his
609 2910 800 2965 verbis
841 2908 1098 2963 alludere
1153 2908 1224 2963 ad
1280 2906 1597 2961 Amaltheae
1658 2923 1861 2972 cornu,
1893 2923 1962 2960 ex
2021 2922 2135 2975 quo

483 3007 683 3054 nectar
712 3007 769 3053 et
800 2999 1095 3053 ambrosia
1124 2997 1577 3052 et'ﬂuebant.oAt
1624 3012 1767 3051 vana
1796 2995 1997 3066 procul
2028 2996 2133 3050 du-

483 3089 578 3143 bio
605 3092 691 3143 est
729 3087 849 3141 haec
909 3085 1190 3157 suspicio.
1252 3087 1455 3157 Agitur
1509 3085 1795 3154 siquidem
1849 3087 1920 3139 de
1974 3085 2133 3139 Jovis

480 3176 726 3242 nutrice,
761 3191 935 3246 quam
985 3176 1085 3229 alii
1132 3190 1367 3247 capram
1400 3172 1792 3240 Amaltheam,
1825 3173 1921 3228 alii
1954 3174 2131 3245 Nym-
2163 3165 2206 3232 C

479 3263 648 3335 phas,
682 3264 802 3318 sive
833 3261 1053 3318 Melissi
1078 3264 1249 3318 Cretae
1282 3263 1435 3333 regis
1467 3262 1618 3317 tilias
1646 3279 1773 3317 esse
1805 3263 2125 3333 epinabau-

480 3356 598 3406 tur.
634 3351 1020 3406 Posteriorem
1060 3352 1257 3422 itaque
1290 3350 1441 3405 hanc
1472 3350 1805 3421 Opinionem
1837 3352 1889 3405 si
1918 3352 2131 3406 Auctor

481 3446 681 3497 noster
710 3447 947 3497 secutus
993 3447 1101 3508 est,
1152 3442 1293 3496 odor
1341 3441 1764 3511 Nympharum,
1799 3458 1924 3511 qua:
1958 3440 2129 3496 melle

479 3534 535 3584 et
581 3528 731 3584 laete
777 3528 981 3583 Jovem
1031 3527 1246 3585 aluisse
1290 3528 1645 3597 ferebantur,
1679 3536 1832 3583 recte
1881 3529 1993 3584 dici
2026 3545 2127 3600 po-

478 3617 590 3672 tuit
615 3616 1115 3687 jucundissimus.
1145 3617 1245 3672 Sin
1278 3634 1412 3673 vero
1447 3619 1517 3672 ad
1552 3616 1822 3688 priorem,
1845 3622 1907 3672 ut
1929 3617 2127 3673 verisi-

479 3705 682 3761 milius
729 3713 836 3773 est,
883 3706 1221 3777 respexerit,
1266 3723 1378 3761 non
1428 3706 1554 3761 sine
1602 3706 1789 3761 ironia
1839 3707 2125 3762 insulsam

474 3794 728 3867 exagitat
756 3794 1122 3849 divinitatem
1159 3796 1340 3865 Jovis,
1374 3796 1473 3866 qui
1517 3813 1700 3867 caprae
1734 3795 1885 3851 male
1916 3794 2128 3851 olentis

475 3887 565 3944 lac
615 3894 872 3957 suxerat,
924 3906 1028 3943 nec
1096 3894 1323 3961 poterat
1374 3890 1658 3944 teterrimi
1716 3889 1874 3944 illius
1932 3890 2126 3945 odoris

475 3980 761 4035 oblivisci.
816 3980 993 4050 Atqui
1060 3979 1240 4046 illius,
1293 3986 1612 4052 patriaeque
1671 3998 1789 4035 sua:
1843 3984 2041 4047 Cretas,
2076 3982 2124 4035 si

478 4084 702 4123 memor
762 4085 994 4139 semper
1044 4069 1177 4139 fuit,
1237 4069 1388 4124 hanc
1445 4068 1724 4140 Capitolio
1777 4075 2127 4141 anteponere

477 4158 746 4225 debebat,
798 4175 863 4213 ae
913 4158 1285 4214 Cretensibus
1331 4157 1546 4229 potius,
1597 4175 1775 4229 quam
1824 4159 2124 4227 Romanis,

475 4247 612 4301 dare
644 4248 819 4302 totius
852 4246 1058 4301 mundi
1091 4248 1425 4318 imperium.
1478 4247 1558 4302 De
1585 4247 1742 4302 illius
1773 4265 1940 4318 porro
1971 4256 2122 4319 ortu,

475 4338 824 4403 nutricibus,
868 4337 1214 4391 educatione
1264 4348 1317 4391 et
1366 4336 1632 4408 sepulcro
1674 4337 1811 4391 alibi
1843 4338 2123 4392 disserui-

474 4441 608 4480 mus
637 4427 938 4496 (Dissertat.
974 4426 1034 4480 in
1063 4425 1263 4480 Minuc.
1298 4425 1502 4493 0ctav.,
1536 4443 1668 4496 cap.
1712 4427 1796 4493 15,
1831 4434 1939 4480 art.
1970 4427 2046 4497 2).

545 4514 692 4577 Quid
740 4532 871 4569 vero
925 4515 1105 4585 hujus
1149 4516 1310 4571 Jovis
1360 4531 1524 4571 soror
1553 4520 1610 4569 et
1657 4516 1871 4584 conjux
1914 4515 2067 4570 Juno
2096 4516 2123 4570 ‘I
2154 4541 2195 4603 ι)

470 4601 768 4673 Numquid
824 4602 1013 4671 vellet,
1064 4604 1146 4657 ait
1201 4603 1620 4670 Tertullianus,
1661 4624 1687 4655 α
1717 4604 1993 4659 Punicam
2027 4622 2121 4658 ur-

470 4691 605 4745 bem
648 4692 1096 4762 [Carthaginem]
1137 4692 1208 4748 ab
1239 4693 1626 4748 zEneadarum
1664 4695 1859 4763 utique
1890 4698 2061 4765 gente
2094 4716 2120 4743 ››

470 4778 743 4851 (Tertull.
802 4781 1100 4851 Apologet.,
1157 4798 1283 4846 cap.
1333 4783 1423 4842 25.
1476 4798 1530 4851 p.
1584 4782 1685 4835 427
1734 4790 1787 4836 et
1839 4782 1937 4836 lib.
1985 4782 2121 4837 uad

472 4869 721 4936 Nattam,
758 4884 884 4939 cap.
922 4869 1028 4941 17),
1066 4870 1120 4924 id
1154 4875 1263 4938 est,
1325 4870 1603 4926 Romanis
1648 4870 1873 4926 deleri?
1920 4871 2123 4927 Nonne

471 4954 633 5010 illam
668 4956 872 5009 urbem
906 4956 1016 5010 sibi
1051 4956 1325 5013 dilectam
1363 4958 1611 5027 praetulit
1634 4959 1948 5027 Samo,ubi
1976 4961 2120 5014 edu-

471 5049 622 5112 cata,
656 5049 759 5099 aut
784 5044 907 5101 Jovi
942 5053 1124 5118 nupta
1174 5048 1379 5109 fuerat,
1411 5048 1494 5101 uti
1530 5047 1715 5119 liquet
1758 5047 1849 5104 his
1893 5049 2119 5121 Virgilii

469 5133 852 5201 carminibus,
886 5138 1098 5206 partim
1151 5142 1380 5192 tantum
1416 5154 1481 5192 ac
1509 5137 1685 5192 tacito
1719 5137 1972 5194 auctoris
2023 5157 2119 5194 no-

467 5224 626 5279 mine
651 5224 723 5278 ab
758 5230 1005 5281 Auctore
1032 5232 1231 5282 nostro
1264 5227 1455 5281 citatis
1488 5242 1502 5282 :

653 5386 807 5437 Quam
835 5386 956 5431 Juno
986 5387 1137 5430 fertur
1162 5386 1305 5430 terris
1332 5387 1491 5442 magis
1519 5388 1742 5433 omnibus
1770 5401 1912 5433 unam

649 5448 927 5495 Posthabita
949 5449 1161 5494 coluisse
1190 5450 1355 5496 Samo.
1383 5449 1473 5493 Hic
1502 5449 1628 5495 illius
1651 5463 1802 5505 arma,

644 5511 734 5556 Hic
752 5523 925 5556 currus
961 5511 1044 5554 fuit
1067 5525 1076 5551 :
1105 5510 1197 5556 hoc
1225 5523 1424 5567 regnum
1454 5510 1545 5555 dea
1572 5513 1792 5568 gentibus
1819 5526 1947 5567 esse,

648 5573 700 5618 Si
726 5586 819 5630 qua
848 5574 944 5617 feta
970 5573 1145 5621 sinant.
1170 5574 1272 5629 jam
1300 5580 1400 5617 tum
1430 5574 1670 5631 tenditque
1696 5578 1929 5634 fovetque.

838 5635 1022 5691 (Virgil.
1058 5634 1138 5684 lib.
1169 5647 1200 5687 ι,
1231 5637 1417 5687 Αῖηεέά.
1445 5649 1487 5680 v.
1522 5638 1570 5683 l9
1599 5643 1646 5682 et
1673 5640 1826 5695 seqq.)

2269 501 2420 556 lovis
2461 502 2511 555 ct
2542 516 2715 569 soror,
2754 501 3133 573 quantumvis
3164 501 3432 557 amaverit
3475 503 3827 573 Carthaginem,

2273 605 2386 643 non
2421 588 2608 661 potuit
2641 593 2834 646 tamen
2878 590 3162 663 impedire
3211 591 3503 663 quominus
3539 609 3568 647 a
3607 593 3831 647 Romanis

2272 682 2643 733 everteretur.
2676 678 2833 733 Nihil
2883 680 3098 753 quippe
3151 681 3399 736 adversus
3446 681 3647 735 funesta
3688 680 3831 751 hujus

2274 768 2435 822 urbis
2482 769 2607 839 fata
2654 769 2851 824 valuit.
2907 770 3022 825 Nec
3071 770 3129 823 id
3177 786 3316 825 sane
3362 769 3655 825 mirandum
3685 786 3697 824 :
3725 770 3833 841 quia

2266 858 2432 929 plane
2458 860 2593 928 lato,
2628 858 2819 930 pergit
2864 861 3080 914 Auctor
3127 862 3341 923 noster,
3382 863 3483 913 stat
3526 860 3707 929 Jupiter
3742 860 3832 928 ipse

2270 946 2534 1017 (Tertull.
2568 948 2719 1016 Apol.
2754 963 2803 1002 c.
2835 948 2927 1014 25,
2960 965 3016 1020 p.
3050 949 3195 1020 428).
3246 949 3439 1004 Nonne
3483 964 3599 1003 vero
3640 947 3831 1001 ell‘atum

2267 1036 2412 1091 illud
2437 1038 2579 1092 satis
2596 1040 2793 1108 aperte
2819 1038 3199 1094 conﬁrmatur
3216 1038 3524 1110 Appollinis
3547 1036 3761 1107 Delphici
3778 1037 3828 1090 ad

2266 1124 2443 1181 Crassi
2504 1127 2740 1181 nuntios
2817 1142 3122 1199 responso,
3181 1127 3334 1199 quod
3394 1126 3479 1181 his
3540 1124 3835 1195 totidemque

2264 1215 2457 1269 verbis
2491 1215 2816 1271 Herodotus
2876 1216 3098 1286 retulit,
3128 1215 3227 1284 τὴν
3268 1213 3608 1289 πεπρωμένην
3652 1209 3836 1265 ἇδῦνατά

2264 1302 2407 1356 ἐστιν
2459 1302 2755 1378 ἀποφυγεῖν
2804 1304 2895 1358 καὶ
2944 1305 3088 1375 θιῷ;
3147 1305 3355 1361 Sortem
3406 1309 3519 1375 fato
3564 1303 3837 1358 destinatam

2263 1392 2520 1463 defugere
2566 1394 2661 1449 dco
2712 1410 2921 1466 quoque
2980 1395 3320 1466 impossibile
3366 1393 3635 1463 (llerodot.
3681 1390 3762 1445 lib.
3802 1408 3835 1449 ι,

2261 1485 2288 1549 §
2343 1482 2453 1554 91).
2516 1483 2595 1538 De
2647 1484 2775 1555 ipso
2833 1487 3029 1539 autem
3087 1484 3227 1540 Jove
3297 1482 3483 1539 Cicero
3537 1480 3646 1553 (lib.
3699 1497 3730 1535 ιι
3787 1479 3837 1533 de

2262 1573 2473 1643 Divin.,
2508 1589 2638 1646 pag.
2672 1573 2801 1637 281,
2829 1572 2933 1627 lin.
2968 1574 3055 1640 44)
3085 1578 3141 1628 et
3170 1573 3452 1628 Homerus
3481 1572 3666 1626 1124
3692 1568 3833 1641 (Ιιίαιῑ.

2258 1660 2346 1727 46,
2380 1679 2434 1716 v.
2470 1663 2592 1728 434,
2626 1667 2681 1717 et
2717 1661 2905 1735 Odyss,
2956 1664 3008 1730 3,
3055 1681 3107 1719 v.
3148 1664 3247 1718 157
3299 1666 3353 1717 et
3383 1661 3577 1732 seqq.),
3608 1661 3670 1714 ab
3697 1674 3750 1713 ρο
3775 1657 3832 1712 ci-

836 1752 1053 1823 Ecquid
1101 1751 1255 1805 enim
1292 1749 1551 1805 oblivisci
1600 1749 1791 1821 potuit
1824 1748 1957 1803 Idmi
1992 1747 2149 1802 illius
2180 1796 2223 1823 η
2258 1754 2435 1818 tatus,
2470 1751 2593 1807 haec
2627 1752 3008 1823 pronuntiant
3039 1769 3052 1807 :
3089 1775 3117 1803 «
3148 1751 3304 1806 Nihil
3346 1751 3409 1805 ﬁt
3445 1754 3593 1805 extra
3632 1748 3834 1802 fatum...

2178 1796 2225 1859 B

2260 1839 2374 1895 Hoc
2406 1840 2586 1896 sentit
2615 1845 2923 1912 Homerus,
2958 1859 3093 1897 cum
3134 1844 3469 1912 querentem
3500 1840 3675 1893 Jovem
3704 1835 3836 1889 indu-

2257 1929 2358 1992 cit,
2392 1931 2547 2001 quod
2581 1930 2977 2002 Sarpedonem
3014 1929 3199 1984 tilium
3241 1947 3274 1985 a
3325 1933 3505 1985 morte
3530 1927 3726 1998 eripere
3750 1940 3835 1979 non

2257 2021 2476 2089 posset.
2507 2019 2618 2074 [Ioc
2647 2018 2802 2074 idem
2838 2018 3126 2092 signiﬁcat
3150 2019 3383 2075 Graecus
3414 2016 3506 2073 ille
3534 2016 3587 2071 in
3618 2031 3729 2070 eam
3749 2030 3824 2067 seu

2257 2107 2500 2162 tentiam
2532 2124 2737 2164 versus
2771 2126 2783 2163 :

2335 2220 2471 2274 Quod
2504 2224 2606 2267 fore
2630 2229 2852 2280 paratum
2881 2228 2972 2277 est,
3000 2222 3046 2267 id
3076 2235 3271 2268 samum
3298 2225 3551 2280 exsuperat
3575 2219 3738 2264 Jovem.
3763 2231 3777 2257 ι

2254 2321 2443 2376 Simili
2473 2340 2705 2393 quoque
2738 2324 2910 2379 modo
2941 2324 3163 2379 Seneca
3190 2340 3203 2379 :
3245 2346 3267 2372 ι
3305 2319 3589 2391 Quidquid
3617 2324 3696 2375 est
3720 2315 3839 2387 quod

2253 2428 2359 2466 nos
2389 2412 2474 2466 sic
2523 2412 2711 2467 vivere
2734 2413 2938 2482 jussit,
2971 2412 3055 2467 sic
3096 2412 3268 2480 mori,
3321 2411 3521 2466 eadem
3552 2406 3838 2463 necessitate

2250 2506 2307 2555 et
2352 2502 2491 2555 deos
2540 2499 2761 2573 alligat.
2814 2500 3215 2557 Irrevocabilis
3267 2501 3526 2556 humana
3578 2496 3764 2569 pariter
3793 2509 3841 2547 ac

2249 2588 2448 2645 divina
2476 2607 2684 2646 cursus
2716 2590 2891 2646 vehit.
2942 2589 3044 2645 llle
3088 2590 3214 2662 ipse
3246 2589 3511 2645 omnium
3543 2584 3771 2641 conditor
3794 2597 3840 2635 ac

2248 2684 2438 2734 rector
2465 2679 2706 2749 scripsit
2735 2679 2972 2750 quidem
3003 2679 3141 2745 fata,
3184 2680 3287 2735 sed
3340 2676 3624 2746 sequitur;
3651 2686 3836 2742 semper

2246 2774 2434 2839 paret,
2466 2767 2648 2824 semel
2672 2769 2857 2839 jussit
2906 2790 2934 2818 ››
2986 2768 3211 2839 (Senee.
3246 2768 3350 2822 lib.
3400 2767 3464 2821 de
3494 2763 3710 2826 Provid.,
3743 2776 3840 2829 cap.

2244 2858 2300 2923 5,
2335 2874 2465 2928 pag.
2499 2858 2647 2928 501).
2684 2858 2823 2912 Inde
2853 2857 3116 2912 Grmcum
3150 2855 3300 2911 illud
3333 2853 3619 2926 adagium,
3654 2847 3839 2920 Ἀνάγκῃ

2246 2942 2375 2999 οὐδὶ
2406 2943 2517 2998 θεοὶ
2551 2946 2843 3020 μάχονται.
2876 2947 3200 3001 Necessitati
3248 2962 3320 3000 ne
3372 2947 3455 3000 dii
3498 2942 3695 3013 quidem
3731 2938 3841 2992 mi-

2242 3044 2406 3089 stunt.
2440 3034 2671 3090 Videsis
2701 3035 2927 3090 Erasmi
2962 3035 3018 3089 in
3054 3035 3163 3090 hoc
3194 3034 3495 3105 adagium,
3526 3037 3580 3088 et
3615 3027 3766 3101 Lipsii
3793 3026 3837 3078 in

2244 3124 2421 3178 citata
2477 3124 2707 3179 Senecae
2765 3124 2942 3178 verba
2998 3124 3459 3179 observationes!
3518 3120 3651 3174 Vide
3702 3116 3840 3171 etiam

2242 3212 2516 3267 Vossium
2563 3212 2686 3271 (lib.
2739 3228 2780 3266 ιι
2829 3212 2893 3267 de
2943 3212 3097 3281 Orig.
3152 3217 3208 3267 et
3259 3219 3457 3280 Progr.
3510 3208 3700 3273 ldotot.,
3742 3217 3840 3272 cap.

2238 3303 2326 3363 44,
2379 3319 2511 3373 pag.
2560 3302 2665 3355 276
2714 3306 2772 3356 et
2825 3302 3035 3373 seqq.),
3089 3305 3145 3356 et
3205 3315 3299 3368 ea,
3350 3302 3401 3356 si
3453 3298 3610 3364 velis,
3659 3310 3764 3366 quis
3800 3290 3843 3344 in

2238 3396 2441 3446 nostra
2470 3390 2528 3445 in
2551 3389 2872 3445 Minucium
2898 3389 3149 3446 Felicem
3175 3390 3249 3445 de
3282 3390 3422 3455 fato,
3444 3392 3499 3444 et
3528 3388 3581 3441 in
3611 3383 3842 3453 sequente

2238 3480 2309 3534 de
2346 3479 2487 3535 Jove
2516 3484 2573 3534 et
2617 3480 2848 3535 Junone
2904 3478 3429 3534 animadvertimus
3475 3476 3758 3550 (Disseruit.
3798 3469 3841 3522 in

2236 3570 2447 3625 Minuc.
2481 3568 2686 3637 0ctav.,
2715 3585 2842 3640 cap.
2874 3569 2929 3638 6,
2962 3573 3074 3623 art.
3107 3569 3176 3637 3;
3238 3574 3300 3623 et
3350 3570 3628 3624 Diuerlat.
3660 3564 3713 3616 in
3737 3562 3842 3613 Lac-

2237 3662 2397 3727 tant,
2431 3675 2558 3729 cap.
2590 3658 2679 3725 31,
2713 3662 2820 3712 art.
2853 3658 2929 3729 5).

2307 3747 2365 3802 Si
2397 3747 2552 3803 Juno
2581 3746 2763 3817 igitur
2792 3753 2968 3818 atque
3009 3746 3133 3817 ipse
3177 3746 3416 3818 Jupiter
3447 3746 3635 3815 diique
3661 3752 3839 3800 omnes,

2236 3835 2555 3891 fatentibus
2586 3835 2856 3906 ethnicis,
2892 3836 3009 3891 fato
3058 3835 3178 3890 sint
3207 3835 3469 3901 obnoxii,
3504 3830 3712 3889 nullum
3742 3841 3840 3898 pro-

2237 3924 2331 3980 cul
2395 3925 2573 3980 dubio
2632 3942 2873 3980 romano
2934 3924 3181 3996 imperio
3267 3924 3686 3981 incrementum
3735 3915 3842 3968 dare

2237 4032 2499 4084 unquam
2534 4019 2871 4086 potuerunt.
2913 4016 3049 4070 Jove
3078 4013 3237 4069 enim
3272 4014 3507 4084 diisque
3538 4007 3780 4066 omnibus
3804 3998 3842 4055 si

2235 4102 2532 4174 potentius
2583 4103 2660 4157 sit
2689 4102 2898 4167 fatum,
2933 4102 3154 4158 ethnici
3188 4102 3350 4168 fatis,
3384 4101 3467 4156 ait
3496 4094 3840 4155 Tertullianus

2234 4191 2500 4263 (Tertull.
2534 4193 2831 4263 Apotoget.,
2864 4208 2988 4263 cap.
3040 4192 3130 4257 25,
3164 4208 3219 4262 p.
3259 4192 3412 4261 428),
3446 4185 3737 4245 dedentibus
3762 4176 3843 4234 sibi

2235 4282 2638 4351 Carthaginem,
2697 4282 2951 4351 majores
3025 4281 3283 4351 profecto
3358 4280 3603 4335 honores
3663 4271 3843 4328 deferre

2232 4370 2542 4441 debebant,
2578 4386 2753 4441 quam
2800 4369 3041 4436 Junoni,
3074 4386 3137 4423 ac
3188 4366 3679 4440 prostitutissime
3722 4358 3842 4428 lupa?

2230 4458 2577 4524 Larentinae,
2602 4460 2673 4513 de
2701 4476 2819 4531 qua
2841 4458 3014 4530 paulo
3037 4462 3171 4513 ante
3203 4457 3615 4513 disseruimus.
3649 4448 3842 4507 Falsum

2230 4551 2320 4602 est
2365 4547 2544 4619 igitur
2599 4546 2893 4603 Romanos
2949 4562 3165 4619 magna
3222 4545 3286 4601 in
3345 4546 3650 4611 Junonem,
3675 4538 3841 4594 Jovem

2234 4635 2499 4707 aliosque
2564 4635 2701 4692 deos
2755 4653 2919 4701 suos,
2973 4640 3075 4691 aut
3128 4634 3500 4701 vernaculos,
3548 4636 3643 4687 aut
3684 4620 3843 4682 asciti-

2230 4725 2367 4795 tios,
2426 4725 2637 4795 pietate
2696 4724 2979 4781 meruisse
3023 4724 3206 4780 totius
3256 4726 3421 4781 orbis
3480 4728 3637 4779 terra:
3688 4710 3839 4771 domi-

2230 4820 2457 4870 natum.
2922 4815 2928 4823 ”

2832 4945 3154 4986 ARTICULUS
3194 4946 3258 4984 Ῑῐ.

2231 5039 2491 5094 Romani:
2520 5036 2712 5092 datum
2741 5053 2853 5092 non
2898 5039 3068 5104 fuisse
3096 5036 3158 5090 ob
3188 5052 3346 5091 suam
3383 5037 3443 5091 in
3476 5035 3599 5089 deos
3626 5031 3845 5104 pietatm

2302 5111 2597 5176 imperium
2634 5112 2778 5179 quod
2815 5099 3105 5176 fundatum
3133 5110 3340 5176 fuci-at,
3373 5099 3673 5179 antequam
3698 5099 3843 5179 illum

2305 5172 2506 5249 varios,
2547 5172 2654 5251 qui.
2691 5172 3063 5253 explicantur,
3097 5172 3493 5253 fetosdcuiidcos
3518 5172 3742 5253 colendi
3781 5172 3841 5243 ri;

2306 5262 2391 5308 tu:
2424 5248 2772 5322 inclituisset,
2819 5261 2911 5307 aut
2953 5252 3227 5321 fabricata
3271 5251 3509 5322 [uiuant
3551 5248 3754 5303 deorum
3790 5252 3845 5291 :2-

2302 5324 2576 5391 mutaera,
2606 5325 2859 5396 ultusque
2886 5325 3064 5379 Romae
3092 5326 3231 5377 esset
3257 5321 3410 5377 dm.
3680 5331 3690 5339 ’

2299 5446 2450 5504 Aliis
2500 5448 2693 5504 adhuc
2751 5448 3045 5504 rationum
3106 5446 3423 5503 momentis
3484 5436 3843 5500 Tertullianus

2226 5538 2592 5595 demonstrat
2645 5538 2970 5613 (Apologet.,
3025 5554 3152 5611 cap.
3212 5536 3299 5608 25,
3364 5552 3423 5609 p.
3486 5531 3606 5605 429)
3662 5531 3843 5613 Βοωιέ

2227 5645 2333 5686 nos
2385 5645 2502 5685 non
2559 5612 2817 5701 potuisse
2883 5628 2954 5687 ab
3008 5627 3123 5685 ullo
3171 5642 3417 5701 prorsus
3465 5625 3569 5681 deo
3610 5634 3708 5677 suo
3759 5612 3843 5668 aut
