4134 6184
293 332 320 391 1
330 333 447 390 225

1199 329 1273 386 D.
1321 328 1418 387 LE
1464 326 1796 387 NOURRY
1839 326 2487 389 OBSERVATIONES
2534 330 2799 392 NOVIE.

3545 331 3706 390 1226

288 462 565 519 omnibus
589 460 720 515 aliis
752 459 1015 531 accipere
1044 458 1491 531 imperium,aut
1523 457 1701 512 ullam
1734 458 1942 513 ﬁnium
1973 462 2028 526 Α
2059 463 2116 513 et
2143 458 2321 514 adhuc
2346 462 2549 527 somia,
2582 477 2681 517 seu
2734 460 2861 517 luto
2910 466 3183 533 cretaque
3224 460 3388 517 molli
3441 464 3570 517 tum
3620 462 3707 517 fa-

287 556 417 625 ejue
448 546 951 624 propagationem.
988 554 1221 605 Certum
1277 554 1365 604 est
1412 550 1568 604 enim
1604 549 1802 621 plures
1833 549 1944 604 Bo-

291 658 600 698 manorum
634 642 797 707 deos,
834 640 1176 706 Saturnum,
1208 639 1431 707 Jovem,
1482 638 1748 709 aliosque
1788 654 1947 692 sum-

293 748 451 787 mam
504 734 851 787 consecutos
914 728 1096 783 fuisse
1141 728 1363 797 regiam
1422 732 1795 798 potestatem.
1850 726 1944 780 Dic

292 839 451 895 ergo,
486 822 679 887 sodes,
713 838 746 874 a
776 820 990 890 quibus
1040 817 1170 873 aliis
1218 818 1357 883 diis,
1412 834 1560 889 quos
1615 816 1943 881 coluerunt,

293 912 453 967 illam
503 908 873 981 acceperint?
917 908 1213 978 Numquid
1265 908 1517 962 Saturno
1585 907 1721 961 data
1771 910 1860 961 est
1914 920 1947 958 a

291 1001 582 1056 vilissimo
633 999 886 1069 quodam
939 995 1227 1061 Sterculo,
1298 996 1368 1050 de
1426 1011 1541 1065 quo
1590 994 1763 1065 paulo
1813 997 1947 1048 ante

295 1086 684 1144 dicebamus?
714 1088 820 1141 Sed
869 1086 920 1140 is
966 1085 1109 1139 vixit
1152 1088 1285 1155 post
1335 1085 1679 1138 Saturnum.
1732 1081 1944 1137 Nullus

294 1184 491 1234 autem
550 1175 786 1248 gentilis
819 1175 1011 1230 dicere
1057 1189 1319 1244 unquam
1375 1172 1565 1244 potuit
1614 1170 1749 1243 quis
1796 1170 1947 1225 alius

294 1269 438 1323 deus
486 1282 732 1338 regnum
782 1263 866 1318 illi
930 1264 1175 1319 dederit.
1246 1264 1318 1317 At
1384 1261 1547 1316 nulla
1616 1260 1804 1331 potior
1860 1264 1949 1315 est

294 1357 442 1411 ratio
475 1372 582 1409 cur
612 1355 682 1409 ab
732 1352 932 1424 aliquo
986 1353 1092 1407 deo
1147 1350 1428 1406 Romanis
1476 1365 1822 1405 concessum
1854 1349 1945 1402 di-

300 1450 486 1500 catur.

362 1532 582 1587 Deinde
630 1546 765 1585 vero
798 1530 1110 1584 fundatum
1166 1532 1291 1583 erat
1335 1527 1650 1599 imperium
1711 1526 1947 1581 illorum

293 1626 609 1692 antequam
643 1619 886 1674 deorum
920 1618 1116 1673 cultus
1148 1622 1342 1673 Romae
1376 1618 1683 1671 institutus
1720 1615 1945 1670 fuisset.

295 1711 559 1765 Etenim«
594 1727 624 1763 a
655 1708 867 1773 Numa,
899 1707 1093 1772 inquit
1122 1705 1523 1760 Tertullianus
1557 1705 1772 1775 (lbid.),
1807 1719 1948 1759 con-

295 1804 466 1870 cepta
496 1802 585 1852 est
616 1797 925 1851 curiositas
957 1796 1159 1852 11‘25
1196 1794 1627 1865 superstitiosa,
1682 1815 1709 1842 »
1743 1792 1799 1846 id
1840 1795 1947 1856 est,

2060 548 2302 613 bricata,
2333 549 2404 604 de
2438 550 2654 621 quibus
2685 550 2821 606 alibi
2858 550 3116 606 diximus
3148 550 3458 622 (Dissertat.
3511 550 3572 605 in
3600 555 3708 607 La-

2056 641 2226 692 ctant.
2260 654 2387 710 cap.
2420 639 2510 703 30,
2545 644 2653 694 art.
2685 641 2762 712 2).

2125 727 2350 796 Adjecit
2379 728 2778 785 Tertullianus
2812 729 2938 798 (loc.
2976 729 3099 801 cit.)
3137 746 3148 783 :
3186 729 3247 783 El
3274 730 3453 784 nidor
3480 746 3550 785 ea:
3570 729 3708 796 illis,

2058 815 2141 870 uti
2173 816 2230 869 in
2287 820 2534 888 utroque
2590 817 2772 885 illius,
2830 835 2963 872 cum
3024 820 3391 889 Apologetieo,
3452 822 3577 873 tum
3634 817 3705 873 ad

2054 905 2314 960 Nationes
2343 906 2601 961 secundo
2632 905 2779 961 libro
2812 906 3066 976 legimus
3101 922 3113 961 :
3145 908 3203 961 in
3239 906 3455 961 nostris
3506 911 3703 963 autem

2056 993 2355 1048 codicibus
2376 996 2795 1066 manuscriptis
2818 1013 2886 1050 ex
2907 997 3137 1051 duobus
3170 996 3261 1050 his
3283 996 3474 1050 verbis
3493 1012 3700 1063 unum,

2057 1080 2229 1135 sicuti
2261 1083 2473 1151 saepius
2509 1084 2722 1153 factum
2754 1089 2863 1153 est,
2898 1086 3303 1155 scriptumque
3344 1100 3413 1138 ea:
3443 1085 3575 1139 illis.
3603 1085 3701 1139 At-

2057 1185 2169 1240 que
2198 1170 2336 1225 inde
2368 1172 2565 1226 forsan
2598 1172 2879 1241 Rigaltius
2900 1174 3108 1243 corrigi
3133 1174 3315 1228 voluit
3345 1173 3701 1241 exilis,haud

2057 1274 2299 1330 prorsus
2332 1259 2551 1315 infelici
2602 1261 2955 1330 conjectura,
2989 1262 3158 1330 cujus
3202 1267 3398 1317 tamen
3440 1262 3700 1333 aliquam

2059 1347 2268 1403 saltem
2299 1349 2585 1403 rationem
2620 1348 2860 1403 reddere
2891 1350 3160 1404 debebat.
3197 1350 3539 1405 Conﬁrmari
3592 1369 3700 1406 au-

2059 1441 2175 1491 tem
2211 1437 2343 1491 inde
2374 1442 2586 1508 potest,
2622 1437 2761 1508 quia
2792 1437 3012 1491 ibidem
3045 1438 3443 1495 Tertullianus
3475 1456 3703 1495 asseve-

2059 1529 2166 1590 rat,
2202 1543 2486 1597 pauperes
2517 1531 2643 1580 tum
2676 1527 2859 1580 fuisse
2890 1527 3167 1581 Romanis
3198 1527 3500 1598 religionis
3534 1529 3704 1583 ritus.

2060 1614 2168 1668 Sed
2203 1615 2318 1668 duo
2350 1615 2470 1669 haec
2500 1616 2674 1669 verba
2726 1631 2795 1669 ea:
2824 1616 2942 1669 illis
2973 1616 3044 1670 ad
3076 1633 3206 1671 vasa
3255 1618 3453 1682 samia,
3487 1617 3706 1688 quibus

2060 1703 2512 1769 subnectuntur,
2549 1704 2747 1759 referri
2780 1721 3014 1776 quoque
3063 1710 3330 1775 possunt.
3376 1705 3532 1760 Nihil
3568 1722 3705 1778 ergo

2063 1791 2132 1845 de
2164 1791 2271 1846 hac
2301 1793 2461 1846 varia
2491 1792 2738 1847 lectione
2771 1793 3010 1848 delinire
3038 1795 3347 1849 audemus.

297 1853 526 1958 religio,
558 1892 613 1941 et
642 1885 1007 1956 superstitio,
1035 1901 1159 1955 qua
1192 1853 1368 1954 prava
1398 1853 1784 1954 perversaque
1807 1853 1947 1935 cura
1981 1853 2025 1917 Β
2126 1879 2410 1936 Caeterum
2445 1882 2585 1952 quia
2615 1882 2816 1937 Numa:
2845 1887 3106 1954 tempore
3124 1882 3287 1937 nulla
3318 1884 3472 1954 apud
3504 1883 3711 1939 Romae

299 1976 463 2032 falsis
484 1975 597 2029 diis
632 1973 1129 2044 impenditur.Scd
1163 1988 1342 2043 quam
1376 1977 1548 2042 putas
1574 1972 1646 2025 ob
1673 1986 1943 2025 caussam

297 2065 370 2120 ab
403 2063 503 2118 illo
536 2062 855 2118 constituta
884 2060 1013 2116 est?
1041 2059 1292 2114 Consule
1331 2058 1543 2113 Livium
1578 2058 1782 2130 (lib.l,§
1804 2058 1870 2111 19
1892 2060 1949 2112 et

301 2152 515 2225 seqq.),
552 2152 893 2222 Eutropium
925 2150 1029 2204 lib.
1081 2167 1099 2203 1
1148 2151 1397 2203 Breviar.
1452 2164 1585 2219 pag.
1633 2148 1747 2217 64),
1779 2147 1951 2201 alios-

301 2259 413 2315 que
448 2244 719 2297 Romana
752 2240 1008 2294 historia:
1057 2238 1396 2308 scriptores,
1449 2236 1675 2307 tibique
1707 2252 1947 2306 respon-

297 2332 520 2387 debunt
574 2347 587 2384 :
636 2336 699 2384 ut
749 2329 1019 2383 efferatos
1070 2344 1136 2381 ac
1206 2325 1490 2380 militares
1550 2326 1947 2379 Romanorum

300 2422 551 2484 animos,
608 2424 767 2473 metu
848 2416 1148 2488 religionis
1202 2432 1267 2470 ac
1338 2416 1579 2470 deorum
1629 2413 1952 2468 contineret

297 2509 750 2582 perpoliretque.
784 2507 1031 2570 Quinam
1063 2521 1221 2573 vero,
1255 2504 1464 2559 amabo
1496 2507 1754 2569 te,erant
1775 2501 1951 2573 primi

294 2600 379 2655 illi
412 2600 686 2653 Romana:
727 2594 1028 2666 religionis
1060 2594 1207 2649 ritus
1237 2592 1264 2646 ‘l
1309 2593 1579 2660 Nondum,
1611 2593 1692 2647 sit
1737 2595 1954 2647 Auctor

298 2693 517 2753 noster,
551 2691 653 2742 aut
682 2685 1022 2751 simulacris,
1058 2693 1154 2737 aut
1185 2684 1408 2754 templis
1440 2698 1523 2736 res
1566 2682 1767 2736 divina
1805 2682 1953 2752 apud

301 2779 571 2832 Romanos
594 2774 898 2837 constabat,
931 2772 1433 2842 quemadmodum
1470 2770 1609 2824 alibi
1643 2770 1950 2841 explicavi-

298 2864 561 2930 mus,ubi
597 2862 952 2933 templorum
979 2860 1555 2929 simulacrorumque
1586 2857 1950 2929 investigavi-

301 2971 431 3010 mus
464 2953 747 3024 originem
800 2948 1065 3020 (Tertull.
1116 2950 1418 3020 Apologet.,
1468 2965 1596 3019 cap.
1649 2948 1773 3013 430,
1817 2964 1947 3019 pag.

296 3046 367 3097 27
399 3048 457 3098 et
488 3058 677 3112 seqq.,
712 3044 768 3095 et
799 3038 901 3094 lib.
936 3055 955 3093 ι
986 3038 1055 3093 ad
1085 3039 1332 3106 Nation.,
1373 3053 1501 3108 cap,
1538 3037 1623 3102 17,
1659 3052 1788 3107 pag.
1821 3036 1948 3104 523,

296 3138 439 3186 tom.
478 3131 497 3184 Ι
525 3131 812 3201 Αρραναι.,
844 3127 944 3182 lib.
978 3143 1064 3195 ιιι,
1098 3126 1311 3181 dissert.
1360 3142 1377 3179 ι
1416 3141 1543 3196 cap.
1574 3126 1608 3176 7
1641 3128 1698 3179 et
1725 3124 1779 3190 8,
1815 3140 1946 3195 pag.

294 3222 400 3275 717
432 3222 489 3274 et
518 3217 733 3289 seqq.).

368 3310 518 3364 Tum
552 3307 729 3361 etiam
762 3305 944 3373 nulla,
978 3303 1133 3358 sicut
1165 3301 1262 3359 ille
1313 3301 1502 3374 pergit
1550 3300 1709 3372 (Ibid.
1748 3316 1802 3371 p.
1834 3302 1951 3369 28),

297 3399 576 3471 Capitolia
604 3396 881 3450 certantia
919 3394 1071 3461 cazlo,
1103 3392 1161 3446 id
1208 3396 1319 3458 est,
1370 3391 1629 3445 nondum
1683 3392 1949 3444 constru-

296 3494 458 3544 ctum
494 3488 683 3541 fuerat
731 3482 1015 3554 templum
1067 3480 1502 3553 Capitolimum,
1554 3479 1697 3534 adeo
1749 3495 1947 3550 super-

299 3578 464 3640 bum,
497 3579 561 3629 ut
590 3589 762 3628 suum
810 3572 880 3626 ad
932 3569 1106 3625 ccelos
1158 3586 1346 3641 usque
1399 3568 1633 3624 culmen
1687 3566 1950 3622 attollere

298 3666 615 3730 videretur,
661 3667 861 3733 Neque
909 3660 1205 3732 putaveris
1256 3659 1408 3714 hanc
1459 3675 1589 3714 esse
1647 3656 1827 3712 animi
1887 3655 1947 3709 in

297 3754 565 3812 ethnicos
616 3750 868 3807 nimium
938 3748 1154 3804 infensi
1220 3747 1746 3819 exaggerationem.
1802 3744 1948 3800 Nam

2057 1984 2163 2024 nos
2203 1974 2371 2025 erant
2420 1972 2662 2026 deorum
2708 1971 3065 2039 simulacra;
3099 1971 3216 2027 imo
3268 1988 3419 2042 vero,
3469 1973 3610 2043 quia
3641 1988 3709 2027 ea

2058 2057 2184 2112 ﬁeri
2217 2061 2423 2115 “26
2455 2058 2571 2129 ille,
2607 2065 2669 2114 ut
2701 2060 2838 2115 alibi
2885 2061 3254 2117 ostendimus
3305 2064 3468 2131 (tom.
3521 2063 3565 2132 Ι,
3597 2064 3702 2133 Ap-

2056 2151 2263 2217 parat.,
2295 2166 2425 2219 pag.
2458 2150 2585 2218 733,
2639 2153 2695 2204 et
2746 2150 2883 2203 1227
2923 2154 2981 2205 et
3022 2151 3230 2221 seqq.),
3280 2151 3703 2222 prohibuerat;

2059 2237 2196 2291 inde
2227 2238 2628 2293 Tertullianus
2671 2238 2872 2294 intulit
2905 2257 2918 2295 :
2954 2244 3020 2295 Et
3071 2244 3217 2295 Deus
3248 2241 3362 2311 ipse
3416 2257 3708 2312 nusquam.

2060 2326 2415 2381 Persuasum
2433 2326 2840 2399 siquidem,uti
2865 2328 3053 2398 capite
3070 2329 3337 2400 sequenti
3356 2329 3709 2397 videbimus,

2060 2415 2298 2470 omnino
2333 2415 2612 2472 habuisse
2663 2416 2891 2472 videtur
2919 2433 3048 2473 eam
3094 2434 3197 2489 per
3238 2418 3547 2490 gentilium
3580 2418 3707 2474 ani-

2061 2520 2191 2559 mos
2239 2505 2562 2576 pervasisse
2610 2505 2965 2577 Opinionem,
3014 2523 3128 2562 non
3188 2506 3333 2562 alios
3383 2524 3513 2564 esse
3564 2508 3704 2563 deos

2065 2610 2239 2664 quam
2273 2593 2508 2648 illorum
2541 2593 2875 2660 simulacra,
2921 2594 3008 2651 vel
3064 2595 3329 2668 ipsorum
3361 2596 3421 2651 in
3452 2596 3537 2652 eis
3568 2597 3712 2653 resi-

2062 2683 2198 2737 dere
2229 2682 2614 2739 divinitatem.

2132 2771 2307 2827 Vides
2354 2788 2490 2843 ergo
2541 2788 2716 2843 quam
2788 2776 2943 2828 recte
2993 2789 3061 2827 ex
3103 2773 3273 2828 dictis
3327 2773 3637 2830 concludat
3695 2791 3708 2831 :

2063 2860 2269 2929 «Ergo
2303 2877 2417 2914 non
2467 2865 2601 2915 ante
2651 2860 2904 2932 religiosi
2950 2862 3196 2917 Romani
3248 2879 3425 2933 quam
3482 2864 3704 2933 magni,

2062 2949 2310 3019 ideoque
2342 2966 2455 3004 non
2490 2950 2561 3004 ob
2598 2951 2701 3004 hoc
2736 2950 2953 3021 magni,
3007 2951 3141 3020 quia
3187 2951 3443 3023 religiosi
3478 2974 3505 3001 ››
3538 2953 3702 3023 (Ter-

2060 3037 2188 3092 tull.
2224 3040 2517 3109 Apologet.,
2550 3055 2676 3109 cap.
2708 3039 3092 3110 25,pag.430).
3127 3040 3457 3094 Fundatum
3488 3041 3708 3112 quippe

2062 3132 2118 3182 et
2148 3126 2473 3181 stabilitum
2496 3127 2604 3181 fuit
2625 3126 2857 3181 illorum
2892 3127 3583 3200 imperiuni,priusquam
3608 3134 3710 3184 aut

1979 3218 2021 3285 ρ
2060 3219 2200 3273 deos
2239 3219 2544 3286 haberent,
2595 3222 2696 3272 aut
2739 3234 2837 3273 eos
2880 3217 3089 3272 saltem
3138 3223 3223 3273 tot
3280 3220 3711 3291 superstitiosis

2063 3308 2296 3373 ritibus,
2348 3311 2519 3377 atque
2585 3307 2743 3361 inani
2805 3311 2891 3361 tot
2956 3308 3439 3363 caeremoniarum
3494 3325 3711 3381 pompa

2061 3395 2319 3451 colerent
2348 3401 2403 3450 et
2435 3396 2768 3451 adorarent.
2802 3397 2867 3450 At
2898 3400 3049 3450 certe
3074 3401 3192 3451 tam
3227 3399 3296 3451 ad
3333 3396 3475 3452 illud
3521 3398 3715 3469 impc-

2062 3485 2214 3539 rium
2249 3485 2714 3557 propagandum,
2748 3501 2921 3555 quam
2972 3485 3249 3554 jacienda
3304 3486 3433 3555 ejus
3493 3488 3703 3543 funda-

2062 3580 2260 3630 menta
2294 3574 2418 3645 pari
2450 3575 2708 3645 profecto
2740 3573 2979 3629 deorum
3014 3591 3121 3644 ope
3150 3590 3218 3629 ac
3256 3575 3520 3631 subsidio
3553 3577 3705 3630 indi-

2060 3664 2294 3734 gebant,
2342 3664 2495 3733 quod
2548 3667 2743 3717 tamen
2777 3679 3080 3734 nunquam
3135 3663 3413 3720 habuisse
3460 3665 3705 3720 manife-

2061 3756 2217 3807 stum
2252 3756 2360 3806 est.
2410 3751 2523 3807 Sed
2590 3750 2720 3806 aliis
2778 3750 2970 3806 adhue
3027 3751 3355 3809 rationibus
3407 3754 3466 3809 id
3499 3752 3704 3809 abillo

300 3841 609 3910 Martialis,
644 3845 700 3896 et
727 3839 853 3911 ipse
881 3836 1178 3907 ethnicus,
1210 3838 1413 3893 eadem
1446 3834 1537 3890 his
1562 3833 1831 3891 versibus
1854 3848 1948 3887 οϐ’
2056 3838 2496 3895 evidentissima
2535 3840 2996 3908 demonstratur,
3049 3856 3174 3911 quae
3227 3858 3261 3897 a
3289 3842 3457 3899 nobis
3487 3843 3705 3899 exami-

295 3932 443 3991 cinit
476 3948 490 3986 :

422 4048 531 4097 Nec
558 4045 837 4108 Capitolini
868 4056 1139 4108 summum
1174 4040 1442 4108 penetrale
1475 4039 1750 4108 Tonantis,

488 4103 723 4173 Quasque
750 4109 927 4158 nitent
955 4107 1085 4156 caelo
1115 4103 1361 4168 proxima
1390 4103 1590 4165 templa
1619 4118 1727 4152 sus.

973 4184 1218 4249 (Martial.
1250 4184 1343 4234 lib.
1366 4198 1417 4245 ιι,
1449 4184 1723 4247 Epigram.
1754 4183 1853 4244 51.)

302 4307 485 4365 Silius
517 4320 749 4378 quoque
779 4303 1017 4359 Italicus
1050 4319 1064 4358 :

430 4438 527 4487 Illa
549 4438 706 4487 etiam
739 4450 843 4499 qua
874 4436 1051 4498 prisca
1080 4433 1215 4499 ﬁdes
1245 4435 1349 4499 stat
1375 4431 1519 4492 regia
1547 4430 1722 4481 nobis.

432 4503 606 4567 aurea
633 4495 859 4567 Tarpeia
877 4495 1051 4567 ponet
1078 4495 1339 4567 Capitolia
1366 4508 1517 4567 rupe,

434 4564 496 4613 Et
520 4566 703 4626 tanget
730 4555 915 4611 nostro
947 4555 1271 4623 templorum
1300 4555 1531 4608 culmina
1560 4555 1706 4605 caelo.

1239 4638 1357 4701 (Sil.
1390 4638 1481 4686 lib.
1514 4646 1585 4685 Ill.
1618 4649 1669 4682 v.
1703 4635 1836 4691 620.)

310 4768 488 4824 Plura
534 4766 594 4821 in
645 4764 955 4821 Alexandri
1021 4763 1229 4819 Donati
1277 4762 1646 4831 aliorumque
1695 4759 1767 4815 de
1816 4758 1961 4814 urbe

311 4860 498 4913 Roma
529 4855 694 4911 libris
743 4853 980 4919 tradita,
1017 4853 1065 4907 si
1096 4852 1265 4917 velis,
1315 4850 1482 4906 facile
1534 4848 1795 4905 invenies
1826 4848 1962 4917 (Do-

312 4951 435 5002 nat.
467 4944 571 5000 lib.
605 4961 645 4999 ιι
674 4944 738 4999 de
766 4943 900 4998 urbe
929 4944 1117 5008 Roma,
1152 4958 1277 5012 cap.
1311 4941 1362 5010 4,
1397 4943 1452 4995 et
1483 4937 1697 5009 seqq.).

386 5033 496 5090 Ubi
528 5049 686 5105 ergo,
721 5031 950 5103 rogabit
980 5030 1217 5101 aliquis,
1270 5045 1362 5084 res
1410 5026 1607 5082 divina
1657 5029 1800 5080 tunc
1833 5040 1965 5097 age-

314 5123 542 5181 batur?
574 5121 909 5188 Temeraria,
960 5118 1153 5190 inquit
1198 5116 1610 5183 Tertullianus,
1661 5114 1727 5169 de
1769 5116 1969 5185 cespite

317 5214 534 5269 altaria
581 5211 907 5283 (Apologet.,
961 5225 1089 5280 cap.
1138 5208 1228 5276 25,
1278 5222 1335 5277 p.
1388 5206 1512 5272 420,
1555 5208 1613 5260 et
1662 5202 1767 5257 lib.
1828 5219 1870 5259 ιι
1901 5204 1971 5258 ad

316 5304 566 5373 Naliou.,
618 5317 744 5373 cap.
804 5300 915 5371 17),
971 5298 1092 5354 sive
1162 5298 1421 5368 repente,
1475 5293 1671 5349 subito
1721 5309 1787 5348 ac
1850 5293 1970 5348 for-

319 5393 473 5449 tuito
506 5408 645 5447 casu
680 5393 1000 5455 exstructa,
1037 5387 1189 5443 sicut
1218 5402 1286 5441 ex
1314 5385 1590 5441 Cicerone
1647 5382 1771 5454 (lib.
1829 5401 1867 5439 ιι
1912 5383 1975 5439 de

321 5486 530 5539 Nntur.
584 5482 739 5538 Deor.
792 5496 927 5553 pag,
977 5479 1106 5543 228,
1164 5476 1266 5531 lin.
1328 5475 1417 5547 12)
1476 5478 1533 5529 et
1588 5472 1833 5545 Apuleio
1890 5474 1978 5544 (de

324 5574 428 5629 Deo
482 5571 695 5627 Socrat.
744 5569 896 5640 init.)
962 5568 1185 5623 discere
1251 5569 1358 5621 est.
1424 5564 1574 5619 Vasa
1638 5578 1771 5619 vero
1846 5564 1977 5635 qui-

325 5664 437 5719 bus
472 5660 925 5716 ministrabatur
953 5657 1173 5716 sordida
1202 5652 1486 5726 erant,’ait
1514 5653 1730 5708 Auctor
1758 5656 1977 5726 noster,

616 5788 873 5848 Paeon.
924 5787 973 5845 Ι.

2056 3929 2264 3983 nanda
2280 3932 2437 3985 sunt.

2659 4059 2975 4098 ARTICULUS
3008 4060 3091 4099 m.

2057 4152 2173 4206 Non
2204 4149 2379 4219 magis
2409 4147 2607 4204 datum
2637 4155 2731 4202 aut
2756 4158 3122 4218 propagatum
3153 4148 3220 4202 ab
3248 4149 3381 4204 ullis
3409 4150 3702 4219 gentilium

2128 4222 2236 4276 diis
2266 4222 2564 4291 imperium
2596 4221 2985 4284 Romanorum,
3030 4237 3195 4290 quam
3246 4221 3702 4292 Babyloniorum,

2132 4292 2435 4359 Medorum,
2487 4293 2891 4363 Egypliorum,
2941 4293 3311 4361 Assyriorum,
3359 4294 3705 4348 Amazonum

2131 4369 2182 4420 et
2211 4363 2543 4427 Iudaeorum,
2577 4365 2673 4433 qui
2710 4367 2836 4418 ante
2873 4364 3082 4418 eosdem
3132 4364 3390 4420 Romrnos
3438 4380 3708 4435 regnave-

2134 4440 2313 4490 runt:
2359 4436 2554 4489 Iiorum
2596 4438 2878 4505 impietate
2925 4440 2977 4489 et
3024 4436 3333 4506 sacrilegiis
3379 4440 3709 4507 prapagatos

2138 4509 2362 4578 imperii
2385 4509 2472 4561 sui
2509 4508 2640 4561 fines
2675 4522 2686 4559 :
2720 4523 2784 4561 ac
2830 4507 2998 4560 nullis
3028 4507 3194 4577 plane
3220 4509 3529 4578 miraculis,
3563 4508 3707 4563 divi-

1990 4573 2035 4635 D
2137 4573 2473 4643 nriiombus,
2526 4578 2765 4633 oraculis
2808 4573 3037 4649 probari
3065 4593 3226 4648 posse
3269 4580 3410 4635 ullos
3454 4573 3715 4637 exsistere

2140 4651 2337 4705 horum
2368 4651 2714 4720 aliorumque
2746 4651 3042 4720 gcntileum
3068 4649 3210 4704 deos.

2139 4766 2373 4822 Certum
2408 4765 2644 4834 quidem
2676 4768 2787 4829 est,
2820 4766 2975 4834 quod
3008 4768 3066 4819 et
3095 4764 3205 4835 ipsi
3248 4765 3492 4821 Romani
3525 4766 3717 4840 palam

2073 4856 2426 4922 fatebantur,
2459 4858 2689 4907 terrena
2723 4869 2902 4924 regna
2951 4854 3022 4908 ab
3059 4854 3254 4923 aliquo
3287 4854 3542 4923 institui,
3594 4856 3721 4910 dari

2074 4948 2129 4999 et
2159 4941 2507 5014 dispensari.
2547 4943 2612 4995 At
2642 4958 2706 4995 ea
2736 4947 2996 5013 potestas
3044 4957 3219 5013 penes
3250 4958 3383 4998 eum
3437 4946 3723 4999 duntaxat

2078 5032 2267 5087 solum
2301 5047 2429 5086 esse
2464 5034 2673 5099 potest,
2707 5031 2806 5101 qui
2838 5030 3035 5086 omnia
3068 5030 3302 5087 creavit.
3337 5032 3493 5089 Nulli
3526 5034 3725 5103 itaque

2081 5122 2475 5177 Romanorum
2518 5119 2597 5173 dii
2651 5136 2896 5189 regnum
2952 5120 3188 5192 aliquod
3242 5122 3567 5178 cultoribus
3597 5120 3722 5177 suis

2079 5214 2180 5266 aut
2205 5208 2335 5263 aliis
2366 5218 2623 5278 unquam
2656 5209 2960 5264 dederunt.
2996 5210 3064 5264 Et
3094 5214 3247 5265 certe
3298 5214 3432 5267 ante
3486 5210 3723 5265 illorum

2083 5297 2413 5366 Pontiﬁces,
2447 5296 2971 5362 Quindecimviros,
3001 5297 3211 5367 Salios,
3264 5299 3582 5371 Lupercos,
3614 5300 3722 5353 Ve-

2085 5386 2282 5451 stales,
2318 5385 2387 5440 de
2418 5385 2635 5455 quibus
2668 5402 2773 5441 nos
2805 5385 3029 5455 alibi,et
3060 5392 3193 5442 ante
3225 5403 3428 5443 omnes
3461 5400 3728 5443 romano-

2086 5492 2217 5531 rum
2253 5475 2496 5529 deorum
2555 5475 2879 5541 ministros,
2943 5475 3059 5530 imo
3118 5480 3433 5546 antequam
3494 5474 3599 5530 ulli
3650 5472 3733 5527 dii

2086 5570 2280 5621 Romae
2315 5562 2664 5633 colerentur,
2698 5564 2967 5620 instituta
3002 5565 3233 5619 fuerant
3262 5562 3732 5639 Babyloniorum,

2092 5655 2416 5724 Medorum,
2448 5653 3267 5727 Egyptiorum,Assyriorum,
3290 5657 3347 5709 et
3374 5655 3736 5710 Amazonum

3379 5782 3458 5842 39
