4134 6184
325 330 484 390 1229

1239 331 1314 389 D.
1360 330 1457 390 LE
1502 331 1829 392 NOURRY
1873 326 2527 391 OBSERVATIONES
2568 328 2830 389 ΝονιΕ.

3580 324 3741 389 1230

321 462 435 516 bus
494 460 667 516 etiam
725 459 1237 515 dissertationibus
1292 461 1413 516 haec
1471 466 1528 516 et
1601 460 1715 516 alia
1780 458 2217 527 adhucAtull.
2249 459 2551 530 Apotoget.,
2580 474 2706 529 cap.
2742 459 2829 525 10,
2881 474 2939 529 p.
3000 458 3127 525 330,
3178 461 3233 512 et
3280 473 3408 529 cap.
3460 456 3548 528 25,
3603 472 3740 529 pag.

324 551 492 623 plura
550 548 992 621 explanavimus
1042 551 1349 617 (Dissertat.
1415 552 1471 604 in
1533 549 1724 605 Minui.
1787 550 1972 605 Octav.

324 657 451 711 cap.
489 641 574 703 16,
608 643 716 693 art.
746 639 769 692 1
804 642 861 692 et
894 644 1156 708 seqq.;et
1188 639 1477 694 Dissertat.
1504 640 1559 693 in
1593 639 1973 709 Arnob.,c.18,

325 735 433 785 art.
472 732 493 782 1
531 731 587 783 et
619 744 824 798 seqq.;
859 731 915 781 et
964 727 1242 782 Dissertat.
1295 730 1353 781 in
1405 730 1654 783 Lactant.
1710 746 1837 799 cap.
1883 726 1972 793 32,

324 823 431 874 art.
468 817 541 889 4),
576 816 795 886 quibus
826 814 924 870 alii
979 820 1189 870 nostrae
1241 815 1541 888 religionis
1590 820 1974 872 assertatores

324 924 389 962 ac
424 906 685 960 vindices
733 903 892 959 illam
942 903 1249 975 gentilium
1303 905 1637 975 Opinionem
1686 910 1738 960 et
1795 923 1972 978 argu-

326 995 747 1051 mentationem
778 993 1059 1048 radicitus
1091 998 1498 1050 excusserunt.

922 1118 1151 1174 CAPUT
1186 1119 1374 1174 XXIX.

454 1227 527 1281 De
556 1226 778 1281 deorum
806 1226 1163 1294 imaginibus,
1196 1228 1395 1281 statuis
1424 1230 1475 1281 et
1502 1228 1835 1282 simulacris.

845 1348 1164 1387 ARTICULUS
1206 1349 1447 1388 PRIMUS.

320 1440 523 1509 Quibus
552 1439 899 1507 argumentis
944 1438 1322 1493 Tertullianus
1370 1440 1699 1494 demonstret
1748 1438 1972 1494 colenda

387 1529 501 1565 non
557 1528 672 1566 esse
719 1509 945 1564 deorum
995 1510 1317 1575 simulacra,
1363 1526 1489 1581 quae
1519 1512 1675 1565 nulla
1703 1516 1831 1565 ante
1855 1513 1970 1565 Nu-
2010 1566 2017 1571 ,

384 1599 534 1636 mam
587 1582 957 1652 Pompilium,
1018 1598 1082 1636 ac
1143 1580 1302 1650 longo
1372 1580 1638 1653 deinceps
1713 1587 1968 1650 tempore,

389 1656 581 1709 Romae
607 1657 871 1725 fuerunt;
904 1667 1032 1722 quae
1082 1668 1151 1706 ex
1196 1653 1385 1707 eadem
1436 1656 1670 1708 materia
1719 1670 1785 1708 ac
1833 1655 1973 1707 vitia

384 1727 610 1781 vascula
652 1728 804 1795 facta
853 1728 1045 1789 erant;
1096 1739 1220 1794 qua:
1270 1725 1509 1779 ridicula
1568 1728 1970 1780 consecratione

383 1798 570 1870 fatum
600 1800 949 1870 mutaverunt
978 1811 1310 1870 suum;un
1338 1797 1643 1870 artiﬁcibus
1673 1797 1967 1870 fabricata,

388 1868 564 1924 uariis
592 1869 945 1924 contumeliis
977 1885 1009 1921 a
1058 1869 1244 1939 bestiis
1293 1868 1711 1939 hominibusque
1762 1869 1970 1937 afﬁcie-

385 1941 619 1997 bantur:
652 1957 715 1995 ac
763 1956 928 2010 quam
972 1938 1205 1992 absurde
1254 1940 1433 1994 bestiae
1486 1940 1695 2009 Libero,
1755 1940 1973 2010 Cybele!

384 2016 434 2067 et
464 2014 683 2066 στεῖβετὶ
709 2013 999 2082 applicata:
1028 2012 1161 2065 sint.

385 2104 531 2157 Cum
591 2101 733 2155 satis
791 2116 1084 2171 superque
1142 2100 1609 2154 demonstratum
1664 2099 1739 2154 sit
1794 2098 1972 2153 falsos

318 2192 632 2260 nullosque
664 2206 792 2244 esse
822 2188 1131 2260 gentilium
1166 2189 1325 2253 deos,
1359 2189 1493 2243 inde
1526 2189 1857 2243 necessario
1889 2205 1974 2242 se-

318 2281 525 2350 quitur
553 2296 721 2345 vana,
756 2295 821 2332 ac
850 2276 1011 2332 nullo
1063 2276 1299 2347 penitus
1351 2277 1569 2332 honore
1620 2279 1797 2347 digna
1846 2294 1973 2332 esse

316 2368 559 2422 illorum
596 2366 933 2431 simulacra,
968 2371 1189 2420 statuas
1213 2372 1270 2421 et
1310 2367 1616 2437 imagines.
1652 2369 1784 2431 Quaa
1816 2366 1969 2421 enim

327 2456 462 2511 falsi
520 2456 635 2519 dei,
694 2456 900 2511 1129
964 2455 1077 2509 nisi
1137 2456 1284 2509 falsa
1342 2456 1535 2525 imago
1583 2471 1712 2509 esse
1743 2456 1978 2525 potest?

318 2549 633 2615 Nunquam
686 2560 823 2615 ergo
872 2560 1087 2615 magna
1136 2544 1263 2597 sine
1311 2545 1609 2613 impietate
1660 2543 1872 2598 colitur
1919 2549 1976 2598 et

316 2634 613 2689 adoretur.
662 2632 1063 2688 Tertullianus
1132 2638 1327 2687 tamen
1386 2632 1542 2687 hunc
1601 2632 1970 2687 ethnicorum

319 2739 585 2778 errorem
632 2722 1030 2794 peculiaribus
1080 2721 1435 2792 quibusdam
1484 2720 1744 2792 explodit
1790 2738 1974 2793 expu-

321 2817 580 2885 gnatque
610 2812 959 2879 rationibus,
995 2827 1120 2881 quae
1152 2826 1309 2865 nunc
1341 2826 1373 2865 a
1405 2810 1575 2865 nobis
1618 2809 1974 2880 explicandae

322 2908 484 2957 sunt.

386 2989 517 3044 Jam
548 3006 681 3044 vero
708 2988 875 3042 illum
903 2986 1238 3042 audivimus
1261 2988 1542 3042 dicentem
1562 2986 1725 3043 nulla
1757 2988 1974 3051 Ramm,

320 3083 605 3149 regnante
654 3078 847 3132 Numa
898 3074 1203 3147 Pompilio,
1254 3081 1311 3130 et
1358 3082 1492 3132 ante
1537 3076 1695 3131 illius
1746 3082 1971 3131 atatem

318 3167 472 3222 facta
504 3166 685 3221 fuisse
716 3163 1037 3221 simulacra
1065 3170 1168 3219 aut
1198 3165 1486 3237 imagines
1517 3166 1759 3221 deorum
1811 3169 1962 3236 (Cap.
2000 3200 2042 3266 ρ

319 3272 516 3327 super.
569 3260 677 3309 art.
731 3256 803 3325 1).
856 3275 885 3303 «
937 3254 1163 3307 Etenim
1207 3255 1491 3324 nondum,
1544 3255 1757 3326 inquit,
1797 3259 1967 3309 tunc-

317 3343 553 3415 ingenia
573 3344 902 3399 Graecorum
922 3347 1099 3413 atque
1120 3343 1449 3397 Tuscorum
1475 3344 1765 3414 fingendis
1787 3344 1971 3398 simu-

317 3432 493 3487 lacris
564 3433 771 3488 Urbem
840 3431 1271 3485 inundaverant
1337 3432 1607 3502 (Tertull.
1678 3435 1973 3504 Apotoget.,

319 3537 448 3591 cap.
488 3522 579 3587 25,
612 3536 743 3592 pag.
798 3520 941 3574 430i.
997 3519 1077 3573 Ibi
1129 3535 1262 3574 vero
1312 3518 1571 3576 alludere
1618 3520 1855 3575 videtur
1902 3523 1972 3577 ad

318 3608 571 3676 Tatiani,
626 3609 776 3662 sicut
808 3607 946 3662 alibi
978 3608 1505 3663 animadvertimus
1536 3610 1701 3679 (tom.
1738 3610 1759 3663 Ι
1796 3611 1974 3682 Appa-

320 3702 454 3764 rat.,
489 3713 619 3767 pag.
652 3696 802 3761 543),
835 3700 894 3750 et
923 3694 1172 3750 aliorum
1205 3696 1566 3766 Opinionem,
1607 3699 1707 3768 qui
1758 3699 1977 3754 Tuscos

321 3786 467 3840 artis
512 3784 722 3855 figlinea
774 3784 1350 3855 simulacrorumque
1399 3803 1468 3839 ex
1498 3792 1656 3841 creta
1687 3792 1742 3841 et
1773 3788 1979 3858 argilla

322 3874 732 3945 fingendorum
765 3872 1100 3929 inventores
1126 3874 1308 3929 fuisse
1330 3876 1978 3947 existimabant.Nequc

323 3962 447 4017 haec
475 3968 671 4016 tamen
723 3962 965 4016 deorum
1020 3962 1338 4018 simulacra
1388 3964 1636 4019 Romam
1683 3970 1980 4035 asportata

325 4054 487 4115 sunt,
526 4050 727 4103 statim
761 4056 937 4119 atque
968 4050 1157 4105 Numa
1188 4050 1516 4121 Pompilius
1550 4058 1821 4107 mortuus
1870 4057 1977 4107 est.

324 4138 571 4195 Romani
605 4138 995 4209 siquidem,ut
1027 4138 1300 4194 laudatus
1334 4141 1407 4194 ab
1434 4143 1757 4211 Augustino
1782 4142 1979 4209 Varro,

326 4234 382 4283 et
411 4227 682 4283 Clemens
713 4226 1137 4283 Alexandrinus
1169 4231 1484 4294 testantur,
1518 4231 1657 4285 deos
1692 4247 1831 4285 suos
1883 4246 1985 4301 per

325 4323 565 4372 centum
601 4315 976 4386 septuaginta
1007 4322 1064 4371 et
1094 4316 1353 4389 amplius
1386 4334 1572 4373 annos
1620 4320 1747 4374 sine
1797 4319 1983 4375 simu-

326 4403 501 4460 lacris
560 4403 885 4460 coluerunt.
944 4406 1053 4459 Sed
1113 4407 1183 4461 de
1226 4406 1319 4461 his
1348 4407 1406 4460 in
1440 4408 1753 4477 citatojam
1787 4412 1983 4481 Appa.

330 4499 496 4549 ratus
550 4494 737 4548 nostri
805 4498 963 4549 tome
1023 4494 1461 4566 disputavimus
1516 4496 1726 4567 (ibid),
1785 4499 1983 4570 ibique

2086 549 2230 617 4‘37).
2291 547 2434 602 Alibi
2494 563 2629 602 vero
2689 548 2890 603 eadem
2952 548 3191 601 deorum
3242 546 3579 613 simulacra,
3614 563 3739 617 qua:

2087 637 2357 704 Romani,
2396 641 2459 692 ut
2491 641 2661 692 antea
2692 636 3056 702 dicebamus,
3079 638 3325 690 Romam
3361 635 3419 689 in
3453 634 3742 707 triumphi

2086 742 2361 796 pompam
2397 726 2754 790 deferebant,
2807 724 3065 795 captivos
3123 724 3263 779 deos
3307 723 3580 797 appellat.
3632 724 3739 779 Sed
3800 798 3803 801 γ

2084 831 2514 887 supervacuum
2547 818 2634 869 est
2666 814 2774 869 hoc
2806 813 3075 884 pluribus
3107 813 3337 885 probari
3366 814 3520 885 quod
3543 812 3736 868 abillo

2083 905 2304 976 ubique
2337 904 2555 976 passim
2589 920 2689 975 pro
2720 908 2875 958 certo
2911 902 3351 974 ponitur,atque
3382 919 3516 959 mox
3544 902 3739 958 dicen-

2083 993 2174 1049 dis
2209 993 2578 1050 manifestius
2610 993 2851 1065 patebit.

2154 1086 2383 1149 Quanta
2415 1086 2610 1138 autem
2642 1082 2902 1137 caecitate
2936 1096 2950 1135 :
2983 1080 3125 1135 Deus
3155 1096 3333 1144 verus,
3371 1079 3567 1151 inquit
3613 1078 3733 1152 ille,

2083 1173 2154 1227 ab
2223 1171 2473 1227 ethnicis
2540 1172 2859 1243 spernitur,
2927 1169 3115 1225 eidem
3166 1170 3422 1241 profecto
3492 1170 3734 1225 deorum

2082 1264 2283 1318 statuae
2319 1261 2628 1317 adorantur
2675 1260 2875 1331 (idem,
2926 1258 3228 1329 Apotoget.,
3277 1274 3403 1329 cap.
3455 1258 3545 1329 41,
3597 1275 3730 1331 pag.

2082 1352 2229 1419 488).
2284 1350 2432 1417 Quid
2484 1351 2639 1405 enim
2690 1349 2750 1403 in
2801 1349 2885 1403 eis
2916 1347 3350 1418 deprehendere
3380 1351 3527 1417 erat,
3559 1368 3589 1396 «
3622 1347 3737 1402 nisi

2083 1438 2363 1495 materias
2392 1455 2622 1494 sorores
2685 1453 2814 1493 esse
2879 1436 3248 1491 vasculorum
3307 1435 3736 1491 instrumento-

2084 1543 2336 1598 rumque
2385 1526 2819 1592 communium,
2865 1524 2951 1580 vel
3003 1540 3071 1579 ex
3118 1523 3338 1579 eisdem
3391 1523 3649 1579 vasculis
3680 1527 3739 1580 et

2084 1617 2520 1686 instrumentis,
2544 1616 2714 1687 quasi
2747 1616 2935 1670 fatum
2967 1614 3407 1670 consecratione
3441 1618 3737 1670 mutantes

2082 1705 2321 1761 licentia
2350 1705 2492 1761 artis
2525 1704 3026 1774 transfigurante?
3056 1728 3078 1756 ι
3117 1704 3283 1775 (Ibid.
3318 1720 3445 1774 cap.
3480 1704 3566 1770 12,
3602 1719 3735 1775 pag.

2081 1796 2271 1865 339.).
2340 1795 2533 1850 Palam
2605 1795 2805 1865 itaque
2872 1793 3213 1864 pronuntiat
3280 1792 3735 1849 simulacrorum

2078 1886 2367 1954 materias,
2402 1884 2522 1940 sive
2556 1883 2713 1955 figna
2758 1888 2815 1939 et
2862 1879 3118 1951 metalla,
3172 1881 3390 1952 quibus
3440 1880 3540 1936 illa
3583 1882 3737 1938 facta

2080 1978 2269 2038 erant,
2303 1974 2506 2029 eadem
2538 1972 2742 2039 fuisse,
2778 1976 2953 2042 atque
2980 1969 3354 2025 vasculorum
3406 1974 3461 2025 et
3510 1970 3733 2026 instru-

2082 2066 2434 2129 mentorum,
2469 2078 2597 2133 quaa
2636 2059 2935 2115 communi
2967 2064 3023 2115 et
3054 2060 3407 2131 quandoque
3445 2058 3733 2116 vilissimo

2084 2152 2389 2207 hominum
2453 2151 2586 2206 usui
2637 2150 3117 2205 destinabantur.
3170 2149 3375 2204 Fatum
3424 2149 3622 2221 itaque
3667 2166 3733 2205 ac

2084 2245 2301 2295 sortem
2352 2256 2518 2294 suam
2573 2242 2966 2307 mutaverant,
3019 2237 3273 2308 primum
3308 2237 3545 2309 quidem
3578 2237 3733 2293 arbi-

2082 2330 2194 2383 trio
2225 2332 2281 2383 et
2310 2328 2552 2382 libidine
2584 2327 2875 2381 artificum
2909 2343 2942 2381 a
2972 2326 3188 2397 quibus
3236 2326 3432 2381 efficta
3480 2326 3735 2396 fuerant,

2083 2432 2150 2472 ac
2207 2416 2415 2471 deinde
2443 2415 2692 2470 ridicula
2736 2414 3194 2480 consecratione,
3228 2432 3344 2486 qua
3374 2415 3609 2469 demum
3637 2431 3736 2469 ac-

2086 2510 2272 2577 cepta,
2305 2510 2585 2575 tanquam
2616 2503 2738 2558 veri
2783 2504 2865 2558 dii
2910 2520 2943 2559 a
2987 2502 3306 2575 gentilibus
3367 2501 3733 2559 colebantur.

2084 2595 2194 2650 Sed
2227 2594 2349 2650 haec
2398 2592 2537 2649 alibi
2585 2593 2775 2648 fusius
2825 2591 3120 2664 prosecuti
3169 2608 3377 2647 suetus
3426 2592 3735 2663 (Dissertat.

2083 2687 2144 2739 in
2173 2684 2402 2755 Arnob,
2464 2700 2589 2755 cap.
2654 2684 2740 2749 19,
2801 2684 2910 2736 art.
2972 2681 3051 2751 4),
3112 2682 3317 2736 1131)
3376 2680 3737 2753 planumque

2083 2775 2329 2830 fecimus
2390 2789 2567 2843 quam
2624 2788 2841 2828 vesana
2899 2774 2956 2825 et
3000 2771 3257 2826 absurda
3286 2770 3362 2826 sit
3390 2770 3511 2825 hzec
3540 2770 3737 2827 ethni-

2084 2880 2286 2919 corum
2321 2862 2539 2933 opinio.

2154 2954 2289 3018 Quae
2321 2950 2616 3006 enimvero
2648 2950 2837 3019 major
2867 2948 3110 3004 infamia
3139 2963 3267 3003 esse
3315 2951 3506 3019 potest
3554 2963 3731 3019 quam
3758 3022 3759 3025 η

2081 3041 2280 3096 divino
2329 3040 2549 3095 honore
2598 3039 2878 3111 prosequi
2910 3040 3071 3105 deos,
3103 3039 3202 3109 qui
3230 3037 3500 3108 metallis,
3533 3037 3730 3108 inquit

2082 3129 2496 3194 Tertullianus,
2528 3132 2825 3183 censentur
2855 3126 3121 3198 (Tertull.
3157 3124 3609 3197 Apologet.,cap.
3641 3127 3727 3193 12,

2082 3236 2210 3291 pag.
2244 3218 2396 3286 339.)
2423 3217 2897 3273 subaudiendum
2930 3216 3085 3270 haud
3117 3215 3293 3270 dubie
3323 3217 3429 3269 orti
3457 3224 3509 3270 et
3552 3218 3737 3286 facti?

2080 3307 2381 3363 Juvenalis
2416 3322 2671 3376 namque
2703 3307 2905 3361 eodem
2932 3320 3107 3360 sensu
3132 3303 3241 3359 hoc
3262 3304 3505 3359 verbum
3529 3305 3736 3359 censeri

2083 3395 2373 3463 adhibuit,
2407 3394 2506 3450 ubi
2538 3396 2782 3450 canebat
2810 3410 2822 3448 :

2212 3523 2447 3572 Stemata
2475 3520 2603 3583 quid
2634 3519 2875 3570 faciunt?
2904 3518 3031 3583 quid
3064 3518 3274 3580 prodes,
3306 3518 3544 3577 Pantice,
3573 3516 3737 3581 longo

2211 3585 2483 3647 Sanguine
2512 3584 2760 3633 censeri?
2860 3619 2872 3632 .
2974 3614 2988 3630 .

2941 3616 3206 3728 (.luverial.
3236 3616 3395 3711 .satii'.
3425 3660 3472 3720 8,
3499 3674 3552 3710 γ.
3588 3662 3650 3723 1.)

2162 3791 2240 3844 Ad
2278 3790 2393 3845 haec
2423 3793 2655 3856 vero,ut
2686 3789 2805 3843 hazc
2838 3789 3080 3843 deorum
3110 3786 3430 3843 simulacra
3458 3802 3527 3842 ex
3548 3785 3750 3842 metal-

2088 3878 2162 3934 lis
2194 3880 2416 3943 fierent,
2452 3881 2522 3932 ab
2554 3877 2951 3948 imperatoris,
2982 3877 3083 3947 qui
3120 3878 3329 3931 horum
3383 3882 3507 3930 erat
3557 3876 3745 3930 domi-

2093 3984 2227 4036 nus,
2261 3967 2548 4036 pendebat
2578 3965 2818 4020 arbitrio
2848 3964 3116 4036 (Tertull.
3149 3966 3457 4033 Apoleget.,
3491 3980 3619 4034 cap.
3652 3964 3742 4031 29,

2092 4071 2225 4126 pag.
2260 4054 2406 4125 439).
2442 4054 2546 4109 Pro
2596 4052 2757 4108 illius
2807 4070 2942 4123 ergo
2994 4058 3142 4107 nutu
3194 4069 3259 4107 ac
3308 4052 3609 4108 voluntate
3661 4052 3743 4105 dii

2091 4143 2176 4197 illi
2212 4144 2449 4209 fiebant,
2482 4142 2566 4197 vel
2602 4141 3302 4212 rejiciebantur.Quantio
3333 4140 3576 4211 insuper
3604 4156 3741 4194 con-

2091 4232 2351 4287 tumeliis
2384 4234 2453 4286 ab
2486 4231 2812 4286 artificibus
2863 4231 3168 4301 ﬁnguntur
3217 4227 3746 4299 fabricunturque?

2092 4321 2352 4376 Primum
2384 4323 2553 4386 cruci,
2589 4320 2671 4374 ait
2696 4318 3090 4374 Tertullianus
3123 4319 3305 4389 (lbiu’.,
3338 4333 3465 4387 cap.
3507 4319 3585 4385 l2,
3614 4332 3745 4386 pag.

2093 4411 2239 4480 339),
2271 4426 2334 4464 ac
2362 4411 2535 4480 stipiti
2563 4410 3252 4479 superstruuntnr,asciis
3282 4405 3491 4460 deinde
3540 4403 3749 4458 dolan-

2092 4503 2210 4563 tur,
2244 4503 2300 4553 et
2332 4502 2609 4554 secantur
2648 4496 2923 4562 runcinis,
2980 4496 3099 4551 sive
3155 4494 3333 4550 serris
3393 4493 3742 4563 majoribus,

330 4588 615 4654 prieterea
646 4582 1014 4637 ostendimus
1045 4584 1298 4638 Numam
1343 4585 1621 4653 vetuisse,
1676 4603 1747 4641 ne
1799 4587 1984 4644 ullum
2014 4572 2063 4633 D
2096 4592 2152 4642 et
2207 4588 2467 4654 scabinis,
2502 4586 2559 4640 id
2618 4593 2724 4651 est,
2758 4585 2918 4640 limis
2952 4583 3379 4657 perpoliuntur.
3410 4582 3556 4649 Quid
3590 4598 3744 4649 vero,

332 4671 718 4727 simulacrum
753 4670 942 4726 ullave
973 4671 1167 4743 imago
1200 4673 1381 4727 fieret.

399 4763 508 4817 Per
535 4766 724 4816 totum
758 4761 957 4831 itaque
990 4761 1134 4814 illud
1171 4766 1426 4832 tempus,
1462 4779 1577 4833 quo
1613 4763 1861 4820 Romani
1894 4765 1987 4821 his

332 4854 652 4906 caruerunt
693 4867 705 4905 :
752 4851 913 4919 Deus,
966 4850 1047 4904 ait
1090 4848 1507 4921 Tcrtullianus,
1561 4854 1671 4921 ipse
1718 4870 1987 4924 nusquam

334 4938 596 5010 (Tertull.
635 4939 949 5008 .4potoget.,
982 4955 1109 5008 cap.
1141 4939 1231 5003 25,
1266 4956 1321 5010 p.
1358 4940 1500 5009 430).
1538 4940 1653 4994 Cur
1681 4957 1837 5013 ergo,
1874 4942 1986 4998 nisi

333 5029 475 5099 quia
505 5025 725 5082 ethnici
756 5026 815 5081 in
850 5026 1113 5081 animum
1148 5026 1498 5083 induxerant
1526 5030 1769 5085 deorum
1802 5032 1987 5087 simu-

338 5114 496 5171 lacra
552 5116 745 5186 reipsa
803 5131 942 5170 suos
999 5131 1129 5169 esse
1185 5115 1360 5171 deos?
1417 5117 1483 5171 Et
1529 5134 1661 5173 vero
1721 5120 1986 5177 Clemens

334 5204 789 5273 Alexandrinus,
845 5220 877 5258 a
926 5203 1096 5259 nobis
1139 5204 1313 5260 etiam
1346 5204 1483 5261 alibi
1515 5206 1791 5266 laudatus
1822 5212 1983 5279 (tom.

336 5295 686 5365 IApparat.,
720 5308 854 5365 pag.
900 5292 1049 5364 734),
1102 5292 1257 5348 haud
1307 5293 1647 5352 dubitanter
1695 5306 1988 5356 asseverat

337 5380 765 5453 posterioribus
825 5380 941 5437 illis
990 5383 1353 5454 temporibus
1398 5384 1565 5440 fictos
1620 5388 1691 5442 ab
1741 5389 1985 5445 ethnicis

337 5472 499 5536 deos,
556 5488 701 5541 quos
754 5470 1096 5526 adorabunt.
1148 5472 1537 5538 Quamobrem
1590 5476 1987 5535 Tertullianus

336 5559 473 5617 alibi
547 5559 771 5616 dixerat
828 5561 967 5616 deos
1015 5560 1085 5614 ab
1118 5559 1328 5615 iisdem
1360 5562 1613 5620 ethnicis
1643 5568 1919 5624 aestimari
1954 5586 1987 5625 a

340 5650 598 5725 templis,
634 5649 735 5705 ubi
766 5649 1079 5707 simulacra
1117 5666 1317 5707 eorum
1367 5653 1563 5724 posita
1609 5662 1777 5713 erant
1823 5659 1983 5729 (Ter-

1997 4680 2002 4686 “
2098 4677 2251 4747 quod
2282 4682 2414 4730 ante
2439 4675 2757 4746 plumbum,
2789 4675 2953 4730 addit
2981 4674 3097 4739 ille,
3147 4675 3445 4744 glutinum,
3497 4675 3547 4726 et
3592 4687 3747 4739 gom-

2093 4768 2245 4837 phos,
2283 4766 2464 4821 Graece
2510 4763 2778 4839 γόμφους,
2815 4764 2935 4818 sive
2966 4764 3177 4829 clavos,
3211 4762 3424 4833 quibus
3483 4760 3749 4831 compin-

2098 4861 2339 4927 guntur,
2372 4856 2492 4908 sine
2520 4857 2697 4923 capite
2726 4861 2853 4906 sunt
2886 4852 3015 4906 dii?
3044 4851 3197 4920 )Var.
3231 4850 3332 4905 lib.
3367 4867 3425 4905 IV
3470 4851 3537 4905 de
3589 4850 3745 4918 Ling.

2096 4946 2287 4999 Latin.
2323 4958 2453 5013 pag.
2482 4942 2598 5012 54.)
2634 4942 2833 4999 Nonne
2865 4945 3059 4995 autem
3092 4940 3185 4995 bis
3219 4938 3409 4997 verbis
3458 4938 3751 5011 significat

2098 5030 2398 5087 simulacri
2432 5035 2610 5103 caput
2640 5030 2965 5100 snparatim
2998 5029 3239 5096 factum,
3279 5028 3747 5100 impositumque

2098 5124 2303 5193 postea
2333 5120 2462 5190 ejus
2495 5117 2745 5189 corpori,
2780 5116 3077 5188 clavisque
3108 5117 3193 5172 illi
3226 5117 3513 5172 afﬂixum.

2167 5210 2273 5265 Sed
2311 5210 2483 5264 hasce
2513 5206 2889 5279 ignominias,
2928 5210 2995 5262 ut
3049 5206 3146 5262 ille
3197 5206 3276 5263 ait
3324 5203 3595 5278 (Tertull.
3646 5207 3748 5259 loc.

2096 5302 2215 5370 cit.,
2267 5315 2400 5370 pag.
2431 5297 2579 5369 339),
2613 5296 2674 5351 hi
2719 5300 3060 5368 praestantes
3117 5295 3194 5350 dii
3239 5294 3360 5350 sive
3408 5292 3748 5357 simulacra,

2096 5388 2259 5445 nullo
2315 5387 2445 5443 νὶὶω
2502 5387 2643 5441 ﬂatu
2704 5386 2985 5453 animata,
3038 5402 3149 5440 non
3199 5384 3483 5440 sentiunt.
3533 5382 3751 5436 Statuas

2095 5478 2389 5535 enimvero
2409 5484 2462 5532 et
2482 5475 3007 5547 frigidasimagines
3040 5478 3405 5529 mortuorum
3438 5471 3747 5525 hominum

2096 5566 2408 5633 similimaa,
2471 5564 2624 5621 sicut
2666 5564 3064 5621 fabricationis
3123 5580 3241 5618 suae
3290 5561 3571 5616 dedecore
3628 5574 3744 5613 non

2095 5660 2441 5731 tanguntur,
2506 5655 2588 5711 ita
2645 5669 2751 5711 nec
2810 5652 3181 5710 adorantium
3239 5648 3401 5707 cultu
3469 5652 3529 5705 et
3575 5648 3741 5706 obse-
