4134 6184
404 275 559 334 1233

1341 277 1413 335 D.
1462 277 1559 336 LE
1604 276 1930 338 NOURRY
1976 274 2622 338 OBSERVATIONES
2670 275 2926 335 NOVIE.

3667 276 3820 335 1234

403 407 542 475 tius,
577 405 657 461 ait
706 403 1124 478 Tertullianus,
1175 411 1420 466 fortasse
1470 425 1645 480 quam
1694 409 1888 465 verius
1923 425 1935 464 :
1988 408 2047 463 Si
2077 409 2129 474 Α
2161 411 2248 462 est
2280 423 2482 463 omnes
2517 407 2750 462 illorum
2785 409 2923 462 deos
2949 411 3047 461 aut
3079 406 3431 461 domesticos
3455 409 3511 461 et
3541 401 3817 477 privatos’

400 497 478 550 dii
532 496 884 568 scliguntur,
945 503 1010 553 ut
1071 499 1252 570 bulbi,
1315 501 1519 571 utique
1578 498 1767 554 caeteri
1816 499 2044 571 reprobi

390 586 759 658 judicantur.
803 589 927 642 Non
979 589 1087 644 hoc
1137 591 1286 645 dico.
1339 591 1517 645 Video
1561 589 1716 644 enim
1769 589 1945 644 etiam
1978 606 2046 643 ex

395 676 628 732 selectis
689 677 856 750 seligi
915 679 1145 750 aliquos
1177 682 1246 735 ad
1281 679 1515 750 aliquod
1576 681 1769 750 majus
1803 683 1860 733 et
1898 696 2042 750 prae-

393 765 670 835 stantius,
733 767 886 823 sicut
962 768 1020 824 in
1097 769 1328 840 militia,
1395 786 1527 824 cum
1587 773 1820 840 tyrones
1878 767 2042 822 electi

388 855 626 927 fuerint,
661 872 728 911 ex
767 855 859 912 his
907 873 1138 929 quoque
1185 858 1484 930 eliguntur
1523 857 1592 913 ad
1627 875 1774 929 cpus
1806 857 2040 929 aliquod

388 946 584 1016 majus
616 963 918 1001 armorum
945 989 958 1002 .
995 987 1008 1002 .
1045 987 1059 1001 .
1095 987 1108 1002 .
1133 951 1257 1002 Non
1290 964 1440 1019 opus
1472 952 1558 1002 est
1586 947 1772 1003 multa
1804 963 2039 1018 percur-

387 1049 534 1104 rere,
569 1051 702 1090 cum
757 1052 848 1090 res
893 1037 951 1090 in
1002 1040 1200 1107 aperto
1251 1037 1347 1092 sit.
1403 1037 1793 1102 Quamobrem
1828 1052 1941 1090 non
1973 1051 2040 1089 ex

385 1124 493 1179 hoc
526 1125 682 1195 quod
736 1125 817 1179 dii
849 1142 917 1180 ex
976 1125 1180 1182 multis
1224 1126 1464 1197 quidam
1517 1125 1711 1182 selecti
1762 1130 1920 1193 sunt,
1950 1125 2036 1180 vel

380 1212 450 1281 is,
487 1214 589 1284 qui
644 1215 901 1285 scripsit,
935 1215 1023 1270 vel
1074 1233 1274 1270 eorum
1335 1215 1611 1281 cultores,
1657 1215 1742 1269 vel
1793 1214 1872 1268 dii
1921 1214 2036 1286 ipsi

377 1303 748 1374 vituperandi
798 1308 940 1359 sunt
991 1322 1003 1360 ε
1056 1306 1152 1360 sed
1207 1305 1624 1361 advertendum
1677 1305 1871 1376 potius
1906 1304 2033 1375 qui-

378 1409 516 1448 nam
551 1392 644 1448 isti
678 1392 817 1460 sint,
848 1397 905 1448 et
930 1394 1000 1448 ad
1051 1410 1226 1465 quam
1261 1411 1382 1450 rem
1415 1394 1616 1450 selecti
1660 1395 1970 1449 videantur
2001 1416 2028 1444 »

376 1481 646 1552 (August.
681 1481 782 1538 lib.
814 1498 891 1537 vn
921 1481 986 1536 de
1032 1482 1188 1538 Civil.
1224 1500 1348 1555 cap.
1382 1485 1432 1553 1,
1468 1500 1597 1554 pag.
1635 1485 1777 1554 162).
1814 1488 2030 1538 Verum

378 1571 719 1642 responderi
752 1570 996 1626 forsitan
1032 1571 1238 1643 poterit
1278 1573 1354 1626 ibi
1386 1573 1785 1644 Augustinum
1817 1574 1887 1627 de
1917 1572 2029 1627 diis

376 1661 743 1716 ethnicorum
777 1660 1465 1717 selectis.Tertullianum
1491 1679 1620 1717 vero
1644 1663 1714 1716 de
1745 1678 2030 1732 quorum-

375 1749 517 1805 libet
568 1751 811 1806 deorum
867 1750 1202 1806 simulacris
1270 1751 1443 1806 citato
1520 1751 1644 1806 loco
1703 1752 2024 1822 disputare.
2064 1783 2109 1848 Β

373 1840 483 1894 Sed
517 1839 796 1910 objicient
818 1839 917 1894 alii
948 1839 1395 1910 ethnicos,sicut
1417 1840 1696 1910 diximus,
1717 1839 2033 1895 credidisse

334 2000 341 2008 .
377 1928 498 1983 haec
529 1928 657 2000 ipsa
697 1928 1008 1984 simulacra
1056 1946 1194 1984 suos
1243 1945 1369 1984 esse
1421 1930 1580 1984 deos.
1611 1930 1695 1984 Ad
1730 1930 1846 1983 haec
1877 1945 2030 1994 vero,

374 2019 640 2088 quamvis
689 2019 759 2073 de
819 2019 1131 2088 utriusque
1179 2035 1291 2073 non
1349 2020 1552 2074 eodem
1595 2035 1827 2090 semper
1859 2020 2030 2074 modo

370 2106 769 2178 loquerentur,
815 2125 930 2162 non
985 2108 1228 2163 minoris
1282 2111 1477 2163 tamen
1535 2109 1761 2162 roboris
1802 2109 2029 2162 videtur

369 2197 686 2269 Augustini
741 2196 800 2251 in
853 2197 1282 2252 Tertullianum
1314 2197 1766 2268 argumentatio.
1808 2201 2025 2252 Verum

367 2286 565 2358 negari
601 2303 714 2341 non
747 2291 937 2357 potest
983 2286 1152 2357 longe
1186 2287 1376 2356 majus
1423 2303 1550 2341 esse
1586 2285 1742 2341 illius
1776 2287 2023 2358 pondus,

368 2377 415 2430 si
450 2377 822 2447 Augustinus
855 2376 925 2429 ad
960 2392 1027 2430 ea
1057 2377 1394 2447 respexerit,
1428 2393 1553 2446 quae
1585 2379 1799 2430 Auctor
1828 2380 2027 2431 noster

365 2465 423 2520 in
456 2465 624 2520 libris
654 2465 723 2520 ad
755 2467 1038 2531 Nationes,
1085 2469 1286 2520 contra
1340 2465 1617 2520 Varronis
1676 2465 1740 2520 de
1779 2467 2023 2536 ipsismet

364 2553 480 2609 dlis
528 2554 764 2609 selectis
824 2555 1173 2609 sententiam
1208 2553 1398 2608 fusius
1453 2554 1776 2624 disputavit
1824 2554 1944 2622 (lib.
1981 2573 2020 2609 ιι

363 2643 436 2698 ad
466 2645 713 2710 Nattam,
748 2660 874 2714 cap.
908 2645 987 2713 9),
1022 2649 1197 2715 atque
1229 2644 1298 2697 ad
1331 2643 1451 2698 haec
1483 2643 1858 2714 potissimum
1890 2645 2019 2714 ejus

362 2733 587 2788 verba:
640 2756 666 2782 ‹‹
703 2733 761 2788 Si
815 2737 1003 2788 certos
1062 2732 1279 2787 ethnici
1336 2733 1474 2788 deos
1519 2733 1833 2797 habebant,
1883 2750 2017 2788 con-

361 2823 503 2876 tenti
538 2839 666 2877 esse
722 2822 1070 2888 debuerunt,
1108 2838 1212 2877 nec
1272 2821 1487 2876 electos
1541 2821 1891 2876 desiderare.
1950 2828 2014 2877 1n

362 2927 478 2982 quo
535 2913 710 2967 etiam
773 2910 1081 2981 irreligiosi
1142 2911 1679 2982 deprehenduntur.
1736 2912 1793 2966 Si
1858 2912 2014 2967 enim

360 3000 462 3066 dii,
499 3006 561 3055 ut
590 3000 768 3056 vultis
817 2999 1188 3072 seliguntur;
1236 3000 1334 3070 qui
1377 3017 1490 3054 non
1542 3000 1892 3071 seliguntur,
1928 3017 2014 3056 re-

358 3089 526 3161 probi
558 3090 1013 3161 pronuntiantur
1044 3111 1071 3137 »
1134 3089 1336 3160 (lbzd.).
1377 3089 1686 3144 Nonnullis
1716 3094 1910 3144 autem
1933 3090 2015 3145 ita

2158 503 2259 552 aut
2291 514 2638 553 communes
2670 503 2724 552 et
2758 497 3023 569 publicos
3059 497 3260 551 fuisse.
3295 495 3472 550 Primi
3507 501 3700 552 autem
3735 495 3812 551 la-

2157 603 2246 642 res
2279 592 2334 643 et
2378 592 2618 658 penates
2666 587 3046 654 vocabantur,
3081 603 3228 656 quos
3264 585 3675 656 unusquisque
3708 586 3810 640 do-

2156 678 2233 731 mi
2279 680 2559 743 scrvatos,
2604 676 2716 730 ritu
2764 675 3038 746 peculiari
3091 676 3278 730 colere
3328 675 3549 730 solebat
3606 675 3803 745 (idem,

2152 767 2450 837 Apologet.,
2495 783 2620 837 cap.
2667 766 2752 830 13,
2789 781 2922 836 pag.
2982 765 3108 830 344,
3163 771 3218 818 et
3266 764 3418 818 lib.1
3462 765 3534 819 ad
3559 766 3804 829 Nattam,

2151 874 2277 929 cap.
2305 860 2411 930 10).
2440 860 2514 914 De
2550 856 2857 930 penatibus
2892 859 3088 910 autem
3120 855 3240 911 haec
3271 860 3411 910 sunt
3439 854 3653 910 Tibulli
3687 873 3804 910 car-

2151 963 2310 1002 mina
2342 965 2354 1001 Ξ

2308 1072 2374 1127 At
2402 1072 2513 1114 mihi
2538 1072 2780 1127 contingat
2810 1070 2989 1126 patrios
3017 1069 3264 1127 celebrare
3297 1074 3504 1127 penates.

2304 1125 2619 1181 Reddereque
2649 1123 2836 1180 antiquo
2867 1129 3110 1168 menstrua
3135 1125 3278 1166 thura
3298 1123 3409 1166 lari.

2794 1196 2984 1250 (Tibull.
3012 1195 3143 1245 um,
3176 1195 3296 1250 eleg.
3327 1194 3367 1246 3,
3397 1207 3443 1239 ν.
3474 1195 3563 1248 33.)

2143 1305 2463 1371 Addamus,
2499 1304 2546 1359 si
2579 1303 2760 1369 lubet,
2789 1308 2845 1358 et
2877 1303 2988 1358 ista
3018 1321 3050 1358 a
3082 1303 3313 1372 Virgilio
3347 1303 3502 1357 edita
3535 1321 3546 1358 :

2301 1420 2644 1476 Quinquaginta
2673 1419 2795 1462 intus
2820 1419 3028 1469 famulae,
3054 1418 3220 1473 quibus
3249 1418 3414 1462 ordine
3447 1418 3590 1474 longo

2297 1487 2417 1529 Cura
2446 1497 2619 1542 penum
2648 1490 2847 1532 struere,
2880 1489 2927 1527 et
2952 1485 3158 1526 (laminis
3187 1483 3384 1527 adolere
3413 1488 3607 1538 penates

2880 1554 3077 1611 (Virgil.
3110 1555 3186 1599 lib.
3214 1566 3232 1599 Ι
3255 1555 3443 1603 [Εγιρίίί.
3474 1567 3519 1601 ν.
3551 1553 3664 1608 708.)

2139 1664 2219 1720 De
2251 1663 2475 1720 laribus
2508 1681 2640 1721 vero
2671 1664 2972 1719 Juvenalis
3003 1663 3211 1720 cecinit
3237 1683 3250 1721 :

2299 1791 2338 1836 Ο
2369 1791 2503 1845 parvi
2532 1789 2777 1845 nostrique
2807 1789 2949 1840 lares,
2980 1802 3102 1845 quos
3134 1791 3272 1833 thure
3304 1791 3496 1840 minuto,

2303 1853 2402 1897 Aut
2429 1853 2572 1899 farre,
2604 1857 2684 1896 aut
2712 1852 2836 1896 tenui
2859 1852 2997 1895 soleo
3027 1864 3270 1895 exornare
3298 1865 3497 1900 corona.

2890 1924 3121 1979 (Juvenal.
3148 1926 3280 1971 satir.
3310 1927 3350 1978 9,
3377 1926 3478 1971 sub.
3504 1927 3606 1982 fin.)

2140 2033 2312 2088 Plura
2341 2037 2534 2088 autem
2568 2035 2638 2088 de
2671 2033 2980 2105 utriusque
3003 2035 3217 2105 saepius
3249 2035 3448 2090 stricto
3480 2036 3792 2108 solutoque

2137 2140 2405 2178 sermone
2437 2123 2508 2177 ab
2539 2123 2787 2178 ethnicis
2821 2124 3127 2179 decantata
3159 2125 3270 2178 huc
3302 2141 3612 2195 congerere
3643 2127 3788 2180 nihil

2137 2228 2371 2268 necesse
2404 2216 2509 2267 est.
2543 2212 2759 2267 Verum
2820 2229 2886 2268 ea
2934 2213 3042 2267 fuit
3099 2215 3438 2270 eorumdem
3475 2216 3787 2286 gentilium

2135 2303 2348 2357 mentis
2380 2302 2791 2367 inconstantia,
2826 2301 2996 2373 isque
3021 2302 3235 2373 impios
3266 2304 3508 2358 deorum
3541 2322 3784 2360 suorum

2133 2396 2523 2462 contemptus,
2551 2396 2614 2446 ut
2645 2408 2791 2462 quos
2823 2391 2922 2444 diu
2947 2391 3267 2458 coluerunt,
3286 2394 3782 2464 domesticam,in-

2134 2481 2258 2552 quit
2288 2479 2707 2546 Tertullianus,
2742 2480 2801 2534 in
2835 2480 2995 2550 ipsos
3036 2486 3402 2536 excercerent
3432 2488 3781 2554 potestatem

2132 2591 2160 2618 ‹‹
2194 2569 2575 2640 pignerando,
2629 2569 3004 2634 venditando,
3046 2570 3424 2640 demutando,
3462 2569 3778 2642 aliquando

2131 2657 2189 2712 in
2222 2658 2569 2713 cacabulum
2603 2658 2673 2712 de
2705 2659 2974 2722 Saturno,
3005 2657 3065 2712 in
3100 2658 3337 2714 trullam
3367 2661 3439 2715 de
3470 2661 3776 2717 Minerva»

2128 2745 2386 2816 (Tertull.
2420 2748 2721 2816 Apologet.,
2747 2764 2873 2818 cap.
2901 2748 3046 2814 344).
3071 2747 3578 2811 Quemadmodum
3603 2752 3782 2823 igitur

2127 2835 2377 2906 gentiles
2417 2851 2485 2890 ex
2533 2836 2770 2890 vasibus
2803 2836 3086 2891 vilissimo
3121 2837 3274 2900 usui,
3328 2842 3391 2892 ut
3439 2844 3613 2894 antea
3643 2841 3784 2895 vidis

2128 2941 2284 2990 mus,
2319 2924 2626 2979 destinatis
2658 2923 2998 2994 simulacra,
3033 2925 3152 2979 sive
3184 2927 3342 2994 deos,
3397 2927 3477 2981 ita
3507 2929 3682 2983 etiam
3714 2947 3782 2986 ex

2125 3013 2218 3070 his
2251 3013 2361 3069 alia
2390 3031 2530 3069 vasa
2557 3014 2811 3085 posthaec
2834 3015 3148 3085 fingebant,
3174 3023 3272 3069 aut
3301 3033 3368 3070 ea
3399 3016 3781 3086 pignerabant

2127 3107 2226 3157 aut
2265 3103 2664 3158 venditabant.
2720 3107 2798 3156 Ex
2843 3105 3088 3158 Saturno
3133 3104 3312 3170 enim,
3365 3105 3484 3160 sive
3541 3110 3777 3164 Saturni

359 3151 378 3161 ,
558 3151 574 3161 ,
1139 3151 1147 3158 .
1299 3151 1307 3160 ,
2128 3151 2225 3157 __-
2277 3151 2664 3158 .---------_----
2720 3151 2798 3156 _-_
2843 3151 3085 3158 -_-_----
3136 3151 3312 3170 -----..,
3365 3151 3483 3160 -..ν
3541 3151 3777 3164 κως-..η

359 3196 708 3250 Persuasum
747 3179 855 3234 Ϊυίί
888 3180 1042 3233 hunc
1088 3178 1282 3233 locum
1328 3179 1399 3233 ab
1438 3179 1763 3249 Αυὲυείίοο
1796 3180 2009 3247 Dom“:
2042 3151 2085 3219 C
2122 3193 2440 3248 simulacro
2465 3191 2796 3248 formabant
2826 3191 3136 3261 aliquando
3160 3193 3504 3250 cacabulum
3529 3196 3648 3252 sive
3673 3199 3778 3252 mi-

360 3274 425 3323 ut
457 3286 590 3323 eum
614 3268 818 3332 secuti,
843 3269 902 3322 in
936 3268 1042 3324 hoc
1073 3271 1231 3322 textu
1263 3285 1362 3339 pro
1393 3269 1569 3324 verbo
1599 3269 1764 3324 vultis
1797 3285 2007 3324 nomen

355 3357 514 3412 bulbi
543 3358 822 3412 audacter
853 3356 1242 3426 reposuerint.

427 3465 636 3518 Contra
666 3469 861 3519 tamen
894 3463 1138 3519 instabit
1168 3461 1380 3534 aliquis
1418 3461 1863 3531 Tertullianum,
1897 3465 2005 3519 etsi

351 3555 414 3607 in
475 3554 813 3624 Apologetico
880 3554 949 3607 de
1021 3553 1264 3607 deorum
1325 3551 1659 3607 simulacris
1732 3554 2004 3620 disserat,

352 3659 422 3698 ex
451 3643 570 3698 illis
603 3643 1014 3707 nihilominus,
1058 3659 1184 3713 qua:
1217 3641 1432 3697 ethnici
1467 3643 1604 3696 deos
1645 3659 1772 3697 esse
1801 3644 2004 3715 opina-

351 3732 588 3796 bantur,
651 3733 917 3788 eamdem
968 3736 1142 3803 atque
1199 3731 1258 3786 in
1315 3731 1462 3786 libro
1505 3731 1576 3786 ad
1633 3734 1886 3787 Nationes
1935 3734 2005 3788 de

349 3821 464 3877 diis
513 3822 658 3893 ipsis
707 3821 936 3877 selectis
983 3821 1134 3876 hanc
1183 3820 1454 3876 intulisse
1512 3820 1947 3876 conclusionem
1987 3838 1999 3876 ε

350 3933 380 3962 ι(
416 3915 612 3966 Status
643 3911 733 3966 dei
767 3911 1050 3980 cujusque
1082 3909 1140 3965 in
1174 3915 1414 3965 senatus
1445 3910 1829 3965 aestimatione
1863 3928 2002 3982 pen-

347 4001 544 4056 debat.
606 4000 759 4055 Deus
816 4017 930 4055 nou
989 4005 1132 4067 erat,
1186 4015 1360 4071 quem
1419 3999 1593 4054 homo
1627 4001 1830 4054 1133
1865 4017 2001 4056 con-

345 4089 540 4145 sultus
573 4089 859 4145 noluisset
891 4113 920 4138 »
965 4090 1165 4155 (Idem,
1225 4090 1524 4160 Apologct.,
1583 4106 1705 4159 cap.
1743 4090 1830 4156 13,
1866 4106 1998 4161 pag.

343 4180 490 4247 344).
551 4183 767 4234 Verum
835 4178 886 4234 is
946 4179 1412 4234 animadvertere
1472 4179 1643 4233 debet
1688 4177 1779 4233 his
1809 4179 1998 4234 verbis

343 4285 460 4325 non
493 4269 756 4324 denotari
782 4269 922 4324 deos
955 4268 1221 4335 selectos,
1254 4270 1354 4323 sed
1383 4268 1725 4339 quorumvis
1757 4269 1998 4323 deorum

343 4359 682 4424 simulacra,
717 4375 844 4430 quae
877 4357 1119 4424 ethnici,
1153 4357 1236 4412 uti
1270 4357 1364 4411 ille
1396 4358 1613 4412 ibidem
1647 4358 1994 4429 adjecit,pro

339 4447 508 4502 libito
561 4448 890 4520 pignerare,
924 4447 1193 4512 vendere,
1225 4445 1560 4512 immutare,
1593 4447 1856 4518 frangere
1890 4465 1995 4518 po-

2119 3297 2231 3337 nus
2317 3281 2622 3349 cacabum,
2697 3283 2849 3351 quod
2909 3285 3056 3337 teste
3119 3284 3392 3350 Varrone,
3467 3303 3567 3341 vas
3628 3292 3772 3357 erat,

2117 3391 2146 3421 «
2189 3370 2288 3424 ubi
2348 3369 2542 3425 cibum
2602 3371 2970 3440 coquebant;
3004 3372 3074 3425 ab
3106 3389 3170 3426 eo
3203 3374 3482 3428 cacabum
3515 3376 3774 3446 appella-

2115 3463 2313 3514 runt»
2350 3459 2532 3528 (Varr.
2587 3458 2687 3514 lib.
2747 3477 2821 3526 1v,
2866 3460 2932 3514 de
2981 3461 3136 3531 Ling.
3170 3462 3314 3528 Lat.,
3370 3465 3538 3535 §27).
3575 3465 3773 3521 Trulla

2113 3564 2248 3603 vera
2278 3565 2378 3604 vas
2411 3548 2705 3620 potorium
2759 3553 2903 3614 erat,
2935 3550 3017 3604 uti
3069 3567 3136 3604 ex
3185 3551 3278 3607 his
3331 3557 3492 3622 patet
3544 3556 3770 3610 Horatii

2113 3637 2381 3694 versibus
2417 3653 2428 3690 :

2379 3769 2468 3822 Qui
2500 3770 2822 3815 Veientanum
2855 3769 2989 3813 festis
3018 3775 3184 3826 potare
3213 3772 3380 3818 diebus

2378 3832 2624 3889 Campana
2651 3832 2821 3876 solitus
2845 3832 3005 3877 trulla.

2727 3903 2910 3956 (Horat.
2945 3903 3022 3948 lib.
3056 3916 3102 3956 ιι,
3135 3905 3268 3948 satir.
3302 3907 3341 3958 3,
3373 3920 3417 3952 ν.
3451 3908 3561 3962 113.)

2111 4026 2271 4089 Quod
2322 4025 2558 4096 quidem
2603 4044 2636 4081 a
2697 4027 2976 4082 Juvenale
3034 4030 3422 4084 confirmatur
3474 4033 3762 4102 (Juvenal.

2109 4115 2276 4169 satir.
2317 4116 2368 4183 3,
2402 4131 2454 4168 ν.
2490 4116 2633 4184 112).
2685 4115 3011 4186 Aliquando
3045 4122 3239 4172 tamen
3269 4119 3502 4174 videtur
3532 4122 3602 4175 ab
3636 4123 3764 4178 aliis

2107 4203 2288 4274 accipi
2322 4220 2425 4275 pro
2467 4221 2622 4271 vase,
2674 4221 2788 4274 quo
2841 4210 3080 4274 ventris,
3125 4207 3277 4262 sicut
3309 4208 3421 4263 alia
3451 4210 3510 4264 in
3542 4211 3760 4267 disser-

2103 4294 2322 4349 tatione
2353 4295 2720 4350 ostendimus
2776 4296 3083 4365 (Dissertat.
3117 4299 3174 4350 in
3225 4299 3451 4364 Arnob.,
3487 4317 3613 4371 cap.
3650 4301 3755 4357 ult.

2104 4387 2212 4438 art.
2258 4383 2655 4453 ult.),II34
2715 4401 2861 4439 onus
2921 4386 3342 4457 deponebatur.
3403 4390 3511 4444 Sed
3573 4390 3760 4461 priore

2104 4489 2280 4527 sensu
2314 4490 2346 4528 a
2374 4473 2733 4528 Tertulliano
2758 4479 3062 4544 acceptum
3092 4475 3271 4530 fuisse
3301 4493 3366 4532 eo
3401 4479 3630 4534 facilius
3662 4498 3760 4535 no-

343 4542 554 4633 εθνξωὶ·
600 4542 670 4633 ξι
713 4535 775 4633 id
811 4536 937 4633 Sil)"
969 4534 1206 4633 illorum
1256 4535 1466 4633 Ρνοδξο
1499 4539 1555 4590 et
1586 4536 1866 4633 dedecf’m
1897 4553 1994 4591 ηε·
2024 4528 2071 4591 D
2104 4560 2193 4616 bis
2224 4562 2586 4632 probabitur,
2611 4564 2765 4633 quod
2798 4528 3024 4619 devase
3051 4528 3129 4619 ad
3161 4528 3325 4622 cibos
3343 4528 3757 4626 conficiendos

341 4627 548 4697 quibat
605 4625 764 4693 fieri;
839 4629 1015 4696 atque
1078 4629 1214 4680 tunc
1276 4625 1527 4679 maxime
1584 4627 1818 4695 quando
1878 4643 1993 4681 uno

339 4716 670 4786 reprobato,
703 4713 861 4768 aliud
895 4713 1237 4786 eligebatur.
1291 4714 1493 4768 Nonne
1524 4714 1700 4768 etiam
1742 4715 1854 4769 dici
1890 4733 1994 4787 po-

336 4810 453 4860 test
504 4804 859 4876 argumenti,
895 4803 1030 4858 inde
1087 4821 1120 4858 a
1157 4802 1517 4857 Tertulliano
1558 4803 1736 4870 ducti,
1772 4804 1887 4859 vim
1934 4805 1991 4860 in

336 4911 404 4950 eo
437 4893 687 4966 positam
720 4909 870 4959 esse,
904 4894 1060 4964 quod
1090 4893 1444 4964 quicumque
1476 4893 1555 4947 dii
1596 4894 1916 4964 finguntur,
1953 4893 1993 4948 ii

338 4989 442 5040 aut
481 4983 914 5054 omnipotentes
946 4998 1076 5038 esse
1106 4983 1342 5049 debent,
1376 4985 1476 5038 aut
1527 4981 1668 5036 nulli
1701 4982 1780 5036 dii
1831 4987 1988 5038 sunt.

335 5075 406 5129 At
427 5089 543 5128 non
570 5073 726 5128 inter
746 5072 944 5144 plures
966 5071 1416 5143 omnipotentes,
1445 5072 1544 5127 sed
1579 5073 1726 5127 bene
1752 5073 1988 5142 quidem

337 5163 492 5218 inter
522 5167 757 5235 tyrones
788 5167 845 5220 et
876 5161 1092 5218 milites
1115 5179 1269 5218 unus
1296 5161 1558 5230 validior,
1588 5162 1783 5233 potius
1814 5179 1989 5234 quam

338 5252 507 5320 alter,
539 5257 730 5324 potest
759 5252 860 5308 seli
869 5253 948 5324 gi.

405 5362 692 5416 Caeterum
725 5359 774 5414 si
805 5363 928 5415 tota
956 5359 1077 5414 hac
1099 5359 1530 5430 argumentatio
1550 5359 1785 5414 infirma
1817 5359 1987 5430 plane

334 5449 441 5504 tibi
473 5449 758 5517 videatur,
795 5448 972 5504 aliam
1018 5448 1090 5504 ab
1143 5447 1244 5503 illo
1300 5449 1515 5520 accipe,
1561 5466 1735 5520 quam
1784 5450 1983 5520 procul

337 5538 518 5594 dubio
563 5538 803 5608 majoris
859 5538 1134 5609 ponderis
1190 5554 1318 5592 esse
1375 5538 1669 5593 fateberis.
1725 5539 1981 5608 Constat,

338 5630 556 5703 inquit,
587 5630 787 5688 omnia
815 5629 1124 5703 gentilium
1153 5628 1491 5701 simulacra,
1522 5629 1611 5686 vel
1643 5629 1795 5700 quod
1825 5629 1980 5686 idem

2102 4649 2321 4706 ibidem
2356 4651 2584 4707 locutus
2616 4653 2795 4707 sit.De
2829 4652 3004 4708 trulla
3036 4659 3228 4709 autem
3262 4661 3319 4711 et
3349 4658 3624 4714 cacabulo
3653 4659 3758 4714 ali-

2103 4739 2242 4809 quid
2276 4740 2333 4794 in
2367 4741 2542 4796 citata
2575 4741 2984 4796 dissertatione
3016 4743 3292 4800 diximus.

2174 4829 2330 4884 Duas
2363 4847 2532 4901 porro
2566 4831 2638 4885 ob
2680 4847 2922 4885 caussas
2955 4831 3011 4884 hi
3046 4833 3149 4897 dii,
3183 4833 3302 4888 sive
3334 4836 3651 4893 simulacra
3684 4839 3754 4894 ab

2101 4917 2353 4972 ethnicis
2403 4919 2893 4986 immutabantur,
2939 4921 3401 4991 pignerabantur
3431 4931 3488 4981 et
3546 4930 3753 4984 vende-

2099 5009 2336 5062 bantur.
2363 5014 2441 5062 Ac
2467 5009 2656 5080 prima
2689 5009 2924 5079 quidem
2959 5017 3100 5076 erat,
3127 5013 3314 5085 inquit
3339 5017 3751 5086 Tertullianus,

2107 5117 2133 5149 α
2165 5102 2226 5152 ut
2258 5098 2508 5171 quisque
2561 5099 2707 5154 deus
2757 5100 3066 5170 contritus,
3109 5107 3282 5173 atque
3332 5111 3611 5161 contusus
3643 5113 3753 5174 est,

2099 5187 2239 5242 dum
2274 5189 2373 5242 diu
2409 5187 2618 5243 colitur
2644 5211 2662 5235 ν
2693 5188 2955 5259 (Tertull.
2990 5191 3287 5260 ApalogeL,
3323 5213 3449 5266 cap.
3481 5196 3752 5264 344).Ιίει-

2099 5293 2211 5347 que
2240 5277 2406 5331 illum
2439 5278 2634 5347 deum,
2667 5283 2895 5333 vetuste
2935 5296 3193 5348 exesum,
3229 5289 3329 5338 aut
3359 5287 3751 5340 deformatum

2096 5364 2560 5434 rejiciebant,aut
2591 5368 3035 5422 commutabant
3067 5370 3124 5423 in
3159 5371 3336 5428 aliud.
3363 5375 3553 5429 Altera
3574 5392 3753 5428 causa

2095 5458 2222 5509 erat
2256 5470 2269 5508 :
2304 5478 2330 5504 «
2370 5454 2440 5508 Ut
2469 5455 2720 5527 quisque
2753 5457 2926 5511 deum
2971 5460 3322 5515 sanctiorem
3357 5468 3628 5532 expertus
3660 5468 3753 5518 est

2095 5543 2478 5598 domesticam
2514 5547 2940 5603 necessitatem.
2969 5565 2996 5597 ι»
3041 5548 3124 5603 lta
3146 5550 3377 5618 quidem
3411 5551 3697 5622 Rigaltius
3734 5553 3747 5591 ε

2094 5632 2156 5688 in
2195 5633 2551 5692 Frobeniana
2583 5651 2714 5692 vero
2746 5635 2998 5691 editione
3034 5653 3046 5690 :
3105 5661 3124 5687 α
3158 5639 3228 5694 Et
3259 5640 3508 5710 quisque
3551 5641 3746 5697 domi-
