4134 6184
468 327 625 389 1235
986 327 1514 389 TEBTULLIANI
1562 326 1886 388 OPERUM
1929 325 2129 387 PARS
2173 324 2222 389 l.
2255 354 2333 367 --
2364 322 2640 385 SERIES
2684 323 2731 400 Ι,
2780 324 3338 388 APOLOGETICA.
3684 329 3816 388 1136

476 476 640 517 num.
678 478 701 510 ι
723 459 929 516 Melius
951 460 1011 515 in
1043 459 1172 516 aliis
1202 460 1564 515 editionibus
1594 464 1651 515 et
1680 460 1957 515 omnibus
1988 461 2117 515 ine-
2144 462 2199 527 Α
2229 457 2427 527 tigales
2470 471 2725 528 quoque,
2755 455 2946 527 inquit
3002 456 3424 525 Tertullianus,
3460 458 3793 516 habebantur
3832 487 3843 535 ;

474 550 615 605 ditis
644 549 1077 621 exemplaribus
1102 549 1317 604 nostris
1340 567 1353 604 :
1380 572 1399 597 α
1428 548 1499 603 Ut
1522 550 1772 620 quisque
1802 549 2124 605 dominus»
2240 548 2378 619 quia
2429 564 2531 618 pro
2576 544 3002 617 quinquennali
3037 546 3096 601 in
3148 546 3406 603 hastario
3437 563 3609 615 mora,
3638 547 3841 621 aliquod

471 639 633 694 illius
662 638 935 695 videlicet
988 640 1080 693 dei
1138 646 1195 694 et
1225 637 1545 705 simulacri,
1582 638 1999 693 «sanctionem
2034 655 2131 693 ex-
2239 635 2576 691 solvebatur
2608 633 2877 705 vectigal,
2919 650 2985 689 ac
3029 635 3315 691 tributum
3352 636 3551 705 (Idem,
3581 639 3842 708 Apologet.,

478 732 680 800 pertus
728 734 819 784 est
865 729 1250 784 domesticam
1296 728 1702 783 necessitatem
1736 748 1762 777 ››
1797 730 1946 798 (cap.
1982 730 2129 791 345‘).
2240 740 2368 795 cap.
2405 726 2490 791 13,
2526 741 2580 795 p.
2614 724 2760 795 344).
2791 726 3018 789 Quanto
3051 724 3251 796 igitur,
3283 727 3487 782 amabo
3518 728 3843 792 te,dedecore

476 817 586 873 Sed
619 818 783 888 quid,
808 818 1037 890 rogabit
1061 817 1297 887 aliquis,
1331 833 1544 872 nomen
1577 818 1906 873 sanctiorem
1938 817 2013 872 ibi
2049 818 2135 871 si-
2240 816 2298 869 et
2328 813 2639 885 approbrio
2672 812 2870 867 miseri
2902 812 2987 867 illi
3037 813 3114 868 dii
3173 814 3499 869 efﬁciebant
3523 818 3543 871 ?
3570 816 3681 881 Quo
3708 816 3840 871 enim

478 907 721 978 gniﬁcat
744 907 771 961 ?
811 907 1188 978 Respondent
1220 904 1487 961 nonnulli
1538 906 1683 960 nihil
1717 906 1875 961 aliud
1909 905 2133 961 Tertul-
2244 902 2415 957 modo
2445 902 2516 957 ad
2549 918 2649 957 eos
2681 902 3020 958 vendendas
3058 906 3114 957 et
3145 903 3419 959 emendos
3459 902 3589 957 illuc
3631 902 3761 958 itum
3802 905 3844 959 si

477 995 704 1052 lianum
735 996 850 1051 sibi
878 996 1156 1063 voluisse,
1192 995 1300 1050 nisi
1335 996 1488 1050 hunc
1531 997 1701 1051 deum
1737 1014 1766 1051 a
1795 1012 2049 1068 paupere
2072 995 2137 1050 il-
2243 1006 2471 1062 quaeras
2504 1005 2517 1045 :
2563 1012 2591 1041 ‹‹
2622 989 2713 1045 Sic
2760 990 3129 1062 Capitolium,
3179 1010 3203 1039 ι
3240 992 3604 1064 respondebit
3642 992 3842 1047 Tertul-

474 1083 592 1141 lius
619 1084 855 1140 domino
889 1085 1081 1151 vendi,
1101 1084 1195 1141 cui
1229 1102 1336 1139 sua
1368 1084 1684 1139 necessitas
1716 1089 1771 1139 et
1801 1084 1997 1156 inopia
2021 1082 2133 1139 sibi
2241 1078 2459 1146 lienus,
2491 1080 2616 1135 «sic
2641 1078 2935 1135 olitorium
2967 1080 3154 1135 forum
3177 1080 3395 1152 petitur
3416 1103 3444 1131 ››
3467 1081 3657 1151 (Idem,
3686 1081 3841 1152 ibid).

473 1175 736 1242 sanctior,
771 1190 949 1245 quam
985 1175 1129 1230 deus
1178 1191 1324 1229 suus
1355 1173 1679 1229 videbatur.
1712 1174 2131 1229 Necessitatem
2243 1167 2437 1223 Minus
2480 1168 2627 1224 bene
2667 1169 2724 1223 in
2770 1168 3127 1239 quibusdam
3182 1169 3357 1224 editis
3389 1187 3401 1225 :
3432 1169 3493 1225 Si
3525 1209 3535 1221 .
3579 1211 3591 1223 .
3634 1172 3734 1236 .si,
3762 1186 3845 1241 pro

470 1264 627 1319 enim
660 1263 1015 1319 sanctiorem
1050 1262 1241 1318 vocari
1274 1266 1483 1332 putant
1510 1261 2136 1325 extremam,maxime-
2240 1259 2336 1313 sic.
2381 1299 2393 1311 .
2443 1298 2456 1311 .
2500 1298 2514 1313 .
2544 1261 2641 1312 sic.
2678 1257 2740 1311 In
2774 1256 2920 1312 libro
2953 1258 3169 1329 quippe
3202 1259 3275 1313 ad
3303 1260 3556 1314 Nationes
3583 1258 3842 1329 legimus:

467 1369 581 1424 que
617 1357 927 1423 urgentem
982 1352 1482 1422 quemadmodum
1530 1351 1731 1405 Livius
1773 1358 1937 1406 vocat
1968 1369 2134 1407 sauc-
2247 1367 2275 1395 «
2306 1347 2399 1402 Sic
2428 1347 2768 1419 Serapeum,
2819 1346 2903 1402 sic
2934 1346 3285 1419 Capitolium
3320 1347 3537 1419 petitur
3565 1370 3591 1397 ι)
3619 1348 3691 1419 (et
3720 1347 3805 1403 lib.
3834 1366 3848 1403 ι

474 1442 591 1495 tius
626 1440 924 1505 aerarium,
958 1440 1114 1511 quod
1148 1441 1217 1495 ad
1256 1440 1515 1506 ultimos,
1551 1439 1764 1510 inquit,
1807 1457 1980 1496 casus
2006 1458 2132 1496 ser-
2242 1435 2313 1489 ad
2340 1436 2587 1511 Notium,
2610 1452 2739 1506 cap.
2775 1436 2860 1503 10,
2887 1452 3017 1508 pag.
3047 1437 3161 1507 55),
3196 1436 3305 1492 hoc
3335 1438 3657 1504 est,eodem
3686 1436 3846 1505 modo,

468 1528 719 1584 vabatur
748 1528 894 1599 (Liv.
942 1510 1041 1583 lib.
1101 1545 1274 1596 xxvii,
1325 1529 1352 1600 Ξ
1399 1529 1509 1598 10).
1564 1529 1740 1583 Citari
1769 1546 2002 1600 quoque
2037 1546 2138 1600 po-
2245 1510 2543 1596 similique
2583 1526 2804 1580 tributo
2855 1524 3178 1581 hastarium
3231 1526 3302 1582 ad
3362 1526 3500 1582 deos
3531 1526 3848 1598 reponendos

472 1622 623 1672 terat
653 1615 872 1685 Cicero,
899 1617 1089 1685 quiad
1116 1617 1372 1671 Atticum
1397 1616 1638 1687 scripsit
1668 1618 1969 1673 decretum
1998 1620 2137 1673 t'uis-
2245 1630 2311 1669 ac
2369 1614 2816 1669 venumdandos
2881 1612 3124 1685 locatur,
3176 1615 3470 1685 quomodo
3526 1614 3847 1686 Capitolium,

474 1721 558 1771 se,
592 1726 621 1755 «
655 1711 722 1760 ut
752 1705 1061 1777 pecuniam
1113 1706 1184 1760 de
1229 1706 1515 1760 sanctiore
1545 1706 1746 1760 aerario
1779 1709 2075 1761 auferrent
2106 1730 2128 1758 ι
2243 1706 2580 1774 Serapeum,
2613 1707 2668 1757 et
2694 1704 2881 1758 forum
2912 1702 3233 1758 olitorium.
3266 1704 3422 1759 Nulli
3456 1710 3640 1759 autem
3670 1703 3722 1759 iu
3752 1703 3848 1758 haec

480 1793 660 1849 Cicer.
694 1794 795 1850 lib.
829 1810 951 1863 vm,
1001 1793 1173 1865 epist.
1232 1796 1321 1862 20,
1371 1794 1441 1849 ad
1486 1795 1671 1860 Attia,
1705 1812 1835 1867 pag.
1868 1796 1994 1862 284,
2027 1795 2129 1851 lin.
2168 1834 2207 1867 η
2245 1791 2463 1863 templa
2524 1791 2773 1863 ingredi,
2838 1793 3337 1865 quemadmodum
3397 1810 3501 1848 nec
3555 1792 3753 1864 aliquid
3803 1793 3847 1846 in

479 1884 556 1952 5).
588 1881 1006 1938 Verumtamen
1035 1882 1326 1954 numquid
1360 1900 1393 1938 a
1414 1900 1586 1954 scopo
1619 1884 1668 1938 is
1696 1884 1931 1955 penitus
1962 1885 2130 1939 aber-
2168 1880 2209 1898 "
2241 1882 2361 1937 foro
2402 1880 2631 1937 olitorio
2680 1882 2949 1952 vendere,
3003 1881 3115 1937 uisi
3164 1881 3359 1937 soluto
3413 1882 3624 1936 tributo
3653 1881 3847 1935 licebat.

477 1970 650 2041 rabit,
683 1972 785 2043 qui
816 1972 1028 2027 dixerit
1076 1971 1222 2026 illud
1274 1972 1622 2041 adjectivum
1652 1975 1981 2028 sanctiorem
2012 1990 2129 2029 non
2240 1969 2388 2039 Ergo
2424 1989 2451 2018 α
2480 1968 2581 2040 qui
2616 1968 2802 2038 magis
2833 1968 3154 2038 tributarii,
3187 1988 3214 2020 ιι
3254 1968 3553 2024 concludit
3578 1968 3688 2034 ille,
3710 1992 3735 2018 α
3756 1985 3851 2023 ma-

478 2061 551 2115 ad
584 2076 796 2116 nomen
819 2062 1216 2127 necessitatem,
1242 2062 1343 2115 sed
1370 2062 1538 2116 deum
1570 2061 1809 2117 referri?
1837 2063 1981 2119 Nam
2004 2062 2128 2118 eth-
2239 2055 2329 2128 gis
2360 2056 2569 2126 sancti,
2602 2056 2720 2111 imo
2750 2057 2851 2128 qui
2875 2058 3064 2129 magis
3083 2057 3290 2128 sancti,
3327 2058 3517 2130 magis
3547 2057 3846 2113 tributarii»

474 2148 591 2203 uici
633 2164 749 2220 quo
799 2153 1151 2204 sanctiorem
1207 2150 1382 2203 deum
1438 2166 1565 2205 esse
1614 2151 2029 2222 opinabantur,
2063 2168 2129 2208 eo
2239 2145 2447 2217 (Ibid),
2470 2145 2528 2199 id
2553 2153 2663 2211 est,
2687 2145 2841 2217 quod
2874 2146 3015 2201 deus
3049 2145 3195 2203 falsa
3225 2146 3593 2203 ethnicorum
3619 2146 3849 2219 opinione

474 2236 762 2293 charioris
793 2236 958 2292 illum
991 2238 1341 2293 vendebant.
1370 2239 1437 2293 Et
1476 2245 1631 2294 certe
1663 2240 1787 2310 ipse
1819 2240 2127 2296 Tertullia-
2241 2234 2497 2289 sanctior
2529 2234 2954 2304 aestimabatur,
2978 2250 3044 2290 eo
3078 2236 3268 2305 majus
3288 2252 3399 2307 pro
3421 2234 3576 2291 illius
3605 2235 3658 2289 iu
3688 2235 3848 2290 hasta-

466 2342 581 2380 nus
616 2325 833 2382 ibidem
859 2331 916 2381 et
946 2327 1004 2381 in
1041 2325 1189 2381 libro
1222 2327 1291 2381 ad
1324 2327 1604 2382 Nationes
1639 2343 1651 2382 :
1685 2329 1778 2383 Dii
1806 2327 2133 2402 inquit,qui
2242 2323 2326 2378 rio
2361 2339 2546 2388 mora,
2570 2326 2625 2377 et
2651 2320 2750 2377 illo
2780 2324 3190 2381 veuumdaudo
3221 2324 3536 2398 exigebant
3564 2325 3787 2398 pretium
3805 2328 3850 2380 et

465 2417 647 2483 magis
676 2418 882 2485 sancti,
925 2418 1105 2484 magis
1160 2417 1450 2471 tributarii
1499 2415 1763 2484 (Tertull.
1823 2416 1927 2472 lib.
1986 2435 2005 2473 ι
2060 2419 2134 2474 ad
2240 2411 2553 2467 tributum.

468 2505 724 2572 Nation.,
747 2520 875 2575 cap.
904 2504 1014 2573 10).
1036 2508 1215 2559 Porro
1246 2513 1438 2560 autem
1475 2504 1596 2559 sive
1626 2506 1903 2573 deus,seu
1938 2508 2137 2578 potius
2313 2501 2562 2565 Ουίῐιειω
2597 2519 2766 2574 porro
2810 2500 2895 2555 illi
2927 2502 3007 2558 dii
3051 2502 3269 2574 PUinCi
3310 2503 3552 2576 fuerint,
3583 2521 3614 2560 Β
3641 2503 3787 2560 nobis
3811 2501 3850 2557 εἰ

468 2593 793 2648 necessitas
835 2592 1201 2647 ethnicorum
1248 2592 1356 2648 hoc
1384 2594 1676 2649 sanctioris
1708 2596 1942 2651 nomine
1974 2598 2129 2652 desi-
2244 2590 2377 2661 quis
2409 2589 2653 2645 forsitan
2686 2589 3114 2658 sciscitabatur,
3150 2593 3638 2665 respondebimus
3658 2591 3849 2648 hostrl-

469 2684 702 2751 gnetur,
735 2679 864 2735 illos
908 2680 1302 2736 Tertullianus
1347 2682 1557 2735 merito
1589 2681 1681 2737 his
1712 2683 1904 2739 verbis
1937 2686 2130 2740 redar-
2246 2678 2415 2749 plicis
2446 2679 2822 2749 potissimum
2872 2679 3056 2735 fuisse
3086 2681 3343 2751 generis.
3376 2681 3492 2736 Alii
3538 2682 3682 2738 enim
3718 2684 3853 2737 erant

470 2769 600 2839 guit
633 2784 646 2824 :
681 2768 947 2825 Privatos
994 2770 1153 2839 deos,
1205 2786 1355 2839 quos
1406 2769 1555 2826 lares
1607 2776 1663 2826 et
1734 2778 1974 2842 penates
2033 2776 2133 2831 do-
2244 2768 2304 2822 in
2337 2767 2574 2839 templis
2606 2767 2892 2835 collocati,
2926 2768 3025 2824 alii
3054 2768 3142 2825 vel
3174 2771 3471 2838 fabricati,
3500 2773 3587 2827 vel
3616 2771 3854 2842 empti,et

472 2858 715 2912 mestica
747 2858 1183 2914 consecratione
1215 2857 1556 2929 perhibetis,
1602 2860 1925 2921 domestica
1957 2862 2137 2919 licen-
2247 2857 2469 2911 advecti
2500 2883 2513 2923 ;
2547 2857 2645 2912 alii
2680 2858 2917 2912 tandem
2950 2874 3053 2929 per
3080 2858 3235 2914 vicos
3266 2865 3328 2915 et
3362 2860 3600 2933 plateas,
3630 2864 3687 2914 ut
3711 2872 3857 2930 supra

480 2946 564 3000 tia
610 2945 921 3002 inculcatis
991 2947 1138 3015 [sive
1186 2946 1566 3020 conculcatis]
1618 2950 1995 3018 venditando,
2049 2954 2138 3023 pi-
2249 2946 2776 3001 animadvertimus
2807 2950 2955 3018 (cap.
2987 2948 3080 3015 24,
3112 2954 3220 3003 art.
3254 2950 3334 3019 4),
3379 2949 3567 3020 palam
3597 2948 3857 3004 circumfe-

475 3036 793 3106 gnerando
861 3052 965 3108 pro
1026 3036 1373 3092 necessitate
1433 3054 1497 3092 ac
1554 3037 1851 3095 voluntate
1900 3063 1928 3089 ››
1962 3042 2134 3112 (lbid-
2247 3035 2632 3090 rebantur.At
2653 3036 2827 3107 primi
2851 3036 2938 3091 vel
2966 3036 3151 3091 solam
3182 3036 3857 3106 oijetustatem,secuudi

472 3140 607 3195 pag.
638 3125 756 3196 55).
2178 3198 2192 3200 _
2249 3129 2306 3181 et
2334 3124 2487 3179 tertii
2519 3125 2589 3179 ad
2642 3124 3009 3181 ethnicorum
3056 3126 3374 3183 arbitrium
3406 3129 3622 3184 tributa
3648 3128 3859 3200 pendere

538 3230 739 3302 Neque
768 3229 957 3301 pluris
986 3230 1278 3286 faciebant
1308 3233 1448 3288 deos
1493 3249 1632 3289 suos
1665 3235 1953 3305 publicos,
1977 3254 2129 3309 quos,
2163 3198 2205 3264 θ
2245 3217 2304 3309 ἓί
2332 3214 2512 3309 Ῡθηάί,
2535 3222 2977 3309 CODS_ueV9!jaI}t-
3032 3219 3242 3309 _N°““°
3291 3234 3435 3309 δι’ερ
3484 3219 3583 3289 qni
3631 3198 3733 3271 δίίθ
3761 3215 3856 3271 suis

468 3321 536 3372 ut
559 3316 658 3372 ille
674 3319 1235 3392 prosequitur,aeque
1253 3321 1616 3392 publicojure
1636 3302 1919 3393 [sedabant
1945 3302 2130 3393 (Iidem
2238 3304 2466 3393 “inm?”
2501 3302 2813 3393 ίουῗθδδοῖ
2842 3303 3170 3373 infamiam»
3219 3322 3323 3361 nec
3377 3306 3532 3372 ίΠοει
3563 3323 3661 3362 nec
3690 3320 3854 3361 θοτυω

470 3407 749 3478 Αροιορρι.
804 3424 935 3479 ϐαρ,
998 3410 1084 3473 15,
1142 3390 1276 3481 pag"
1333 3411 1458 3478 διεδ,
1501 3416 1557 3465 οι
1612 3390 1712 3467 ηδ.
1748 3430 1765 3468 ι
1797 3415 1876 3469 ad
1905 3390 2120 3469 Natio".
2240 3390 2558 3481 simulacra
2595 3392 2761 3481 deos,
2798 3396 2899 3447 aut
2952 3393 3146 3449 divino
3204 3394 3407 3468 aliquo
3438 3396 3649 3451 honore
3677 3394 3850 3466 dignos

467 3494 579 3551 loc.
612 3496 756 3567 cit.),
789 3498 907 3552 imo
932 3513 1066 3551 vero
1096 3480 1429 3554 tractabant
1460 3500 1694 3571 turpius
1726 3518 1790 3556 ac
1823 3506 2130 3558 contume-
2240 3496 2369 3536 esse
2397 3480 2573 3536 etiam
2602 3480 2766 3535 ίηνίίί
2800 3481 2993 3553 Palam
3028 3484 3368 3541 fatebantur
3392 3486 3421 3541 7

470 3583 861 3641 liosius.Nam
895 3586 1151 3656 privatos
1185 3587 1594 3658 unusquisque
1618 3605 1720 3659 pro
1748 3591 1987 3647 arbitrio
2010 3592 2136 3664 qui-

475 3674 633 3739 dem,
657 3673 757 3728 sed
786 3673 1053 3744 privatim
1079 3675 1395 3742 vendebat;
1429 3676 1694 3747 publicos
1716 3694 1853 3733 vero
1878 3681 2131 3755 publice,

478 3764 680 3831 utpote
728 3776 877 3831 quos
910 3761 1207 3817 habebant
1238 3765 1297 3819 in
1324 3765 1574 3820 hastario
1603 3768 1894 3837 vectigales
1923 3770 2132 3841 (Ibid.).

478 3848 812 3903 Hastarium
872 3854 1091 3917 autem,
1154 3851 1203 3906 si
1265 3853 1537 3909 Turnebo
1595 3857 1797 3912 credas
1854 3858 2131 3928 (Turneb.

479 3954 656 3993 xxvm
684 3937 905 3993 Advers.
957 3955 1084 4010 cap.
1118 3940 1195 4011 5),
1249 3940 1413 3997 locus
1464 3948 1606 4009 erat,
1641 3945 1737 3999 ubi
1782 3947 2135 4019 proscripto-

475 4043 605 4082 rum
631 4027 782 4082 houa
810 4028 1343 4087 venumdabantur.
1392 4031 1686 4103 Rigaltius
1737 4040 1932 4090 autem
1968 4041 2136 4108 putat

474 4134 541 4172 eo
581 4118 819 4171 nomine
846 4116 1161 4188 significari
1195 4117 1414 4174 librum
1453 4121 1801 4189 hastarium,
1832 4140 1936 4179 seu
1968 4127 2132 4181 labu-

476 4204 685 4261 larium
719 4210 777 4261 et
808 4212 1106 4278 regestum
1139 4207 1603 4281 vectigaliorum,
1636 4228 1763 4283 quae
1822 4214 1931 4268 sub
1964 4214 2133 4271 hasta

475 4299 531 4350 et
559 4311 697 4351 voce
729 4295 1015 4367 praeconis
1071 4296 1475 4368 quinquennio
1526 4316 1758 4371 quoque
1807 4302 1999 4358 addici
2040 4320 2127 4360 re-

2310 4320 2592 4376 Ultimum
2641 4320 2983 4377 Tertulliani
3024 4323 3307 4380 adversus
3365 4325 3605 4381 insanos
3650 4320 3854 4380 simula-

477 4384 883 4456 demptoribus
940 4384 1229 4442 solebant.
1289 4388 1356 4440 Et
1412 4392 1566 4442 certe
1614 4390 1831 4445 Auctor
1883 4397 2124 4465 noster:

2237 4425 2471 4465 crorum
2516 4410 2770 4466 cultores
2820 4419 3237 4484 argumentum
3290 4432 3412 4470 non
3463 4414 3615 4470 omni
3648 4422 3854 4485 prorsus

480 4495 507 4522 (ί
541 4475 695 4576 ῼυοε
724 4473 784 4527 in
816 4473 1163 4576 ξαείατίυῑξιν
1198 4474 1408 4573 infiniti
1429 4478 1762 4576 Γθεθεεξεξίε
1793 4479 2125 4576 ΡυδῙ-ίρθοῐξξε
2160 4568 2194 4576 _
2238 4497 2583 4554 difficultate
2609 4473 3347 4572 caret.Quapropterillum
3372 4473 3679 4576 parumper
3696 4500 3853 4555 adhuc

479 4561 589 4616 sub
622 4601 637 4616 .
675 4601 688 4615 .
724 4604 735 4615 .
769 4602 781 4616 .
814 4560 912 4627 tis,
963 4563 1125 4617 omni
1169 4564 1593 4635 quinquennio,
1632 4567 1785 4622 inter
1821 4569 2126 4640 vectigalia

2234 4588 2567 4655 audiamus,
2601 4589 2866 4644 ethnicos
2896 4590 2989 4645 his
3040 4591 3235 4648 verbis
3266 4592 3661 4665 increpantem
3692 4608 3702 4644 :
3733 4588 3851 4652 Ουαι

476 4653 670 4752 Ῥείη
699 4651 1350 4752 Ρνοεςξξρῖξῖξάέίοξῖίῗ
1384 4654 1991 4752 ”_(T3Pt““-.ii_b-_1_‘_1d
2019 4663 2128 4752 Νφ
2234 4677 2448 4749 inquit,
2476 4651 2684 4751 fronte,
2729 4685 3003 4747 Junones,
3044 4684 3294 4752 Cereres,
3338 4651 3563 4750 Dianas,
3614 4683 3720 4738 sive
3747 4651 3849 4732 illa?

478 4738 641 4840 tiam,
675 4754 800 4837 cap.
836 4738 947 4808 10).
979 4740 1181 4796 ’1135
1236 4741 1344 4795 Sed
1379 4747 1692 4813 utrumque
1721 4744 1863 4799 illud
1898 4746 2125 4802 Tertul-

2234 4784 2365 4821 rum
2398 4768 2763 4840 aliarumque
2792 4775 3121 4826 vestrarum
3166 4772 3413 4829 dearum
3445 4791 3511 4829 ac
3541 4773 3761 4828 deorum
3788 4763 3851 4820 si-

476 4824 673 4930 l‘i‘mu'
702 4825 1033 4930 δξῧξξὶίδθῗτθ
1064 4828 1265 4930 Ρτθθξη
1316 4830 1494 4930 dum?
1540 4831 1788 4930 Vidf‘tuf‘
1967 4835 2123 4930 θξῖίω
2234 4856 2499 4912 mulacra
2528 4824 2735 4914 ιιέθ
2782 4824 2812 4909 (ξ
2844 4824 3121 4930 adoratis,
3156 4824 3293 4916 cum
3317 4824 3633 4918 Simonem
3650 4868 3849 4927 magum

478 4914 1777 5022 iis?”pilyliggginéutn10°9mllfa‘33fyriv
1820 4922 1941 5022 Phi,
1974 4924 2126 5022 δίοίξι
2234 4950 2439 5003 statua
2490 4952 2547 5002 et
2597 4914 3783 5022 inscriptionesanctiﬁdei—inauguratie
3831 4960 3852 4988 ιι

2836 3625 3156 3665 ARTICULUS
3210 3628 3294 3667 ιιι.

2245 3706 2423 3780 Quam
2483 3710 2811 3780 prapostere
2860 3709 3101 3780 gentiles,
3144 3708 3424 3765 Simonem
3472 3726 3698 3780 magum.
3744 3701 3858 3761 sicut

2314 3777 2456 3830 alios
2502 3777 2623 3831 deos
2669 3794 2793 3833 suos
2840 3783 3029 3833 statua
3071 3779 3162 3834 dei
3206 3784 3393 3836 sancti
3418 3777 3850 3839 inauguraverint,

2312 3864 2505 3919 eosque
2538 3864 2723 3903 omnes
2767 3854 3292 3916 reprmsentaverint
3336 3853 3523 3909 eodem
3553 3849 3744 3918 habitu,
3772 3849 3851 3902 iis-

2312 3918 2542 3990 demque
2572 3920 2902 3996 insignibus,
2930 3925 3129 3993 quibus
3155 3928 3305 3988 aetas,
3332 3942 3447 3991 ars,
3465 3927 3721 3996 negotium
3747 3924 3848 3996 ante

2312 3996 2544 4067 mortem
2591 3994 2844 4057 fuerant,
2882 4010 2947 4048 ac
2980 4011 3141 4064 pares
3215 4005 3430 4051 statuas
3480 3993 3855 4067 imperatoribus

2312 4066 2446 4130 suis,
2477 4079 2572 4117 seu
2622 4067 2873 4129 mortuis,
2921 4061 3017 4120 seu
3058 4068 3197 4121 vivis
3243 4061 3572 4130 statuerint}
3615 4083 3702 4121 nec
3751 4061 3851 4117 inde

2311 4136 2530 4217 aliquid
2555 4137 2751 4204 conﬁci
2792 4152 2954 4207 posse
2982 4143 3173 4192 contra
3202 4144 3425 4194 sanctas
3456 4141 3849 4196 Christianorum

2312 4222 2605 4275 imagines.

472 5003 588 5059 alia
617 5003 1078 5075 proscriptorum
1127 5006 1280 5062 bona
1308 5007 1369 5063 in
1417 5009 1707 5066 tabulario
1742 5011 1974 5082 publico
2007 5015 2123 5085 pri-

470 5109 636 5149 mum
671 5092 985 5166 descripta,
1013 5110 1116 5166 per
1145 5098 1405 5169 quinque
1436 5115 1619 5155 annos
1651 5101 2120 5173 asservabantur,

465 5183 650 5238 donec
679 5183 1075 5239 venderentur
1105 5184 1357 5257 publice,
1391 5193 1565 5260 atque
1621 5190 1701 5244 ita
1754 5192 1853 5245 sub
1909 5192 2121 5261 eadem,

466 5270 621 5327 sicut
648 5270 745 5327 ille
777 5272 878 5340 ait,
933 5274 1089 5330 hasta
1116 5275 1216 5330 sub
1264 5275 1451 5330 eadem
1500 5282 1856 5335 annotatione
1901 5284 2124 5353 questo-

466 5362 549 5416 ris
578 5361 840 5418 divinitas
863 5361 1095 5419 illorum
1128 5363 1429 5419 addicitur.
1466 5365 1669 5423 Nonne
1707 5373 1900 5425 autem
1933 5369 2123 5426 hasta-

471 5451 647 5519 rium,
681 5455 740 5507 et
770 5452 841 5507 ab
872 5466 940 5506 ea
970 5450 1140 5507 hasta
1170 5456 1227 5507 et
1257 5453 1330 5507 ab
1362 5454 1735 5513 annotatione
1778 5458 1899 5514 sive
1938 5460 2119 5531 regis—

472 5544 565 5597 tro
596 5539 901 5612 quaestoris
932 5540 1261 5613 nuncupari
1288 5540 1479 5613 potuit
1506 5542 1535 5597 ?

549 5645 844 5719 Quidquid
874 5645 971 5718 sit,
1002 5645 1065 5704 hi
1094 5646 1174 5704 dii
1206 5664 1321 5708 non
1353 5646 1541 5708 solum
1577 5650 1835 5727 venales,
1867 5655 1969 5713 sed
2000 5671 2123 5714 vec-

2236 5034 2494 5102 (Tertull.
2526 5036 2705 5108 Apol.,
2740 5054 2867 5109 cap.
2900 5037 2990 5108 13,
3042 5055 3100 5110 p.
3159 5039 3286 5111 3&7)
3308 5039 3337 5096 ?
3367 5040 3735 5096 Observatum
3762 5048 3850 5089 au-

2234 5128 2349 5178 tem
2381 5141 2415 5179 a
2442 5125 2609 5181 nobis
2641 5126 2753 5181 fuit
2774 5144 2809 5182 a
2827 5126 3065 5183 Justino
3092 5132 3351 5201 martyre
3370 5130 3645 5185 traditum
3674 5124 3844 5187 fuisse,

2233 5211 2474 5269 Claudio
2536 5214 2882 5287 imperante,
2942 5221 3201 5273 statuam
3260 5218 3318 5273 in
3367 5219 3561 5275 insula
3614 5212 3846 5269 Tiberina

2234 5300 2381 5356 duos
2408 5302 2560 5357 inter
2593 5312 2800 5375 pontes
2832 5305 2968 5361 huic
2996 5306 3220 5362 Simoni
3268 5324 3440 5381 mago
3470 5307 3707 5380 positam
3734 5312 3843 5355 cum

2230 5387 2333 5443 illa
2380 5390 2766 5464 inscriptione
2823 5410 2837 5448 :
2893 5416 2916 5445 ι
2952 5395 3175 5453 Simoni
3227 5402 3429 5453 sancto
3477 5397 3579 5453 deo
3634 5384 3845 5465 (Tom.i

2231 5479 2519 5550 Apparat.,
2550 5498 2681 5553 pag.
2713 5483 2789 5555 6).
2822 5484 3059 5558 Martyri
3104 5486 3480 5543 sanctissimo
3528 5480 3845 5550 suifragatur

2231 5566 2481 5639 Cyrillus
2526 5570 3094 5644 Hierosolymitanus
3133 5576 3352 5649 (Cyrill.
3383 5574 3602 5633 catech.
3645 5571 3698 5635 6,
3726 5578 3838 5639 Ραδ-

2230 5657 2378 5730 457),
2412 5659 2513 5731 qui
2542 5658 2704 5717 illam
2753 5663 2826 5719 ab
2875 5665 3086 5722 eodem
3115 5662 3379 5738 (Claudio
3416 5665 3765 5739 imperatore,
3791 5652 3837 5707 οί
