4134 6184
359 248 511 308 1237

1263 247 1336 305 D.
1384 244 1483 305 LE
1528 242 1855 305 NOURRY
1898 239 2555 304 OBSERVATIONES
2601 241 2863 303 ΝυνιΕ.

3616 249 3773 308 1238

354 378 642 436 Eusebius
674 378 906 449 (Euseb.
938 378 1041 434 lib.
1074 394 1116 434 ιι
1150 378 1346 434 Πέδιον.
1378 378 1567 434 eccles.
1603 393 1732 450 pag.
1767 375 1878 447 5‘3),
1906 375 2007 449 qui
2038 378 2095 445 Α
2126 376 2259 440 Qua)
2291 377 2487 429 autem
2522 375 2709 445 major
2737 373 3037 446 impietas,
3071 390 3249 445 quam
3283 374 3527 431 viventis
3575 376 3770 433 homi-

355 487 388 524 a
418 466 698 524 Romanis
730 467 1051 525 collocatus
1106 470 1284 525 fuisse
1338 468 1493 523 haud
1546 468 1885 523 dubitanter
1929 466 2009 521 af-

354 559 611 614 ﬁrmant.
645 558 801 615 Alios
830 563 1012 615 testes
1066 559 1159 615 hic
1214 560 1394 615 citare
1442 563 1559 614 tam
1612 558 1777 613 facile
1830 560 2006 623 esset,

355 666 530 721 quam
567 666 1090 721 supervacaneum.
1118 652 1334 706 Omnes
1365 650 1661 706 enimvero
1681 649 2010 705 concedunt

355 755 731 797 communem
762 741 916 798 hanc
948 741 1130 797 fuisse
1163 746 1421 797 veterum
1470 740 1827 812 Scriptorum
1880 737 2005 810 opi-

356 828 616 887 nionem.

424 922 645 975 Verum
700 919 1053 977 recentiores
1105 918 1290 975 critici
1345 919 1622 974 audacter
1670 917 2008 972 asseverant

360 1007 522 1064 illam
557 1026 755 1066 crasso
800 1010 911 1065 niti
961 1026 1176 1078 errore,
1229 1009 1329 1081 qui
1380 1009 1451 1063 ab
1502 1007 1702 1063 eodem
1750 1005 2003 1075 Justino,

356 1100 573 1155 Latinae
605 1098 818 1172 linguae
872 1100 1107 1171 penitus
1162 1098 1369 1170 ignaro
1411 1097 1728 1169 profectus,
1773 1100 2006 1149 caetero-

355 1205 487 1244 rum
519 1189 795 1261 deinceps
828 1190 1056 1245 animos
1084 1188 1357 1260 pervasit.
1408 1187 1548 1242 Cum
1600 1186 1753 1241 enim
1805 1183 1902 1239 ille
1947 1184 2005 1237 in

356 1282 636 1346 mentem,
700 1279 998 1349 inquiunt,
1050 1278 1383 1333 induxisset
1431 1279 1687 1332 statuam
1740 1274 2008 1330 Semonis

351 1367 522 1423 Sanci
555 1367 648 1423 dei
678 1366 828 1422 Fidii
861 1368 1129 1423 eamdem
1163 1383 1293 1423 esse
1324 1383 1389 1422 ac
1420 1365 1680 1421 Simonis
1712 1361 2008 1435 magi,ipsi

353 1456 504 1518 falsa
535 1457 793 1513 nominis
824 1456 1221 1513 similitudine
1254 1457 1517 1529 decepto,
1552 1455 1647 1511 alii
1682 1470 1888 1510 omnes
1917 1452 2007 1507 in-

353 1546 507 1603 cauti
541 1546 1044 1619 subscripserunt.

424 1644 571 1712 Quid
604 1644 772 1717 ergu?
792 1644 1317 1715 Numquidpmnes
1340 1660 1453 1699 non
1478 1641 1668 1698 solum
1693 1639 2005 1713 graece,sed

2119 464 2231 533 nis,
2265 469 2366 521 aut
2412 464 2654 534 mortui,
2702 481 2767 519 ac
2818 466 2959 520 dum
3010 465 3227 521 viveret
3274 465 3433 520 omni
3480 465 3770 523 scelerum

2117 570 2325 626 genere
2358 555 2578 626 saepius
2612 555 3010 625 conspurcati,
3045 554 3435 611 simulacrum
3485 560 3772 627 tanquam

2117 644 2235 699 veri
2263 645 2351 699 dei
2386 645 2627 699 adorare
2661 661 2724 699 ac
2756 643 3061 699 venerari?
3091 649 3160 698 At
3203 649 3354 699 certe
3406 661 3519 700 non
3576 644 3770 701 insani

2116 733 2489 806 imperitique
2540 739 2771 790 tantum
2805 733 2960 805 vulgi
2994 735 3110 789 haec
3143 734 3254 789 fuit
3286 736 3633 791 detestanda
3665 753 3734 792 su
3756 766 3770 779 -

2116 823 2400 895 perstitio,
2434 825 2530 879 sed
2566 824 2815 880 aliorum
2849 824 3048 891 etiam,
3082 822 3181 895 qui
3236 824 3466 895 ingenio
3520 828 3577 880 et
3626 842 3770 881 auc-

2115 912 2348 968 toritate
2380 915 2632 969 maxime
2665 913 2985 986 pollebant.
3017 915 3091 969 De
3122 929 3183 968 se
3215 913 3371 969 enim
3402 914 3532 985 ipso
3565 919 3621 970 et
3648 914 3774 986 qui-

2116 1003 2389 1068 busdam,
2425 1003 2523 1073 qui
2557 1021 2618 1058 se
2649 1003 3012 1059 Christianos
3043 1020 3171 1058 esse
3204 1003 3518 1075 negabant,
3542 1004 3772 1060 Plinius

2116 1090 2235 1146 haec
2288 1094 2358 1147 ad
2389 1092 2706 1162 Trajanum
2738 1093 3153 1163 imperatorem
3186 1092 3426 1164 scripsit
3457 1092 3515 1148 in
3544 1094 3719 1148 verba
3755 1110 3769 1149 :

2115 1202 2142 1229 ‹‹
2177 1180 2319 1236 Cum
2357 1187 2655 1252 praeeunte
2688 1198 2779 1235 me
2813 1184 2953 1236 deos
2985 1182 3369 1253 appellarent,
3414 1188 3472 1237 et
3522 1181 3772 1253 imagini

2114 1272 2247 1339 tuis,
2282 1288 2456 1341 quam
2490 1274 2725 1342 propter
2753 1270 2860 1325 hoc
2904 1272 3195 1339 jusseram
3250 1287 3383 1326 cum
3436 1270 3771 1327 simulacris

2114 1358 2422 1414 numinum
2458 1360 2671 1429 afferri,
2693 1359 2885 1428 thure,
2922 1376 2986 1413 ac
3018 1360 3147 1413 vino
3179 1359 3597 1431 supplicarent,
3622 1376 3764 1430 prae-

2113 1452 2272 1503 terea
2303 1448 2717 1505 maledicerent
2747 1448 3257 1520 Christo.quorum
3280 1448 3423 1503 nihil
3449 1448 3574 1520 cogi
3599 1464 3768 1518 posse

2115 1538 2410 1605 dicuntur,
2456 1538 2557 1610 qui
2588 1541 2727 1593 sunt
2756 1555 2955 1593 revera
2985 1538 3298 1593 Christiani
3332 1559 3359 1587 »
3394 1536 3561 1609 (Plin.
3596 1537 3697 1591 lib.
3732 1552 3769 1591 x

2115 1627 2283 1699 epist.
2322 1629 2416 1682 101
2451 1629 2532 1683 ad
2559 1628 2819 1699 Trajan.)
2856 1628 2965 1683 Nec
3001 1628 3214 1683 mirum
3249 1628 3504 1699 profecto
3548 1627 3598 1682 si
3647 1626 3767 1681 veri

351 1716 1713 1806 latinescientes,atqueiietiam,quiRomanam
1732 1732 2008 1804 postJus-
2036 1755 2085 1820 B
2117 1716 2430 1817 ChPiStifml
2464 1717 2521 1771 id
2574 1717 2745 1817 Plane
2788 1718 3148 1820 'P‘er‘llt‘ll‘f‘lue
3197 1721 3556 1820 Γθρυξθνθηηίγ
3602 1716 3767 1815 μὶ]οά

352 1825 543 1880 tinum
574 1829 891 1897 martyrem
913 1805 1231 1880 venerant?
1252 1823 1543 1893 Numquid
1566 1822 1723 1877 hunc
1751 1838 2006 1877 errorem

2118 1823 2233 1862 non
2291 1807 2416 1863 sine
2475 1808 2730 1862 maximo
2785 1806 3127 1863 idololatriae
3186 1805 3432 1862 crimine
3491 1805 3616 1861 fieri
3668 1820 3769 1876 po-

358 1913 559 1969 nullus
589 1931 657 1969 ex
687 1913 805 1969 illis
837 1913 1355 1985 deprehendit,aut
1384 1911 1541 1967 illius
1564 1929 1597 1967 a
1626 1927 1687 1967 se
1720 1910 1903 1982 agniti
1937 1926 2008 1966 ne

356 2003 546 2059 ullum
577 2004 816 2073 quidem
848 2001 1194 2058 admonuit?
1219 2002 1516 2073 Numquid
1540 2001 1677 2072 quia
1709 2004 2009 2071 postrema

356 2095 523 2147 aetate
551 2092 806 2147 Simonis
837 2092 1005 2147 Sanci
1036 2097 1233 2147 statua
1280 2092 1514 2145 inventa
1561 2095 1671 2160 est,
1716 2090 1853 2144 inde
1903 2106 2006 2147 ne-

354 2181 613 2237 cessario
662 2182 932 2252 sequitur
977 2181 1197 2236 Justini
1246 2184 1508 2251 tempore
1554 2178 1776 2234 nullam
1826 2178 2008 2233 fuisse

350 2270 605 2327 Simonis
640 2270 844 2342 Magi?
877 2269 1025 2337 Quid
1058 2286 1214 2335 vero,
1248 2271 1400 2341 quod
1434 2268 1794 2341 Augustinus
1826 2273 2005 2323 testa-

350 2364 475 2414 tum
509 2358 680 2430 plane
717 2358 853 2414 facit
902 2359 1135 2415 eﬂ’ectas
1186 2360 1257 2414 ab
1302 2359 1505 2414 eodem
1549 2358 1785 2413 Simone
1835 2373 2005 2428 mago

350 2453 407 2503 et
437 2465 608 2503 suam
640 2453 698 2504 et
720 2448 965 2503 Helenes
997 2448 1317 2504 meretricis
1348 2448 1657 2519 imagines,
1684 2464 1831 2517 quas
1864 2469 1890 2495 ‹‹
1925 2446 2005 2500 di-

353 2537 624 2608 scipulis,
658 2536 1009 2608 inquit,suis
1042 2538 1334 2609 praebebat
1364 2537 1779 2603 adorandas,et
1811 2536 2003 2590 Romzs

352 2630 638 2697 tanquam
703 2626 943 2682 deorum
1002 2626 1321 2681 simulacra
1378 2624 1723 2681 auctoritate
1773 2624 2007 2696 publica

353 2715 794 2771 constituerat»
826 2716 1085 2788 (August.
1120 2715 1223 2771 lib.
1256 2716 1321 2770 de
1357 2721 1558 2771 Haeres.
1594 2732 1721 2786 cap.
1770 2715 1820 2783 vl,
1872 2731 2004 2786 pag.

350 2803 429 2875 6).
479 2805 653 2875 Atqui
684 2804 732 2859 si
767 2804 874 2860 has
906 2804 1194 2876 imagines
1225 2804 1419 2859 Romae
1450 2803 1771 2868 constituit,
1815 2819 2009 2858 nonne

350 2892 571 2949 Justini
623 2892 815 2949 adhuc
874 2898 1135 2965 tempore
1194 2892 1394 2964 aliqua
1451 2897 1677 2948 exstare
1735 2890 2008 2962 poterat?

353 2981 503 3048 Quid
537 2998 672 3054 ergo
703 2982 977 3054 prohibet
1007 2982 1325 3053 quominus
1357 2986 1594 3038 sanctus
1642 2980 1739 3036 ille
1788 2985 2008 3052 martyr

352 3075 409 3126 et
438 3070 534 3126 alii
568 3071 844 3144 deinceps
877 3072 1134 3143 aliquam
1168 3089 1235 3127 ex
1264 3070 1382 3126 illis
1423 3075 1525 3125 aut
1564 3071 1849 3136 viderent,
1901 3072 2004 3125 aut

351 3160 425 3215 ab
457 3159 589 3215 aliis
615 3160 803 3216 visam
832 3177 959 3217 esse
992 3161 1125 3216 facti
1157 3161 1276 3216 sint
1303 3160 1573 3216 certiores
1598 3162 1621 3214 Ρ

423 3267 533 3322 Sed
569 3267 677 3335 fac,
714 3268 763 3323 si
797 3272 907 3324 Deo
954 3268 1164 3340 placet,
1213 3267 1535 3336 Justinum,
1582 3266 2001 3338 Augustinum,

348 3359 409 3410 et
438 3354 583 3411 alios
616 3373 793 3427 quam
827 3356 1112 3427 plurimos
1145 3372 1393 3422 errasse,
1426 3372 1541 3410 non
1580 3355 1775 3410 minus
1804 3360 2004 3409 tamen

347 3444 540 3500 valida
571 3450 659 3500 est
688 3446 1029 3501 Tertulliani
1061 3447 1341 3501 adversus
1373 3447 1617 3500 deorum
1661 3449 1886 3499 statuas
1910 3461 2003 3499 ar-

350 3536 740 3606 gumentatio.
775 3535 983 3592 Cuncti
1015 3536 1309 3591 enimvero
1341 3533 1548 3590 saltem
1592 3534 1852 3588 fatentur
1896 3549 2004 3604 po-

350 3623 534 3679 situm
570 3624 752 3680 fuisse
784 3625 981 3681 Romae
1010 3623 1273 3679 Semonis
1304 3623 1475 3678 Sanci
1502 3622 1907 3677 simulacrum.
1933 3624 2006 3675 At

349 3730 467 3769 non
501 3712 701 3769 minus
732 3712 982 3783 impium
1015 3716 1137 3768 erat
1170 3712 1299 3767 falsi
1333 3711 1510 3781 hujus
1542 3711 1656 3776 dei,
1690 3726 1867 3780 quam
1915 3710 2001 3763 Si-

349 3802 543 3857 monis
598 3803 755 3873 magi
806 3801 1126 3873 imaginem
1186 3802 1451 3856 adorare.
1511 3804 1794 3854 Praeterea
1850 3799 2003 3853 idem

349 3895 476 3946 erat
534 3890 592 3945 in
650 3891 916 3959 deorum,
972 3891 1054 3946 ait
1102 3888 1513 3954 Tertullianus,
1570 3888 1782 3942 statuis
1830 3910 1856 3937 ‹‹
1891 3886 2004 3943 Ha-

346 3979 541 4047 bitus,
611 3980 860 4051 [eadem]
931 3979 1221 4051 insignia,
1293 3978 1512 4049 [atque]
1579 3983 1643 4032 ut
1712 3982 1871 4045 astas,
1942 3981 2007 4031 ut

346 4085 465 4138 ars,
535 4073 600 4123 ut
668 4069 969 4140 negotium
1039 4068 1251 4124 mortui
1320 4068 1450 4133 fuit,
1504 4066 1585 4121 ita
1639 4067 1785 4121 deus
1835 4071 1925 4121 est
1974 4087 2001 4115 »

347 4155 611 4225 (Tertull.
701 4157 1005 4228 Apologet.,
1095 4173 1232 4226 cap.
1323 4156 1469 4224 347).
1564 4155 1714 4221 Quid
1805 4158 2004 4210 autem

345 4244 686 4314 absurdius,
737 4263 914 4317 quam
946 4262 1079 4301 cum
1113 4268 1141 4295 ‹‹
1174 4262 1348 4302 senex
1379 4245 1450 4300 de
1480 4244 1757 4311 Saturno,
1791 4266 1820 4293 ››
1852 4244 2008 4299 sicut

344 4333 443 4389 ille
477 4334 588 4390 alio
619 4335 677 4390 in
711 4334 858 4390 libro
890 4335 1146 4407 scripsit,
1181 4355 1210 4385 «
1258 4333 1543 4390 imberbis
1593 4334 1664 4389 de
1713 4333 2006 4405 Apolline:

344 4422 507 4496 virgo
540 4424 610 4480 de
647 4424 825 4480 Diana
858 4425 1166 4496 figuratur,
1199 4427 1256 4478 et
1286 4422 1455 4479 miles
1489 4423 1549 4477 in
1588 4423 1795 4493 Marte,
1845 4426 1901 4479 et
1944 4422 2006 4477 in

2118 1899 2288 1951 terat.

2189 2003 2313 2059 Non
2347 2004 2603 2075 amplius
2634 2020 2770 2075 ergo
2822 2003 3098 2059 audiendi
3149 2005 3290 2059 sunt
3341 2002 3610 2075 gentiles,
3667 2000 3770 2072 qui

2120 2092 2286 2148 nobis
2336 2094 2694 2163 objiciebant
2746 2093 2817 2149 ab
2862 2092 3274 2165 hujuscemodi
3322 2092 3591 2161 deorum,
3623 2108 3769 2162 prae-

2118 2180 2319 2235 sertim
2370 2181 2771 2253 antiquorum,
2825 2181 3040 2237 statuis
3086 2186 3141 2236 et
3190 2179 3546 2247 simulacris,
3597 2195 3767 2251 opem

2117 2270 2231 2324 sibi
2264 2270 2416 2339 ferri,
2451 2271 2617 2324 fundi
2649 2269 2903 2338 oracula,
2936 2274 3036 2324 aut
3068 2269 3261 2324 nescio
3295 2285 3422 2340 quas
3454 2269 3608 2323 facta
3656 2268 3767 2323 mi-

2118 2358 2474 2422 racula.Quee
2506 2360 2661 2414 enim
2695 2360 2764 2415 de
2795 2360 2954 2415 hisce
2984 2360 3229 2426 diis,seu
3260 2356 3593 2413 simulacris
3625 2358 3770 2412 dixi-

2121 2464 2276 2512 mus,
2309 2447 2429 2504 sole
2461 2448 2785 2503 meridiano
2816 2448 3143 2504 evidentius
3174 2449 3584 2503 demonstrant
3615 2446 3765 2502 nihil

2120 2538 2190 2592 ab
2248 2536 2389 2605 illis,
2440 2537 2623 2592 multo
2678 2539 2877 2593 minus
2935 2537 3219 2593 miracula
3276 2537 3539 2609 potuisse
3598 2534 3766 2592 ﬁeri?

2118 2626 2335 2681 Deinde
2368 2643 2500 2682 vero
2531 2627 2941 2694 Tertullianas,
2977 2631 3040 2682 ut
3069 2645 3244 2699 supra
3271 2627 3543 2697 vidimus,
3595 2627 3767 2698 plane

2119 2716 2381 2771 ostendit
2411 2717 2459 2770 si
2494 2716 2634 2787 quid
2667 2722 2827 2772 extra
2860 2721 3205 2772 consuetum
3240 2722 3460 2771 naturae
3502 2715 3766 2771 ordinem

2120 2806 2191 2860 ab
2219 2804 2335 2860 illis
2365 2806 2583 2860 factum
2616 2806 2899 2874 videatur,
2920 2806 2977 2861 id
3011 2806 3392 2861 tribuendum
3427 2804 3597 2861 malis
3627 2806 3770 2860 arti-

2119 2894 2251 2963 bus,
2303 2894 2615 2967 praastigiis
2663 2900 2839 2966 atque
2899 2895 3208 2950 fraudibus
3262 2896 3617 2961 daemonum,
3673 2893 3774 2965 qui

2119 2984 2526 3039 delitescentes
2559 3007 2586 3035 ‹‹
2617 2984 2727 3039 sub
2760 2984 3099 3056 imaginem,
3131 3001 3159 3035 ι
3198 2984 3281 3039 uti
3336 2984 3433 3039 ille
3484 2982 3773 3054 loquitur,

2124 3096 2143 3122 α
2180 3073 2614 3145 prostitutione,
2665 3078 2722 3128 et
2769 3073 3165 3129 humanorum
3210 3072 3517 3129 nominum
3566 3089 3772 3128 conse-

2117 3164 2374 3219 cratione
2404 3186 2433 3213 »
2469 3162 2727 3233 (Tertull.
2759 3164 3059 3231 Apologet.,
3093 3179 3219 3235 cap.
3246 3163 3357 3234 27),
3411 3161 3769 3234 improvidus

2115 3252 2420 3323 gentilium
2453 3257 2678 3308 mentes
2712 3252 3009 3308 fallebant.
3044 3253 3155 3307 Sed
3183 3254 3253 3307 de
3285 3252 3380 3307 his
3411 3252 3556 3307 satis
3596 3256 3767 3307 antea

2115 3341 2547 3412 disputavimus
2580 3341 2776 3413 (Supr.
2810 3357 2940 3412 cap.
2976 3342 3061 3408 1:),
3095 3346 3204 3396 art.
3237 3342 3271 3395 3
3300 3346 3357 3396 et
3385 3348 3600 3412 seqq.).

2187 3448 2389 3519 Neque
2420 3465 2589 3518 porro
2621 3451 2730 3515 est,
2764 3449 2919 3519 quod
2971 3448 3279 3504 htBPBLlCUS
3325 3448 3541 3519 aliquis
3592 3446 3760 3503 nobis

2116 3538 2175 3591 in
2222 3554 2426 3592 aurem
2484 3538 2828 3608 obganniat,
2872 3536 2960 3592 vel
3014 3536 3209 3607 palam
3261 3536 3521 3591 clamitet
3552 3553 3621 3591 ex
3654 3536 3765 3604 his,

2114 3644 2241 3697 quae
2272 3627 2558 3682 hactenus
2608 3629 2739 3697 post
2780 3625 3209 3681 Tertullianum
3250 3625 3557 3681 enucleate
3606 3629 3765 3696 sunt,

2116 3715 2385 3771 concludi
2417 3733 2586 3788 posse
2609 3732 2815 3771 omnes
2834 3716 3067 3787 penitus
3085 3733 3282 3771 sacras
3301 3715 3768 3771 Christianorum

2116 3804 2404 3877 imagines
2437 3806 2507 3860 ab
2541 3803 2640 3860 illo
2690 3805 3089 3860 condemnari.
3142 3805 3268 3861 Non
3313 3805 3469 3861 enim
3520 3804 3591 3858 de
3640 3802 3770 3858 aliis

2117 3894 2458 3965 disputavit,
2510 3910 2688 3964 quam
2731 3894 3014 3948 falsorum
3047 3894 3310 3964 deorum,
3345 3909 3473 3964 quis
3515 3892 3641 3947 sine
3676 3908 3768 3946 sa-

2116 3984 2343 4055 crilegas
2376 3982 2695 4055 impietatis
2727 3982 2889 4048 vitio,
2920 3984 3073 4038 sicut
3101 3982 3244 4037 satis
3294 3982 3603 4052 probatum
3656 3983 3766 4051 est,

2117 4072 2347 4128 adorari
2395 4076 2695 4142 nequeunt
2746 4070 3010 4139 (Tertull.
3062 4072 3131 4125 de
3176 4070 3448 4139 Idololal.,
3515 4085 3640 4140 cap.
3690 4069 3766 4140 5).

2116 4163 2314 4232 Neque
2344 4160 2550 4232 potiori
2577 4162 2710 4231 jure
2733 4160 2885 4216 alius
2909 4160 3151 4216 instabit
3174 4159 3337 4213 illum
3362 4160 3766 4214 asseveranter

2118 4250 2256 4305 alibi
2290 4250 2620 4306 affirmasse
2650 4249 2847 4303 divina
2873 4249 3090 4321 Moysis
3129 4249 3254 4320 lege
3300 4246 3597 4320 quaslibet
3645 4251 3765 4302 sta~

2117 4343 2250 4395 tuas
2281 4343 2339 4394 et
2369 4339 2658 4411 imagines
2691 4337 3005 4409 prohiberi.
3038 4338 3184 4393 Nam
3235 4336 3453 4392 ibidem
3500 4334 3597 4390 ille
3646 4352 3763 4391 non

2120 4428 2318 4484 minus
2348 4430 2653 4501 perspicue
2684 4432 2978 4483 asseverat
3008 4428 3189 4483 factas
3220 4425 3312 4481 Dei
3338 4426 3511 4497 jussu
3543 4425 3615 4480 ab
3670 4441 3766 4481 eo-

345 4511 610 4568 Vulcano
642 4514 804 4569 faber
833 4513 971 4569 ferri
999 4518 1376 4568 consecratur
1405 4532 1432 4566 ι
1469 4512 1673 4584 (Idem,
1707 4512 1809 4567 lib.
1864 4529 1883 4567 ι
1934 4511 2005 4567 ad
2039 4500 2081 4567 D
2113 4519 2244 4573 dem
2270 4522 2463 4591 Moyse
2492 4500 2801 4590 serpentis
2851 4516 3015 4581 amei,
3066 4515 3550 4580 Cherubinorum,
3582 4513 3765 4569 alias-

351 4604 605 4670 Nation.,
641 4618 770 4674 cap.
806 4603 937 4674 10)?
967 4601 1109 4671 Quis
1159 4601 1316 4657 enim
1368 4618 1436 4657 ea
1488 4602 1828 4673 spectando,
1889 4618 2006 4657 non

346 4690 507 4747 illico
534 4692 772 4748 videbat
802 4691 935 4748 illos
984 4692 1258 4748 homines
1308 4691 1513 4760 fuisse,
1563 4690 1780 4746 vilibus
1828 4690 2005 4747 etiam

348 4780 578 4837 artibus
609 4780 750 4847 olim
783 4784 1120 4853 occupatos,
1154 4781 1251 4853 qui
1284 4780 1364 4836 dii
1414 4780 1630 4836 idcirco
1678 4796 1807 4836 esse
1854 4796 2005 4835 nun-

346 4886 527 4941 quam
556 4869 901 4942 potuerunt?
922 4870 1048 4927 Non
1081 4886 1319 4926 summa
1349 4870 1530 4942 igitur
1558 4869 1687 4926 sine
1708 4869 2005 4942 impietate

342 4957 584 5017 illorum
612 4963 899 5033 tanquam
953 4961 1198 5018 deorum
1244 4958 1563 5017 simulacra
1608 4963 1665 5016 et
1716 4958 2004 5031 imagines

344 5048 770 5109 adorabantur.

418 5147 681 5220 Denique
725 5148 905 5205 iidem
955 5148 1204 5221 gentiles
1252 5165 1370 5205 non
1410 5146 1599 5205 solum
1628 5147 1721 5203 his
1754 5145 2004 5218 aliisque

343 5237 641 5293 veteribus
672 5240 767 5294 11
787 5239 883 5294 87
920 5238 1035 5295 diis
1066 5239 1213 5310 suis,
1248 5239 1349 5296 sed
1382 5240 1508 5295 suis
1539 5237 1715 5293 etiam
1756 5237 2003 5308 impera-

343 5327 584 5383 toribus
618 5327 889 5397 mortuis,
921 5345 987 5384 ac
1021 5329 1377 5401 quandoque
1426 5327 1616 5385 adhuc
1646 5326 1998 5393 viventibus,

349 5414 440 5470 uti
470 5415 646 5487 paulo
677 5422 812 5489 post
839 5416 1533 5487 dicemus,exstruxerant
1556 5414 1857 5487 templa,in
1880 5412 2002 5485 qui-

349 5502 463 5558 bus
492 5503 687 5576 posita
717 5510 883 5563 erant
930 5522 1133 5563 eorum
1182 5505 1519 5575 simulacra,
1568 5519 1751 5575 eaque
1799 5503 2000 5559 eodem

352 5594 523 5665 atque
570 5591 820 5653 aliorum
869 5596 1116 5656 deorum
1164 5610 1410 5657 suorum
1454 5592 1723 5650 colebant
1759 5591 1999 5650 honore.

2116 4624 2227 4679 que
2260 4608 2545 4679 imagines
2577 4607 2697 4661 sive
2728 4609 2980 4673 statuas,
3012 4622 3137 4677 quae
3170 4604 3384 4659 idcirco
3412 4602 3559 4657 nihil
3599 4603 3762 4675 pravi

2115 4696 2312 4753 cultus
2343 4701 2399 4752 et
2446 4694 2787 4752 idololatriae
2836 4711 3036 4750 secum
3086 4694 3501 4766 importabant.
3549 4692 3761 4748 Existi-

2113 4787 2296 4842 mavit
2344 4802 2480 4858 ergo
2524 4802 2622 4841 eas
2672 4802 2787 4840 non
2820 4784 3240 4856 improbandae
3269 4800 3418 4851 esse,
3451 4800 3578 4855 quae
3610 4780 3759 4837 nihil

2112 4876 2293 4948 impio
2349 4874 2639 4932 idolorum
2696 4873 2879 4930 cultui
2936 4872 3110 4929 afﬁne
3166 4873 3406 4929 habent.
3466 4872 3577 4928 Sed
3637 4872 3758 4927 haec

2113 4966 2304 5022 fusius
2334 4964 2394 5022 in
2446 4964 2635 5037 primo
2686 4965 2999 5035 Apparatus
3051 4964 3233 5018 nostri
3286 4967 3466 5029 tomo,
3509 4960 3760 5033 aliisque

2110 5055 2517 5128 superioribus
2598 5054 2816 5110 nostris
2890 5052 3405 5108 dissertationibus
3470 5049 3761 5123 explicata

2109 5149 2251 5200 sunt
2294 5144 2483 5216 (Tom.
2528 5148 2551 5197 Ι
2581 5144 2868 5215 Apparat.,
2901 5160 2955 5215 p.
2991 5142 3134 5210 748;
3168 5142 3443 5198 Disseruit.
3472 5140 3532 5194 in
3562 5140 3756 5195 Minut.

2111 5233 2319 5301 Octav.,
2352 5251 2481 5306 cap.
2512 5234 2601 5301 29,
2634 5236 2739 5288 art.
2782 5236 2802 5286 1
2864 5236 2921 5289 et
2971 5248 3171 5304 seqq.;
3218 5233 3508 5287 Dissertat.
3560 5230 3621 5283 in
3655 5229 3759 5283 Ar-

2107 5324 2235 5380 nob.
2256 5368 2270 5392 ,
2301 5340 2428 5395 cap.
2459 5323 2552 5389 22,
2586 5325 2696 5377 art.
2731 5322 2756 5376 1
2786 5325 2842 5377 et
2872 5338 3075 5395 seqq.;
3109 5326 3166 5378 et
3203 5323 3500 5377 Dissersat.
3532 5319 3592 5373 in
3624 5319 3755 5372 Lac-

2110 5417 2274 5482 tant.,
2308 5428 2435 5484 cap.
2466 5412 2557 5482 34,
2591 5415 2699 5468 art.
2730 5412 2754 5465 1
2790 5415 2848 5468 et
2878 5413 3087 5485 seqq.).
3122 5411 3200 5468 Ea
3227 5427 3361 5467 vero
3392 5409 3443 5465 si
3474 5422 3609 5463 cum
3660 5405 3754 5461 his

2108 5518 2235 5575 quae
2265 5500 2575 5558 retulimus
2606 5500 2811 5556 1138
2863 5505 3310 5573 componantur,
3361 5511 3570 5553 novam
3621 5510 3752 5550 mu~

2106 5596 2388 5663 tuamque
2417 5589 2610 5648 lucem
2638 5589 2753 5648 sibi
2780 5589 3022 5647 afferent
3050 5604 3116 5647 ac
3146 5586 3448 5660 recipient.
