4134 6184
337 292 486 353 1241

1246 299 1318 357 D.
1368 297 1466 359 LE
1510 299 1837 362 NOURRY
1881 300 2532 363 OBSERVATIONES
2577 303 2839 365 NOVzE.

3592 301 3751 362 1242

334 425 395 479 Si
429 425 664 495 quando
694 428 890 481 tamen
950 427 1418 500 ingrederentur,
1460 451 1487 484 α
1522 432 1844 503 spoliarent
1874 434 1986 490 for-
2019 436 2071 502 Α
2103 435 2269 506 rique
2301 451 2503 491 omnes
2532 436 2647 491 tria
2677 439 2777 490 aut
2799 438 3053 506 quatuor
3079 432 3300 487 dabant
3323 431 3513 488 thuris
3545 450 3748 506 grana,

334 513 489 567 sitan
522 529 611 579 ea,
645 518 710 569 ut
742 513 837 569 ille
869 516 969 587 ait,
1012 522 1071 572 et
1101 518 1235 589 ipsi,
1265 520 1313 574 si
1346 537 1412 575 ea
1443 522 1777 589 adorarent,
1812 542 1840 571 »
1872 521 1983 579 hoc

334 607 444 670 est,
476 602 526 657 si
552 602 867 674 aliquando
900 606 1219 663 Christiani
1251 609 1372 665 haec
1425 611 1483 665 in
1518 611 1756 683 templa,
1788 630 1987 683 quem-

334 692 651 747 admodum
680 693 948 764 gentiles,
982 695 1219 752 introire
1260 700 1611 770 potuissent,
1654 701 1753 757 illa
1782 702 1984 774 procul

332 782 534 850 dubio,
566 782 743 837 velati
774 784 1089 857 Dionysius
1125 788 1330 843 1140
1382 794 1693 861 tyrannus,
1754 797 1810 847 et
1863 792 1983 862 alii,

330 887 579 942 quorum
611 870 750 927 alibi
782 873 1028 931 fecimus
1054 876 1611 950 mentionem,p1ane
1630 880 1986 952 spoliassent

332 976 448 1016 non
480 961 718 1033 quidem
751 962 904 1019 sicut
925 963 1031 1031 illi,
1066 965 1323 1023 avaritiae
1355 984 1552 1037 causa,
1611 970 1710 1025 sed
1750 979 1985 1044 propter

330 1052 553 1109 scelera
583 1070 649 1110 ac
681 1054 1008 1128 sacrilegia,
1038 1073 1166 1129 qua:
1197 1058 1257 1113 in
1290 1059 1374 1115 eis
1393 1061 1983 1132 patrabantur.Plura

329 1157 463 1197 vero
506 1143 577 1197 de
635 1144 1003 1200 ethnicorum
1057 1151 1232 1217 atque
1283 1148 1461 1204 etiam
1515 1150 1979 1209 Christianorum

328 1232 567 1303 templis
589 1232 645 1287 in
680 1233 874 1289 citatis
899 1235 1411 1294 dissertationibus
1470 1242 1684 1297 nostris
1714 1244 1981 1315 disputa-

326 1320 522 1378 vimus
562 1325 868 1393 (Dissertat.
924 1328 984 1381 in
1040 1328 1263 1400 Minut.,
1324 1348 1451 1402 cap.
1506 1333 1592 1400 12,
1649 1339 1757 1389 art.
1790 1335 1871 1401 2;
1923 1338 1983 1390 in

326 1410 554 1482 Arnob.,
588 1429 714 1485 cap.
746 1414 838 1486 21,
870 1418 981 1473 art.
1016 1416 1040 1470 1
1080 1435 1095 1487 ;
1154 1422 1210 1473 et
1269 1420 1333 1473 in
1392 1422 1669 1490 Lactant.,
1704 1438 1836 1495 cap.
1888 1424 1979 1495 33,

329 1504 440 1557 art.
479 1503 555 1571 1).

962 1629 1280 1671 ARTICULUS
1310 1633 1372 1671 ῙῙ.

330 1696 505 1777 Quqrn
544 1700 822 1777 scelerata
864 1775 870 1777 _
906 1703 1262 1777 conscientia,
1340 1709 1653 1777 quantaque
1740 1710 1981 1763 avaritia

401 1768 608 1850 ethnici
635 1773 752 1850 diis
782 1775 896 1827 suis
915 1768 1437 1850 _sacriﬁcaverint,et
1462 1768 1760 1835 obtulerint
1788 1798 1980 1850 grana

398 1840 586 1923 thuris
615 1845 781 1923 anius
810 1847 966 1913 assis,
990 1840 1150 1923 Aditus
1193 1852 1333 1901 meri
1369 1840 1585 1920 vgutlas,
1651 1840 1979 1923 sangitincm

398 1914 625 1983 reprobi
654 1916 817 1991 boris,
850 1920 998 1971 mori
1020 1922 1293 1991 (optantis,
1341 1914 1502 1991 atque
1532 1914 1774 1987 euecta,"
1796 1925 1977 1979 tabio-

397 2000 478 2049 sa,
558 1989 816 2065 ungulas,
858 2060 869 2065 _
904 1989 1172 2065 capitula,
1230 1989 1555 2065 ptumorum
1630 2002 1979 2065 solarium/ue

397 2057 704 2137 praeputsa,
738 2076 801 2114 ac
836 2060 1073 2115 debitam
1107 2057 1330 2118 Herculi
1360 2064 1632 2120 decimam
1674 2057 1977 2137 defrauda-

401 2131 607 2184 verint.

398 2252 525 2307 Non
556 2256 743 2325 major
775 2257 1028 2327 profeclo
1064 2257 1172 2312 fuit
1202 2259 1511 2330 gentilium
1568 2260 1627 2316 in
1676 2263 1980 2320 sacriﬁciis

326 2342 472 2408 suis,
509 2360 682 2414 quam
717 2344 774 2397 in
807 2344 1045 2417 templis
1078 2347 1264 2418 pietas
1295 2366 1361 2403 ac
1393 2349 1615 2422 religio,
1653 2368 1757 2408 nec
1788 2353 1981 2408 minor

324 2431 502 2485 etiam
527 2431 772 2486 avaritia
803 2438 1182 2507 quastusque
1210 2436 1477 2493 aviditas.
1512 2439 1637 2495 Diis
1668 2441 1822 2495 enim
1854 2443 1978 2497 suis

325 2520 738 2589 sacriﬁcantes,
773 2521 1093 2578 offerebant
1122 2547 1149 2573 ‹‹
1186 2530 1317 2596 post
1339 2526 1557 2595 omnia,
1597 2529 1789 2600 inquit
1843 2532 1980 2586 Ter-

325 2608 630 2675 tullianus,
664 2609 1116 2680 inquinamenta
1151 2615 1327 2670 etiam
1363 2618 1780 2674 conscientiam
1814 2637 1982 2690 spur-

325 2714 452 2751 cam
488 2720 515 2746 »
542 2698 806 2765 (Tertull.
842 2700 1148 2773 Apologet.,
1181 2706 1432 2775 cap.30),
1466 2707 1587 2762 sive
1614 2710 1977 2765 contamina-

324 2792 447 2839 tam
480 2787 755 2843 omnibus
780 2788 898 2843 illis
929 2790 1299 2858 criminibus,
1334 2810 1460 2865 quas
1494 2796 1666 2866 paulo
1698 2801 1891 2864 antea,
1920 2803 1979 2854 et

326 2877 545 2947 passim
580 2878 637 2931 in
671 2878 778 2934 hac
811 2880 1222 2937 dissertatione
1241 2889 1441 2940 notata
1462 2892 1622 2941 sunt.
1650 2888 1829 2951 Quale
1844 2906 1979 2945 vero

326 2982 393 3019 ac
425 2972 711 3037 quantum
744 2967 936 3024 thuris
1000 2971 1322 3043 adolerent,
1385 2974 1433 3029 si
1494 2975 1643 3031 scire
1675 2994 1862 3045 aveas,
1890 2996 1977 3033 re-

324 3057 635 3121 spondebit
665 3059 770 3113 tibi
817 3062 1034 3116 Auctor
1087 3070 1307 3131 noster,
1357 3080 1538 3136 grana
1586 3066 1767 3122 thuris
1814 3070 1979 3125 unius

320 3150 484 3211 assis,
515 3151 835 3252 e-t'arabicsc
876 3153 1127 3252 arbori-s-
1151 3155 1459 3252 lacrynias
1487 3159 1692 3231 (ibid),
1752 3161 1810 3215 id
1863 3167 1973 3228 est,
2006 3185 2049 3252 ρ

321 3253 507 3308 grana
539 3237 751 3305 thuris,
816 3257 928 3296 non
990 3243 1229 3312 quidem
1287 3247 1486 3317 sabaei,
1538 3249 1693 3318 quod
1754 3250 1975 3319 majore

320 3326 703 3396 vendebatur,
738 3330 838 3383 sed
873 3329 1111 3401 arabici,
1148 3334 1299 3403 quod
1338 3334 1518 3405 pretio
1568 3338 1873 3393 emebatur
1901 3338 1980 3393 vi-

324 3413 574 3470 lissimo.
611 3416 759 3482 Quin
793 3418 966 3473 etiam
1000 3421 1157 3474 avari
1190 3422 1460 3478 homines
1492 3442 1607 3480 non
1668 3426 1838 3497 plura
1869 3428 1976 3482 hu-

315 3504 421 3573 jus
454 3503 668 3571 thuris,
719 3509 1153 3576 quantumlibet
1220 3514 1553 3568 communis
1611 3531 1814 3587 grana,
1872 3518 1974 3572 sed

324 3593 517 3648 tribus
541 3598 794 3666 tantum,
848 3602 912 3650 ut
944 3602 1113 3653 antea
1138 3600 1597 3659 observabamus
1630 3605 1811 3676 (supr.
1847 3622 1973 3678 cap.
2004 3630 2015 3639 -

322 3682 416 3748 24,
450 3687 557 3738 art.
589 3685 642 3751 3,
703 3690 759 3740 et
813 3687 1093 3743 Dissertat.
1158 3691 1216 3744 in
1276 3692 1546 3762 Lactant,
1581 3711 1707 3765 cap.
1738 3696 1827 3763 35,
1863 3701 1972 3751 art.

320 3772 405 3843 2),
429 3772 791 3844 apprehensa
812 3775 1027 3848 digitis,
1061 3778 1277 3849 quibus
1295 3782 1655 3852 paucissima
1685 3800 1825 3839 sane
1847 3784 1975 3856 capi

325 3866 616 3933 poterant.

398 3947 544 4012 Quid
574 3966 707 4005 vero
736 3949 764 4004 ?
795 3956 1000 4023 arguet
1030 3953 1265 4026 aliquis,
1308 3974 1499 4014 nonne
1531 3958 1772 4031 plurimi
1802 3960 1973 4033 plena

323 4054 506 4092 manu
558 4042 710 4095 totos
762 4039 1149 4098 incendebant
1211 4045 1402 4101 thuris
1468 4048 1645 4103 etiam
1733 4049 1973 4121 pretiosi

322 4142 584 4195 acervos,
619 4131 1119 4200 quemadmodum
1150 4133 1419 4191 Tibullus
1464 4137 1556 4193 his
1590 4140 1856 4196 versibus
1886 4155 1974 4195 ce-

323 4216 470 4272 cinit
505 4234 517 4272 :

384 4323 586 4391 Natalis
612 4325 772 4391 Juno,
804 4330 1017 4376 sanctos
1046 4342 1174 4391 cape
1204 4330 1377 4381 thuris
1423 4346 1659 4389 acervos.

452 4387 594 4444 Quos
621 4389 715 4438 tibi
740 4389 831 4439 dat
873 4394 1057 4441 tenera
1087 4387 1245 4443 docta
1270 4396 1449 4457 puella
1475 4387 1659 4448 manu.

847 4470 1056 4533 (Tibull.
1087 4472 1177 4523 lib.
1209 4488 1279 4536 iv,
1313 4475 1443 4540 eleg.
1474 4480 1544 4542 6.)

321 4575 531 4631 Nonne
563 4575 740 4632 etiam
771 4577 1054 4635 Martialis
1082 4582 1390 4641 cantabat:

386 4682 707 4752 Copsumpsi
738 4683 1005 4750 falsasque
1024 4688 1226 4752 molas,
1260 4693 1314 4741 et
1341 4691 1515 4741 thuris
1545 4706 1761 4743 acervos
1795 4708 1807 4743 :

449 4747 741 4797 Decrevere
770 4747 973 4813 greges,
1007 4750 1133 4801 dum
1170 4747 1312 4804 cadit
1340 4768 1478 4819 agna
1510 4755 1762 4819 frequens
1789 4760 1813 4805 τ

856 4828 1100 4883 (Martial.
1132 4834 1223 4883 lib.
1256 4849 1351 4896 vn,
1382 4837 1548 4900 epigr.
1578 4840 1678 4899 53.)

323 4934 438 4990 Sed
472 4933 593 4989 haec
620 4934 821 5007 procul
847 4937 1024 4993 dubio
1039 4942 1273 5010 poeticae
1303 4946 1777 5018 exaggerationes
1799 4950 1967 5003 sunt:

323 5028 380 5078 et
414 5023 697 5079 Martialis
727 5024 805 5079 ibi
840 5025 1103 5098 loquitur
1129 5031 1199 5086 de
1229 5035 1592 5092 somniorum
1625 5037 1968 5109 interpreta-

323 5113 502 5168 tione.
538 5114 679 5179 Quis
708 5131 841 5171 vero
886 5119 1107 5173 nesciat
1158 5137 1277 5189 eos,
1307 5127 1409 5196 qui
1466 5127 1665 5182 futura
1712 5128 1881 5198 scire,
1914 5132 1971 5183 et

324 5203 581 5258 maxime
659 5203 859 5275 cupita
898 5205 1158 5264 obtinere
1212 5211 1429 5283 volunt,
1496 5216 1677 5271 nullis
1736 5233 1970 5288 parcere

321 5292 665 5363 sumptibus
699 5296 721 5348 Ρ
750 5294 950 5366 Neque
978 5295 1177 5353 minus
1210 5307 1433 5360 certum
1464 5310 1521 5361 et
1550 5305 1708 5362 solos
1738 5306 1968 5373 divites,

322 5379 553 5451 hosque
584 5382 977 5453 paucissimos
1036 5386 1149 5443 diis
1198 5390 1323 5447 suis
1379 5399 1480 5450 aut
1536 5395 1814 5469 plurima,
1872 5404 1970 5451 aut

324 5469 673 5541 pretiosiora
700 5471 876 5527 thura
904 5473 1249 5549 adolevisse,
1283 5483 1381 5537 sed
1405 5488 1530 5539 tum
1567 5486 1802 5557 quidem
1835 5501 1969 5540 cum

323 5557 523 5629 aliqua
545 5562 966 5631 premebantur
995 5568 1366 5640 necessitate,
1397 5578 1498 5628 aut
1528 5579 1594 5629 ut
1637 5575 1832 5631 inanis
1853 5573 1972 5646 glo-

322 5649 483 5707 riolae
515 5653 889 5711 rumusculos
913 5663 1575 5729 aucuparenturﬁeteri
1614 5670 1810 5724 autem
1842 5665 1968 5737 ple-

2000 4568 2050 4631 D

2098 527 2153 579 et
2201 525 2356 591 duas,
2416 524 2590 579 sicuti
2662 524 2824 580 addit
2880 522 3300 590 Tertullianus,
3376 524 3517 577 meri
3569 528 3750 594 guttas

2096 613 2364 685 (Tertull.
2400 615 2702 685 Apologet.,
2737 631 2866 685 cap.
2894 614 3005 683 30),
3040 612 3148 667 hoc
3178 616 3285 677 est,
3348 628 3523 682 quam
3554 612 3746 671 thuris

2094 707 2150 758 et
2179 704 2297 758 vini
2330 708 2601 776 poterant
2633 704 2968 759 minimum.
3001 702 3110 758 Sed
3154 718 3267 774 quo
3299 701 3481 756 animi
3539 720 3740 771 sensu,

2095 792 2286 851 disces
2312 793 2425 849 his.
2462 792 2655 849 Ovidii
2695 793 2965 849 versibus
2997 794 3067 849 de
3107 809 3221 848 anu
3253 790 3620 848 sacrificante
3655 811 3667 849 :

2154 928 2287 993 Vina
2317 942 2535 993 quoque
2571 929 2812 990 instillat,
2837 930 2946 993 vini
2977 928 3352 993 quodcumque
3378 926 3621 993 relictum
3647 931 3743 991 est,

2186 988 2461 1054 Autipsa;
2477 997 2568 1041 aut
2602 988 2838 1052 comites,
2874 988 3004 1053 plus
3027 997 3207 1040 tamen
3244 991 3355 1054 ipsa
3385 988 3533 1039 bibit.

2187 1070 2213 1100 (ι
2245 1052 2475 1103 Hostiles
2509 1056 2734 1114 linguas,
2768 1052 3091 1117 inimicaque
3124 1052 3392 1101 vinximus
3424 1067 3587 1113 ora,»

2280 1118 2420 1166 Dixit
2446 1118 2743 1175 discedens,
2776 1119 3028 1179 ebriaque
3052 1118 3158 1166 exit
3188 1130 3341 1165 auus.

2620 1197 2792 1256 (Ovid.
2823 1198 2913 1246 lib.
2945 1210 3000 1245 ιιι
3033 1197 3271 1257 Fasior.§
3304 1199 3401 1260 15.)

2092 1330 2293 1383 1141
2328 1329 2541 1384 Eodem
2576 1329 2749 1401 plane
2798 1330 3049 1384 avaritiae
3079 1330 3221 1385 vitio
3280 1330 3497 1386 ethnici
3528 1331 3741 1384 immo‘

2093 1416 2293 1473 labant
2324 1418 2571 1485 hostias,
2608 1436 2720 1473 non
2755 1417 2999 1489 pingues
3033 1421 3309 1489 proiecto,
3338 1425 3439 1474 aut
3469 1419 3738 1485 selectae,

2091 1508 2493 1579 autintegras,
2528 1509 2625 1562 sed
2658 1510 3518 1578 sanguinem,quemadmodum
3552 1506 3743 1562 adhuc

2089 1596 2507 1665 Tertullianus,
2560 1597 2786 1667 reprobi
2843 1597 2995 1651 bovis
3022 1597 3166 1651 mori
3195 1602 3444 1668 optantis
3476 1595 3739 1668 (Tertull.

2090 1685 2194 1739 loc.
2226 1687 2366 1753 cit.).
2399 1687 2472 1740 At
2514 1686 2754 1756 quidam
2814 1685 3178 1741 delicatiores
3211 1686 3395 1741 critici
3452 1685 3737 1757 scriptum

2090 1773 2169 1828 ibi
2200 1773 2415 1829 vellent
2456 1791 2570 1829 non
2633 1774 2781 1829 bovis
2833 1773 3091 1844 quidem,
3153 1775 3254 1829 sed
3315 1776 3576 1839 hominis,
3636 1774 3734 1844 qui

2090 1862 2250 1918 solus
2287 1868 2531 1917 mortem
2565 1867 2764 1934 Optare
2797 1867 3006 1934 potest.
3038 1866 3253 1918 Verum
3289 1864 3409 1919 haec
3458 1879 3620 1917 mera
3648 1879 3737 1917 ca-

2087 1952 2309 2008 villatio
2340 1958 2429 2008 est
2476 1958 2679 2007 contra
2710 1969 3082 2007 communem
3143 1952 3409 2008 codicum
3469 1953 3735 2008 omnium

2089 2060 2461 2099 consensum.
2490 2044 2632 2109 Quis
2662 2061 2916 2115 namque
2943 2060 3057 2099 non
3088 2044 3243 2099 videt
3274 2044 3416 2099 illud
3450 2062 3484 2099 a
3514 2042 3711 2099 Tertul

2090 2132 2244 2187 liano
2280 2138 2477 2188 nostro
2508 2134 2908 2205 metaphorice
2957 2134 3180 2189 dictum
3236 2134 3306 2189 de
3354 2134 3519 2203 bove,
3552 2133 3737 2201 senio,

2090 2220 2296 2290 macie,
2330 2229 2386 2277 et
2428 2222 2561 2277 tabe
2618 2222 2699 2276 ita
2757 2224 3037 2289 confecto,
3100 2228 3165 2276 ut
3225 2226 3499 2289 mortem,
3548 2220 3599 2277 si
3658 2222 3741 2275 ita

2087 2316 2286 2383 posset
2342 2312 2490 2379 fieri,
2547 2312 2673 2365 vitae
2732 2311 3081 2382 praeferret?
3136 2311 3528 2374 Quamobrem
3606 2310 3732 2380 ipse

2088 2400 2281 2455 adhuc
2304 2400 2698 2455 'l‘ertullianus
2730 2400 2995 2456 ethnicos
3026 2405 3197 2455 antea
3240 2399 3333 2454 his
3355 2398 3547 2453 verbis
3580 2415 3741 2453 com-

2090 2490 2404 2561 pellaverat
2436 2507 2447 2545 :
2491 2510 2511 2538 ιτ
2542 2490 2777 2555 Enecta,
2811 2494 2868 2545 et
2910 2489 3161 2555 tabiosa,
3193 2493 3250 2543 et
3281 2487 3549 2544 scabiosa
3582 2504 3742 2559 qua-

2090 2595 2201 2649 que
2236 2579 2602 2649 mactatis,»
2665 2595 2790 2650 quas
2841 2578 3001 2633 domi
3053 2594 3288 2650 quoque
3344 2577 3560 2649 pueris,
3621 2576 3741 2632 sive

2090 2668 2291 2733 servis,
2317 2666 2404 2721 vel
2436 2666 2681 2721 canibus
2716 2666 3126 2721 destinassetis
3160 2688 3187 2715 »
3222 2665 3487 2735 (Tertull.
3547 2665 3741 2736 Apolo-

2087 2766 2222 2828 get.,
2254 2774 2380 2827 cup.
2423 2758 2506 2819 14,
2540 2761 2596 2811 et
2625 2756 2728 2821 lib,
2763 2758 2881 2811 iad
2909 2757 3166 2822 Nation.,
3200 2773 3325 2827 cap.
3363 2754 3470 2825 10).
3505 2755 3739 2809 Hostias

2090 2856 2280 2901 tamen
2315 2847 2590 2917 integras,
2625 2844 2901 2916 optimas,
2930 2848 2987 2899 et
3020 2845 3260 2898 decoras
3290 2843 3402 2898 diis
3435 2843 3559 2897 suis
3616 2859 3736 2896 ma-

2088 2941 2244 2991 ctare
2276 2935 2385 2989 hac
2419 2936 2773 2989 tenebantur
2829 2933 2977 3006 lege,
3030 2950 3207 3004 quam
3263 2933 3455 2987 Cicero
3494 2932 3735 2986 totidem

2087 3024 2248 3079 hisce
2279 3023 2481 3079 retulit
2511 3024 2704 3078 verbis
2738 3041 2750 3079 :
2787 3045 2814 3072 «
2842 3025 3082 3093 Quaque
3115 3022 3325 3093 cuique
3356 3022 3485 3075 divo
3517 3022 3737 3075 decora)

2088 3119 2383 3185 grataeque
2428 3113 2547 3167 sint
2595 3112 2821 3179 hostias,
2873 3112 3213 3183 providento
3246 3132 3273 3159 »
3303 3110 3506 3179 (Cicer.
3559 3109 3659 3164 lib.
3697 3127 3735 3163 ιι

2087 3202 2366 3273 delcgib.,
2418 3218 2546 3272 pag.
2608 3202 2732 3268 334,
2786 3200 2887 3254 lin.
2947 3201 3056 3268 46).
3117 3201 3207 3254 Eae
3246 3203 3463 3264 autem,
3523 3214 3735 3269 quem-

2089 3292 2408 3372 admodum
2465 3290 2793 3355 Vitruvius,
2825 3306 2857 3343 a
2907 3287 3198 3343 Macrobio
3257 3290 3495 3355 citatus,
3547 3288 3735 3353 docet,

2085 3380 2446 3435 vocabantur
2477 3379 2722 3445 eximias,
2764 3400 2790 3430 α
2818 3377 2905 3433 vel
2936 3378 3075 3448 quia
3106 3376 3443 3431 eximuntur
3473 3393 3507 3432 a
3535 3393 3733 3447 grege,

2084 3468 2170 3524 vel
2203 3469 2354 3538 quod
2388 3468 2601 3522 eximia
2640 3466 2835 3538 specie
2889 3466 3059 3537 quasi
3118 3466 3423 3520 offerendas
3483 3465 3737 3520 numini-

2086 3558 2197 3613 bus
2226 3557 2525 3629 eliguntur
2556 3580 2584 3607 »
2618 3558 2895 3627 (Macrob.
2928 3555 3028 3611 lib.
3064 3572 3125 3610 ιιι
3160 3554 3473 3623 Saturnal.,
3497 3571 3620 3625 cap.
3654 3555 3733 3625 5).

2085 3653 2270 3716 Atque
2320 3648 2471 3712 inde,
2519 3650 2666 3702 teste
2728 3646 2933 3710 Plinio,
2976 3662 3103 3700 mos
3146 3649 3266 3699 erat
3322 3644 3548 3699 hostias
3598 3660 3737 3714 pro-

2084 3736 2356 3792 bandiac
2388 3736 2690 3808 seligendi.
2736 3734 3003 3791 Meminit
3060 3740 3257 3789 autem
3316 3733 3497 3804 hujus
3555 3732 3736 3789 moris

2081 3825 2365 3897 Virgilius
2393 3824 2495 3880 illo
2525 3840 2725 3880 versu:

2434 3942 2667 3991 Mactant
2695 3939 2855 3989 lectas
2886 3939 2951 3989 de
2982 3952 3127 3988 more
3158 3937 3423 3987 bidentes.

2796 4020 2997 4083 (Virgil.
3035 4019 3125 4067 lib.
3157 4032 3207 4066 Vl
3229 4016 3438 4066 λΕηείᾱ.
3460 4030 3513 4066 v.
3541 4019 3641 4073 57.)

2082 4129 2225 4185 Nam
2252 4128 2424 4183 sicuti
2459 4127 2603 4182 scite
2634 4126 2714 4181 ibi
2747 4129 2990 4181 annotat
3020 4123 3292 4179 Servius:
3332 4144 3360 4173 «
3392 4123 3570 4178 Moris
3626 4121 3739 4177 fuit

2082 4223 2147 4273 ut
2204 4218 2273 4273 ad
2326 4215 2610 4272 sacriﬁcia
2677 4214 3033 4286 eligerentur
3090 4228 3247 4280 oves,
3318 4211 3534 4283 quibus
3584 4210 3736 4265 nihil

2082 4308 2329 4372 deesset,
2364 4309 2428 4360 ut
2477 4304 2536 4358 in
2570 4308 2812 4373 sexto,»
2865 4302 3129 4373 ejusdem
3183 4299 3466 4355 nimirum
3524 4302 3733 4370 poetas,

2087 4415 2114 4444 ‹‹
2143 4393 2313 4462 libro,
2348 4392 2448 4447 ubi
2472 4409 2708 4448 rursum
2733 4390 2945 4447 cecinit
2976 4406 2991 4445 :

2173 4512 2328 4560 Nunc
2356 4522 2517 4572 grege
2550 4508 2615 4557 de
2646 4509 2845 4572 intacto
2874 4510 3079 4572 septem
3118 4506 3353 4572 mactare
3381 4502 3639 4572 juvencos

2173 4566 2500 4632 Prtestiterit,
2527 4571 2748 4623 totidem
2777 4566 2951 4619 lectas'
2967 4570 3031 4617 de
3064 4581 3211 4616 more
3244 4566 3505 4616 bidentes.
3537 4582 3563 4612 »

2576 4652 2738 4711 Idem,
2773 4651 2864 4700 lib.
2895 4664 2964 4709 vr,
2994 4663 3046 4697 v.
3078 4648 3157 4707 38,
3190 4651 3242 4696 et
3264 4647 3440 4710 seqq.)

2080 4773 2153 4825 At
2185 4769 2336 4825 sicut
2362 4766 2643 4840 Virgilius
2678 4768 2881 4823 eadem
2944 4764 3175 4837 repetit,
3233 4763 3313 4818 ita
3374 4761 3611 4818 Servius
3670 4762 3730 4817 in

2079 4858 2186 4914 bos
2206 4874 2410 4914 versus
2433 4858 2625 4912 denuo
2685 4856 2805 4910 haec
2862 4855 3127 4910 observat
3158 4869 3173 4907 :
3208 4874 3235 4901 «
3261 4856 3339 4907 De
3369 4866 3531 4906 more
3576 4850 3731 4905 anti-

2080 4965 2215 5020 quo,
2250 4964 2425 5019 quem
2457 4944 2848 5019 praetermisit,
2883 4943 3051 5016 quasi
3082 4942 3357 4998 omnibus
3389 4944 3618 5010 notum,
3669 4941 3727 4995 id

2079 5042 2189 5105 est,
2212 5055 2315 5093 nec
2337 5038 2593 5092 habeant
2623 5035 2870 5092 caudam
2902 5034 3249 5097 aculeatam,
3293 5047 3397 5086 nec
3458 5030 3722 5102 linguam

2079 5129 2303 5197 fissam,
2338 5144 2442 5184 nec
2473 5143 2674 5184 aurem
2704 5126 2933 5198 nigram
2970 5140 2982 5179 :
3012 5141 3115 5197 per
3173 5122 3326 5195 quod
3372 5123 3540 5177 docet
3569 5119 3727 5175 aliud

2078 5218 2386 5285 intactum,
2421 5218 2579 5273 aliud
2611 5216 2847 5272 lectum.
2875 5239 2902 5265 »

2149 5307 2377 5363 Ethnici
2437 5322 2569 5378 ergo
2621 5310 2825 5361 contra
2877 5306 3073 5360 datam
3122 5304 3332 5374 legem,
3391 5316 3457 5355 ac
3505 5313 3727 5352 morem

2078 5404 2402 5468 receptum,
2436 5396 2693 5468 pessima
2724 5411 2968 5466 quaeque
3024 5393 3361 5459 offerebant,
3404 5392 3461 5443 et
3490 5388 3726 5458 sangui-

2077 5504 2223 5554 nem,
2257 5489 2340 5543 uti
2364 5488 2589 5543 dictum
2620 5492 2731 5557 est,
2765 5486 2982 5558 reprobi
3007 5485 3176 5555 bovis,
3230 5483 3338 5538 hoc
3397 5483 3505 5549 est,
3546 5476 3725 5532 veteri

2079 5593 2280 5633 eorum
2312 5577 2437 5650 lege
2469 5592 2744 5649 moreque
2794 5574 3089 5650 reprobati
3146 5589 3210 5629 ac
3255 5568 3472 5641 rejecti.
3533 5564 3727 5637 Siqui

2078 5683 2212 5723 vero
2242 5665 2555 5739 aliquando
2586 5666 2860 5739 optimas,
2919 5668 3093 5736 prout
3139 5662 3379 5733 jussum
3411 5661 3557 5725 erat,
3616 5655 3727 5711 bo-
