4134 6184
298 347 454 407 12ι5
1601 352 1834 414 LIBER
1879 356 1925 414 D

2081 355 2449 417 RATIONE.
3558 354 3713 414 1246

300 506 2962 542 m

480 696 667 899 Ο.
802 700 1357 867 SEPT.
1485 703 2066 871 FLOR.
2196 705 3545 873 TERTULLIANI

1667 988 2344 1124 OPEBUM

954 1225 1229 1309 mm
1255 1225 1352 1312 IS
1408 1228 1879 1314 PRIOBIS
1940 1229 2311 1319 sumus
2372 1231 3041 1320 POSTEltIOR

1238 1579 1715 1682 ιιΒιιι
1815 1579 2767 1684 DOGMATIGI

813 1776 1022 1835 ANTE
1087 1777 1557 1840 SUSCEPTUM
1620 1780 1721 1839 AB
1788 1781 2155 1842 AUCTORE
2221 1781 2811 1844 MONTANISMUM
2878 1782 3180 1842 SCRIPTI

1116 2105 1589 2232 LIBER
1682 2108 1890 2234 DE
1987 2105 2869 2239 ORATIONE.

1497 2519 2359 2611 PROLEGOMENA
2398 2514 2497 2606 (ί).

356 2726 642 2782 Plurimos
698 2724 1033 2781 Tertulliani
1084 2723 1262 2780 editos
1318 2721 1514 2793 libros,
1570 2740 1779 2794 paucos
1854 2742 1983 2783 vero
2068 2727 2485 2796 manuscriplos
2554 2728 2613 2782 in
2680 2727 3035 2784 bibliothecis
3099 2741 3486 2783 numeramus.
3542 2726 3691 2780 Hinc

287 2815 500 2870 factum
560 2822 617 2869 ut
677 2830 749 2870 ne
805 2812 991 2869 adhuc
1047 2812 1274 2882 quidem
1314 2813 1741 2868 accuratissime
1800 2815 1947 2885 typis
1994 2816 2274 2885 descripta
2323 2815 2477 2871 illius
2531 2833 2699 2886 opera
2762 2818 3407 2885 habeamus:quaedam
3470 2813 3691 2879 mutila,

286 2905 567 2975 fcedisque
617 2903 945 2959 vulneribus
1005 2902 1296 2957 horrentia
1338 2901 1397 2957 in
1462 2901 1755 2973 publicum
1814 2903 2144 2973 prodierunt
2196 2922 2208 2960 :
2270 2906 2552 2961 nonnulla
2615 2907 2784 2962 etiam
2841 2908 3238 2961 desiderantur
3295 2921 3420 2975 quae
3476 2921 3508 2957 a
3558 2904 3693 2960 Ter-

289 2992 529 3049 tulliano
614 2991 869 3061 evulgata
926 2991 1157 3060 scimus,
1217 2997 1271 3044 at
1330 2989 1495 3045 uobis
1550 2988 1620 3044 ab
1670 2991 1943 3047 edacitate
2020 3000 2339 3063 temporum
2411 2996 2647 3049 omnino
2725 3004 2915 3065 erepta
2981 3010 3139 3064 aeque
3204 2992 3578 3061 suspicamur,
3649 2999 3702 3046 et

288 3082 568 3137 dolemus.
604 3079 934 3137 Melioribus
990 3079 1120 3134 fatis
1162 3079 1451 3148 hucusque
1506 3079 1729 3149 gavisus
1787 3096 1900 3135 non
1957 3089 2040 3137 est
2097 3081 2243 3137 liber
2295 3082 2359 3137 de
2420 3083 2696 3152 Oratione,
2731 3100 2898 3154 quem
2959 3084 3175 3153 primus
3218 3084 3474 3137 omnium
3535 3080 3689 3134 Pari-

288 3171 390 3225 siis
449 3186 479 3225 e
535 3170 917 3225 vetustissimo
975 3170 1170 3225 codice
1222 3167 1500 3238 evulgavit
1555 3172 1808 3224 Joannes
1867 3171 2148 3240 Gagneius
2209 3172 2541 3228 Parisiensis
2598 3172 2892 3241 theologus
2946 3189 3099 3227 anno
3154 3172 3363 3227 Christi
3424 3169 3581 3236 1545,
3643 3175 3700 3223 at

287 3260 529 3316 minime
584 3261 889 3329 integrum,
919 3264 973 3313 at
1030 3256 1236 3312 illustri
1295 3258 1563 3312 coronide
1615 3258 1965 3314 destitutum.
1998 3260 2190 3330 Neque
2244 3261 2376 3316 huic
2432 3262 2667 3318 editioni
2720 3261 2951 3331 reliquae
3008 3261 3325 3316 subsecuta)
3384 3275 3551 3331 opem
3612 3266 3699 3312 tu-

287 3349 404 3404 lere
457 3365 571 3419 prae
628 3348 889 3404 codicum
952 3347 1164 3417 inopia.
1204 3348 1362 3403 Unus
1413 3354 1630 3402 tantum
1692 3346 1969 3417 Rigaltius
2029 3358 2309 3405 vetustum
2358 3351 2612 3407 codicem
2667 3351 2929 3406 mutilum
2988 3367 3108 3405 esse
3167 3349 3374 3405 librum
3433 3346 3701 3403 animad-

288 3438 469 3502 vertit,
505 3444 558 3492 et
614 3435 825 3505 aliquot
881 3436 1151 3490 duntaxat
1211 3435 1377 3489 lineis
1430 3435 1489 3489 in
1545 3434 1700 3492 calce
1761 3436 1989 3505 additis,
2024 3438 2375 3494 medicinam
2428 3440 2558 3494 aliis
2591 3441 3003 3510 propinandam
3034 3439 3282 3508 reliquit.
3317 3438 3455 3493 Cum
3511 3438 3702 3505 itaque

288 3542 393 3596 ego
449 3526 750 3581 inciderim
803 3525 864 3579 in
922 3524 1123 3580 1145
1185 3526 1469 3579 vetustum
1528 3524 1916 3581 Ambrosianae
1974 3526 2335 3584 bibliothecae
2394 3529 2668 3597 codicem,
2703 3529 2797 3584 ubi
2856 3529 3187 3599 legebantur
3246 3544 3369 3597 quae
3420 3528 3478 3580 in
3536 3532 3698 3580 caete-

291 3616 367 3671 ris
422 3616 647 3683 desunt,
707 3614 984 3671 coutinuo
1040 3613 1335 3668 anecdotis
1394 3613 1537 3668 meis
1592 3614 1783 3669 addidi
1837 3616 2013 3669 veluti
2072 3632 2326 3687 gemmas
2385 3616 2670 3673 litterariae
2726 3618 3051 3687 reipublicae
3109 3618 3167 3672 in
3237 3616 3433 3686 primis
3489 3622 3698 3684 gratas.

292 3707 676 3775 Quaecumque
733 3703 885 3758 enim
944 3718 974 3757 e
1015 3701 1387 3768 Tertulliano,
1417 3702 1677 3757 omnium
1734 3711 1886 3758 certe
1942 3705 2029 3759 sui
2098 3707 2365 3775 temporis
2422 3708 2825 3773 eruditissimo,
2888 3708 3092 3762 litteris
3148 3708 3485 3770 consignata
3543 3719 3698 3768 sum,

291 3810 468 3865 eaque
516 3793 855 3864 praesertim,
910 3807 1034 3862 quas
1096 3791 1154 3845 in
1208 3790 1406 3846 castris
1488 3791 1897 3846 catholicorum
1960 3794 2205 3863 scripsit,
2257 3796 2458 3864 quanti
2515 3797 2629 3851 sint
2688 3797 2835 3866 apud
2906 3812 3105 3851 omnes
3161 3795 3561 3850 ecclesiasticae
3623 3791 3702 3845 rei

291 3885 561 3951 cultores,
607 3881 692 3937 vel
767 3881 905 3951 ipsis
964 3879 1261 3949 tyronibue
1317 3886 1485 3949 patet.
1551 3879 1964 3936 Ambrosianus
2020 3889 2207 3937 autem
2266 3885 2443 3939 codex
2501 3901 2617 3940 non
2672 3885 2741 3939 ab
2801 3886 3072 3941 orationis
3121 3884 3429 3940 Dominicae
3478 3881 3700 3950 exposi-

290 3974 464 4039 tione,
516 3970 691 4027 utin
750 3970 916 4024 editis
1003 3967 1297 4036 habemus,
1359 3968 1453 4022 sed
1538 3967 1607 4022 ab
1695 3968 1791 4041 iis,
1848 3985 1969 4039 quae
2057 3970 2381 4040 hujusmodi
2467 3972 2877 4042 expositionem
2958 3958 3399 4041 subsequuntur,
3455 3985 3698 4039 cpuscu-

288 4062 409 4117 lum
467 4057 860 4117 exordiebatur
915 4073 1043 4114 cum
1102 4056 1278 4112 hocce
1337 4056 1550 4111 titulo:
1586 4058 1785 4128 Incipit
1844 4059 2175 4113 Tertulliani
2229 4059 2574 4115 diversarum
2628 4078 2814 4116 rerum
2887 4063 3347 4118 necessariarum.
3403 4059 3549 4113 Tum
3605 4073 3698 4112 ca-

287 4158 391 4223 put
448 4149 714 4220 primum,
775 4147 940 4217 cujus
993 4146 1219 4201 initium
1286 4153 1371 4200 est
1413 4161 1426 4199 :
1470 4146 1831 4217 Compendit's
1886 4149 2250 4218 pauculorum
2303 4150 2615 4219 verborum,
2669 4159 2800 4220 etc.,
2862 4152 2940 4206 ita
2990 4150 3408 4220 prmnolabatur
3444 4164 3455 4201 :
3493 4149 3700 4200 Anace-

286 4240 600 4312 phalwosz's.
664 4239 823 4293 Posse
874 4252 972 4292 nos
1043 4234 1472 4306 superadjz‘cere,
1535 4234 1730 4291 titulus
1804 4244 1923 4293 erat
1998 4241 2284 4307 sequentis
2338 4239 2559 4307 capitis.
2620 4240 2852 4309 Reliqua
2909 4239 3077 4295 etiam
3137 4239 3321 4309 capita
3378 4252 3507 4292 suos
3567 4235 3697 4289 titu-

286 4329 373 4385 los
421 4327 813 4401 praeferebant,
846 4342 987 4397 quos
1046 4326 1241 4381 itidem
1301 4325 1360 4381 in
1422 4325 1527 4381 hac
1583 4332 1776 4382 nostra
1832 4327 2080 4383 editione
2138 4328 2466 4384 retinendos
2522 4330 2870 4385 censuimus.
2935 4330 3094 4397 Quod
3144 4334 3396 4399 superest
3454 4340 3698 4395 Opuscu-

287 4419 408 4474 lum
490 4418 639 4474 istud
706 4416 1046 4487 quibusdam
1129 4429 1400 4470 exornare
1475 4429 1542 4470 ac
1597 4413 1880 4472 illustrare
1935 4417 2396 4473 adnotationidus
2448 4418 2679 4488 placuit,
2740 4434 2812 4474 ne
2870 4420 3017 4489 quod
3075 4416 3308 4488 reliquis
3365 4413 3699 4471 Tertulliani

285 4507 448 4563 libris
529 4505 896 4562 eruditissimi
984 4504 1087 4560 viri
1169 4503 1497 4574 praestitere,
1559 4503 1691 4560 huic
1761 4504 1925 4572 desit,
1978 4511 2030 4560 et
2082 4521 2155 4562 ne
2204 4506 2463 4562 tenebras
2520 4514 2572 4562 et
2640 4507 2879 4562 ferreum
2947 4521 3321 4578 asperumque
3403 4502 3697 4572 scriptoris

291 4596 460 4668 hujus
516 4596 728 4669 stylum
786 4592 1078 4650 delicatuli
1137 4593 1367 4663 quidam
1423 4596 1745 4664 causantes,
1778 4593 1848 4649 ab
1907 4593 2031 4665 ejus
2082 4594 2324 4652 lectione
2382 4603 2723 4653 avertantur.
2762 4596 2995 4653 Nullum
3027 4596 3273 4666 denique
3303 4595 3452 4649 inter
3482 4600 3697 4648 veteres

285 4686 637 4743 Christianos
693 4687 981 4741 auctorem
1041 4683 1329 4747 ostendas,
1374 4682 1467 4738 cui
1525 4682 1861 4739 eruditionis
1918 4690 1970 4741 et
2028 4685 2378 4742 scholiorum
2460 4686 2679 4743 lumina
2737 4686 2916 4757 magis
2971 4686 3323 4741 admovenda
3378 4683 3692 4749 videantur,

284 4791 458 4846 quam
512 4774 880 4843 Tertulliano,
914 4788 1081 4845 aquo
1128 4771 1441 4829 obscuritas
1496 4771 1558 4827 in
1615 4772 1856 4830 dicendo
1911 4775 2106 4831 nescio
2165 4782 2352 4831 utrum
2393 4776 2588 4831 evitari
2646 4776 2762 4832 ullo
2817 4782 2979 4847 pacto
3031 4782 3216 4847 posset
3273 4790 3346 4830 an
3386 4772 3446 4828 in
3476 4770 3697 4827 deliciis

287 4865 610 4921 haberetur.

354 4956 488 5021 Quae
520 4954 745 5025 quidem
776 4951 969 5009 omnia
990 4968 1122 5009 cum
1159 4950 1519 5023 digessissem
1549 4968 1650 5023 pro
1690 4952 1904 5008 viribus
1933 4953 2096 5022 meis,
2129 4953 2302 5009 subiit
2349 4969 2468 5011 non
2526 4955 2811 5027 ingratum
2866 4955 3101 5013 eruditis
3138 4954 3412 5020 futurum,
3447 4954 3494 5008 si
3544 4950 3697 5007 notis

280 5044 423 5099 meis
481 5043 609 5097 illas
669 5058 888 5113 quoque
947 5041 1308 5112 subjicerem,
1343 5057 1484 5113 quas
1540 5040 1723 5097 Guido
1780 5042 2114 5099 Pancirolus
2165 5043 2610 5114 iurisconsultus
2668 5045 2941 5117 regiensis
2998 5045 3058 5101 in
3117 5045 3380 5101 eumdem
3439 5042 3507 5097 de
3554 5040 3691 5096 Ora-

280 5133 436 5187 tione
496 5131 706 5188 librum
763 5132 1196 5202 conscripserat.
1235 5132 1424 5203 quue
1480 5129 1749 5186 libentius
1807 5131 2111 5188 consilium
2166 5148 2355 5189 meum
2413 5132 2710 5203 probatum
2770 5135 2835 5189 iri
2894 5134 3185 5205 sperabam
3234 5133 3380 5206 quod
3430 5130 3689 5186 animad-

279 5228 555 5276 verterem
611 5220 886 5291 potiorem
944 5219 1254 5277 clarissimi
1306 5219 1409 5275 viri
1467 5235 1661 5276 curam
1717 5220 1777 5276 in
1827 5220 2083 5277 obscuris
2128 5221 2465 5278 Tertulliani
2524 5223 2787 5279 sensibus
2844 5225 3192 5294 exponendis
3242 5221 3506 5292 positam,
3558 5234 3691 5274 cum

278 5316 477 5367 contra
534 5326 638 5381 ego
697 5310 995 5366 historicas
1052 5310 1240 5380 potius
1288 5325 1355 5367 ac
1413 5311 1659 5367 eruditas
1699 5309 1883 5367 libelli
1939 5311 2108 5383 hujus
2140 5313 2407 5383 reliquias
2439 5313 2581 5370 mihi
2610 5313 2979 5385 illustrandas
3006 5314 3446 5385 proposuissem.
3482 5307 3690 5364 Dolen-

280 5398 415 5454 dum
446 5404 635 5454 autem
668 5405 772 5468 est,
800 5400 1093 5456 neminem
1137 5397 1325 5455 adhuc
1380 5398 1442 5456 in
1500 5400 1661 5456 Italia
1710 5400 1901 5469 fuisse,
1933 5400 2029 5471 qui
2082 5401 2153 5457 ad
2208 5410 2417 5458 nostrae
2463 5401 2650 5472 gentis
2704 5403 2943 5475 gloriam
2999 5410 3231 5461 caeteros
3285 5395 3569 5457 Panciroli
3626 5395 3687 5449 in

350 5632 417 5695 (t)
446 5632 521 5683 Ex
550 5633 720 5695 tomo_
736 5627 894 5695 tertio
939 5625 1263 5695 Anecdotor.
1310 5637 1431 5691 quin
1481 5626 1684 5681 Ludov.
1712 5625 1910 5679 Anton.
1953 5626 2277 5682 Muratoriue
2324 5644 2390 5682 ex
2434 5631 2801 5684 Ambrosiante
2842 5629 3178 5682 bibliotheca
3226 5625 3498 5677 codicibus
3547 5624 3689 5676 eruit

288 5688 663 5761 evulgsvitque
691 5690 916 5754 Putavii,
946 5702 1075 5742 ann.
1103 5688 1240 5741 1715.
