4134 6184
3234 41 3247 75 5
3588 41 4046 201 -

1094 264 1621 328 TERTULLIANI
1667 269 1990 331 OPERUM
2036 266 2235 329 PAltS
2276 267 2326 328 Ι.
2358 301 2437 312 -
2467 267 2742 331 SERIES
2786 266 2864 340 Il,
2908 266 3377 328 DOGMATICA.
3748 273 3880 333 1248

540 392 958 449 Tertullianum
1010 400 1448 454 commentarios
1495 402 1742 457 edendos
1784 403 2083 459 curaverit.
2120 403 2227 457 Vix
2277 401 2501 457 brevem
2531 400 2599 455 de
2641 400 2710 455 iis
2744 401 3095 457 mentionem
3127 418 3158 455 a
3188 400 3519 456 Thomasino
3548 399 3603 456 in
3633 402 3876 460 Panciroli

542 483 689 548 Vita,
746 501 777 537 a
840 486 1104 555 Dupinio,
1162 487 1467 545 Guillelmo
1534 493 1733 547 "46
1792 494 1954 557 Cave,
2017 493 2259 563 aliisque
2317 490 2513 561 paucis
2566 491 2938 561 scriptoribus
2994 490 3301 558 habemus;
3363 490 3473 546 imo
3527 494 3610 546 vix
3652 492 3713 547 iis
3762 509 3872 549 con-

544 570 744 639 stabat,
779 589 975 629 eorum
1009 577 1314 647 quidquam
1349 595 1658 650 superesse.
1694 584 1924 639 Meliore
1955 583 2203 653 profecto
2236 590 2386 638 sorte
2415 581 2621 651 dignus
2652 590 2767 637 erat
2798 581 2955 637 labor
2984 580 3081 636 ille
3112 581 3390 637 Panciroli
3421 578 3522 637 viri
3552 581 3881 651 celeberrimi,

542 661 635 729 qui
693 679 807 719 non
862 666 1325 737 jurisprudentiae
1381 672 1586 742 solum,
1620 676 1713 730 sed
1775 690 1943 730 sacrae
1995 674 2164 729 etiam
2215 681 2270 729 et
2327 672 2577 743 profanas
2636 673 2968 729 eruditionis
3000 672 3163 727 laude
3191 671 3453 727 eximium
3484 673 3623 727 inter
3650 670 3880 728 litteratos

542 750 651 806 sibi
672 758 1015 824 comparavit
1049 758 1255 814 locum.
1292 761 1355 815 Et
1384 763 1610 832 quidem
1638 764 1859 832 opinor,
1893 771 2037 819 utet
2080 763 2416 819 Possevinus
2474 762 2535 818 in
2592 762 2874 834 Apparatu
2930 761 3287 833 opinabatur,
3331 761 3630 817 uberrimos
3673 760 3782 816 illos
3830 761 3876 815 in

540 839 951 899 Tertullianum
1011 851 1471 917 commentarios,
1533 866 1672 921 quos
1724 852 1786 906 B.
1844 852 2170 917 Rhenanus,
2226 851 2531 918 Pamelius,
2596 852 2668 906 La
2722 851 2918 914 Cerda,
2975 850 3287 907 Salmasius
3356 854 3518 920 atque
3571 849 3660 904 alii
3708 849 3875 904 dectis-

541 930 671 984 simi
732 932 832 987 viri
918 934 1031 991 luci
1085 940 1451 1009 mandarunt,
1509 941 1793 997 obstitisse
1845 957 1917 997 ne
1974 942 2067 996 isti
2126 940 2459 1011 prodirent;
2521 939 2849 1011 putantibus
2898 940 3173 996 nimirum
3226 940 3315 1005 iis,
3376 938 3571 1009 quibus
3623 938 3875 1009 posthuma

546 1020 820 1075 l’anciroli
881 1022 1033 1079 fama
1090 1030 1259 1083 condi
1317 1030 1505 1085 futura
1564 1039 1701 1098 erat,
1734 1048 1793 1087 se
1823 1047 2022 1102 parum
2057 1030 2252 1086 utilem
2284 1045 2511 1099 operam
2543 1028 2788 1095 lusuros,
2822 1030 2869 1085 si
2900 1028 3125 1085 easdem
3154 1029 3326 1098 dapes
3356 1027 3680 1083 eruditorum
3732 1026 3877 1095 palato

540 1106 891 1166 cxhiherent.
928 1112 1134 1170 Verum
1198 1133 1313 1173 non
1362 1119 1409 1173 is
1468 1127 1551 1174 est
1599 1120 2002 1187 Tertullianus,
2037 1120 2131 1191 qui
2188 1119 2386 1189 paucis
2429 1122 2730 1175 contentus
2759 1118 2829 1173 sit
2860 1118 3292 1189 interpretibus;
3339 1123 3552 1172 etcum
3598 1114 3880 1169 recentiores

540 1196 661 1265 ejus
693 1198 1024 1270 interpretes
1055 1205 1124 1260 ab
1154 1208 1537 1278 antiquiorum
1569 1210 1866 1267 conatibus
1896 1209 2135 1266 minime
2164 1208 2415 1265 deterriti
2463 1208 2598 1274 sint,
2634 1208 2940 1278 quominus
2990 1215 3044 1263 et
3091 1222 3227 1263 suos
3280 1204 3362 1261 illi
3416 1205 3776 1275 producerent,
3802 1216 3881 1257 cur

542 1287 818 1344 Panciroli
871 1295 1152 1350 studiosos
1208 1298 1277 1352 de
1334 1305 1446 1353 tam
1506 1300 1685 1356 nobili
1743 1301 1983 1356 consilio
2037 1299 2281 1369 dejicere
2337 1298 2529 1353 debuit
2586 1296 2946 1354 inconsultus
2990 1296 3087 1352 hic
3118 1294 3346 1352 metus?
3382 1294 3561 1350 Facile
3586 1308 3703 1348 vero
3728 1298 3881 1355 est,nt

538 1379 875 1435 coeuntibus
931 1382 989 1437 in
1041 1383 1208 1439 unius
1260 1388 1508 1444 auctoris
1551 1389 1987 1459 explicationem
2047 1387 2304 1459 pluribus
2362 1387 2711 1458 diversisque
2767 1387 3037 1458 ingeniis,
3061 1386 3181 1456 ejus
3234 1400 3399 1440 mens
3445 1400 3507 1439 ac
3562 1382 3748 1452 scripta
3792 1378 3880 1435 cla-

539 1463 686 1521 riora
725 1468 781 1522 in
814 1469 933 1524 dies
966 1471 1121 1541 ﬁant,
1152 1479 1319 1544 atque
1375 1494 1408 1531 a
1465 1479 1710 1533 tenebris
1749 1478 2057 1533 liberentur
2104 1486 2199 1533 aut
2255 1494 2321 1533 ex
2366 1477 2701 1548 antiquitate
2757 1482 3105 1548 temporum,
3136 1478 3234 1530 aut
3296 1490 3365 1529 ex
3413 1472 3625 1529 incuria
3677 1469 3881 1525 librario-

540 1569 690 1624 rum,
720 1564 814 1611 aut
845 1573 875 1612 e
905 1560 1194 1630 scriptoris
1228 1566 1555 1621 austeritate
1604 1566 1987 1622 manantibus.
2022 1568 2157 1631 Qnae
2205 1581 2526 1636 quanquam
2579 1566 2647 1621 de
2706 1565 2948 1634 singulis
3004 1562 3291 1621 veteribus
3342 1576 3465 1617 vere
3519 1559 3625 1615 dici
3672 1564 3878 1628 possunt,

538 1643 823 1715 imprimis
853 1654 1037 1705 tamen
1070 1651 1139 1706 de
1170 1652 1520 1709 Tertulliano
1552 1664 1682 1710 sunt
1712 1656 2068 1723 at‘ﬁrmanda,
2102 1671 2268 1724 quem
2303 1663 2420 1725 post
2454 1662 2529 1710 tot
2562 1656 2930 1724 interpretum
2964 1670 3127 1709 curas
3186 1652 3461 1706 habemus
3517 1650 3688 1703 adhuc
3712 1646 3875 1701 obscu-

539 1748 663 1788 rum
691 1736 788 1806 (1).
832 1738 1042 1793 Eodem
1091 1749 1276 1796 autem
1331 1751 1600 1813 tempore,
1637 1761 1745 1815 quo
1794 1745 2101 1812 Pamclins,
2134 1746 2194 1799 in
2252 1742 2602 1800 Tertulliano
2645 1743 2983 1813 explicando
3031 1741 3398 1798 exercebatur
3452 1736 3753 1793 Pancirolus
3800 1749 3879 1789 no-

540 1822 739 1894 bisque
788 1825 985 1895 plenos
1035 1830 1259 1900 reliquit
1299 1835 1738 1888 commentarios
1788 1833 1846 1889 in
1898 1835 2090 1889 omnia
2140 1834 2296 1889 illius
2333 1832 2538 1902 scripta
2582 1834 2647 1887 ad
2710 1840 2946 1888 mortem
3004 1847 3181 1901 usque
3212 1846 3373 1885 suam
3403 1828 3664 1897 evulgata.
3709 1828 3874 1877 Horum

538 1920 725 1967 autem
760 1918 1144 1986 autographon
1176 1920 1328 1990 Regii
1366 1922 1553 1991 Lepidi
1586 1923 1643 1976 in
1672 1924 1794 1993 ejus
1818 1924 1993 1991 patria
2021 1924 2171 1977 latet.
2205 1922 2346 1977 Mihi
2376 1923 2565 1977 videre
2594 1937 2659 1978 ac
2715 1922 3040 1978 describere
3084 1920 3325 1989 contigit
3372 1918 3491 1988 ejus
3544 1912 3874 1970 tantummodo

540 2003 848 2072 exemplar,
908 2008 1053 2075 quod
1103 2010 1523 2065 accuratissime
1581 2013 1856 2081 scriptum
1912 2012 1974 2066 in
2031 2029 2133 2066 sua
2206 2010 2549 2067 bibliotheca
2630 2015 2813 2066 servat
2872 2009 2931 2065 P.
3000 2014 3254 2066 Joannes
3312 2007 3556 2077 Baptista
3608 2006 3872 2067 Cattaneus,

542 2089 900 2148 Franciscani
957 2096 1192 2163 ordinis,
1228 2105 1285 2152 ut
1341 2107 1562 2164 vocant,
1590 2100 1659 2155 de
1712 2101 2097 2166 Observantia,
2133 2105 2559 2156 ornamentum.
2596 2101 2661 2155 Et
2705 2098 2973 2169 quoniam
3036 2099 3207 2169 hujus
3264 2112 3501 2153 munere
3556 2095 3747 2149 factum
3797 2096 3873 2151 est,

542 2184 602 2234 ut
646 2180 791 2248 quod
834 2183 975 2238 mihi
1027 2186 1095 2239 de
1141 2202 1246 2241 ms.
1281 2186 1378 2241 illo
1422 2204 1589 2258 Opere
1629 2189 1831 2259 placet,
1870 2189 2093 2245 haurire
2141 2205 2387 2261 possem,
2429 2189 2521 2245 hic
2569 2189 2865 2259 epistolam
2913 2203 3135 2258 quoque
3183 2188 3319 2243 dare
3368 2184 3534 2241 statui
3564 2183 3741 2239 iisdem
3766 2194 3878 2235 com-

540 257 695 316 1247

543 2267 835 2323 mentariis
865 2274 1268 2343 praepositam;
1302 2274 1435 2332 inde
1465 2278 1618 2333 enim
1652 2279 1843 2348 palam
1875 2278 1993 2348 ﬁet,
2030 2294 2156 2350 quae
2187 2278 2248 2332 in
2278 2276 2690 2333 Tertullianum
2722 2277 3053 2333 Pancirolus
3100 2276 3443 2347 praestiterit.
3477 2274 3559 2330 Ita
3603 2286 3720 2343 ergo
3772 2267 3878 2323 scri-

541 2353 623 2408 bit
654 2354 750 2411 ille
784 2371 795 2412 :

1416 2536 1534 2597 AD
1575 2534 2042 2597 LECTOREM
2090 2534 2554 2597 PANCIROLI
2593 2536 3077 2599 ΡΒίΕΕΑΤΙΟ.

609 2688 854 2745 Felicem
886 2691 1028 2746 mihi
1061 2694 1372 2750 adventum
1407 2696 1639 2752 Patavio
1671 2696 1994 2751 Taurinum
2026 2713 2093 2752 ex
2115 2713 2182 2752 eo
2212 2700 2265 2766 Α
2296 2697 2567 2753 omnibus
2612 2698 2943 2771 disciplinis
2991 2697 3309 2767 imbutum,
3344 2713 3410 2753 ac
3440 2696 3644 2768 linguas
3694 2690 3875 2749 Greca,

536 2777 907 2846 potissimum
943 2781 1123 2837 fuisse
1152 2784 1444 2855 exsitimo,
1477 2786 1631 2856 quod
1661 2786 1813 2840 inter
1841 2785 2004 2855 alios,
2040 2802 2186 2857 quos

535 2865 727 2921 inveni
761 2869 1129 2927 doctissimos
1156 2874 1329 2939 viros,
1354 2875 1647 2946 imprimis
1670 2876 2010 2930 Vincentius
2042 2881 2187 2929 Lau-

539 2971 640 3010 rus
672 2959 879 3014 Montis
905 2961 1112 3032 regalis
1139 2963 1454 3035 episcOpus
1477 2970 1535 3019 et
1560 2964 2034 3037 S.D.N.Gregorii
2056 2965 2186 3019 Xlll

540 3043 700 3100 Pont.
739 3047 883 3103 Max.
919 3051 1071 3120 apud
1107 3051 1391 3108 Sereniss.
1428 3053 1867 3108 Emmanuelem
1899 3053 2185 3109 Philiber-

538 3137 661 3189 tum
696 3136 1002 3193 Sabaudia
1033 3140 1238 3196 ducem
1274 3142 1518 3198 nuntius
1551 3143 1928 3215 apostolicus,
1962 3161 2028 3199 ac
2060 3160 2184 3199 car-

537 3222 754 3280 dinalis
770 3226 825 3279 in
844 3229 1002 3282 omni
1017 3230 1465 3302 disciplinarum
1488 3248 1699 3303 genere
1714 3238 1978 3288 versatus
1992 3249 2189 3289 occur-

538 3311 739 3384 rit,qui
771 3316 910 3371 dum
945 3334 1033 3374 me
1055 3320 1397 3376 domesticis
1428 3322 1735 3393 colloquiis
1769 3323 1896 3377 suis
1945 3323 2189 3393 dignum

538 3404 781 3471 putavit,
815 3407 1080 3463 doctrina
1120 3409 1421 3464 meliorem
1456 3426 1692 3481 semper
1738 3412 1911 3477 fecit;
1945 3416 2001 3466 et
2031 3412 2187 3466 sicut

486 3556 495 3579 κ
539 3493 611 3543 Μ.
644 3492 866 3549 Tullius
897 3495 1093 3551 Cicero
1124 3516 1155 3551 a
1184 3502 1247 3562 Q.
1280 3498 1718 3553 MuciiScevolaa
1752 3500 1929 3554 latere
1962 3500 2188 3555 doctior

540 3578 877 3637 discedebat
906 3586 987 3651 (in
1019 3586 1339 3654 Lartio,sive
1368 3588 1432 3642 de
1460 3589 1811 3658 Amicit.),ita
1837 3605 1940 3660 ego
1964 3606 2033 3644 ex
2054 3606 2184 3644 eru-

541 3668 863 3726 ditissimis
896 3677 1270 3733 sermonibus
1303 3680 1427 3733 suis
1479 3696 1593 3733 non
1618 3694 1803 3750 pauca
1833 3678 2185 3736 exhauriens

536 3755 882 3830 locupletior
911 3763 1046 3819 abii.
1083 3764 1252 3819 Modo
1284 3766 1439 3821 enim
1465 3784 1555 3823 res
1579 3769 1648 3822 ab
1676 3769 1813 3823 orbe
1836 3769 2068 3824 condito
2100 3786 2188 3841 ge-

539 3852 661 3903 stas
685 3852 1195 3919 enarrabat,modo
1228 3855 1612 3927 philosophiae
1636 3874 1851 3913 arcana
1880 3858 2183 3929 deprome-

539 3940 660 4011 bat,
694 3948 794 3998 aut
823 3944 1105 4002 obscuros
1150 3949 1355 4002 1147
1392 3949 1624 4019 aliquos
1681 3956 1946 4005 auctores
2005 3949 2185 4021 expli-

540 4030 730 4097 cabat,
760 4034 850 4088 vel
884 4036 1221 4092 mendosam
1263 4036 1570 4094 lectionem
1602 4056 1671 4093 ex
1701 4039 1963 4109 probatis
1993 4055 2185 4095 exem-

540 4119 804 4193 plaribus
827 4126 1194 4194 emendabat,
1216 4126 1302 4182 vel
1336 4144 1404 4182 ex
1435 4145 1540 4183 suo
1566 4128 1659 4199 pio
1683 4128 1956 4183 instituto
1989 4128 2186 4199 aliqua

539 4225 608 4264 ex
637 4213 820 4269 sacris
844 4206 1080 4270 Litteris
1110 4215 1776 4288 interpretabatur.Cum
1802 4234 1933 4273 vero
1955 4218 2182 4274 Tertul-

538 4299 679 4355 liani
711 4302 943 4374 scriptis
978 4304 1217 4361 miriﬁce
1250 4305 1571 4361 delectatus
1602 4308 1676 4377 (8.
1702 4306 1855 4363 Hier.
1889 4306 1954 4361 de
1983 4307 2179 4379 Scrr'pt.

538 4392 725 4445 eccles.
758 4394 815 4446 in
854 4392 1129 4465 Tertull.),
1164 4410 1297 4449 cum
1327 4394 1486 4449 velut
1518 4394 1664 4450 alter
1693 4396 2014 4467 Cyprianus
2038 4413 2180 4467 quo-

538 4478 681 4534 tidie
712 4479 771 4535 in
804 4482 1077 4537 manibus
1109 4482 1539 4551 haberet,valde
1569 4483 1821 4552 dolebat,
1855 4485 1939 4540 ita
1968 4486 2181 4540 obscu-

540 4582 671 4621 rum
704 4568 974 4636 inveniri,
1011 4575 1073 4625 ut
1104 4571 1303 4627 nullus
1333 4574 1689 4644 quandoque
1741 4591 1810 4628 ex
1841 4573 1937 4629 illo
1970 4590 2181 4629 sensus

540 4656 665 4711 erui
697 4664 911 4728 posset.
944 4661 1049 4715 Sed
1083 4677 1214 4717 cum
1246 4662 1447 4717 multis
1470 4663 1715 4719 obrutus
1748 4663 2018 4734 negotiis,
2052 4680 2179 4733 qum

540 4744 651 4800 sibi
681 4745 1108 4820 Montisregalis
1140 4751 1392 4807 antistiti
1425 4768 1492 4807 ex
1523 4770 1630 4808 sua
1660 4753 1881 4807 ditione
1908 4752 2178 4807 immine-

539 4835 764 4903 bant,et
796 4841 1074 4909 tanquam
1105 4841 1323 4896 summi
1349 4842 1640 4911 pontiﬁcis
1672 4841 1975 4914 legato,ve1
2000 4842 2183 4897 Roma

541 4924 911 4998 demandata,
938 4928 1022 4983 vel
1047 4944 1115 4984 ex
1134 4929 1496 5003 Subalpinis,
1530 4932 1789 5003 undique
1823 4932 2183 5003 emergentia

539 5017 1108 5085 occurrebant,hunc
1140 5026 1435 5076 auctorem
1470 5020 1818 5092 eXplanandi
1854 5022 2039 5075 otium
2067 5038 2179 5074 non

535 5103 796 5177 haberet,
832 5106 1088 5180 aliquem
1129 5109 1310 5166 alium
1343 5112 1658 5182 quaerebat,
1692 5111 1792 5182 qui
1823 5114 1986 5165 tanto
2019 5108 2181 5165 oneri

536 5194 842 5252 subeundo
874 5202 1075 5269 posset
1123 5200 1411 5257 sufficere.
1462 5199 1711 5255 Videbat
1755 5199 1827 5255 ad
1878 5199 2180 5254 hominem

2298 2786 2793 2859 historiarumque
2818 2788 3241 2861 peritissimum
3262 2786 3741 2859 interpretandum
3767 2791 3878 2848 opus

2298 2893 2425 2931 esse
2456 2876 2598 2937 viro.
2631 2878 2730 2949 qui
2782 2878 3041 2949 plurium
3092 2894 3312 2945 rerum,
3364 2880 3421 2931 et
3457 2872 3727 2946 imprimis
3760 2865 3877 2938 juris

2297 2964 2485 3020 civilis
2518 2966 2787 3021 notitiam
2822 2967 3082 3037 haberet,
3119 2982 3252 3021 cum
3286 2964 3675 3021 Tertullianus
3701 2960 3819 3027 ipse,
3834 2960 3877 3006 ut

2297 3055 2504 3110 scribit
2553 3055 2838 3112 Eusebius
2889 3058 3038 3111 Hist.
3089 3057 3231 3111 Eccl.
3294 3055 3400 3109 lib.
3458 3071 3495 3121 1,
3546 3068 3626 3107 ca.
3662 3043 3877 3116 2,juris-

2294 3144 2600 3200 consultus
2632 3145 2889 3215 plurima
2919 3146 3137 3216 exjure
3169 3144 3325 3199 civili
3360 3144 3690 3215 deprompta
3707 3131 3876 3207 passim

2296 3233 2531 3304 scriptis
2563 3234 2923 3290 inserat.Sed
2958 3234 3067 3290 etsi
3102 3232 3199 3289 alii
3239 3234 3508 3289 doctores
3537 3246 3645 3285 non
3674 3224 3877 3285 deerant,

2297 3322 2397 3392 qui
2432 3323 2487 3376 id
2529 3323 2788 3379 exactius
2834 3328 3108 3395 praetura
3158 3322 3509 3394 potuissent,
3532 3318 3686 3391 plura
3726 3318 3876 3368 tamen

2298 3409 2408 3465 sibi
2437 3412 2506 3465 de
2538 3428 2654 3480 me,
2681 3428 2860 3483 quam
2895 3413 3044 3466 ferre
3089 3428 3348 3483 possem,
3403 3407 3687 3482 pollicitus
3714 3398 3877 3495 ad

2297 3516 2515 3555 munus
2568 3505 2771 3572 aptum
2805 3517 2933 3556 esse
2964 3501 3497 3556 existimavit.Dum
3524 3496 3671 3554 enim
3702 3507 3777 3547 me
3800 3488 3873 3542 diu

2295 3589 2541 3655 Patavii,
2572 3594 2628 3645 et
2657 3590 2882 3661 aliquot
2912 3590 3103 3645 annis.
3132 3590 3523 3645 Taurinorum
3556 3578 3875 3657 Angustazjus

2295 3678 2458 3733 civile
2491 3680 2820 3750 professum
2852 3696 2979 3735 esse
3010 3680 3444 3749 animadvertit,
3477 3694 3541 3733 ac
3571 3666 3874 3761 nondumitt:

2295 3768 2449 3839 genii
2484 3768 2595 3823 mei
2629 3768 2975 3824 tenuitatem
3008 3766 3594 3841 agnoscens,publico
3624 3753 3873 3841 promendi

2296 3861 2361 3911 ut
2388 3858 2663 3925 arbitror,
2693 3858 2838 3913 mihi
2871 3839 3114 3913 munere
3146 3858 3500 3913 demandata
3532 3855 3796 3923 deceptus,
3822 3839 3873 3940 ait

2295 3949 2525 4001 tantum
2559 3965 2707 4003 onus
2730 3947 3104 4003 subeundum
3139 3947 3419 4002 idoneum
3445 3940 3876 4017 judicavit,utqul

2295 4050 2411 4090 non
2444 4036 2617 4091 modo
2648 4041 2929 4107 tanquam
2954 4036 3107 4107 juris
3138 4033 3613 4107 interpres,hunc
3632 4026 3876 4100 juriscon-

2296 4125 2541 4193 sultum,
2575 4126 2677 4180 sed
2709 4125 2885 4181 etiam
2922 4124 3092 4198 plura
3135 4126 3264 4196 ejus
3322 4123 3654 4181 obscuriora
3695 4126 3874 4189 possem

2294 4212 2689 4285 interpretari.

2360 4306 2524 4358 Hanc
2554 4302 2753 4374 itaque
2793 4304 3150 4375 provinciam
3183 4302 3333 4359 mihi
3378 4302 3566 4374 primo
3618 4291 3814 4357 obtulit,
3836 4292 3876 4343 et

2292 4391 2472 4449 semel
2505 4393 2837 4464 iterumque
2868 4393 3159 4449 recusanti
3192 4392 3413 4447 institit
3456 4392 3697 4450 demum,
3725 4387 3772 4437 et
3796 4392 3872 4450 Ρτο

2291 4500 2399 4537 sua
2428 4482 2775 4538 auctoritate
2804 4483 3229 4556 impetravit,ut
3250 4482 3527 4538 mandata
3554 4475 3871 4547 susciperem-

2290 4572 2607 4627 Cernebam
2642 4572 2877 4642 quidem
2927 4572 3113 4627 multa
3169 4571 3314 4627 mihi
3346 4568 3618 4627 tenuioris
3653 4559 3872 4621 doctrinae

2290 4660 2515 4716 homini
2547 4662 2617 4716 ad
2650 4666 2877 4717 tantum
2909 4667 3205 4717 auctorem
3245 4659 3669 4733 explanandum
3696 4652 3871 4713 deesse,

2290 4755 2347 4805 et
2379 4751 2732 4806 mediocrem
2767 4751 2960 4822 legum
2992 4750 3386 4821 cognitionem
3420 4751 3490 4805 ad
3518 4747 3806 4820 plura,qlltB
3822 4748 3874 4830 8}

2291 4840 2607 4895 reconditis
2629 4840 3326 4912 historiis,philosophia,
3347 4837 3631 4895 medicina
3656 4847 3712 4888 ac
3732 4836 3873 4921 sacri?

2292 4928 2522 4985 Litteris
2554 4928 2786 5001 accipit,
2819 4909 3186 5001 explananda
3226 4946 3342 4985 non
3400 4927 3695 4985 sufﬁcere:
3723 4909 3871 5013 nﬁflid

2292 5025 2525 5090 tempus
2557 5019 2825 5089 pluribus
2859 5019 2965 5073 fori
3018 5019 3270 5091 negotiis
3320 5015 3603 5090 implicito
3630 5006 3871 5083 permitte-

2290 5108 2390 5163 bat
2425 5126 2438 5163 :
2472 5110 2573 5163 sed
2594 5108 2751 5180 quod
2777 5124 2868 5165 me
2886 5125 3001 5165 non
3024 5124 3198 5181 posse
3228 5108 3493 5164 dicebam
3515 5103 3608 5160 ille
3632 5097 3764 5157 nolle
3781 5103 3873 5149 cre-

2298 5197 2476 5253 debat
2509 5212 2521 5252 :

602 5432 666 5490 (t)
702 5432 832 5479 Hinc
861 5432 1015 5480 novis
1044 5432 1168 5480 item
1200 5431 1492 5480 editoribus
1520 5432 1690 5480 visum
1721 5436 1802 5481 est
1828 5431 2116 5480 lectoribus
2147 5431 2257 5479 fore
2287 5432 2593 5492 pergratum
2633 5429 3066 5480 adnotationibus
3111 5430 3388 5487 clarissim,
3442 5441 3525 5475 vv.
3573 5414 3867 5492 Pancirolj‘jtt

537 5485 816 5558 muratorii
850 5494 1076 5558 selectae
1103 5494 1444 5558 ex_Bigaltio.
1474 5493 1725 5558 Pamelio,
1757 5494 2003 5555 Laccrde,
2034 5485 2607 5558 Albaspinaaomriorio
2633 5492 3226 5558 notassuhjungerm—
3255 5494 3315 5542 In
3341 5485 3440 5540 hac
3459 5501 3594 5539 nova
3610 5485 3865 5558 [θοςιᾎῇίξιξίξ

538 5541 1093 5621 (1865),⁷Αεεεῖρέιιρέτ
1115 5541 2640 5621 semitamenti—iiiis;aut;'Joa‘.aouts,'couegn.’
2677 5541 3305 5621 eimgatiessoxoa.
3347 5566 3560 5619 prauos,
3610 5541 3864 5599 Tertulliani

539 5616 853 5679 opusculum
884 5618 957 5667 De
976 5616 1213 5669 orateone
1231 5616 1533 5670 illustravit.
