4134 6184
252 351 409 412 1249

405 480 541 540 Quid
571 480 820 539 facerem,
842 490 1020 540 neque
1050 475 1268 526 servitio
1298 485 1385 524 me
1409 473 1555 523 exire
1582 472 1791 540 licebat,

408 536 514 593 Nec
541 548 647 593 tam
678 536 969 602 prasente:
1002 541 1081 590 fas
1110 552 1222 588 non
1253 551 1573 601 cognoscere
1604 536 1773 585 divos.

1311 611 1474 673 (Virg.
1507 609 1612 664 Ecl,
1643 610 1699 668 ι.)

256 726 343 782 Illi
378 726 574 795 itaque
607 721 880 777 resistere
914 736 1029 775 non
1077 718 1265 785 licuit,
1314 716 1686 790 parendoque
1722 713 1901 769 malui

255 817 326 871 ab
356 813 456 868 illo
485 810 791 883 ingenium
824 825 1043 878 meum,
1080 825 1255 879 quam
1304 806 1665 861 voluntatem
1700 803 1902 876 quari,

256 908 312 960 et
342 900 804 957 imbecillitatem
838 914 1015 969 quam
1067 896 1497 951 contumaciam
1533 891 1901 964 reprehendi.

327 991 548 1047 Collum
575 989 756 1060 igitur
773 989 917 1059 jugo
940 985 1184 1055 subjeci,
1210 990 1266 1039 et
1287 984 1442 1056 quod
1470 999 1571 1037 nec
1595 998 1734 1037 mea
1754 980 1905 1035 vires

260 1081 655 1155 patiebantur,
701 1093 806 1131 nec
864 1080 1099 1145 tempus
1150 1073 1454 1129 commode
1511 1070 1904 1143 permittebat,

260 1167 582 1228 subsecivis
609 1166 771 1221 horis
818 1180 986 1237 agere
1016 1163 1184 1235 coepi.
1235 1163 1345 1217 Sed
1377 1164 1516 1217 dum
1565 1160 1653 1214 illi
1685 1174 1907 1214 morem

260 1275 419 1332 gero,
449 1272 651 1311 vereor
682 1270 755 1310 ne
786 1253 933 1308 mihi
982 1251 1232 1321 eveniat,
1279 1250 1434 1322 quod
1491 1249 1691 1321 Sergio
1716 1247 1907 1303 Galba

262 1346 528 1419 contigit,
559 1345 660 1417 qui
682 1344 943 1414 privatus
966 1340 1212 1414 imperio
1234 1339 1449 1411 dignus
1475 1342 1563 1394 est
1583 1338 1908 1409 judicatus,

259 1438 534 1511 princeps
563 1450 698 1489 vero
732 1433 921 1488 factus
942 1432 1014 1487 ad
1046 1429 1191 1485 illud
1224 1429 1461 1500 ineptus
1487 1426 1760 1500 apparuit
1782 1427 1911 1498 (Ta-

262 1528 360 1583 cit.
394 1526 477 1581 lib
510 1540 527 1579 1
556 1526 792 1593 Histor.,
848 1538 952 1577 seu
998 1519 1206 1577 Annal.
1266 1517 1467 1589 XVII).
1522 1517 1634 1587 Ego
1678 1530 1911 1588 quoque

268 1615 491 1680 dubito,
526 1616 590 1669 ut
623 1612 722 1684 qui
753 1615 952 1666 tacens
982 1608 1067 1664 illi
1102 1607 1325 1679 aliquid
1358 1606 1507 1662 scire
1535 1605 1794 1674 videbar,
1826 1604 1911 1659 lc-

268 1720 456 1778 quens
501 1700 946 1757 indoctissimus
995 1698 1272 1754 omnibus
1324 1696 1577 1767 detegar.
1619 1693 1912 1765 Quidquid

268 1800 462 1851 tamen
482 1792 742 1847 futurum
765 1790 864 1857 sit,
884 1788 1056 1858 jussa
1076 1786 1379 1857 capiendo,
1399 1784 1538 1856 quid
1560 1784 1780 1855 possim
1807 1799 1915 1837 sua

269 1882 476 1940 1148
534 1878 881 1935 auctoritate
939 1875 1184 1947 experiri
1242 1874 1421 1929 volui.
1480 1872 1674 1929 Inveni
1720 1876 1916 1927 autem

269 1970 692 2030 Tertullianum
723 1984 828 2023 suo
852 1965 1024 2039 stylo,
1048 1968 1114 2020 ut
1133 1968 1190 2020 et
1209 1962 1545 2019 Lactantius
1566 1961 1916 2027 Firmianus,

271 2068 328 2119 et
355 2063 422 2118 D.
460 2061 848 2131 Hieronymus
878 2056 1143 2111 indicant
1172 2055 1349 2126 (Lact.
1391 2053 1567 2109 Firm.
1601 2053 1719 2107 Div.
1751 2056 1916 2119 Inst.,

270 2152 309 2207 l.
341 2168 397 2221 v,
429 2167 479 2206 c.
514 2152 584 2217 i;
633 2149 686 2204 S.
736 2147 885 2203 Hier.
947 2146 1114 2217 epist.
1167 2145 1235 2200 43
1274 2144 1344 2199 ad
1401 2144 1679 2211 Paulin.),
1710 2142 1919 2197 obscu-

276 2259 432 2307 rum,
472 2240 613 2296 dum
664 2243 765 2295 aut
807 2238 1025 2294 omissa
1078 2236 1255 2292 verba
1299 2234 1423 2290 vult
1470 2234 1797 2301 subaudiri,
1829 2231 1918 2287 vel

277 2333 475 2388 minus
496 2330 717 2386 usitata
739 2331 1005 2399 usurpat,
1025 2330 1080 2383 et
1100 2341 1307 2381 novam
1326 2324 1500 2379 etiam
1521 2323 1784 2396 phrasim
1807 2322 1920 2379 sibi

277 2423 510 2478 format.
543 2421 658 2491 Ego
700 2423 764 2474 ut
810 2417 1065 2488 legentes
1113 2414 1497 2485 sublevarem,
1546 2412 1755 2469 horum
1790 2429 1920 2484 pro-

275 2512 472 2585 prium
492 2509 742 2565 indicem
766 2506 1093 2579 composui,
1115 2509 1182 2560 ut
1199 2504 1258 2559 in
1282 2520 1395 2576 quo
1414 2520 1589 2559 sensu
1613 2503 1921 2571 dictiones,

278 2604 380 2657 aut
405 2600 583 2655 verba
612 2597 880 2669 accipiat,
905 2595 1117 2667 cuique
1135 2596 1430 2665 appareat.
1463 2593 1608 2649 Cum
1630 2610 1763 2649 vero
1794 2609 1918 2648 ma-

268 2691 461 2761 jorem
481 2687 774 2759 depravati
799 2686 1027 2741 codices
1044 2683 1451 2739 difficultatem
1472 2684 1733 2750 afferant,
1755 2684 1925 2755 plura

276 2777 652 2841 emendandi,
684 2777 784 2831 sed
820 2793 887 2830 ex
930 2774 1023 2830 his
1072 2778 1326 2842 tantum,
1359 2789 1487 2844 qua
1535 2773 1690 2829 idem
1723 2779 1925 2831 auctor

276 2883 431 2940 sape
462 2866 669 2938 repetit
695 2863 783 2920 vel
831 2869 890 2918 Ι).
942 2863 1331 2935 Hieronymus
1376 2861 1591 2932 aliique
1624 2868 1755 2934 post
1787 2881 1922 2920 eum

276 2957 547 3013 recitent.
579 2956 660 3010 Ex
693 2969 821 3009 meo
851 2968 984 3008 vero
1017 2952 1203 3023 capite
1260 2955 1468 3024 prater
1514 2952 1792 3023 litteram,
1825 2959 1926 3009 aut

276 3046 561 3119 syllabam
589 3043 737 3099 nihil
761 3048 988 3098 mutare
1025 3058 1155 3097 sum
1196 3059 1399 3109 ausus,
1422 3041 1723 3113 maluique
1746 3044 1928 3099 ambi-

274 3151 422 3208 guos
457 3150 817 3206 permanere,
851 3148 1027 3203 quam
1060 3130 1234 3186 falsos
1257 3134 1358 3186 aut
1386 3136 1688 3187 extraneos
1717 3150 1926 3189 sensus

1548 340 1772 403 LIBER
1821 339 1925 401 DE
1968 336 2391 399 ORATIONE.

3502 344 3660 405 1250

1933 472 1985 536 Α
2018 469 2169 541 quod
2199 469 2436 539 optabat
2489 470 2728 541 perfecit
2784 470 2949 543 (Plin.
3015 470 3055 526 l.
3114 489 3283 543 xxxv,
3316 490 3364 528 c.
3428 475 3536 545 10),
3570 475 3657 530 sic

2010 559 2156 629 ipse,
2190 558 2330 612 dum
2366 564 2620 613 mentem
2645 559 2913 630 pluribus
2939 560 3188 631 involvo,
3212 562 3408 634 aliquo
3441 568 3654 619 conatu

2010 647 2240 702 evenire
2263 664 2435 717 posse
2466 649 2685 718 putavi,
2710 655 2774 703 ut
2796 648 3052 719 aliquem
3079 652 3223 706 forte
3249 653 3504 707 auctoris
3530 670 3659 708 sen-

2011 753 2141 791 sum
2161 753 2521 806 assequerer,
2546 738 2697 809 quod
2715 744 2770 791 et
2787 740 2940 809 apud
2958 738 3337 810 philosophos
3378 744 3657 798 Averroes

2012 825 2070 879 in
2102 825 2499 891 Aristotelem,
2534 831 2588 880 et
2637 827 2789 896 apud
2843 832 3074 881 nostros
3109 828 3364 897 Angelus
3398 830 3660 887 Ubaldus

2012 912 2071 966 in
2107 912 2351 967 novellis
2384 912 2914 971 Constitutionibus
2952 917 3269 972 Justiniani
3300 918 3659 990 explicandis

2016 1002 2167 1056 male
2197 1002 2256 1056 in
2290 1002 2464 1057 aliam
2515 1004 2775 1074 linguam
2826 1006 3010 1060 versis
3032 1008 3292 1063 effecisse
3322 1014 3657 1063 censentur.

2015 1091 2302 1145 Historias
2334 1108 2563 1162 quoque
2586 1110 2812 1164 omnes,
2831 1111 2977 1165 quas
3002 1096 3235 1167 attingit
3268 1098 3460 1167 potius
3484 1116 3658 1169 quam

2020 1185 2236 1249 narrat,
2270 1181 2368 1235 ubi
2400 1198 2546 1251 opus
2580 1182 2710 1246 fuit,
2743 1199 2811 1237 ex
2844 1184 3102 1253 probatis
3124 1188 3463 1242 auctoribus
3494 1206 3663 1244 enar-

2018 1268 2159 1338 ravi,
2192 1286 2263 1325 ne
2295 1270 2386 1324 cui
2418 1270 2726 1325 dubitandi
2760 1272 3106 1342 scrupulum
3151 1273 3563 1347 relinquerem.
3601 1279 3664 1331 In

2018 1358 2234 1428 quibus
2266 1357 2413 1412 liber
2439 1358 2505 1412 de
2537 1358 2745 1414 Corona
2770 1360 2995 1427 militis,
3018 1361 3086 1415 ad
3111 1366 3384 1433 Martyres
3405 1365 3469 1419 de
3505 1365 3670 1420 Cultu

2018 1448 2386 1517 feminarum,
2416 1448 2479 1519 de
2510 1447 2862 1518 Spectaculis,
2894 1458 2951 1503 et
2991 1448 3384 1521 Apologelicus,
3421 1454 3523 1508 sed
3555 1454 3671 1508 im-

2021 1535 2228 1607 primis
2259 1534 2610 1607 opusculum
2670 1536 2734 1591 de
2793 1538 2970 1593 Pallio
3020 1554 3135 1592 non
3194 1540 3485 1596 mediocre
3524 1542 3669 1597 mihi

2023 1626 2321 1697 negotium
2346 1625 3037 1690 exhibuerunt.Quadam
3064 1644 3131 1682 ex
3152 1628 3243 1682 his
3274 1629 3453 1702 aliqui
3487 1632 3669 1703 expli-

2023 1719 2265 1779 carunt;
2301 1715 2407 1769 sed
2436 1715 2572 1786 quid
2610 1714 2720 1783 illi,
2756 1722 2809 1770 et
2832 1716 2958 1787 ipse
2990 1718 3379 1787 prastiterim,
3420 1719 3669 1775 aliorum

1946 1842 1995 1907 B
2025 1805 2134 1859 erit
2162 1803 2461 1873 judicium.
2497 1803 2774 1859 Caterum
2817 1804 3132 1860 levioribus
3177 1807 3671 1880 quibuscumque,

2028 1898 2085 1948 et
2114 1893 2187 1947 iis
2218 1909 2340 1961 qua
2373 1892 2566 1947 facilia
2591 1892 2716 1947 visa
2747 1897 2906 1961 sunt,
2940 1896 3370 1965 pratermissis,
3413 1898 3678 1953 difficilia

2026 1987 2257 2039 tantum
2288 1981 2558 2053 explicui,
2606 1982 2735 2054 ipsa
2791 1998 2965 2053 opera
3024 1983 3386 2053 Tertulliani,
3450 1992 3674 2042 mutato

2028 2072 2216 2146 ipsius
2238 2072 2463 2138 ordine,
2488 2070 2549 2125 in
2566 2074 2684 2125 tres
2708 2076 2903 2141 partes
2926 2072 2983 2126 in
3003 2074 3251 2144 gratiam
3271 2076 3673 2133 studiosorum

2030 2180 2134 2235 pro
2162 2160 2416 2216 materia
2445 2159 2722 2215 varietate
2752 2160 3047 2216 distribui.

2099 2252 2160 2307 Si
2190 2251 2331 2323 quid
2366 2253 2561 2305 autem
2602 2248 2865 2320 legentes
2915 2250 3213 2322 adjuvero,
3265 2257 3377 2308 Deo
3408 2256 3674 2311 omnium

2028 2358 2161 2399 vero
2182 2338 2717 2410 luminiacceptum
2742 2355 2756 2406 ;
2782 2338 2831 2393 si
2849 2343 3068 2406 contra,
3098 2358 3237 2397 mea
3264 2343 3677 2415 imbecillitati,

2030 2437 2205 2504 atque
2235 2427 2495 2484 facilitati
2528 2426 2709 2497 illius,
2744 2427 2846 2499 qui
2880 2428 3101 2486 malum
3149 2430 3529 2505 interpretem
3562 2434 3675 2489 ele-

2030 2523 2134 2596 git,
2194 2518 2522 2591 imputabo.
2603 2518 2878 2590 Magnum
2936 2524 3130 2589 certe,
3184 2526 3241 2578 et
3301 2525 3677 2595 antiquorum

2031 2612 2303 2669 Ecclesia
2323 2610 2543 2665 rituum
2574 2608 2927 2681 magistrum
2950 2611 3020 2665 ab
3052 2613 3328 2667 omnibus
3359 2612 3672 2685 legendum

2032 2707 2326 2761 auctorem
2341 2698 2758 2770 habemus,qui
2779 2703 2835 2754 et
2856 2702 3241 2756 recentiorum
3272 2702 3673 2759 haereticorum

2032 2810 2257 2851 errores
2286 2789 2614 2860 contundit,
2646 2789 2788 2843 dum
2821 2807 2970 2862 sape
3020 2791 3446 2847 Eucharistiam
3473 2810 3677 2848 verum

2034 2900 2246 2955 corpus
2275 2879 2489 2935 Christi
2520 2895 2647 2934 esse
2669 2879 2849 2933 tradit
2881 2880 2972 2951 (de
3008 2896 3121 2951 quo
3146 2886 3339 2936 tamen
3363 2898 3534 2938 nemo
3566 2901 3679 2938 un-

2033 2990 2208 3044 quam
2239 2986 2425 3041 usque
2457 2968 2531 3023 ad
2580 2968 2991 3039 Berengarium
3035 2970 3326 3027 dubitavit
3374 2976 3475 3027 aut
3503 2972 3682 3027 dubi-

2038 3066 2157 3117 tare
2189 3058 2419 3131 potuit),
2451 3056 2904 3129 exomologesim
2950 3063 3321 3130 peccatorum
3355 3061 3681 3116 faciendam

2037 3153 2257 3214 monet,
2280 3165 2381 3221 pro
2406 3148 2698 3202 defunctis
2716 3146 3042 3203 oblationes
3065 3149 3189 3204 fieri
3207 3151 3581 3206 consuevisse
3602 3151 3688 3205 in-

273 3224 577 3288 inducere,
608 3227 663 3277 et
710 3221 928 3291 aliquid
975 3218 1173 3290 potius
1224 3219 1544 3275 desiderari
1588 3237 1765 3291 quam
1798 3239 1919 3277 cor-

2040 3241 2217 3306 dicat,
2235 3240 2507 3293 Romana
2526 3236 2681 3292 sedis
2695 3237 3105 3293 auctoritatem
3122 3238 3415 3310 pradicat,
3437 3240 3689 3295 animas-

274 3310 496 3383 rumpi.
531 3308 687 3364 Nihil
720 3314 912 3363 tamen
948 3308 1231 3361 intactum
1284 3308 1479 3373 omisi,
1514 3325 1579 3363 ac
1606 3309 1663 3363 in
1699 3312 1930 3383 magnis

277 3398 743 3456 obscuritatibus
776 3396 961 3451 satius
1012 3412 1139 3451 esse
1185 3396 1343 3466 duxi,
1397 3398 1697 3468 ingenium
1733 3416 1929 3454 meum

274 3486 622 3560 periclitari,
655 3502 832 3558 quam
856 3485 1133 3540 confusos
1154 3483 1402 3540 lectores
1426 3485 1665 3541 dimitti.
1693 3488 1760 3541 Et
1782 3488 1935 3543 sicut

276 3579 653 3647 Protogenes,
679 3591 1019 3647 quanquam
1051 3574 1321 3646 egregius
1352 3576 1561 3646 pictor,
1594 3592 1727 3631 cum
1753 3577 1933 3632 anhe-

275 3665 457 3721 lantis
491 3667 624 3737 equi
656 3681 954 3737 spumam,
988 3680 1111 3719 rem
1144 3667 1341 3719 tamen
1375 3664 1581 3733 levem,
1611 3666 1935 3737 exprimere

278 3773 397 3811 non
432 3759 647 3827 posset,
680 3754 1027 3825 indignatus
1056 3753 1188 3819 arti,
1213 3753 1459 3824 spongia
1483 3755 1759 3810 omnibus
1791 3755 1938 3811 colo-

278 3845 450 3900 ribus
482 3844 759 3915 impacta,
808 3847 867 3898 et
917 3842 1239 3898 animantis
1288 3841 1460 3898 labiis
1508 3843 1761 3913 admota,
1796 3860 1936 3899 casu

2042 3345 2153 3402 que
2174 3328 2583 3383 defunctorum
2615 3326 2749 3398 igne
2782 3328 3040 3398 purgari,
3060 3327 3311 3397 jejunis,
3340 3328 3573 3400 aliaque
3598 3329 3691 3383 his

2042 3417 2278 3483 similia,
2304 3432 2429 3487 qua
2452 3415 2694 3486 longum
2712 3420 2865 3471 esset
2889 3432 3187 3471 recensere
3208 3433 3333 3471 com
3345 3418 3687 3489 probat.Sed

2043 3507 2269 3564 insanis
2313 3522 2428 3560 non
2481 3503 2647 3559 facile
2699 3509 2788 3559 est
2836 3505 3186 3571 rationibus,
3241 3514 3338 3561 aut
3372 3508 3690 3562 auctorita-

2043 3599 2205 3654 tibus
2237 3595 2608 3668 persuadere.
2643 3594 2759 3650 Has
2790 3594 2969 3667 igitur
3010 3612 3170 3650 meas
3210 3594 3693 3652 lucubratiuncu-

2045 3688 2132 3743 las
2179 3685 2426 3755 benigne
2470 3684 2722 3756 accipies
2779 3689 2835 3739 et
2885 3685 3035 3756 aequi
3090 3686 3348 3758 bonique
3401 3686 3695 3743 consules.

2044 3777 2206 3832 Vale.

1047 4137 1521 4267 LIBER
1619 4139 1827 4266 DE
1931 4098 2934 4272 OBATIONE‘”.
3017 4132 3039 4151 '

358 4489 563 4545 1149
596 4490 1033 4545 ARGUMENTUM.
1070 4490 1283 4546 Aureus
1313 4491 1410 4547 ille
1438 4492 1680 4559 libellus,
1712 4509 1745 4548 a
1779 4492 2126 4549 Tertulliano
2154 4506 2287 4547 sane
2315 4488 2493 4545 adhuc
2519 4487 2790 4544 catholico
2819 4486 3441 4557 descriptus,imo,modo
3462 4486 3531 4542 ad
3561 4504 3705 4542 mar-

284 4583 447 4651 tyras
478 4578 939 4646 adhortationem,
972 4581 1025 4633 si
1064 4580 1226 4647 lubet,
1282 4583 1548 4652 excipias,
1579 4584 1812 4653 primus,
1838 4581 2026 4654 judice
2044 4582 2107 4635 D.
2144 4581 2426 4651 Lumpero,
2460 4582 2603 4633 tanti
2647 4578 2870 4645 huiusce
2912 4577 3131 4645 ingenii
3177 4578 3388 4631 recenti
3436 4575 3547 4645 fide
3581 4578 3704 4648 jam

285 4668 668 4725 reviviscentis
696 4670 931 4738 fructus,
961 4670 1167 4740 partim
1196 4668 1260 4725 de
1288 4685 1349 4725 re
1378 4670 1698 4740 dogmatica
1727 4676 1827 4742 est,
1858 4672 2074 4742 partim
2104 4669 2168 4725 de
2194 4669 2436 4725 moribus
2466 4671 2518 4723 et
2545 4666 2866 4738 disciplina.
2899 4698 2965 4707 —
2994 4671 3064 4723 In
3094 4668 3278 4738 priore
3324 4667 3499 4738 ipsius
3523 4678 3704 4739 parte,

1730 4788 2256 4850 Commentarius.

356 4893 431 4964 (1)
458 4893 623 4967 Hunc
654 4893 922 4950 libellum
955 4913 988 4951 a
1018 4894 1381 4951 Tertulliano
1423 4900 1557 4952 ante
1605 4895 1838 4967 lapsum
1872 4897 1941 4951 ad
1977 4903 2024 4965 ι)
2056 4894 2365 4951 familiaris
2390 4898 2446 4950 et
2477 4891 2822 4967 quotidiana
2842 4892 3121 4967 precandi
3143 4892 3427 4967 formula,
3449 4892 3540 4949 his
3564 4911 3709 4967 pra-

268 4966 752 5038 Montanismum
787 4966 1182 5038 conscriptum
1229 4969 1413 5025 fuisse
1462 4964 1942 5024 omnes—consen-
1980 4964 2005 4965 ί
2056 4972 2215 5023 terea
2246 4968 2426 5022 totius
2454 4964 3141 5038 christiana_disciplina
3186 4964 3711 5021 breviariumIHoc

266 5038 462 5110 tiunt.
488 5037 742 5110 _Videtur
771 5036 1190 5105 homiliaesse,
1244 5057 1343 5096 seu
1379 5058 1577 5097 sermo
1627 5042 1695 5095 ad
1730 5046 1945 5095 ccetum
2058 5039 2311 5094 caelestis
2332 5040 2531 5107 gratia
2556 5038 2778 5110 pignus
2794 5036 2989 5110 Patres
3014 5036 3235 5110 antiqui
3269 5039 3538 5093 certatim
3564 5055 3707 5110 pra-

262 5108 753 5166 Christianorum
814 5111 1075 5178 habitus,
1139 5114 1290 5181 quod
1350 5114 1519 5168 nobis
1570 5113 1760 5167 innuit
1811 5128 1945 5167 cum
2058 5108 3710 5181 dicavere.NemoTertullianodoctiusexplicavitm'emo

262 5181 443 5237 istud
482 5182 699 5256 in‘cap.
733 5201 770 5256 ξ,
807 5184 1221 5240 Consideremus
1264 5186 1449 5256 itaque
1499 5186 1786 5249 benedicti,
1820 5190 1944 5240 tum
2060 5182 2352 5256 sanctiore
2390 5183 2551 5237 cultu
2604 5181 2852 5256 posteris
2905 5181 3212 5256 colendum
3266 5183 3708 5256 demonstravit.

259 5252 570 5328 opusculi
590 5252 915 5328 conclusio.
972 5257 1129 5311 idem
1191 5252 1446 5328 quoque,
1494 5262 1561 5311 ut
1620 5257 1809 5312 obiter
1839 5256 1949 5311 hoc
2061 5254 2281 5312 Libello
2314 5254 2747 5328 titulum_l'ecit
2776 5253 2849 5306 De
2908 5254 3185 5328 Oratione,
3236 5258 3370 5328 tam»
3416 5254 3707 5328 excellen-

260 5329 511 5399 notem,
542 5326 703 5399 derS.
746 5328 1017 5398 Cypriani
1051 5324 1303 5382 tractatu
1331 5324 1420 5384 'de
1470 5329 1737 5386 Oratione
1765 5330 1948 5385 Domi-
2061 5336 2176 5384 tem
2212 5344 2388 5399 quam
2422 5324 2941 5399 simplicem,gcum
2983 5326 3269 5394 significet
3314 5326 3709 5399 Christianam

257 5398 417 5454 nica
450 5396 757 5470 inscripto,
791 5396 1035 5455 forsitan
1076 5400 1480 5455 statuendum.
1516 5403 1732 5457 Rome.
2060 5400 2132 5455 ab
2189 5396 2317 5470 ipso
2375 5399 2475 5453 Dei
2537 5398 2680 5453 Filio
2739 5397 3048 5452 dictatam.
3110 5402 3317 5453 Preces
3371 5398 3709 5469 imperatori

357 5499 426 5509 —
460 5468 620 5525 Inter
640 5468 893 5527 eximias
926 5471 1219 5528 Orationis
1254 5472 1577 5529 Dominica
1608 5476 1796 5537 dotes,
1830 5472 1952 5527 hac
2064 5468 2265 5525 danda
2290 5470 2516 5543 concipi
2540 5470 2807 5526 solebant
2836 5468 3476 5543 adhibitojurisperito;
3506 5470 3710 5543 Preces

253 5540 477 5670 Elaea
510 5548 602 5598 est
658 5543 949 5599 mirabilis
993 5550 1167 5615 atque
1226 5544 1443 5611 divina,
1508 5547 1662 5617 quod
1716 5562 1847 5599 cum
1881 5544 1951 5599 ab
2064 5545 2132 5599 ad
2166 5548 2343 5599 Deum
2377 5540 2609 5600 nostras
2632 5542 2962 5615 composuit
2992 5542 3157 5596 nobis
3180 5540 3433 5596 caelestis
3456 5541 3710 5612 jurispe-

326 5612 626 5670 umilibus
658 5620 711 5670 et
736 5614 1004 5670 angustis
1026 5614 1326 5670 mentibus
1349 5616 1635 5670 capiatur.
1665 5618 1953 5670 sublimes
2062 5617 2213 5670 ritus
2243 5615 2528 5670 Dominus
2561 5621 2760 5670 noster
2789 5615 2963 5670 Jesus
2994 5613 3288 5670 Christus.
3321 5614 3448 5669 RIG.

326 5612 626 5689 similibus
658 5620 711 5672 et
736 5614 1004 5689 augustis
1026 5612 1326 5673 mentibus
1349 5612 1636 5687 capiatur,
1665 5618 1953 5673 sublimes
2062 5617 2213 5672 ritus
2243 5615 2528 5674 Dominus
2560 5612 2963 5673 noster'Jesus
2994 5613 3288 5670 Christus.
3321 5614 3448 5669 RIG.

256 5683 689 5745 nihilominus
716 5693 774 5745 et
815 5683 1242 5763 capacissimas
1289 5683 1502 5762 explet.
1556 5683 1675 5745 illis
1714 5689 1952 5761 quidem
