4134 6184
434 293 586 354 1251
993 289 1524 353 TERTULLIANI
1567 288 1893 354 OPERUM
1942 289 2138 352 PARS
2182 291 2230 350 Ῑ.
2263 324 2342 335 —
2377 289 2649 353 SERIES
2693 292 2768 366 ll,
2816 293 3295 358 DOGMATICA.

3696 301 3854 361 1252

429 426 751 485 Orationem
804 422 1165 487 Dominicam,
1223 421 1437 492 primus
1494 422 1740 476 omnium
1800 437 1937 493 quos
1977 422 2306 490 noverimus,
2351 420 2646 492 Septimius
2674 432 2861 478 noster
2911 425 3216 482 luculenter
3262 428 3528 499 explicat,
3583 430 3640 483 in
3688 445 3859 502 eaque

428 517 594 570 totius
625 512 915 579 Evangelii
943 511 1259 565 doctrinam
1290 510 1436 565 velut
1467 512 1525 564 in
1574 511 1864 582 cujusdam
1915 509 2222 581 compendii
2250 511 2466 581 speculo
2494 510 2786 566 collectam
2816 513 3034 570 exhibet
3054 531 3076 576 ;
3104 516 3272 571 multi
3299 521 3415 587 post
3445 533 3568 572 eum
3598 521 3851 574 eamdem

433 605 627 659 tritam.
656 601 897 656 habuere
926 602 1074 655 viam
1103 616 1169 656 ac
1200 602 1264 655 in
1293 616 1422 655 eam
1455 601 1729 671 imprimis
1777 601 1892 671 ejus
1922 616 1990 654 ex
2037 610 2228 670 aperto
2285 599 2594 671 discipulus
2643 602 2960 672 Cyprianus
3008 612 3146 659 totus
3203 606 3363 660 abiit.
3434 611 3500 662 In
3558 610 3858 677 posteriori

428 702 610 765 parte,
645 707 754 761 qua
787 691 1097 761 prmsertim
1128 692 1346 744 ratione
1375 692 1552 744 sacris
1582 689 2001 759 interagend-um
2053 691 2145 754 sit,
2194 690 2355 759 quive
2398 705 2622 760 precum
2679 692 2822 745 ritus
2877 694 2992 747 sint
3036 698 3134 747 aut
3163 695 3450 750 omittendi
3505 701 3605 750 aut
3661 696 3853 751 sedulo

429 780 775 852 perﬁciendi,
810 795 946 832 rara
979 779 1292 846 admodum,
1326 795 1422 848 pro
1458 783 1764 849 temporum
1807 781 2092 845 vetustate,
2140 780 2484 848 expositione
2532 779 2884 847 indigitatur.
2919 809 2987 821 ——
3037 788 3207 837 Porro
3260 784 3375 838 hac
3421 794 3552 839 sunt
3577 789 3851 857 praecipua

430 870 634 938 prioris
659 869 834 939 partis
862 869 1080 938 capita:
1120 868 1170 920 1°
1227 868 1444 935 Quanta
1498 869 1572 922 sit
1602 868 1775 922 oratio
1816 868 1916 921 illa
1975 883 2140 937 quam
2200 868 2426 938 ipsemet
2485 867 2722 922 tradidit
2750 870 2850 923 Dei
2876 885 3058 926 sermo
3086 876 3140 925 et
3169 871 3269 926 Dei
3296 875 3459 938 ratio,
3518 890 3699 930 sermo
3753 891 3852 929 ra-

431 960 595 1015 tionis
625 961 674 1011 et
703 958 854 1011 ratio
883 958 1172 1021 sermonis,
1211 957 1268 1011 D.
1303 957 1365 1012 N.
1398 958 1451 1011 J.
1485 956 1541 1010 C.
1576 955 1705 1027 Cap.
1738 957 1788 1010 1.
1819 957 1875 1010 ‘20
1931 956 2174 1012 Subinde
2221 955 2512 1010 deducitur
2553 957 2848 1013 exordium
2904 959 2964 1013 in
3022 975 3130 1031 quo
3175 964 3502 1028 agnoscitur
3548 964 3736 1031 Pater,
3798 971 3848 1019 et

432 1051 492 1102 in
523 1051 686 1102 Patre
718 1046 898 1102 Filius
928 1048 1234 1111 invocatur,
1267 1061 1366 1100 nec
1392 1051 1569 1100 mater
1598 1045 1812 1116 quidem
1848 1047 2084 1101 Ecclesia
2118 1047 2465 1116 praeteritur.
2501 1044 2610 1118 Cap
2661 1047 2716 1100 2.
2767 1047 2824 1101 3°
2883 1048 3014 1102 Tum
3065 1050 3289 1118 singula
3325 1050 3621 1121 sigillatim
3661 1051 3850 1123 expli-

431 1145 588 1192 catur
610 1137 828 1207 petitio,
859 1137 1042 1207 prima
1071 1151 1284 1207 nempe,
1316 1152 1424 1207 qua
1455 1143 1511 1189 et
1539 1151 1635 1189 nos
1667 1134 2006 1204 Angelorum
2036 1134 2349 1204 candidati,
2382 1135 2650 1191 caelestem
2681 1137 2778 1192 Dei
2802 1137 3041 1208 gloriam
3073 1140 3354 1210 ipsiusque
3377 1143 3440 1196 in
3468 1141 3625 1196 nobis
3654 1159 3853 1198 nomen

428 1227 832 1295 sanctiﬁcatum
885 1227 1246 1295 postulamus.
1281 1224 1414 1296 Cap.
1466 1224 1517 1278 3.
1567 1223 1814 1278 Secunda
1861 1239 1987 1278 vero
2037 1232 2264 1294 rogatur
2312 1232 2373 1278 ut
2401 1225 2502 1294 ﬁat
2529 1225 2646 1294 ejus
2674 1224 2930 1280 voluntas
2961 1226 3017 1280 in
3045 1227 3200 1282 nobis
3231 1230 3330 1297 qui
3356 1227 3558 1282 coitum
3587 1233 3641 1285 et
3699 1234 3853 1285 terra

425 1329 634 1369 sumus.
672 1313 803 1383 Cap.
838 1315 889 1367 ἄ.
926 1314 1104 1368 Tertia
1134 1318 1325 1367 autem
1343 1312 1723 1382 festinandum
1753 1320 1834 1366 est
1882 1312 1954 1365 ad
1991 1311 2108 1382 spei
2162 1315 2375 1368 nostra:
2423 1311 2773 1383 complexum
2795 1313 2865 1367 ad
2894 1321 3078 1369 votum
3105 1315 3570 1384 Christianorum,
3603 1318 3676 1372 ad
3720 1335 3850 1374 con-

427 1405 710 1474 lusionem
738 1401 1050 1467 nationum,
1086 1402 1155 1456 ad
1184 1403 1618 1456 exsultationem
1668 1400 2019 1472 Angelorum.
2074 1401 2208 1470 Cap.
2253 1401 2306 1453 5.
2368 1401 2578 1468 Quarta
2621 1401 2919 1474 tri/ariam
2949 1403 3169 1474 quidem
3197 1404 3359 1460 habet
3389 1407 3852 1477 explicationem,

427 1493 639 1547 scilicet
671 1489 736 1543 de
759 1505 904 1558 pane
931 1491 1234 1554 communi,
1267 1489 1466 1544 deinde
1498 1490 1570 1544 de
1603 1487 1819 1542 Christo
1876 1493 2063 1559 utpote
2111 1487 2458 1544 credentium
2511 1506 2674 1561 pane,
2731 1493 3006 1562 postremo
3064 1492 3129 1547 de
3156 1508 3377 1564 corpore
3403 1494 3611 1550 Christi
3651 1497 3853 1550 eucha-

429 1582 644 1635 ristzco.
678 1578 804 1648 Cap.
849 1579 901 1631 6.
937 1579 965 1631 Ί
975 1594 1066 1632 um
1098 1579 1194 1632 Dei
1222 1579 1573 1634 clementiam
1615 1578 1806 1648 quinta
1837 1578 2118 1648 implorat.
2154 1576 2287 1648 Cap.
2319 1579 2372 1632 7.
2406 1577 2575 1635 Sexta
2603 1577 2825 1635 demum
2853 1584 2905 1635 et
2933 1583 3167 1652 septima
3197 1585 3581 1651 tentationem,
3609 1586 3853 1639 multum

432 1690 535 1745 que
564 1673 911 1743 deprecatur.
950 1670 1087 1739 Cap.
1119 1670 1154 1721 7
1181 1669 1234 1721 9.

504 1765 638 1817 Pars
665 1777 794 1816 vero
819 1759 1088 1829 posterior
1116 1757 1412 1827 multiplex
1437 1763 1536 1826 est,
1569 1772 1666 1811 nec
1694 1759 1876 1810 tamen.
1908 1757 2194 1826 mgerrime
2219 1755 2289 1810 ad
2319 1757 2431 1811 tria
2460 1757 2578 1812 haec
2614 1756 2937 1814 reducitur:
2972 1759 3030 1812 1°
3060 1759 3329 1827 Quanam
3360 1765 3486 1816 ante
3534 1764 3851 1818 orationem

428 1856 715 1924 [ructuose
743 1851 994 1904 animam.
1023 1849 1352 1918 prmparent,
1384 1846 1661 1899 nimirum
1688 1846 1956 1899 memoria.
1983 1853 2407 1915 prxceptorum,
2439 1862 2510 1900 ac
2563 1860 2684 1917 prae
2739 1846 2994 1902 omnibus
3048 1849 3235 1918 ofﬁcia
3295 1850 3604 1916 charitatis,
3666 1851 3849 1908 libera

430 1943 611 1996 animi
639 1941 876 1994 intentio
908 1952 1017 2007 qua
1049 1935 1461 1990 inenarrabiles
1489 1936 1721 2005 spiritus
1749 1934 1818 1988 ad
1851 1939 2069 1988 Patrem
2100 1936 2330 2004 gemitus
2360 1935 2680 1989 eliciuntur.
2735 1936 2864 2007 Cap.
2901 1937 3087 1991 10-15.
3132 1938 3192 1990 2°
3242 1938 3506 2006 Quanam
3557 1941 3674 1994 sive
3722 1946 3850 1996 ante

432 2033 549 2085 sive
578 2035 698 2098 post
732 2029 1033 2083 orationem
1069 2025 1235 2080 libeat
1266 2025 1533 2090 omittere,
1568 2024 1667 2078 hoc
1695 2039 1888 2094 nempe
1919 2031 1995 2076 est
2025 2023 2108 2077 vel
2137 2039 2334 2077 manus
2365 2024 2616 2090 abluere,
2649 2027 2733 2078 vel
2786 2025 3051 2095 penulam
3098 2024 3399 2097 deponere,
3449 2028 3535 2082 vel
3581 2029 3845 2084 assidere.

433 2126 565 2190 Cap.
605 2119 792 2174 16-17.
828 2120 884 2172 3°
913 2122 1189 2186 Quaenam
1221 2131 1342 2170 vero
1392 2114 1618 2170 deceant
1662 2118 1758 2168 aut
1807 2130 2020 2168 necesse
2049 2115 2161 2168 sint
2187 2114 2523 2184 peragenda,
2559 2115 2767 2170 scilicet
2793 2131 3060 2170 manuum
3087 2116 3294 2177 elatio:
3325 2116 3538 2182 vultus,
3597 2121 3851 2190 vocisque

432 2210 720 2275 demissio;
753 2209 1006 2263 osculum
1048 2206 1201 2276 pacis
1222 2221 1243 2267 ;
1272 2206 1434 2258 statio
1464 2203 1535 2257 ad
1565 2220 1744 2271 aram,
1779 2207 1992 2274 accepto
2022 2219 2246 2272 corpore
2275 2205 2499 2258 Domini
2521 2206 2576 2258 et
2600 2214 2912 2266 reservato;
2937 2205 3155 2260 habitus
3203 2207 3542 2264 feminarum
3568 2207 3850 2263 modestus

428 2301 786 2368 velamenque
810 2296 1102 2368 virginum
1121 2309 1141 2354 ,°
1175 2308 1354 2362 genua
1383 2291 1638 2361 ﬂectendi
1666 2293 1827 2357 ritus,
1860 2291 2007 2345 locus
2036 2290 2256 2356 orandi,
2290 2292 2549 2363 horaeque
2578 2293 2973 2354 solemniores;
3005 2295 3254 2349 alternus
3279 2295 3620 2365 psalmorum
3649 2305 3847 2352 cantus

427 2403 705 2458 agapeque
736 2385 944 2451 devota,
979 2390 1239 2438 coronata
1268 2398 1388 2436 cum
1419 2396 1616 2452 pompa
1646 2396 1873 2450 operum
1903 2382 2187 2447 bonorum,
2222 2382 2375 2435 inter
2399 2381 2644 2452 psalmos
2674 2386 2726 2438 et
2752 2386 2984 2453 hymnos
3013 2383 3085 2438 ad
3111 2384 3290 2438 altare
3321 2385 3424 2440 Dei
3449 2384 3847 2457 deducta.Cap.

430 2479 616 2533 16-28.
653 2479 921 2548 Con/"crta?
947 2476 1074 2529 huic
1102 2490 1166 2528 ac
1197 2473 1405 2527 mirum
1436 2473 1494 2526 in
1525 2470 1746 2526 modum
1774 2473 1970 2540 opimx
1999 2473 2250 2525 veterum
2278 2474 2494 2526 rituum
2521 2473 2699 2542 copiae
2725 2471 3140 2544 superadditur,
3164 2472 3440 2530 coronldis
3472 2476 3675 2542 instar,
3698 2476 3765 2530 de
3795 2479 3851 2530 vi

427 2572 478 2623 et
507 2568 707 2639 effectu
737 2566 1005 2622 orationis
1027 2566 1225 2620 ornata
1253 2561 1702 2635 amplissimaque
1731 2559 2041 2632 descriptio.
2077 2561 2211 2632 Cap.
2245 2561 2336 2617 29.
2367 2563 2509 2617 Enn.

957 2793 1187 2850 CAPUT
1227 2792 1539 2848 PRIMUM.
2105 2793 2161 2859 Α
2189 2791 2362 2848 Jesus
2391 2791 2660 2849 Christus
2713 2792 2995 2849 Dominus
3046 2797 3260 2864 noster,
3305 2793 3474 2849 nobis
3526 2792 3842 2866 discipulis

505 2887 602 2944 Dei
633 2886 879 2959 spiritus
913 2885 985 2957 (2)
1017 2889 1074 2940 et
1103 2884 1201 2940 Dei
1239 2901 1452 2950 sermo,
1486 2887 1540 2938 et
1575 2881 1673 2937 Dei
1717 2881 1864 2936 ratio
1896 2883 1994 2952 (3),
2026 2884 2083 2936 et
2192 2882 2391 2938 1151
2432 2882 2563 2937 novi
2587 2885 2603 2918 ¹
2637 2882 2997 2938 Tcstamenti
3029 2899 3236 2939 novam
3272 2881 3557 2938 orationis
3586 2884 3843 2939 formam

434 2993 623 3034 sermo
683 2973 927 3031 rationis
961 2974 1037 3045 (4)
1093 2977 1151 3028 et
1189 2972 1337 3028 ratio
1395 2971 1704 3037 sermonis,
1763 2975 2082 3041 utrumque
2194 2970 2623 3028 determinavit.
2651 2971 2964 3043 Oportebat
2985 2961 3141 3029 enim
3173 2970 3232 3027 in
3253 2971 3364 3028 hac
3389 2987 3627 3044 quoque
3650 2972 3848 3044 specie

1865 3071 2067 3132 Variae
2115 3070 2435 3132 lectiones.

503 3169 520 3202 ¹
554 3164 733 3222 Nobis
763 3163 905 3220 delet
927 3163 1160 3218 Semter.
1193 3161 1410 3218 Oberth.

1869 3239 2385 3302 Commentarius.

504 3352 578 3418 (2)
612 3351 710 3406 Dei
767 3351 1020 3420 spiritus.
1078 3349 1204 3403 Non
1264 3347 1354 3402 hic
1412 3352 1668 3413 tantum,
1701 3349 1832 3420 sed;
1862 3352 1920 3401 et
1949 3346 2089 3401 alibi
2197 3345 2408 3400 molem
2443 3346 2616 3401 istam
2641 3362 2774 3420 cum
2797 3347 2954 3403 omni
2979 3348 3374 3404 instrumento
3394 3346 3843 3415 elementorum,

433 3423 704 3477 Christus
736 3437 768 3475 a
794 3418 1176 3476 Tertulliano
1225 3420 1322 3474 Dei
1367 3422 1597 3490 spiritus
1645 3418 1996 3492 appellatur,
2023 3423 2087 3472 ut
2197 3434 2527 3492 corporum,
2562 3419 2903 3492 spirituum,
2948 3421 3142 3490 verbo,
3184 3420 3540 3492 quorjussit,
3581 3421 3841 3492 ratione,

432 3496 627 3550 videre
657 3497 749 3548 est
777 3493 835 3547 in
860 3493 1108 3561 Apolog.,
1133 3507 1264 3559 cap.
1298 3493 1390 3556 21,
1423 3497 1480 3545 et
1508 3491 1771 3546 adversus
1800 3491 2082 3557 Marciam,

432 3565 534 3620 lib.
570 3584 609 3630 ι,
644 3581 769 3634 cap.
819 3565 907 3627 10,
960 3569 1016 3616 et
1050 3563 1150 3617 lib.
1203 3577 1286 3627 tu,
1321 3578 1444 3633 cap.
1495 3563 1529 3615 6
1559 3569 1616 3617 et
1667 3563 1753 3626 16,
1785 3565 1841 3615 et
1871 3561 1972 3634 lib.
2006 3578 2082 3630 xv,

431 3652 559 3707 cap.
591 3638 682 3704 21,
716 3631 1060 3707 studuersus
1105 3631 1405 3707 Praxeam,
1454 3649 1583 3707 cap.
1616 3634 1704 3687 26.
1754 3631 2081 3704 Appellatio

433 3703 586 3761 certe
619 3703 836 3761 nustris
867 3721 1023 3759 nunc
1075 3703 1319 3758 auribus
1369 3703 1539 3758 male,
1564 3703 1820 3768 sonans,
1836 3703 1895 3759 at
1926 3710 2080 3759 vete-

431 3779 596 3833 ribus
656 3777 1034 3848 quibusdam,
1094 3776 1364 3848 haereses,
1427 3792 1554 3846 quae
1614 3776 1824 3831 deinde
1868 3775 2079 3831 obortas

429 3855 587 3914 sunt,
624 3847 758 3903 ante
791 3847 988 3904 oculos
1036 3864 1151 3902 non
1202 3847 1578 3914 habentibus,
1639 3848 1872 3904 incaute
1904 3865 2078 3902 usur-

429 3927 581 3992 pata.
617 3921 677 3976 In
711 3937 776 3974 ea
829 3920 1201 3992 potissimum
1241 3920 1544 3992 sententia
1585 3920 1693 3974 fuit
1745 3921 2077 3992 Lactantius

2196 3506 2311 3560 qua
2357 3489 2666 3560 disposuit,
2719 3490 2952 3561 virtute,
3003 3489 3135 3562 qua
3166 3489 3377 3562 potuit,
3411 3492 3481 3546 de
3529 3491 3717 3548 nihilo
3747 3508 3844 3547 ex-

2194 3561 2408 3632 pressit
2436 3562 2493 3616 in
2529 3566 2937 3618 ornamentum
2971 3561 3300 3634 majestatis
3349 3579 3487 3619 suae.
3527 3585 3556 3612 »ι
3587 3562 3656 3619 G.
3688 3567 3846 3619 PAN-

2176 3650 2378 3688 .CIROL.

2261 3706 2339 3786 (_3)
2370 3706 2469 3786 Dei
2489 3722 2672 3786 sermo
2701 3711 2755 3759 et
2786 3707 2884 3760 Dei
2931 3707 3091 3761 ratio.
3142 3703 3678 3786 sdy‘ocuproprium
3712 3703 3845 3786 Filii

2188 3777 2286 3830 Dei
2319 3777 2472 3848 apud
2505 3776 2733 3832 Graecos
2777 3793 2990 3832 nomen
3034 3776 3435 3832 varias'latine
3482 3776 3842 3846 interpreta-

2188 3847 2379 3903 tiones
2435 3848 2657 3920 habuit,
2715 3865 2920 3920 nempe
2983 3850 3160 3914 Verbi,
3190 3849 3495 3920 Sermonis,
3557 3848 3843 3914 Rationis,

2192 3920 2414 3974 Latinis
2435 3918 2597 3974 hisce
2620 3918 2957 3974 nominibus
2981 3922 3315 3990 promiscue
3339 3919 3427 3973 usi
3451 3925 3594 3974 sunt
3615 3927 3843 3974 veteres

432 3990 780 4054 Firmianus,
814 3990 960 4048 teste
993 3997 1192 4046 sancto
1239 3991 1693 4063 Hieronymorin
1727 3990 1975 4062 epistola
2005 3993 2073 4046 ad
2109 3991 2153 4054 Β
2185 3991 2448 4046 Ecclesiae
2504 3991 2839 4062 scriptores,
2893 3997 2956 4046 ut
3002 3992 3158 4047 idem
3205 3991 3626 4063 signiﬁcarent.
3676 3991 3843 4046 Nunc

426 4065 864 4120 Pomm-'chium
900 4070 956 4119 et
982 4065 1276 4119 Oceanum
1329 4064 1398 4117 de
1429 4062 1739 4118 Erroribus
1769 4063 2074 4134 Origenis:

427 4160 455 4187 «
490 4139 852 4203 Lactantius,
881 4136 1075 4206 inquit
1104 4135 1220 4200 ille,
1253 4135 1308 4187 in
1346 4134 1508 4189 libris
1557 4135 1704 4205 suis,
1736 4139 1793 4188 et
1823 4135 2078 4188 maxime

423 4209 480 4262 in
515 4208 780 4281 epistolis
810 4208 881 4261 ad
929 4206 1396 4281 Dem_etrianum,
1448 4207 1690 4281 spiritus
1735 4207 1920 4281 sancti
1954 4222 2077 4259 om-

424 4277 566 4336 nino
589 4284 761 4348 negat
783 4279 1198 4345 substantiam,
1227 4281 1283 4330 et
1307 4295 1499 4332 errore
1521 4279 1764 4331 .ludaico
1783 4277 1924 4330 dicit
1945 4293 2078 4331 eum

423 4352 510 4407 vel
547 4353 616 4406 ad
655 4348 873 4406 Patrem
927 4350 1149 4418 referri,
1201 4349 1288 4402 vel
1331 4350 1402 4402 ad
1452 4349 1684 4417 Filium,
1713 4353 1770 4402 et
1816 4349 2076 4403 sanctiﬁ-

426 4424 713 4478 cationem
748 4423 1055 4493 utriusque
1087 4437 1346 4491 personae
1400 4421 1509 4474 sub
1540 4422 1690 4493 ejus
1715 4421 1947 4474 nomine
1979 4421 2078 4473 de-

428 4495 765 4550 monstrari.
794 4516 820 4542 »
846 4492 1003 4548 Idem
1029 4494 1100 4547 ab
1133 4493 1484 4563 Hieronymo
1511 4492 1799 4563 repetitur
1821 4493 1877 4545 in
1910 4494 2076 4546 Com-

430 4572 613 4621 ment.
649 4567 718 4620 ad
752 4583 879 4637 cap.
915 4583 972 4620 IV
999 4565 1179 4636 Epist.
1206 4564 1283 4637 ad
1316 4562 1592 4637 Galatas.’
1631 4565 1817 4637 Quare
1842 4563 1990 4637 quin
2025 4568 2081 4618 et

428 4638 522 4692 hic
554 4635 952 4692 Tertullianus
984 4635 1154 4701 erret,
1188 4635 1580 4690 dubitandum
1615 4653 1728 4690 non
1761 4635 2074 4689 videretur.

429 4710 572 4764 Cum
611 4714 805 4763 tamen
839 4709 967 4762 aliis
1001 4709 1057 4762 in
1091 4707 1258 4762 libris
1288 4723 1300 4760 :
1330 4707 1492 4762 Palre
1522 4723 1586 4760 ac
1619 4706 1762 4761 Filio
1796 4707 2078 4776 Spiritum

429 4786 698 4835 sanctum
731 4779 1101 4851 apertissime
1132 4778 1480 4848 distinguat,
1504 4781 1732 4833 tertium
1761 4795 1961 4851 numen
1987 4780 2077 4834 di-

429 4854 706 4917 vinitatis,
759 4850 808 4906 et
866 4853 1089 4906 tertium
1144 4865 1341 4903 nomen
1389 4851 1703 4915 maiestatis
1751 4850 2076 4920 appellans,

429 4925 558 4978 ideo
592 4922 891 5000 Christum
925 4923 1320 5000 Deiuspiriturn
1364 4922 1444 5000 ab_
1470 4921 1568 5000 illo
1620 4925 1905 5000 vocatum
1923 4922 2078 5000 arbi-

426 5001 570 5059 tror,
603 4994 759 5065 quod
809 4993 1065 5065 generali
1126 4994 1363 5066 nomino
1412 4993 1602 5066 iDé'Um
1658 4994 1768 5048 dici
1814 4995 2076 5066 spiritum

432 5069 689 5122 crederet
717 5066 939 5121 Joanne
986 5065 1251 5138 apostolo
1311 5065 1635 5122 scribente:
1685 5065 2080 5136 Deus'spiritus

429 5148 524 5194 est.
563 5140 621 5193 L.
651 5141 694 5193 A
727 5138 956 5194 Muna'r.

500 5241 569 5251 -—
600 5211 697 5266 Dei
741 5208 1542 5281 spiritus.interpretaturus
1591 5207 1913 5281 orationem
1967 5207 2080 5263 Do-

432 5282 728 5350 minicam,
754 5277 1384 5352 praemittitquisillam
1417 5279 1698 5352 docuerit.
1723 5280 1853 5352 Fuit
1883 5284 2077 5335 autem

2188 4063 2468 4135 libentius
2508 4065 2729 4118 Verbum
2763 4064 3245 4135 interpretamur.
3284 4064 3512 4118 Muna'r.

2260 4136 2335 4204 (4)
2368 4134 2552 4189 Sermo
2580 4136 2836 4204 rationis,
2885 4131 2937 4190 et
2987 4137 3135 4191 ratio
3184 4135 3470 4191 sermonis.
3505 4131 3638 4204 Cur
3654 4131 3842 4204 Deum

2190 4201 2413 4278 Patrem
2449 4205 2727 4278 Sermonis
2773 4201 3006 4278 quoque
3047 4212 3105 4262 et
3147 4208 3394 4262 Rationis
3448 4201 3846 4278 appellatione

2189 4276 2282 4331 hic
2314 4276 2710 4334 'l‘ertullianus
2733 4276 2928 4344 donet,
2956 4278 3267 4332 mirabitur
3288 4277 3557 4347 quisquis
3579 4280 3843 4329 veterum

2186 4347 2544 4419 loquelame
2592 4351 2981 4406 recentiorum
3032 4365 3304 4404 sermone
3352 4348 3543 4403 metiri
3576 4347 3737 4401 velit.
3770 4348 3848 4399 At

2190 4416 2319 4474 cum
2353 4417 2448 4472 τοῦ
2477 4416 2647 4492 λόγου
2679 4437 2783 4475 vox
2845 4438 3058 4492 anceps
3099 4427 3397 4485 rationem,
3427 4419 3844 4492 cogitationem,

2189 4496 2448 4557 mentem,
2484 4489 3009 4549 acintellectionem
3041 4493 3351 4564 signiﬁcet,
3377 4507 3444 4545 eo
3474 4505 3652 4544 sensu
3681 4489 3850 4564 Patri

2188 4580 2416 4633 quoque
2442 4565 2591 4619 facta
2612 4571 2700 4619 est
2722 4564 3054 4620 communis
3076 4562 3133 4620 et
3151 4566 3248 4617 τοῦ
3274 4562 3474 4633 Λόγου,
3499 4565 3562 4633 et
3576 4562 3850 4633 rationis,

2188 4629 2244 4690 et
2271 4629 2538 4690 sermonis
2565 4637 2898 4706 appellatio.
2924 4637 3306 4702 Quamobrem
3345 4629 3516 4706 Λόγος
3637 4629 3849 4702 Λόγου,

2191 4708 2421 4761 Verbum
2451 4707 2516 4761 de
2549 4704 2729 4762 Verbo
2773 4725 2806 4763 a
2863 4707 3165 4763 nonnullis
3224 4704 3464 4761 Patrum
3525 4704 3719 4758 dictus
3755 4710 3852 4758 est

2189 4778 2370 4848 Filius
2395 4796 2408 4846 ;
2442 4784 2499 4832 et
2522 4783 2763 4834 sanctus
2793 4785 3067 4845 Irenmus,
3095 4778 3198 4834 lib.
3227 4795 3290 4847 ιι,
3322 4795 3450 4848 cap.
3483 4776 3573 4844 48,
3606 4778 3853 4848 Patrem

2190 4846 2375 4922 λόγον,
2409 4867 2509 4905 seu
2542 4851 2784 4912 verbum.
2808 4857 2865 4906 et
2883 4861 3115 4906 mentem
3149 4846 3406 4922 appellat
3426 4849 3507 4901 ita
3539 4846 3854 4922 scribens:

2192 4919 2330 4976 Deus
2361 4931 2544 4976 autem
2597 4927 2739 4977 totus
2784 4926 3023 4979 existens
3073 4919 3246 4985 mens,
3293 4930 3341 4976 et
3386 4929 3526 4975 totus
3569 4919 3857 4973 exsistens

2189 4994 2378 5066 Logos,
2409 4995 2558 5064 quod
2585 4996 2809 5063 cogitat,
2859 4995 2956 5050 hoc
2983 5004 3034 5050 et
3088 4995 3352 5066 loquitur,
3384 4999 3450 5066 et
3480 4989 3622 5066 quod
3663 4989 3857 5060 loqui-

2189 5063 2300 5132 tur,
2337 5063 2437 5120 hoc
2493 5069 2543 5119 et
2599 5069 2818 5136 cogitat.
2881 5063 3161 5137 Cogitatio
3192 5067 3344 5120 enim
3399 5064 3519 5130 eius
3569 5063 3764 5137 Logos,
3799 5069 3860 5137 et

2189 5139 2354 5207 Logos
2409 5152 2560 5190 mens
2592 5179 2606 5202 ,
2662 5135 2713 5192 et
2761 5135 2966 5192 omnia
3005 5137 3334 5194 concludens
3379 5149 3554 5207 mens,
3599 5136 3720 5207 ipse
3772 5135 3858 5186 est

2188 5203 2379 5280 Pater.
2411 5207 2648 5272 Verum,
2671 5225 3036 5280 quocumque
3061 5209 3233 5265 modo
3260 5203 3858 5280 appellent_ur_Pa_ter,

2191 5283 2249 5334 et
2279 5277 2483 5364 Filius,
2514 5274 2712 5364 inepta
2742 5297 2808 5335 ac
2839 5274 3019 5364 dubia
3048 5274 3374 5364 divinitatis
3403 5274 3690 5364 yo‘cabula
3719 5274 3860 5364 ine-

429 5354 722 5422 Christus,
755 5350 929 5423 ouem
969 5350 1238 5424 pluribus
1268 5351 1549 5424 appellat,
1574 5351 1953 5417 nominibus;
1988 5355 2077 5407 est
2110 5352 2152 5418 C
2191 5351 2504 5406 narrabilis
2538 5350 2626 5424 rei
2649 5353 3071 5424 magnitudine
3110 5357 3166 5408 et
3215 5353 3522 5424 majestate
3552 5363 3860 5424 excusan-

429 5427 584 5481 enim
617 5421 868 5493 spirit—us,
902 5421 1014 5491 quo
1072 5421 1354 5476 miracula
1402 5423 1603 5488 edidit,
1661 5430 1717 5476 et
1746 5440 1922 5479 sermo
1957 5425 2072 5489 Dei,

427 5501 591 5563 ratio,
628 5514 727 5552 seu
761 5496 1057 5566 sapientia,
1083 5510 1209 5566 qua:
1239 5493 1397 5566 venit
1420 5493 1478 5547 in
1509 5495 1818 5560 mundum,
1839 5500 1903 5549 ut
1928 5496 2079 5550 infra

433 5569 696 5638 subjicit,
729 5564 886 5622 Idem
935 5564 1332 5638 'l‘ertullianps
1385 5564 1442 5619 in
1483 5567 1754 5637 Apologia:
1809 5584 1936 5638 cap.
1971 5569 2074 5634 17;

434 5661 460 5689 ‹‹
496 5635 654 5702 Quod
689 5639 957 5706 colimus,
989 5636 1204 5708 inquit,
1249 5635 1402 5692 Deus
1433 5635 1588 5692 unus
1619 5635 1727 5706 est,
1760 5641 1857 5708 qui
1881 5635 2075 5695 totam

2188 5424 2513 5494 tummodo
2545 5423 2604 5478 in
2643 5423 2702 5479 id
2762 5420 3182 5494 consentiatur,
3231 5420 3325 5494 ut—
3354 5420 3562 5494 Filium
3611 5436 3646 5474 a
3679 5423 3862 5473 Patre

2189 5493 2651 5564 distinguamus,
2685 5512 2983 5568 unamque
3006 5499 3064 5552 in
3090 5491 3182 5565 iis,
3207 5511 3272 5550 ac
3302 5493 3361 5548 in
3387 5491 3603 5564 Spiritu
3639 5496 3860 5568 saneto

2187 5562 2516 5641 essentiam
2537 5573 2593 5622 et
2625 5562 2904 5624 naturam'
2942 5562 3479 5641 pradicemus.__lta
3506 5562 3862 5641 praeclaris-

2186 5637 2334 5695 sime
2364 5638 2806 5697 sensitsanctus
2852 5634 3206 5698 Ambrosius
3251 5639 3311 5694 in
3351 5636 3453 5692 lib.
3489 5635 3560 5692 de
3592 5634 3721 5690 Filii
3749 5634 3862 5690 di-
