4134 6184
322 333 490 394 1253

1614 330 1852 394 LIBER
1893 329 1998 390 DE
2039 327 2464 392 ORATIONE.

3591 335 3619 396 Ι
3629 337 3752 396 254

319 480 521 522 novum
549 465 741 519 vinum
771 463 848 536 (5)
877 464 1034 518 novis
1052 462 1270 518 utribus
1288 463 1519 520 recondi
1543 467 1595 518 et
1621 479 1828 520 novam
1845 463 1968 534 pla-
2004 470 2051 537 Α
2096 462 2305 519 1152
2335 478 2402 518 ex
2449 463 2683 534 spiritu,
2717 479 2831 535 quo
2882 467 3112 520 tantum
3145 468 3337 537 potest
3365 465 3477 538 (10)
3503 491 3518 534 ;
3551 483 3621 524 ex
3655 486 3747 524 ra-

319 555 515 629 gulam
562 555 693 608 novi
741 553 895 607 assui
948 554 1268 608 vestimento
1327 553 1532 624 (Matth.
1585 569 1682 621 vx;
1735 569 1812 619 1x,
1876 552 1972 618 16;

323 647 450 700 Luc.
481 643 584 714 χι).
617 642 902 698 Caeterum
952 641 1243 712 quidquid
1296 649 1447 698 retro
1502 643 1711 712 fuerat,
1746 644 1848 696 aut
1877 641 1975 695 de-

327 737 621 788 niutatum
671 735 761 786 est
811 735 876 785 ut
918 729 1291 785 circumcisio
1321 732 1419 801 (6),
1468 735 1569 786 aut
1612 729 1976 802 suppletum,

326 827 393 877 ut
422 821 647 896 reliqua
674 819 802 888 lex;
856 824 956 874 aut
989 819 1321 891 impletum,
1379 824 1443 875 ut
1492 819 1842 892 prephetia;
1877 822 1978 873 aut

327 911 675 984 perfectum,
709 913 774 964 ut
805 907 950 963 ﬁdes
987 907 1138 980 ipsa.
1193 908 1404 964 Omnia
1433 910 1504 964 de
1553 906 1888 965 carnalibus
1918 908 1979 962 in

329 999 658 1072 spiritualia
679 999 700 1033 ²
732 997 1048 1065 renovavit,
1075 1013 1221 1052 nova
1249 997 1350 1054 Dei
1381 999 1592 1070 gratia,
1624 999 1979 1070 superducto

329 1088 638 1160 Evangelio
668 1090 1021 1159 expunctore
1042 1088 1118 1156 (7)
1153 1087 1335 1142 totius
1370 1092 1522 1143 retro
1553 1087 1883 1154 vetustatis,
1918 1086 1978 1140 in

329 1196 444 1251 quo
475 1184 532 1234 et
562 1177 663 1232 Dei
693 1176 939 1248 spiritus
971 1181 1026 1231 et
1074 1175 1175 1232 Dei
1209 1193 1401 1232 sermo
1455 1181 1508 1232 et
1564 1177 1661 1232 Dei
1694 1176 1844 1232 ratio
1880 1193 1979 1248 ap-

331 1269 611 1342 probatus
642 1270 731 1322 est
760 1265 1049 1320 Dominus
1081 1270 1280 1322 noster
1312 1266 1488 1322 Jesus
1520 1265 1827 1334 Christus;
1863 1265 1981 1338 spi-

330 1358 480 1414 ritus
512 1372 626 1427 quo
666 1353 848 1410 valuit
877 1354 976 1424 (8),
1026 1369 1219 1409 sermo
1271 1371 1386 1426 quo
1438 1355 1656 1422 docuit,
1689 1354 1835 1409 ratio
1867 1371 1985 1426 qua

329 1447 491 1503 venit
511 1446 532 1480 ⁸
555 1445 651 1516 (9).
677 1443 768 1499 Sic
792 1441 972 1514 igitur
989 1443 1012 1476 ⁴
1040 1443 1227 1499 oratio
1250 1461 1285 1498 a
1313 1443 1544 1499 Christo
1570 1443 1896 1499 constituta
1918 1461 1986 1498 ex

332 1536 524 1592 tribus
555 1532 875 1590 constituta
895 1536 986 1589 est
1017 1549 1030 1587 :
1065 1548 1135 1588 ex
1165 1550 1435 1590 sermone
1457 1550 1573 1606 quo
1604 1534 1982 1589 enuntiatur:

2092 551 2274 619 tione,
2308 568 2423 623 qua
2450 552 2775 624 suscipitur
2794 554 2834 609 ⁸.
2884 556 3167 609 Docuerat
3199 559 3256 608 et
3294 555 3550 611 Joannes
3581 557 3748 614 disci-

2100 639 2270 710 pulos
2321 658 2459 696 suos
2505 643 2781 710 adorare;
2830 644 2927 698 sed
2979 644 3174 698 omnia
3220 644 3466 700 Joannis
3515 646 3747 702 Christo

2088 732 2609 800 praestruebantur,
2669 733 2852 787 donec
2911 732 3040 804 ipso
3113 741 3303 802 aucto,
3363 736 3521 789 sicut
3591 735 3744 791 idem

2086 818 2346 874 Joannes
2401 820 2853 890 praenuntiabat,
2898 821 3061 875 illum
3109 825 3320 894 augeri
3365 832 3631 893 oportere,
3691 843 3748 880 se

2089 923 2211 962 vero
2269 907 2519 963 deminui
2567 911 2744 979 (Joan.
2805 926 2890 975 ιιι,
2951 911 3062 981 30),
3123 915 3311 965 totum
3367 914 3742 980 praeministri

2093 1012 2244 1066 opus
2277 1013 2409 1050 cum
2445 998 2568 1068 ipso
2603 997 2809 1069 spiritu
2842 999 3123 1054 transiret
3144 999 3214 1053 ad
3252 1000 3583 1057 Dominum.
3615 1003 3749 1057 Ideo

2092 1103 2196 1143 nec
2228 1092 2436 1152 exstat,
2465 1090 2523 1142 in
2558 1106 2685 1160 quis
2718 1092 2891 1144 verba
2922 1090 3185 1145 docuerit
3205 1090 3462 1146 Joannes
3484 1093 3750 1161 adorare,

2092 1177 2247 1246 quod
2302 1181 2537 1232 terrena
2585 1177 2922 1233 coelestibus
2972 1179 3273 1234 cesserint.
3325 1181 3431 1248 Qui
3479 1184 3546 1236 de
3605 1192 3753 1237 terra

2091 1271 2195 1333 est,
2231 1267 2445 1338 inquit,
2481 1276 2698 1323 terrena
2727 1270 2885 1339 fatur
2905 1288 2927 1333 ;
2974 1278 3026 1323 et
3057 1272 3153 1340 qui
3180 1271 3246 1324 de
3273 1273 3419 1326 cortis
3454 1271 3602 1328 adest
3634 1289 3759 1345 quae

2095 1355 2231 1411 vidit
2279 1373 2343 1411 ea
2393 1357 2645 1427 loquitur
2693 1359 2871 1427 (Joan.
2907 1374 2992 1423 in,
3028 1359 3144 1427 31).
3190 1360 3258 1413 Et
3308 1361 3449 1431 quid
3502 1379 3616 1417 non
3649 1380 3756 1418 caa-

2093 1444 2260 1512 leste,
2307 1446 2457 1514 quod
2510 1445 2736 1500 Domini
2792 1444 3008 1500 Christi
3055 1451 3181 1512 est;
3239 1452 3303 1501 ut
3350 1447 3472 1502 haec
3520 1465 3754 1521 quoque

2097 1533 2300 1588 orandi
2337 1532 2699 1605 disciplina?
2746 1534 3199 1590 Consideremus
3246 1534 3442 1606 itaque
3481 1539 3616 1604 (11),
3650 1539 3751 1593 be-

1765 1633 1967 1694 Variai
2010 1631 2328 1692 lectiones.

406 1735 428 1768 ³
453 1729 786 1804 Spiritualia
811 1730 979 1804 Seml.
1009 1729 1237 1804 _0berth.

339 1802 597 1863 docetur.
636 1803 842 1859 Pamel.
872 1802 1041 1859 Seml.
1073 1804 1244 1858 Fran.

1329 1731 1351 1766 ³
1378 1732 1462 1787 Ila
1490 1732 1692 1800 Rigalt.
1725 1733 1851 1787 Jun.
1881 1731 2054 1786 Seml.
2087 1731 2252 1801 Leop.
2280 1747 2298 1790 ;
2341 1728 2454 1785 alii
2481 1746 2596 1803 quo
2626 1730 2806 1786 venit.

2901 1732 2922 1764 δ
2954 1731 3136 1804 Igitur
3174 1731 3281 1788 del.
3313 1733 3478 1788 Seml.
3574 1734 3595 1769 ⁸
3624 1736 3750 1800 Qua

1793 1882 2309 1942 Commentarius.

330 1980 595 2048 vinitate,
627 1996 752 2052 cap.
785 1981 839 2047 5,
891 1979 1268 2052 cujusverba
1320 1980 1642 2051 producere
1690 1978 1981 2052 volumus,

334 2060 400 2111 ut
431 2057 647 2125 pateat,
679 2050 796 2125 non
830 2069 862 2125 a
890 2050 1248 2125 Tertullianc
1280 2050 1714 2125 duntaxattsed
1749 2053 1820 2106 ab
1852 2050 1984 2106 aliis

336 2123 572 2220 quoque
593 2123 1414 2220 scriptopibusIecplesiastiqis
1437 2131 1564 2178 tum
1590 2124 1839 2220 Patrgm,
1863 2130 1988 2177 tum

339 2200 396 2220 ιζ
432 2200 548 2220 zu...
585 2195 808 2220 ..-μς-ἔ
859 2213 927 2220 η..
1008 2211 1060 2220 Α..
1087 2211 1117 2220 .-
1174 2212 1275 2220 ..-η
1379 2198 1572 2220 -_s.'-_.'-
1623 2203 1674 2220 ,ι
1755 2195 1988 2220 -..μιΛ-ἐ-

338 2195 552 2254 Filium
585 2195 928 2252 nominibus
966 2196 1142 2261 Verbi,
1174 2212 1277 2250 seu
1328 2197 1593 2259 Rationis,
1621 2203 1678 2250 et
1709 2195 1989 2250 Sermonis

339 2286 404 2326 ac
436 2269 676 2339 Spiritus
710 2267 888 2322 fuisse
911 2267 1271 2338 designatos.
1292 2269 1424 2324 Haec
1438 2283 1515 2322 est
1542 2272 1749 2331 autem,
1777 2267 1987 2336 inquit,

338 2342 582 2397 nominis
631 2341 796 2405 ratio,
832 2344 892 2393 ut
942 2341 999 2392 in
1053 2339 1234 2405 Patre,
1277 2344 1332 2393 et
1379 2340 1521 2394 Filio
1560 2341 1828 2393 unitatem
1860 2339 1988 2392 sub-

338 2414 565 2469 stantiae
603 2411 813 2477 credas,
847 2411 976 2464 licet
1021 2426 1138 2464 rem
1185 2412 1382 2480 ipsam,
1416 2427 1536 2482 quae
1566 2415 1650 2465 est
1692 2413 1988 2465 inenarra-

341 2485 489 2550 bilis,
519 2483 753 2552 deﬁnire
796 2498 906 2535 non
951 2483 1123 2551 possis
1145 2499 1168 2544 ;
1219 2487 1280 2535 ut
1307 2485 1424 2536 sive
1453 2483 1637 2536 lumen
1681 2483 1748 2536 de
1781 2483 1993 2535 lumine

340 2557 512 2619 dicas,
538 2557 652 2611 sive
700 2556 933 2608 Verbum
979 2553 1044 2624 de
1081 2554 1261 2621 Verbo,
1311 2554 1428 2609 sive
1456 2553 1727 2624 Spiritum
1774 2553 1838 2607 de
1867 2554 1992 2624 Spi-

341 2632 481 2692 ritu,
513 2629 627 2682 sive
676 2627 969 2680 Dominum
1012 2623 1077 2678 de
1128 2625 1375 2695 Domino,
1425 2623 1800 2696 quodcumque
1842 2623 1909 2679 de
1931 2637 1993 2677 eo

344 2699 576 2765 diceris,
628 2698 796 2752 unius
849 2699 1034 2750 tamen
1099 2697 1352 2752 essentiae
1417 2697 1642 2752 Patrem
1687 2701 1736 2751 et
1790 2696 1993 2765 Filium

348 2759 575 2896 gratas:
592 2769 736 2824 Vide
765 2770 820 2823 et
852 2770 1123 2823 sanctum
1176 2768 1480 2836 Irenaeum,
1513 2767 1612 2824 lib.
1648 2785 1711 2837 ιι,
1744 2784 1868 2838 cap.
1901 2759 1992 2820 48.

395 2859 502 2896 ΑΜ.

395 2859 502 2897 ΑΜ.

416 2914 496 2986 (5)
527 2911 732 2986 Novum
760 2909 972 2986 vinum.
1023 2908 1250 2986 A_l_lu_dit
1298 2910 1368 2964 ad
1401 2908 1545 2986 illud
1593 2911 1749 2986 quod
1781 2908 1997 2986 legitur

348 2981 735 3048 in'Matthaio,
765 2996 894 3050 cap.
925 2981 980 3049 6,
1006 2981 1104 3035 ubi
1135 2981 1366 3037 dicitur.
1398 2983 1603 3036 Novum
1627 2983 1816 3045 vinum
1843 2983 1997 3035 novis

344 3057 560 3110 utribus
588 3053 918 3113 convenire;
967 3060 1016 3106 et
1043 3068 1239 3107 novam
1262 3052 1581 3124 plagutam,
1630 3053 1685 3107 id
1732 3057 1819 3108 est
1846 3058 1993 3107 stra-

344 3125 567 3200 gulam,
600 3140 741 3200 novo
765 3124 913 3200 αδδμί
941 3125 1280 3180 vestimento.
1333 3125 1564 3200 Scilicet
1594 3124 1994 3200 conveniebat,

346 3195 507 3253 novae
540 3197 684 3266 legis
727 3195 1122 3250 institutorem
1173 3212 1381 3250 novam
1412 3196 1618 3250 docere
1649 3198 1994 3251 orationem.

347 3271 530 3325 Nonio
561 3273 796 3323 auctore
816 3267 1043 3336 plagula
1066 3271 1156 3321 est
1179 3266 1424 3322 linteum
1448 3272 1702 3337 tegmen.
1728 3270 1792 3323 G.
1819 3268 1992 3322 PANC.

421 3342 498 3424 (6)
530 3339 1004 3424 Aut‘der‘nutatum
1053 3348 1259 3424 esu-ut
1288 3341 1650 3424 circumcisio,
1701 3343 1837 3424 Quae
1871 3355 1996 3424 mu:
2033 3358 2075 3424 ρ

348 3409 593 3466 ῐαῐαθει
637 3410 694 3464 in
740 3409 1073 3480 baptismo;
1129 3415 1186 3463 et
1220 3411 1298 3464 ita
1329 3411 1484 3481 quod
1540 3411 1647 3465 fuit
1677 3416 1869 3477 antea,
1903 3413 2005 3463 aut

351 3487 647 3537 mutatum
678 3485 800 3536 est:
837 3485 940 3535 aut
962 3481 1270 3553 antiquum
1298 3481 1658 3553 suppletum,
1685 3490 1746 3537 ut
1778 3482 2005 3551 reliqua

353 3553 468 3620 lex,
528 3569 655 3624 qua:
716 3557 805 3606 est
860 3553 1012 3622 apud
1066 3552 1458 3608 Matthaeurn':
1500 3554 1616 3608 Non
1664 3555 2004 3623 concupisces

352 3626 669 3690 mulierem,
728 3624 970 3679 videndo
1026 3639 1196 3690 eam;
1244 3625 1383 3679 item
1427 3640 1438 3676 :
1487 3626 1714 3693 Diligite
1754 3627 2005 3679 inimicos

351 3700 577 3766 vestros,
627 3699 683 3749 et
725 3693 862 3764 alia,
911 3711 1035 3765 quae
1083 3696 1162 3750 ibi
1214 3695 1553 3763 habentur;
1611 3703 1712 3751 aut
1760 3702 1848 3750 est
1892 3696 2003 3749 im-

357 3769 604 3840 pletum,
639 3770 702 3820 ut
733 3766 1075 3840 prephetia;
1118 3767 1688 3840 aut_perfectum,_ut
1719 3767 1861 3840 fides
1896 3784 1908 3821 :
1943 3766 2003 3820 in

356 3836 536 3895 veleri
567 3836 940 3910 Testamento
993 3837 1136 3892 fides
1184 3836 1552 3910 dirigebatur
1593 3836 1650 3892 in
1685 3839 2006 3906 Christum,

356 3911 418 3967 in
452 3926 567 3982 quo
612 3925 768 3963 nunc
816 3909 1070 3980 perfecta
1099 3913 1207 3964 est.
1262 3909 1327 3965 Et
1365 3909 1485 3964 haec
1515 3910 1708 3982 gravis
1755 3915 1842 3966 est
1873 3927 2005 3965 sen-

358 3983 562 4039 tentia.
595 3982 826 4052 (ldem.)

432 4055 508 4124 (7)
541 4049 904 4123 Expunctore.
937 4049 1255 4124 Abolilorie.
1285 4049 1518 4124 (Idem).

430 4121 507 4195 (8)
539 4121 798 4195 Spiritus,
823 4140 929 4195 qua
958 4123 1154 4195 valuit.
1180 4122 1415 4177 Edendo
1443 4121 1745 4195 miracula.
1776 4121 2006 4192 (ldem.)

430 4193 510 4265 (9)
541 4193 718 4261 Ratio,
752 4193 861 4265 qua
889 4195 1053 4265 venit.
1107 4193 1258 4264 Lego
1308 4211 1414 4265 qua
1445 4196 1597 4248 venit
1628 4193 1684 4248 in
1722 4194 2004 4249 Mundam

356 4264 458 4322 Dei
493 4264 801 4338 sapientia.
836 4264 1068 4338 (Idem).

428 4369 497 4379 -
529 4336 796 4393 Fortasse
847 4336 1180 4407 legendum,
1234 4351 1341 4404 qua
1370 4338 1564 4390 sensit.
1619 4336 1834 4390 Favent
1865 4351 2008 4389 con-

347 4409 592 4478 jecturae
626 4427 765 4464 meaa
797 4405 1143 4463 Tertulliani
1191 4408 1366 4460 verba
1395 4408 1468 4478 in
1501 4407 1648 4460 libro
1681 4408 1838 4462 Advs.
1873 4409 2007 4461 Pra-

352 4477 543 4549 mum,
579 4481 674 4536 ubi
709 4483 778 4535 de
806 4480 930 4535 Filii
972 4478 1346 4550 generatione
1391 4477 1511 4532 haec
1540 4485 1696 4550 sunt
1731 4495 1742 4531 :
1778 4500 1804 4526 «
1839 4478 2009 4532 Solus

356 4548 550 4624 autem
585 4551 784 4624 [Deus]
829 4548 1160 4621 quia—nihil
1192 4548 1349 4624 aliud
1375 4549 1770 4624 _extrins_ecus_
1803 4557 2011 4624 printer

356 4623 550 4678 illum.
586 4619 887 4679 ‘Caaterum
940 4637 1011 4675 ne
1062 4627 1203 4674 tunc
1251 4619 1489 4690 quidem
1539 4620 1723 4685 solus,
1758 4619 2011 4676 habebat

353 4694 512 4749 enim
545 4711 768 4786 secpm,
788 4711 963 4765 quam
985 4692 1247 4786 habebat
1275 4691 1335 4773 in
1358 4693 1697 4786 sem‘etipso,
1717 4694 2007 4786 rationem
2039 4723 2086 4786 Β

354 4783 528 4822 suam
575 4763 821 4822 scilicet;
870 4763 1194 4819 Rationalis
1244 4763 1402 4818 enim
1454 4763 1631 4832 Deus,
1681 4768 1737 4818 et
1769 4765 1917 4818 ratio
1949 4765 2005 4818 in

354 4837 484 4908 ipso
543 4839 730 4906 prius,
782 4841 838 4892 et
887 4837 990 4901 ita,
1020 4835 1116 4908 Aab
1167 4834 1295 4908 ipso
1345 4833 1561 4908 omnia,
1602 4851 1809 4908 aquae
1861 4836 2008 4891 ratio

353 4904 790 4980 s—ensusipsius
818 4912 924 4963 est.
958 4929 985 4957 «
1019 4906 1177 4961 Hanc
1204 4904 1607 4980 (ἓνεεοὶμΛόγον
1637 4904 1859 4980 dicunt,
1893 4925 2007 4979 quo

350 4975 639 5034 vocabulo
667 4982 846 5035 etiam
879 4993 1210 5033 sermonem
1243 4975 1629 5050 appellamus.
1659 5003 1679 5029 ιι
1718 4979 1785 5033 Et
1809 4975 2011 5050 postea

354 5072 386 5100 ‹‹
423 5051 579 5121 Vide,
613 5067 748 5107 cum
797 5050 1010 5105 tacitus
1054 5053 1250 5104 tecum
1301 5049 1426 5120 ipse
1477 5049 1867 5121 congrederis,
1914 5068 2008 5106 ra-

354 5121 518 5177 tione
567 5119 677 5177 hoc
726 5123 921 5194 ipsum
973 5122 1066 5192 agi
1114 5123 1270 5175 intra
1313 5119 1393 5194 te,
1421 5119 1759 5194 occurrente
1806 5138 1868 5176 ea
1900 5122 2007 5178 tibi

354 5209 494 5248 cum
527 5192 794 5250 sermone
841 5194 912 5248 ad
963 5209 1198 5249 omnem
1249 5193 1537 5263 cogitatus
1568 5192 1652 5247 tui
1703 5197 1944 5261 motum,
1984 5218 2004 5245 ιι

355 5266 430 5320 ad
464 5281 700 5322 omnem
733 5281 945 5322 sensus
991 5264 1077 5319 tui
1110 5263 1367 5336 pulsum.
1421 5285 1448 5313 «
1482 5264 1880 5336 Quodcunque
1910 5283 2010 5322 co-

353 5337 637 5407 gitaveris
665 5354 858 5394 sermo
889 5339 997 5408 est.
1033 5358 1078 5408 »_
1113 5336 1502 5408 quodcunque
1552 5335 1828 5408 senseris,
1862 5339 2009 5393 ratio

353 5406 467 5474 est,
529 5425 657 5479 cap.
718 5411 772 5464 5.
851 5406 1180 5474 Quinetiam
1239 5407 1392 5462 infra
1447 5407 1529 5462 ait
1585 5407 2010 5474 Tertullianus,

355 5502 389 5530 ‹‹
421 5486 708 5550 quantum
734 5479 1161 5551 substringitur
1179 5481 1393 5551 verbis,
1416 5481 1645 5534 tantum
1665 5480 2013 5535 dill‘unditur

354 5552 652 5606 sensibus.
689 5574 717 5601 ››
761 5550 1064 5623 Reponere
1111 5567 1245 5606 vero
1291 5550 1418 5606 vult
1459 5551 1698 5606 Latinus
1755 5553 2010 5608 Latinius

354 5623 420 5677 in
473 5623 810 5679 Bibliotheca
861 5640 970 5679 sua
1015 5623 1190 5679 Sacra
1232 5625 1281 5696 et
1330 5624 1578 5696 Pro/ana
1627 5641 1695 5696 p.,
1738 5623 2011 5696 194,,qua

293 5700 296 5702 ’
350 5696 625 5766 Promovit
656 5712 762 5767 pro
791 5697 926 5766 isto,
976 5711 1086 5767 qua
1116 5693 1281 5752 venit.
1329 5691 1559 5750 Habent
1608 5691 1772 5752 editt.
1816 5691 2009 5768 Rigal-

2015 1978 2252 2050 Btiana
2308 1976 2694 2104 antiquiores,
2755 1994 2859 2049 quo
2930 1982 3096 2035 venit.
3180 1979 3387 2036 Posuit
3442 1981 3754 2053 Rigaltius,

2101 2053 2394 2104 praeeunte
2482 2051 2604 2104 unii
2655 2054 3014 2104 coniectura.
3066 2068 3176 2104 oua
3205 2055 3371 2104 venit.
3419 2059 3492 2104 At
3531 2071 3662 2104 vero
3696 2054 3754 2104 in

2099 2053 2394 2176 praeeunte
2443 2051 2604 2104 Junii
2655 2054 3014 2121 conjectura,
3066 2068 3176 2123 qua
3205 2055 3371 2107 venit.
3419 2059 3492 2108 At
3521 2051 3662 2108 ivero
3696 2054 3756 2108 in

2123 2138 2224 2176 oco
2255 2121 2457 2175 statim
2511 2125 2640 2176 post
2692 2130 2996 2176 sequente.
3047 2123 3154 2176 hoc
3186 2129 3362 2176 extat.
3411 2142 3483 2176 ex
3513 2127 3751 2176 ratione.

2123 2138 2224 2176 oco
2255 2121 2466 2194 statim,
2508 2125 2640 2192 post
2692 2130 2996 2194 sequente,
3047 2121 3154 2178 hoc
3186 2129 3362 2192 extat,
3411 2142 3483 2180 ex
3513 2127 3752 2194 ratione,

2099 2210 2206 2264 qua
2250 2193 2912 2266 suscipiturtubicum
2962 2196 3219 2266 positum
3271 2201 3426 2251 esset
3479 2197 3537 2250 in
3583 2197 3748 2252 editt.

2100 2263 2380 2336 proximis
2415 2269 2547 2337 ante
2593 2264 2936 2336 Rigaltium,
2963 2263 3056 2320 ἐκ
3084 2268 3318 2332 ratione,
3371 2285 3476 2337 qua
3506 2269 3750 2333 docetur,

2100 2335 2488 2410 postea,cum
2519 2335 2574 2389 in
2612 2335 3095 2410 Emendationibus
3134 2335 3439 2407 epidicticis
3469 2340 3537 2394 ad
3571 2344 3755 2410 Opera

2106 2406 2440 2464 Tertulliani
2495 2423 2590 2461 an.
2653 2409 2809 2473 1608,
2860 2409 3033 2464 editis
3090 2406 3447 2464 ostendisset
3497 2406 3755 2465 Joannes

2101 2479 2479 2552 Wouweriue
2511 2478 2567 2552 in
2602 2494 2708 2534 suo
2754 2479 2888 2551 legi,
2930 2496 3008 2552 ea:
3049 2483 3272 2552 ratione
3295 2497 3404 2552 qua
3430 2485 3753 2552 suscipitur,

2104 2551 2142 2606 i.
2174 2566 2247 2616 e.,
2280 2549 2634 2633 intellig-itur
2659 2569 2672 2618 ;
2695 2549 3080 2633 hoclquidem
3105 2549 3404 2633 ltigalt'ius
3435 2553 3492 2606 in
3537 2549 3759 2633 textum

2103 2621 2340 2692 recepit,
2371 2621 2626 2692 plurima
2655 2627 2712 2676 et
2744 2621 2879 2677 alibi
2905 2623 2962 2676 in
2987 2621 3329 2678 Tertulliani
3352 2626 3760 2681 emendatione

2103 2694 2294 2748 eidem
2326 2693 2448 2747 viro
2495 2694 2724 2748 erudito
2755 2694 2994 2749 debens.
3046 2695 3291 2751 Maxime
3339 2703 3534 2751 autem
3567 2699 3758 2752 favere

2105 2766 2225 2820 hzec
2255 2765 2431 2837 verba
2459 2768 2802 2837 correctioni
2834 2783 2974 2821 meae
2996 2768 3364 2833 existimem;
3398 2785 3522 2837 quae
3556 2775 3753 2824 tamen

2104 2839 2164 2892 in
2197 2836 2402 2907 primis
2433 2836 2791 2893 editionibus
2821 2839 3251 2894 desiderantur.
3286 2836 3509 2894 ROUTH.

2177 2907 2289 2982 (10)
2342 2910 2435 2962 Ea:
2477 2910 2718 2982 spiritu,
2754 2927 2856 2980 quo
2901 2913 3119 2982 tantum,
3159 2919 3348 2982 potest.
3405 2911 3463 2964 ld
3497 2913 3585 2965 est
3623 2926 3754 2982 quo

2104 2978 2428 3053 plurimum
2453 2985 2661 3053 potest.
2686 2978 2817 3035 ista
2849 2982 2916 3034 ad
2930 2978 3213 3045 mirative,
3242 2983 3520 3053 Quoniam
3546 2978 3756 3051 spiritu

2107 3051 2442 3122 pervenitur
2469 3052 2537 3105 ad
2586 3051 2794 3114 Deum,
2828 3058 2885 3106 et
2914 3053 3112 3107 omnia
3155 3051 3534 3114 exornantur,
3566 3058 3624 3106 et
3653 3053 3760 3107 mi-

2107 3122 2306 3196 racula
2337 3123 2608 3196 eduntur.
2664 3125 2829 3179 Deest
2880 3125 3139 3190 tertium,
3189 3126 3343 3196 quod
3389 3129 3478 3179 est
3508 3124 3759 3196 Sophiae,

2107 3211 2234 3321 qliaee
2267 3195 2436 3321 dpcet
2465 3195 2537 3250 de
2567 3197 2736 3250 modo
2779 3197 3007 3264 orandi,
3057 3197 3130 3251 de
3159 3195 3274 3267 quo
3323 3197 3477 3251 infra
3508 3195 3758 3251 dicetur.

2207 3282 2296 3320 em
2332 3308 2343 3318 .

2207 3282 2343 3320 ϐω).

2115 3267 2398 3408 “(iulia
2445 3336 2672 3408 spiritu,
2722 3340 3090 3408 quoitantum
3136 3341 3327 3408 potest.
3385 3336 3633 3391 Pulchre
3683 3336 3766 3390 ait

2113 3406 2509 3462 Tertullianus
2541 3406 2740 3460 intra.
2768 3430 2796 3456 «
2830 3407 2981 3462 Deus
3014 3406 3174 3463 solus
3223 3409 3427 3463 docere
3458 3409 3664 3478 potuit.
3700 3411 3766 3462 ut

2115 3495 2176 3534 se
2204 3478 2375 3551 vellet
2403 3477 2555 3551 orari
2588 3481 2718 3551 :_Ab
2747 3479 2874 3549 ipso
2897 3480 3087 3551 igitur
3114 3481 3385 3536 ordinata
3415 3477 3614 3551 religio
3639 3496 3764 3534 ora-

2115 3550 2318 3615 tionis,
2349 3553 2405 3622 et
2432 3550 2503 3604 de
2533 3549 2766 3622 spiritu
2797 3549 3005 3621 ipsius,
3051 3552 3178 3622 jam
3209 3557 3351 3606 tunc
3400 3549 3632 3606 cum'ex
3665 3567 3762 3622 ore

2118 3623 2313 3694 divino
2359 3621 2622 3690 ferretur,
2675 3621 2956 3694 animata,
3008 3621 3114 3678 suo
3163 3623 3469 3694 privilegio
3501 3621 3764 3678 ascendit

2118 3694 2172 3746 in
2201 3693 2432 3768 omium,
2465 3693 2886 3749 commendans
2917 3695 3071 3748 Patri
3107 3693 3232 3768 quae
3265 3693 3443 3751 Filius
3474 3694 3706 3762 docuit;
3732 3715 3760 3743 υ

2116 3779 2240 3835 cap.
2273 3765 2325 3819 9.
2361 3764 2577 3819 Roma.

2187 3837 2299 3906 (11)
2330 3836 2746 3906 consideremus
2776 3837 2979 3906 itaque,
3023 3841 3130 3890 etc.
3186 3839 3319 3902 Quae
3354 3839 3474 3892 sint
3504 3837 3624 3892 haec
3655 3835 3771 3890 tria

2118 3905 2202 3978 de
2246 3905 2504 3978 oratione
2563 3905 2879 3976 precepts,
2922 3923 3021 3961 seu
3070 3908 3264 3978 potius
3323 3908 3587 3975 consilia,
3639 3925 3769 3977 quae

2117 3976 2210 4031 hic
2245 3981 2300 4031 et
2337 3977 2395 4030 in
2440 3979 2824 4047 sequentibus
2874 3976 3178 4033 enumerat
3207 3979 3600 4045 Tertullianis,
3649 3976 3766 4032 ictu

2117 4048 2270 4121 oculi
2320 4047 2752 4121 ab_Evangelio
2800 4050 3064 4114 Joannis,
3116 4067 3242 4121 cap.
3288 4068 3364 4114 v1,
3417 4068 3473 4104 n.
3509 4051 3562 4113 6,
3598 4049 3770 4121 intel-

2120 4119 2421 4192 liges,iubi
2453 4119 2740 4192 Christus,
2794 4121 2992 4175 divina
3039 4119 3278 4192 Soph—ia,
3313 4124 3432 4176 sive
3472 4120 3771 4192 Sapientia

2118 4193 2176 4245 in
2215 4191 2552 4260 hujusmodi
2608 4193 2782 4246 verba
2830 4191 3091 4262 loquitur
3133 4191 3153 4246 ':
3209 4193 3333 4246 «Et
3380 4209 3512 4248 cum
3556 4191 3766 4256 foratis,

2120 4279 2233 4336 non
2266 4263 2428 4317 eritis
2461 4262 2968 4336 sicuthypocritm,
2992 4263 3088 4334 qui
3116 4270 3318 4318 amant
3347 4265 3402 4318 in
3430 4264 3770 4336 synagngis,

2119 4339 2175 4389 et
2207 4335 2264 4387 in
2297 4335 2531 4405 angulis
2555 4335 2880 4405 platearum
2914 4341 3137 4390 stantes
3168 4353 3352 4404 orare,
3380 4341 3441 4390 ut
3464 4335 3774 4390 videantur

2121 4407 2192 4461 ab
2226 4405 2585 4479 hominibus.
2621 4429 2647 4455 »
2681 4407 2763 4460 En
2798 4407 3052 4476 primum
3089 4406 3774 4479 prmceptum,_videlicet

2119 4482 2184 4530 ut
2214 4477 2592 4532 ambitionem
2629 4479 2685 4530 in
2720 4480 2939 4532 orando
2979 4477 3295 4544 fugiamus:
3332 4477 3498 4549 ψιειεί
3532 4496 3639 4534 nos
3671 4496 3773 4532 au-

2119 4549 2266 4610 dire,
2316 4554 2374 4603 et
2429 4550 2764 4618 conspicere
2821 4550 2878 4602 in
2944 4550 3248 4620 propatulo
3301 4555 3528 4605 tantum
3587 4550 3774 4618 possit

2119 4621 2293 4686 Deus,
2329 4627 2503 4691 atque
2552 4624 2613 4674 ut
2659 4623 2761 4675 Dei
2808 4623 3198 4691 omnipotentis
3245 4625 3294 4676 et
3340 4626 3684 4691 conspectum
3715 4627 3774 4675 et

2119 4692 2370 4746 auditum
2416 4692 2519 4746 sub
2568 4693 2721 4747 tectis
2767 4697 2815 4748 et
2859 4695 2916 4746 in
2963 4693 3166 4748 abditis
3211 4695 3376 4748 etiam
3425 4693 3611 4748 adesse
3639 4709 3766 4747 con-

2117 4763 2353 4833 ﬁdamus
2396 4779 2417 4822 ;
2476 4763 2642 4836 (μιοᾴ
2690 4763 2756 4817 ad
2807 4763 2968 4836 ﬁdem
3023 4765 3268 4836 hominis
3316 4765 3587 4836 pertinet.
3641 4766 3771 4819 'I‘u-m

2119 4845 2324 4899 autem,
2362 4836 2552 4905 pergit
2590 4834 2778 4889 dicere
2799 4835 3069 4890 Christus
3102 4852 3114 4888 :
3153 4835 3286 4890 Cum
3314 4834 3586 4906 oraveris,
3612 4837 3770 4892 intra

2119 4909 2179 4961 in
2207 4905 2524 4961 cubiculum
2557 4915 2731 4970 tuum,
2764 4911 2814 4960 et
2845 4909 3032 4963 clauso
3063 4910 3200 4962 ostio
3232 4924 3326 4963 ora
3366 4911 3581 4963 Patrem
3611 4913 3767 4963 tuum

2121 4977 2542 5052 inabscondito.
2570 4976 2930 5052 Enalterum
2968 4986 3338 5052 praeceptum,
3374 4995 3603 5052 nempe.
3629 4981 3768 5034 Ter-

2119 5048 2479 5123 tullianoita
2527 5048 2850 5123 explicante
2886 5067 2898 5104 :
2933 5059 2994 5105 ut
3040 5048 3198 5120 quem
3237 5053 3441 5123 ubique
3489 5048 3686 5106 audire
3715 5056 3771 5106 et

2117 5121 2301 5196 videre
2327 5119 2576 5196 ﬁdimus,
2603 5121 2659 5174 ei
2684 5121 2790 5196 soli
2813 5119 3137 5196 religionem
3156 5119 3400 5180 nostram
3431 5125 3722 5196 offeramus
3751 5141 3769 5177 :

2120 5194 2274 5266 quod
2321 5193 2391 5246 ad
2434 5191 2576 5266 ﬁdei
2620 5191 2950 5266 modestiam
3000 5199 3244 5266 spectat.
3299 5191 3536 5254 Orontes
3565 5199 3768 5262 autem,

2121 5262 2388 5339 sequitur
2417 5262 2650 5318 divinus
2682 5264 2970 5339 Magister,
2998 5262 3166 5321 nolite
3184 5268 3422 5324 multum
3453 5269 3603 5339 loqui
3630 5268 3770 5320 sicut

2119 5336 2329 5411 ethnici
2348 5353 2368 5398 ;
2418 5343 2620 5411 putant
2648 5337 2797 5411 enim
2826 5336 2968 5408 quod
3012 5339 3068 5392 in
3099 5339 3441 5411 multiloquio
3470 5336 3576 5411 suo
3598 5355 3772 5393 exau-

2119 5410 2365 5482 diantu_.r.
2418 5407 2684 5482 Tertium
2734 5407 2846 5464 hoc
2892 5413 2981 5464 est
3031 5407 3406 5482 praeceptum,
3457 5410 3678 5482 scilicet
3709 5413 3774 5463 ut

2121 5497 2254 5535 cum
2285 5477 2649 5534 Tertullianc
2673 5479 2896 5551 loquar,
2915 5499 2985 5539 ne
3004 5477 3234 5551 agmine
3251 5485 3533 5539 verborum
3558 5481 3766 5535 adeun-

2119 5551 2246 5606 dum
2275 5558 2525 5620 putemus
2554 5551 2624 5606 ad
2678 5553 2992 5620 Dominum,
3021 5571 3183 5624 quem
3223 5556 3374 5609 ultro
3404 5555 3518 5610 suis
3551 5554 3767 5624 prospi-

2119 5640 2240 5680 cere
2265 5624 2408 5677 certi
2428 5640 2637 5679 sumus.
2671 5627 2899 5681 Manu.

2191 5727 2258 5736 —
2290 5695 2708 5753 Consideremus
2736 5697 2940 5770 itaque.
2976 5696 3094 5753 Hoc
3125 5699 3216 5752 est
3261 5694 3521 5768 tertium,
3553 5708 3622 5752 ex
3655 5711 3767 5768 quo
