4134 6184
430 327 586 389 1255

430 458 669 526 nedicti,
698 457 985 514 cmlestem
1015 458 1145 530 ejus
1175 458 1466 531 sophiam,
1498 459 1793 531 imprimis
1824 463 1896 517 de
1928 479 2075 533 prae-
2112 467 2161 531 Α

428 554 592 620 cepto
622 553 840 603 secrete
878 549 1159 603 adorandi
1190 548 1323 619 (12),
1375 566 1489 619 quo
1520 555 1577 604 et
1608 551 1783 606 ﬁdem
1820 550 2077 606 hominis

432 640 637 695 1153
679 637 963 709 exigebat,
1017 642 1081 693 ut
1126 638 1225 693 Dei
1274 640 1693 710 omnipotentis
1736 646 1791 695 et
1837 656 2075 710 conspe-

429 733 589 784 ctum
640 731 695 782 et
745 726 1014 781 auditum
1068 728 1176 782 sub
1230 726 1397 781 tectis
1447 732 1503 782 et
1547 728 1603 781 in
1638 729 1852 783 abditis
1898 729 2074 783 etiam

427 816 632 872 adesse
663 815 979 870 conﬁderet
1012 832 1024 870 :
1061 821 1114 870 et
1166 816 1515 871 modestiam
1547 817 1567 850 ⁸
1601 817 1733 872 ﬁdei
1781 817 2073 872 desidera-

427 905 525 960 bat
557 905 690 977 (13),
728 910 789 959 ut
819 921 991 976 quem
1040 904 1257 977 ubique
1289 906 1490 960 audire
1540 911 1595 961 et
1626 906 1819 962 videre
1850 906 2073 974 ﬁderet,

426 995 478 1050 ei
537 994 646 1049 soli
697 994 1041 1066 religionem
1094 1010 1262 1048 suam
1314 994 1539 1063 offerre,
1591 1001 1870 1066 sequente
1914 997 1934 1030 ⁷
1984 1010 2075 1050 so-

428 1083 567 1155 phia
598 1084 706 1154 (14)
740 1084 798 1137 in
831 1084 1098 1154 sequenti
1124 1088 1408 1154 pracepto
1438 1102 1449 1151 ;
1486 1085 1639 1155 quod
1671 1085 1775 1139 etsi
1802 1084 2076 1156 proinde8

430 1174 718 1245 pertineat
766 1174 838 1228 ad
893 1173 1067 1229 ﬁdem
1117 1176 1173 1227 et
1222 1173 1574 1227 modestiam
1607 1175 1626 1207 ⁹
1672 1173 1827 1243 ﬁdei,
1879 1175 2075 1229 sinon

430 1262 663 1333 agmine
695 1262 1001 1316 verborum
1035 1261 1142 1332 (15)
1176 1261 1512 1315 adeundum
1558 1267 1833 1333 putemus
1864 1263 1933 1317 ad
1967 1263 2077 1317 Do-

426 1352 679 1416 minum,
704 1366 877 1421 quem
913 1350 1066 1404 ultro
1086 1351 1211 1405 suis
1244 1351 1574 1421 prospicere
1597 1352 1739 1405 certi
1761 1369 1967 1406 sumus
1992 1352 2073 1406 1°:

424 1445 688 1494 attamen
722 1442 763 1474 “
798 1439 1050 1493 brevitas
1098 1439 1208 1494 ista
1240 1440 1372 1510 (16),
1410 1440 1563 1511 quod
1614 1442 1683 1495 ad
1720 1440 1955 1495 tertium
1990 1458 2079 1496 so-

426 1528 574 1598 phite
606 1528 853 1599 gradum
903 1527 1098 1597 faciat,
1152 1544 1377 1599 magnae
1410 1546 1475 1583 ac
1505 1530 1685 1584 beata:
1727 1530 2076 1601 interpreta-

424 1617 603 1671 tionis
634 1617 967 1671 substantia
997 1616 1141 1671 tulta
1171 1622 1260 1670 est
1293 1634 1304 1670 :
1342 1622 1748 1689 quantumque
1781 1620 2076 1674 substrin-

427 1706 587 1775 gitur
616 1705 830 1773 verbis,
865 1710 1097 1759 tantum
1148 1705 1500 1760 diffunditur
1550 1708 1847 1763 sensibus.
1882 1713 2079 1779 Neque

421 1794 576 1849 enim
639 1794 876 1865 propria
926 1799 1156 1847 tantum
1206 1795 1485 1849 orationis
1538 1796 1729 1851 ofﬁcia
1779 1797 2078 1866 complexa

421 1886 530 1948 est,
590 1882 1020 1937 venerationem
1080 1882 1203 1952 Dei,
1256 1888 1356 1937 aut
1405 1884 1661 1939 hominis
1711 1885 2071 1956 petitionem,

421 1972 524 2027 sed
559 1987 792 2027 omnem
824 1988 966 2042 pene
999 1987 1329 2027 sermonem
1361 1972 1616 2039 Domini,
1650 1990 1882 2029 omnem
1917 1991 2071 2030 com-

985 326 1511 389 TEHTULLIANI
1554 328 1880 392 OPERUM
1931 330 2075 389 PAR

2204 375 2217 388 .
2259 328 2637 392 —SEBIES
2682 330 2761 407 Il,
2805 329 3281 392 DOGMATICA.

3693 333 3845 391 1256

2847 461 3081 517 CAPUT
3112 461 3183 517 II.

2262 548 2469 619 Incipit
2526 565 2559 603 a
2612 548 2948 605 testimonio
2999 548 3097 603 Dei
3146 548 3280 620 (17),
3337 553 3393 603 et
3438 550 3645 605 merito
3691 550 3849 616 fidei,

2187 654 2322 692 cum
2353 639 2559 695 1154
2608 637 2863 692 dicimus
2914 654 3094 693 ursa
3140 654 3241 699 QUI
3297 655 3355 692 IN
3398 655 3582 693 conus
3614 656 3680 693 ss
3711 639 3845 710 (18).

2188 732 2327 781 Nam
2360 732 2417 781 et
2452 727 2631 780 Deum
2688 743 2948 795 oramus,
3004 730 3061 781 et
3110 726 3286 780 ﬁdem
3332 728 3843 811 commendamus,

2187 817 2355 885 cujus
2391 815 2664 870 meritum
2699 819 2789 869 est
2840 815 2961 869 haec
3006 813 3341 886 appellatio.
3376 816 3671 886 Scriptum
3704 822 3795 871 est
3828 835 3840 871 :

2189 908 2293 974 Qui
2324 908 2383 960 in
2413 922 2537 959 eum
2564 905 2932 975 crediderint,
2974 904 3120 959 dedit
3168 906 3247 958 eis
3278 908 3596 975 potestatem
3648 915 3710 960 ut
3736 907 3848 976 ﬁlii

2186 998 2287 1051 Dei
2314 1002 2576 1059 vocentur
2625 997 2803 1065 (Joan.
2839 997 2881 1064 Ι,
2918 996 3043 1066 11);
3094 995 3281 1050 Matth.
3316 1012 3420 1063 vn,
3452 996 3521 1064 9;
3577 1014 3611 1050 x
3642 1001 3697 1051 et
3724 1001 3839 1063 xv).

2188 1088 2530 1156 Quanquam
2562 1084 3037 1157 frequentissime
3087 1085 3371 1140 Dominus
3422 1091 3642 1156 patrem
3676 1085 3843 1141 nobis

2188 1174 2585 1247 pronuntiavit
2631 1175 2854 1243 Deum;
2907 1173 3026 1228 imo
3058 1177 3115 1228 et
3162 1174 3439 1245 praecepit
3480 1191 3547 1229 ne
3593 1191 3751 1247 quem
3784 1177 3842 1229 in

2186 1268 2352 1320 terris
2394 1273 2610 1336 patrem
2640 1279 2909 1333 vocemus,
2943 1265 3059 1318 nisi
3104 1280 3261 1336 quem
3295 1263 3558 1317 habemus
3604 1266 3665 1318 in
3696 1265 3845 1319 cali:

2187 1354 2399 1425 (Matth.
2446 1370 2606 1419 χχιιι,
2636 1354 2711 1425 9).
2765 1353 2967 1423 Itaque
3012 1352 3095 1407 sic
3127 1353 3438 1408 adorantes
3488 1354 3663 1408 etiam
3706 1370 3846 1423 pra;—

2188 1449 2421 1514 ceptum
2453 1442 2685 1497 obimus
2716 1443 2849 1513 (19).
2878 1441 3094 1497 Felices
3127 1440 3224 1511 qui
3246 1445 3470 1512 patrem
3494 1448 3842 1513 agnoscunt.

2192 1532 2305 1587 Hoc
2336 1536 2443 1599 est,
2477 1532 2632 1602 quod
2661 1530 2878 1599 (Israeli
2909 1530 3312 1602 exprobratur,
3348 1531 3501 1601 quod
3534 1531 3744 1585 caelum
3778 1547 3845 1586 ac

2187 1624 2405 1675 terram
2454 1621 2707 1691 Spiritus
2758 1625 3124 1675 contestatur
3175 1620 3286 1690 (20)
3320 1635 3333 1674 :
3369 1620 3560 1687 Filios,
3615 1620 3843 1684 dicens.

2188 1711 2377 1779 genui,
2410 1719 2460 1764 et
2492 1710 2582 1764 illi
2610 1725 2697 1764 me
2725 1724 2835 1764 non
2867 1713 3207 1778 agnoverunt
3237 1710 3364 1779 (Isa.
3399 1725 3441 1775 ι,
3477 1710 3549 1779 1).
3584 1708 3841 1764 Dicendo

2190 1805 2384 1853 autem
2420 1806 2666 1869 patrem,
2701 1803 2879 1853 Deum
2922 1814 3155 1870 quoque
3187 1797 3695 1865 cognominamus.
3733 1806 3847 1870 Ap-

2189 1887 2421 1959 pellatio
2454 1888 2568 1942 ista
2614 1893 2671 1942 et
2720 1888 2955 1959 pietatis
3007 1891 3061 1942 et
3092 1887 3398 1958 potestatis
3448 1893 3557 1942 est.
3600 1889 3748 1942 Item
3784 1888 3842 1941 in

2182 1977 2350 2031 Patre
2385 1976 2562 2032 Filius
2608 1976 2931 2030 invocatur.
2980 1977 3088 2047 Ego
3117 1977 3291 2041 enim,
3327 1975 3539 2045 inquit,
3591 1981 3642 2031 et
3675 1977 3844 2031 Pater

421 2061 907 2116 memorationem
958 2060 1303 2132 disciplina),
1358 2066 1421 2117 ut
1452 2078 1652 2118 revera
1701 2064 1759 2117 in
1811 2065 2075 2121 oratione
2182 2083 2355 2121 unum
2380 2082 2571 2121 sumus
2602 2066 2779 2137 (Joan.
2807 2082 2864 2135 κ,
2895 2066 3007 2137 30).
3041 2065 3122 2120 Ne
3163 2069 3351 2120 mater
3380 2065 3617 2135 quidem
3654 2065 3844 2120 Eccle-

419 2150 778 2207 breviarium
813 2150 995 2206 totius
1023 2150 1318 2222 Evangelii
1350 2152 1904 2224 comprehendatur.

2184 2155 2273 2210 sia
2320 2155 2649 2227 praeteritur
2705 2154 2835 2227 (21).
2894 2153 2953 2209 Si
3000 2154 3236 2226 quidem
3293 2153 3356 2209 in
3404 2152 3525 2208 tilio
3572 2158 3628 2209 et
3677 2159 3841 2225 patre

1856 2282 2060 2343 Variae
2102 2282 2423 2344 lectiones.

492 2387 513 2422 ⁸
543 2387 869 2442 Modestum
902 2385 1066 2442 Seml.
1103 2387 1318 2443 Oberth.
1414 2389 1433 2422 "
1475 2386 1739 2460 Sequens
1766 2393 1987 2447 Junius.

2081 2392 2101 2426 ⁸
2134 2392 2295 2456 Quod
2329 2392 2438 2448 etsi
2488 2392 2684 2447 delent.
2720 2392 2883 2449 Seml.
2919 2391 3142 2449 Oberth‘.

3238 2391 3260 2427 θ
3290 2391 3615 2447 Modestum
3650 2391 3839 2445 Paris.

428 2460 472 2495 ⁸ο
503 2460 721 2516 Simus.
757 2460 957 2533 Rigalt.
989 2460 1174 2516 Paris.
1254 2461 1295 2495 ¹¹
1330 2459 1418 2514 Sic
1449 2459 1646 2533 Rigalt.
1678 2465 1846 2518 Seml.
1881 2467 2038 2535 Leop.
2073 2465 2253 2520 Paris.
2274 2481 2296 2527 ;
2327 2465 2432 2520 alii
2460 2470 2516 2520 et
2544 2469 2760 2520 tamen.

1874 2583 2397 2645 Commentariun.

424 2694 655 2747 constat
682 2692 849 2760 ratio,
883 2690 1105 2747 scilicet
1151 2691 1392 2763 Sophia,
1441 2708 1568 2763 quae
1602 2709 1709 2747 nos
1759 2694 1925 2748 docet
1956 2710 2075 2748 mo-

426 2766 567 2817 dum
600 2763 824 2818 orandi.
860 2764 980 2818 Duo
1012 2765 1167 2817 enim
1217 2764 1275 2817 in
1311 2763 1418 2817 hoc
1451 2765 1709 2835 praecipit
1744 2783 1755 2819 :
1794 2765 1978 2835 primo
2012 2769 2075 2819 ut

427 2842 647 2890 secrete
678 2841 735 2889 et
766 2836 823 2889 in
851 2837 1043 2890 abdito
1076 2836 1197 2890 loco
1229 2853 1464 2890 oremus
1493 2854 1504 2901 ;
1559 2837 1814 2892 secundo
1850 2842 1912 2890 ut
1947 2840 2073 2891 bre-

427 2908 589 2973 viter,
627 2914 796 2978 prout
830 2908 1076 2961 habetur
1106 2908 1162 2960 in
1195 2908 1445 2961 Mutthmi
1490 2924 1616 2977 cap.
1648 2925 1703 2961 Vl
1742 2924 1754 2962 :
1789 2911 1929 2962 Cum
1959 2925 2077 2963 ora-

427 2981 586 3041 veris,
623 2981 775 3033 intra
822 2982 884 3034 in
915 2981 1225 3033 cubiculum
1272 2984 1448 3043 tuum,
1483 2984 1533 3031 et
1565 2982 1705 3033 ostio
1752 2979 1945 3035 clauso
1978 2996 2077 3033 ora

435 3053 657 3105 Patrem
688 3059 838 3105 taum
868 3056 927 3104 in
971 3050 1306 3116 abscondito,
1340 3055 1390 3105 et
1434 3052 1599 3105 Pater
1626 3056 1773 3117 tuus,
1807 3054 1902 3123 qui
1931 3053 2077 3106 videt

2183 2692 2432 2763 Sophim,
2466 2691 2523 2746 id
2556 2693 2646 2746 est
2676 2706 2850 2762 quem
2899 2688 3253 2763 signiﬁcavit
3306 2688 3753 2763 Deisapientia,
3786 2694 3843 2743 et

2183 2760 2310 2835 ejus
2343 2763 2536 2818 Filius.
2565 2760 2795 2818 Primus
2813 2760 2977 2817 enim
3001 2761 3221 2833 gradus
3242 2766 3351 2830 est,
3378 2761 3435 2814 id
3464 2768 3553 2814 est
3576 2760 3837 2835 primum

2183 2833 2537 2907 praeceptum
2576 2840 2683 2901 est,
2719 2840 2781 2889 ut
2828 2839 3048 2907 secreto
3092 2849 3370 2907 oremus;
3421 2833 3844 2907 secund‘us,qut

2188 2903 2318 2961 eum
2354 2903 2504 2973 ﬁde;
2555 2906 2785 2977 tertius,
2839 2911 2903 2959 ut
2952 2904 3223 2977 breviter.
3276 2904 3501 2960 Munna
3536 2935 3601 2943 —
3636 2903 3837 2959 Malim

2186 2980 2400 3048 dicere,
2450 2977 2708 3049 primum
2760 2975 3005 3049 gradum
3056 2976 3164 3049 hoc
3211 2975 3335 3031 loco
3387 2991 3535 3041 esse,
3583 2982 3842 3049 secret-is

2186 3047 2408 3123 preces,
2441 3047 2949 3123 secundum—vero
2993 3047 3337 3123 brevitatem
3387 3048 3692 3123 orationis,
3720 3053 3841 3123 ter-

436 3125 491 3177 in
553 3122 888 3187 abscondito,
945 3122 1125 3177 reddet
1183 3123 1306 3176 tibi.
1370 3126 1608 3177 Orontes
1666 3118 1849 3177 autem
1905 3125 2077 3177 nolite
2110 3129 2151 3193 ρ
2187 3118 2336 3176 tium
2374 3123 2626 3191 denique
2655 3119 2992 3176 brevitatem
3019 3121 3190 3174 istam
3224 3121 3454 3190 magnis
3487 3118 3841 3193 etqpulchris

434 3193 671 3248 multum
704 3194 869 3264 loqui,
910 3196 1050 3247 sicut
1103 3194 1305 3247 ethnici
1332 3194 1563 3261 faciunt,
1608 3201 1807 3264 putant
1840 3197 1986 3249 enim
2018 3198 2077 3249 in

432 3266 785 3335 multitoquio
816 3265 1097 3320 exaudiri.
1134 3265 1190 3319 G.
1230 3266 1565 3319 l’ANCpOLO.

505 3336 618 3407 (12)
662 3336 869 3391 Secrete
914 3337 1221 3390 adorandi.
1270 3336 1345 3389 Ad
1393 3336 1653 3391 abundat
1703 3353 1803 3407 pro
1856 3338 2075 3391 orandi.

432 3407 597 3463 Hunc
627 3408 817 3463 locum
868 3407 1134 3461 imitatus
1182 3408 1247 3461 D.
1284 3408 1628 3477 Cyprianus,
1679 3408 1781 3463 lib.
1832 3409 1897 3463 de
1926 3409 2073 3464 Orat.

432 3481 670 3551 Domin.,
703 3482 781 3534 ait
816 3496 827 3532 :
865 3502 891 3527 ‹‹
927 3479 1209 3532 Dominus
1234 3484 1449 3551 secrete
1482 3495 1782 3551 orarenos
1816 3481 2077 3551 praecipit

430 3550 489 3604 in
522 3551 735 3605 abditis
767 3556 824 3604 et
854 3552 1091 3605 semotis
1125 3551 1289 3611 locis,
1322 3550 1379 3602 in
1414 3550 1699 3604 cubiculis
1730 3550 1896 3620 ipsis,
1921 3550 2073 3621 quod

434 3623 623 3689 magis
655 3621 921 3676 convenit
955 3621 1107 3693 ﬁdei,
1144 3627 1203 3674 ut
1233 3621 1488 3675 sciamus
1518 3638 1653 3675 eum
1686 3622 1897 3691 ubique
1937 3640 2075 3693 prae-

432 3701 654 3765 sentem
685 3709 833 3765 esse,
856 3692 1067 3765 audire
1099 3708 1323 3758 omnes,
1358 3697 1415 3746 et
1447 3693 1771 3762 majestatis
1807 3692 2073 3765 auraple-

431 3763 697 3819 nitudine
726 3764 785 3818 in
817 3764 1012 3818 abdita
1041 3780 1288 3835 quaeque
1329 3769 1384 3818 et
1414 3765 1643 3819 occulta
1686 3763 2008 3836 penetrare.
2047 3789 2073 3814 ››

456 3837 664 3902 Idem.)

432 3836 998 3980 (I_d:mi))epi'tecepto
1044 3912 1247 3961 secreto
1304 3905 1464 3980 ador.
1510 3906 1773 3980 Intelligo
1821 3911 2072 3980 mentem

428 3978 641 4034 Christi
693 3979 960 4051 jubentis
1018 3983 1238 4033 secreto
1288 3979 1598 4051 orandum.
1635 3978 1781 4051 _Non
1832 3979 2076 4051 abrogat

2190 3194 2462 3249 sensibus
2514 3195 2803 3254 refertam.
2855 3207 3099 3262 quaeque
3150 3192 3396 3261 copiosas
3446 3207 3510 3243 ac
3557 3191 3839 3245 foecundae

2189 3265 2688 3337 interpretationis
2721 3264 3003 3317 subsidiis
3040 3262 3197 3337 fulta
3214 3263 3567 3337 sitLRO‘UTI‘I.

2256 3331 2614 3409 (17')Alncivit
2663 3353 2696 3389 a
2741 3337 3054 3409 testimonio
3099 3336 3214 3409 Dei.
3269 3334 3372 3388 Hic
3422 3332 3627 3409 incipit
3668 3331 3839 3409 inter-

2188 3404 2403 3478 pretari
2434 3410 2736 3463 orationem
2766 3408 3110 3461 Dominicam
3141 3406 3362 3471 dicens,
3405 3404 3837 3478 primisverbis

2186 3476 2589 3534 testimonium
2626 3477 2721 3533 Dei
2763 3484 2819 3532 et
2869 3478 2999 3532 ﬁdei
3035 3478 3305 3531 meritum
3358 3476 3667 3539 contineri,
3699 3476 3839 3545 quia

2186 3556 2366 3607 Deum
2400 3556 2624 3622 patrem
2670 3553 2975 3605 testamur.
3026 3550 3153 3603 Alia
3182 3548 3342 3603 addit
3392 3550 3450 3604 [).
3484 3548 3833 3619 Cyprianus,

2186 3624 2281 3678 ubi
2314 3640 2511 3694 supra.
2546 3623 2610 3677 G.
2646 3626 2953 3694 PANCIROL.

2256 3696 2363 3762 (18)
2392 3689 2558 3749 Pater
2584 3696 2681 3764 qui
2711 3695 2771 3747 in
2801 3693 2951 3747 caelis
2981 3708 3051 3746 es.
3100 3691 3320 3764 Notam;
3362 3690 3535 3764 etiam
3573 3689 3833 3764 Luciano

2184 3758 2366 3821 fuisse
2399 3758 2713 3821 Dominicm
2756 3765 2933 3833 hujus
2965 3762 3247 3817 orationis
3297 3761 3606 3815 formulam
3640 3758 3837 3833 decla-

2183 3844 2316 3891 rant
2346 3838 2457 3892 ista
2488 3831 2859 3905 Triephontis
2892 3835 2961 3889 ad
2980 3834 3243 3905 Critiam,
3264 3835 3372 3905 sub
3404 3834 3583 3905 ﬁnem
3613 3831 3833 3905 dialogi

2226 3910 2282 3962 ui
2319 3899 2659 3963 inscribitur
2690 3906 3057 3976 Philopatris,
3094 3899 3260 3976 ἔασον
3281 3902 3503 3976 τούτους
3527 3899 3830 3976 τὴνλεύχῆν

2220 3979 2289 4052 τςὸ
2332 3970 2872 4052 πᾳτρὸςάρξάμενοςξ
2921 3975 3009 4030 καὶ
3040 3976 3139 4043 τὴν
3173 3973 3537 4047 πολυώνυμον
3580 3970 3837 4045 ᾠδήνὶῖς

430 4068 603 4105 usum
656 4048 1095 4105 sanctissimum
1146 4050 1348 4104 orandi
1399 4050 1455 4104 in
1512 4049 1790 4121 publico:
1834 4048 2077 4105 nam-et
2180 4049 2338 4112 τέλος
2371 4048 2601 4111 intecta"
2624 4051 2748 4104 R10.

431 4123 642 4178 Paulus
674 4122 755 4177 ait
786 4123 842 4176 in
876 4123 1032 4176 omni
1068 4122 1192 4176 loco
1226 4123 1539 4186 orandum,
1572 4126 1629 4177 et
1676 4122 1733 4177 id
1775 4123 2073 4177 ﬁrmatum

429 4195 635 4249 multis
666 4194 1021 4265 testimoniis
1054 4192 1205 4249 sacri
1236 4191 1471 4263 eloquii.
1503 4195 1572 4248 Et
1609 4193 1811 4250 fideles
1839 4194 2074 4265 quidem

430 4267 650 4340 pariter
688 4266 748 4340 in
796 4264 1363 4340 ecclesiisoramus,
1416 4266 1517 4340 sed
1567 4265 1691 4320 vult
1730 4271 1795 4340 ut
1840 4264 2074 4340 inanem

429 4336 673 4409 gloriam
724 4338 1021 4409 fugiamus
1071 4336 1128 4390 in
1162 4338 1399 4392 orando.
1452 4337 1651 4408 Itaque
1684 4337 1785 4408 qui
1828 4336 2074 4408 gloriam

429 4408 662 4466 tantum
694 4408 1114 4481 Dei’quzerens,
1146 4413 1288 4481 orat,
1322 4409 1373 4463 is
1403 4414 1528 4481 orat
1545 4414 1776 4481 secreto
1806 4416 1862 4464 et
1893 4410 1949 4463 in
1982 4426 2075 4463 cu-

2255 4124 2367 4195 (19)
2412 4126 2477 4178 Et
2522 4131 2847 4196 praeceptum
2896 4120 3129 4196 agimus.
3180 4118 3243 4173 Ei
3296 4133 3592 4187 paremus,
3645 4116 3828 4171 Deum

2184 4190 2407 4266 patrem
2440 4190 2568 4248 vere
2600 4196 2891 4247 vocantes.
2926 4191 2984 4246 C.
3027 4190 3332 4266 ΡΑΝοιξιομ.

2257 4268 2365 4337 (20)
2399 4266 2547 4333 Quod
2594 4266 2787 4320 caelum
2832 4267 2884 4317 et
2935 4270 3145 4337 terram
3197 4261 3832 4337 Spiritus_cmztestatur.

2186 4338 2247 4393 Id
2265 4331 2364 4393 est
2392 4331 2645 4409 Spiritus
2679 4339 2917 4390 sanctus
2943 4333 3188 4409 dicendo
3222 4349 3324 4409 per
3354 4331 3587 4409 Isaiam,
3616 4346 3745 4401 cap.
3779 4345 3833 4409 ξε

2186 4433 2214 4460 ‹‹
2280 4403 2452 4464 Αυᾱῖ
2483 4408 2713 4473 caelum,
2760 4410 2817 4460 et
2872 4403 3115 4459 auribus
3174 4403 3425 4475 percipe,
3473 4408 3652 4475 terra,
3704 4403 3840 4471 quia

431 4483 624 4561 bicu_l_o_
661 4498 673 4537 :
705 4474 1032 4561 contraqui
1068 4484 1194 4561 orat
1227 4474 1285 4534 in
1329 4480 1851 4561 cubiculo,_volens
1880 4486 2076 4561 tamen
2110 4497 2156 4561 D
2188 4481 2471 4537 Dominus
2502 4479 2733 4561 locutus
2765 4480 2854 4531 est
2887 4494 2899 4531 :
2941 4476 3113 4532 Filios
3157 4474 3357 4549 genui,
3391 4480 3446 4530 et
3475 4474 3561 4529 illi
3595 4488 3689 4528 me
3722 4488 3835 4526 non

432 4559 498 4609 ut
532 4554 627 4608 alii
662 4554 870 4622 sciant,
905 4551 965 4609 is
987 4556 1140 4608 certe
1181 4551 1239 4606 in
1292 4551 1499 4623 plateis
1529 4557 1673 4619 orat,
1727 4558 1783 4608 et
1810 4553 1955 4608 tuba
1985 4569 2077 4607 ca-

435 4627 540 4679 nit.
578 4631 703 4678 LAC.

503 4698 617 4764 (13)
648 4700 714 4751 Et
762 4696 1093 4751 modestiam
1141 4694 1271 4762 ﬁdei
1310 4693 1675 4751 desiderabat.
1727 4696 1789 4749 Id
1828 4699 1918 4751 est
1948 4696 2082 4750 bre-

432 4768 581 4822 viter
612 4784 867 4831 oremus,
900 4767 1202 4821 credentes
1240 4768 1414 4819 tteum
1449 4768 1647 4822 omnia
1690 4766 1858 4835 scire,
1891 4771 1947 4821 et
1978 4784 2082 4821 au-

435 4840 579 4895 dire.
636 4842 702 4892 Et
734 4838 841 4892 hoc
890 4838 1146 4909 appellat
1196 4837 1515 4892 modestiam
1563 4839 1711 4907 ﬁdei.
1766 4838 1831 4893 G.
1884 4842 2086 4893 PANCI-

438 4929 565 4967 ROL.

507 4981 616 5053 (1-1)
648 4984 918 5051 Sequente
947 4979 1159 5048 sOphia.
1186 4979 1347 5053 Quod
1381 4979 1648 5053 sequitur
1678 4980 1988 5053 sapientia,
2022 4979 2079 5033 in

437 5051 714 5124 sequente
769 5057 1070 5123 precepto,
1122 5056 1185 5105 ut
1216 5052 1403 5105 simus
1458 5052 1798 5121 breviloqui,
1833 5051 2084 5122 pertintt

437 5127 504 5181 ad
540 5126 712 5179 ﬁdem
744 5132 800 5179 et
833 5124 1203 5191 modestiam,
1237 5127 1302 5177 ut
1334 5125 1699 5179 confidamus
1731 5125 1905 5177 etiam
1941 5140 2080 5193 pau-

436 5199 521 5254 cis
555 5215 659 5253 nos
690 5196 973 5252 exaudiri.
1007 5196 1172 5250 Idem.

508 5271 619 5341 (1:3)
650 5270 886 5341 Agmine
935 5264 1721 5341 verborum.‘Itlaterationea
1761 5266 1832 5341 S._
1874 5263 2079 5341 Mhatth.

438 5334 714 5397 usus'est'
736 5341 973 5395 vocibus
1003 5334 1310 5407 πολυλογία
1341 5342 1394 5391 et
1431 5335 1778 5411 βαττολογίᾳ.
1810 5337 1885 5390 Ls
1918 5336 2017 5411 Pa.

506 5415 617 5485 (16)
650 5415 902 5485 Attamen
926 5412 1196 5485 trevitas
1218 5412 1340 5461 ista.
1375 5408 1443 5485 Id;
1468 5415 1556 5463 est
1594 5408 1847 5485 brevitas
1879 5408 2083 5485 oratio-

436 5478 530 5540 nis
566 5478 874 5539 Dominicm
923 5482 1099 5537 habet
1145 5478 1377 5551 plenam
1432 5481 1995 5552 interpretationem,
2026 5483 2085 5552 et

435 5561 724 5626 quantum
774 5554 966 5609 verbis
1017 5555 1361 5626 coarctatur,
1393 5551 1622 5607 tantum
1676 5553 1954 5626 sensibus
1979 5551 2086 5626 dif.

435 5621 721 5682 funditur.
756 5625 1025 5680 Continet
1054 5622 1209 5696 enim
1259 5639 1492 5696 omnem
1522 5625 1891 5696 disciplinam
1926 5621 2083 5696 ﬁdei.

436 5698 696 5753 Brevitas
728 5702 926 5752 autem
960 5694 1161 5751 orandi
1188 5694 1439 5766 pertinet
1469 5696 1538 5751 ad
1575 5694 1808 5752 tertium
1841 5695 2087 5767 gradum

2189 4556 2571 4625 agnoverunt.
2607 4573 2634 4600 ››
2666 4550 2837 4625 Ιάίήιἶ

2261 4626 2368 4696 (21)
2398 4626 2472 4679 Ne
2503 4631 2679 4696 mater
2706 4620 2926 4693 quidem
2959 4618 3220 4696 Ecclesia:
3266 4619 3613 4696 praeteritur.
3646 4612 3841 4696 Eccls:

2194 4686 2363 4750 siam'
2395 4694 2686 4765 intelligit,
2719 4686 2926 4765 quam!
2959 4689 3107 4765 libro
3151 4689 3221 4744 ad
3266 4686 3842 4765 Martyrasrappellat

2192 4749 2759 4841 Dominamimatrem
2805 4763 3127 4841 Ecclesium,
3175 4778 3351 4841 quam
3402 4749 3845 4841 Spiritussau-

2192 4844 2322 4894 ctus
2378 4836 2767 4907 congregavit.
2813 4834 2893 4889 De
2940 4850 3067 4909 qua
3123 4830 3347 4887 scilicet
3376 4830 3626 4909 genstat
3675 4830 3843 4909 nobis

2195 4911 2381 4965 Patris
2411 4915 2466 4964 et
2494 4902 2628 4963 Filii
2654 4922 2888 4962 nomen.
2940 4902 3047 4960 Per
3076 4920 3202 4958 eam
3238 4921 3343 4959 nos
3376 4903 3529 4958 Deus
3564 4902 3845 4955 Christia-

2192 4999 2298 5037 nos
2329 4982 2485 5035 facit.
2521 4982 2755 5049 Absque
2787 4979 2916 5047 ejus
2964 4975 3299 5049 testimonio
3331 4972 3847 5049 mpltanobis‘ne-

2192 5070 2303 5123 que
2336 5055 2405 5107 de
2440 5054 2549 5106 Deo
2583 5044 2771 5114 Patre,
2804 5044 2994 5118 neque
3028 5049 3097 5123 de
3125 5047 3349 5102 Christo
3372 5045 3631 5123 Domino
3664 5044 3843 5123 ﬁdes:

2192 5115 2257 5179 ut
2288 5125 2345 5179 in
2378 5125 2529 5179 hanc
2561 5138 2794 5195 quoque
2828 5115 3176 5176 sententiam
3228 5118 3526 5191 possimus
3558 5116 3706 5170 illud
3739 5115 3840 5169 Te-

2190 5195 2438 5251 lemachi
2471 5210 2773 5251 assumere
2807 5208 2820 5245 :

2192 5301 2394 5425 Μήτηῗ
2431 5301 2524 5371 μιν
2552 5301 2597 5352 τ’
2629 5299 2724 5371 ἐμὲ
2756 5316 2885 5372 φησι
2916 5298 3013 5349 τοῦ
3053 5289 3304 5366 ἔμμεναι·
3340 5294 3507 5363 αὐτὰρ
3540 5291 3715 5367 ἕγωγι

2193 5372 2308 5425 Οὐκ
2339 5392 2365 5425 o
2395 5368 2460 5425 δα
2487 5370 2588 5425 γάρ
2619 5392 2706 5425 πω
2739 5369 2821 5425 τίς
2845 5366 2928 5421 ἐόν
2958 5366 3115 5425 γόνον
3149 5365 3307 5425 αὐτὸς
3340 5366 3576 5425 ἀνέγνως
3614 5366 3715 5420 RIG

2193 5365 2308 5428 Odit
2339 5365 2460 5425 ὸῖδᾶ
2487 5370 2588 5447 γάρ
2619 5365 2706 5425 ut.)
2739 5365 2825 5430 τ’(ςν
2845 5366 2928 5421 ἐόν
2958 5365 3307 5440 γόνονίαῦτὸς
3340 5365 3591 5442 ἀνέγνως
3614 5366 3741 5420 RIG.

2265 5511 2333 5519 —
2362 5482 2438 5535 Ne
2466 5489 2642 5535 mater
2671 5476 2889 5550 quidem
2927 5474 3127 5550 Eueles.
3176 5475 3491 5550 Ecclesiam
3521 5490 3651 5529 eam
3685 5466 3841 5550 intel-

2195 5551 2341 5619 ligit,
2376 5568 2552 5619 quam
2585 5551 2642 5604 in
2678 5540 2867 5615 Patre,
2913 5546 3075 5615 Filio,
3106 5550 3164 5601 et
3206 5547 3424 5618 Spiritu
3475 5540 3835 5619 sancto_plu_-

2196 5614 2361 5696 ribus
2392 5614 2534 5679 locis
2564 5614 2948 5696 constitutam
2968 5614 3126 5696 _es_se
3157 5614 3838 5696 afﬁ'r_mat,_utqdenBapt.

2198 5699 2256 5752 et
2276 5695 2345 5751 de
2366 5696 2536 5763 Pud.,
2553 5695 2706 5751 c.21.
2724 5692 2949 5759 Quibus
2968 5688 3110 5747 locis
3132 5685 3430 5747 existimat
3447 5685 3838 5747 Tertullianus
