4134 6184
258 321 285 379 1
298 322 416 378 257

1540 322 1769 383 LIBER
1814 323 1915 382 DE
1959 325 2380 389 ORATIONE.

3513 328 3542 387 1
3552 326 3673 388 258

258 455 455 508 mater
479 453 939 523 recognoscitur,
971 454 1043 509 de
1071 470 1186 525 qua
1207 457 1437 510 constat
1492 458 1549 510 et
1603 453 1788 525 patris
1848 457 1905 510 et
1932 464 1987 531 Α
2017 463 2202 529 Pater,
2246 461 2495 531 glori/ica
2523 476 2721 517 nomen
2764 464 2919 516 tuum
2952 460 3013 514 ¹³.
3069 461 3138 515 Et
3195 461 3453 532 apertius
3507 461 3621 534 (26)
3653 476 3673 517 :

260 541 366 595 ﬁlii
399 556 632 597 nomen.
668 540 793 596 Uno
824 541 1002 611 igitur
1031 559 1242 615 genere
1297 544 1411 614 (22)
1470 548 1574 597 aut
1631 541 1910 597 vocabulo

260 630 461 685 1155
498 634 553 683 et
584 634 767 684 Deum
800 647 931 685 cum
953 633 1493 702 suisghonoramus,
1525 636 1583 686 et
1638 631 1909 701 praecepti

260 722 670 790 meminimus,
694 726 749 776 et
778 722 988 777 oblitos
1021 726 1205 793 patris
1240 726 1591 779 denotamus
1632 724 1765 793 (23).

919 812 1145 866 CAPUT
1189 815 1282 866 lIl.

329 900 549 955 Nomen
581 898 676 953 Dei
712 899 898 953 Patris
920 900 1139 954 nemini
1169 900 1464 972 proditum
1484 901 1786 957 est.Etiam
1809 902 1908 972 qui

261 989 612 1059 deipse(24)
643 988 1102 1059 interrogaverat
1146 990 1395 1061 Moyses,
1457 990 1615 1045 aliud
1667 991 1907 1061 quidem

255 1094 469 1132 nomen
502 1077 769 1132 audierat
799 1077 861 1132 ³³.
880 1078 1060 1133 Nobis
1083 1078 1402 1134 revelatum
1416 1081 1574 1134 estin
1606 1079 1906 1135 Filio.Jam

251 1166 410 1222 enim
443 1166 627 1221 Filius
659 1182 874 1221 novum
906 1166 1093 1222 Patris
1128 1184 1339 1223 nomen
1370 1173 1459 1223 est
1487 1170 1737 1239 (25),Ego
1758 1171 1905 1239 veni,

249 1255 465 1327 inquit,
498 1257 557 1310 in
588 1256 810 1311 nomine
837 1256 1022 1310 Patris
1053 1257 1235 1327 (Joan.
1272 1274 1322 1325 v,
1366 1258 1479 1329 43).
1526 1258 1596 1313 Et
1652 1275 1900 1313 rursus:

2022 551 2225 604 Nomen
2286 560 2437 605 tuum
2494 552 2851 619 manifestari
2898 550 3239 605 hominibus.
3301 551 3362 605 Id
3415 567 3550 623 ergo
3612 553 3677 607 ut

2021 655 2461 694 SANCTIFICETUR
2494 641 2860 710 postulamus
2894 640 3047 709 (27):
3096 656 3209 694 non
3268 641 3418 710 quod
3473 642 3681 697 deceat

2025 729 2293 783 homines
2323 729 2467 783 bene
2501 734 2610 783 Deo
2642 730 2847 784 1156
2880 728 3281 799 optare,quasi
3315 729 3391 783 sit
3433 729 3590 783 aliud
3631 730 3676 765 1‘

2021 817 2089 870 de
2112 832 2226 887 quo
2259 817 2307 870 ei
2342 818 2527 888 possit
2557 818 2742 888 optari
2776 818 2909 888 (28),
2945 822 3044 870 aut
3076 816 3299 872 laboret
3346 817 3460 873 nisi
3520 823 3676 890 opte-

2020 921 2172 958 mus.
2198 904 2371 960 Plane
2394 906 2637 960 benedici
2668 910 2848 959 Deum
2879 906 3047 976 (Psal.
3082 922 3199 973 CIII,
3230 905 3321 975 22)
3347 906 3506 960 omni
3547 907 3673 962 loco

2020 1011 2084 1048 ac
2114 998 2378 1064 tempore
2407 995 2703 1062 condecet,
2737 995 2808 1047 ob
2849 994 3101 1048 debitam
3162 1010 3395 1065 semper
3450 1011 3675 1051 memo-

2019 1083 2166 1136 riam
2189 1082 2607 1137 beneticiorum
2644 1088 2772 1151 ejus
2803 1082 2875 1137 ab
2922 1082 3081 1136 omni
3127 1083 3386 1138 homine.
3447 1084 3557 1139 Sed
3617 1088 3675 1139 et

2018 1170 2126 1224 hoc
2157 1169 2577 1226 benedictionis
2609 1171 2731 1225 vice
2761 1171 3045 1241 fungitur.
3091 1170 3374 1226 Caterum
3433 1172 3671 1242 quando

2017 1275 2131 1313 non
2165 1264 2434 1314 sanctum
2467 1263 2524 1314 et
2552 1259 2985 1315 sanctiﬁcatum
3018 1258 3129 1330 (29)
3181 1265 3270 1315 est
3319 1276 3422 1331 per
3450 1266 3671 1317 semet-

1644 1357 1851 1418 Varia
1901 1356 2221 1418 lectiones.

322 1451 765 1527 t’quiudrquid,
806 1468 927 1527 non
979 1467 1198 1508 nomen
1254 1454 1378 1511 Jun.
1462 1454 1507 1490 ⁸⁸
1556 1455 1728 1511 Verba
1761 1473 1779 1508 :
1837 1470 1941 1525 ego
1992 1455 2123 1509 veni
2170 1485 2241 1497 —
2284 1471 2496 1511 nomen
2547 1459 2713 1510 tuum
2766 1456 2990 1527 primus
3042 1454 3253 1510 addidit
3297 1456 3664 1512 Muratorius.

247 1524 291 1563 ³⁸
315 1524 483 1579 Alius
512 1526 635 1595 Rig.
682 1524 862 1579 Paris.
902 1528 1093 1581 Venet.

1666 1606 2185 1667 Commentarius.

246 1699 567 1776 Ecclesiam
597 1717 726 1776 esse
756 1702 814 1776 in
849 1702 1034 1776 Patre,
1067 1701 1232 1773 Filio,
1266 1708 1324 1758 et
1370 1702 1588 1775 Spiritu
1616 1775 1620 1776 ί
1649 1707 1898 1776 sancto:
1932 1706 1977 1768 Β
2008 1703 2279 1776 opinione
2299 1710 2388 1760 est
2417 1704 2758 1761 arbitratus.
2792 1705 3002 1760 Contra
3040 1720 3173 1760 cum
3233 1704 3543 1776 hucusque
3603 1707 3663 1762 S.

242 1774 346 1845 sed
380 1772 739 1843 pracipuein
763 1774 985 1845 Spiritu
1015 1772 1250 1840 sancto;
1287 1772 1440 1830 unde
1465 1775 1764 1831 concludit
1788 1774 1900 1829 hoc

240 1842 368 1898 loco
386 1842 759 1916 mentionem
793 1842 915 1900 fieri
939 1847 1191 1916 Spiritus
1223 1852 1280 1900 et
1330 1847 1601 1902 Ecclesia
1662 1849 1721 1901 in
1763 1864 1897 1902 ora-

245 1916 405 1989 tione
435 1915 759 1989 Dominica,
795 1915 1029 1989 quando
1062 1918 1315 1973 dicimus
1348 1923 1515 1973 Pater
1557 1929 1765 1987 noster,
1798 1918 1901 1988 qui

245 1987 402 2043 enim
435 1986 661 2042 invocat
692 1986 942 2057 Patrem,
978 1989 1105 2043 Filii
1164 2006 1395 2059 quoque
1444 1996 1499 2044 et
1549 1986 1757 2045 matris
1792 1986 1899 2044 Ec-

247 2060 439 2113 clesia
471 2062 590 2114 sive
621 2060 873 2131 Spiritus
921 2061 1107 2115 sancti
1140 2077 1353 2115 numen
1389 2062 1702 2132 implorare
1742 2061 1899 2115 vide-

246 2138 383 2185 tur:
418 2137 592 2202 atque
623 2134 700 2186 ita
732 2148 846 2186 uno
880 2134 1137 2201 nomine,
1197 2134 1384 2187 Patris
1431 2134 1717 2204 videlicet,
1778 2139 1894 2188 tres

248 2219 511 2274 persona
542 2209 937 2258 recensentur.
970 2208 1211 2259 ALBASP.

320 2276 431 2343 (22)
469 2275 580 2329 Uno
610 2276 779 2345 igitur
806 2281 1146 2345 genere,etc.
1178 2274 1508 2330 Orationem
1531 2274 1889 2330 Dominicam

250 2343 331 2417 ita
361 2343 658 2400 exorditur
688 2343 1121 2400 Tertullianus:
1157 2349 1338 2412 Pater,
1373 2349 1553 2417 quiin
1609 2348 1759 2401 oculis
1815 2362 1886 2399 es.

244 2415 368 2471 Vox
396 2421 580 2472 noster
608 2415 1395 2489 prateritur,quatamenin
1425 2418 1887 2489 codicequodam

244 2489 606 2559 ms.legitur.
641 2491 748 2544 Sed
784 2509 817 2544 a
845 2491 1201 2545 Tertulliano
1231 2492 1511 2545 omissam
1547 2491 1730 2545 fuisse
1758 2492 1885 2559 ejus

242 2560 551 2631 explicatio
584 2563 830 2617 suadere
860 2563 1004 2617 satis
1034 2562 1298 2617 videtur:
1331 2562 1545 2616 etenim
1580 2563 1884 2617 indetinito

240 2632 352 2686 hoc
407 2634 639 2705 nomine
682 2651 928 2705 nonnos
954 2639 1181 2688 tantum
1213 2633 1363 2688 ﬁlios
1414 2634 1514 2688 Dei
1546 2634 1884 2705 designatos

238 2704 520 2777 ostendit,
554 2706 653 2759 sed
702 2710 759 2760 et
805 2704 885 2759 ibi
948 2706 1275 2760 invocatum
1337 2722 1568 2777 quoque
1616 2704 1881 2760 divinum

237 2775 453 2829 Filium
487 2778 762 2838 al‘lirmat,
791 2780 963 2847 cujus
1012 2793 1220 2831 nomen
1282 2775 1879 2846 tacite—significatur,

235 2848 476 2917 quando
533 2849 800 2920 generale
853 2848 1199 2903 vocabulum
1254 2849 1437 2904 Patris
1510 2850 1877 2918 exprimitur.

237 2923 526 2974 Praterea
559 2921 740 2975 Patris
770 2938 836 2975 ac
868 2921 1122 2975 ﬁliorum
1148 2921 1441 2975 mentione
1474 2923 1642 2974 facta.
1693 2920 1881 2974 Eccle-

233 2990 337 3046 sia
368 3007 604 3062 quoque
634 3008 842 3047 nomen
868 2992 1429 3062 subintelligendum
1486 2992 1880 3047 Tertullianus

233 3063 433 3142 inquit
457 3080 621 3145 ;‘non
641 3065 801 3145 enim
829 3070 918 3118 est
936 3069 1100 3145 pater
1130 3065 1271 3145 sine.
1315 3064 1470 3130 (iliis,
1528 3080 1733 3145 neque
1776 3064 1877 3145 lilii
1912 3077 1956 3143 α
1998 3135 2007 3145 ,
2065 3064 2391 3145 (24)‘Eti.am
2416 3066 2513 3135 qui
2541 3064 2604 3119 de
2636 3062 3059 3145 ipso._S_ubaudi
3097 3080 3109 3117 :

238 3136 369 3188 sine
400 3140 561 3205 patre
593 3151 659 3189 ac
691 3141 894 3190 matre.
940 3137 1073 3199 Qua
1135 3135 1372 3204 quidem
1433 3136 1883 3205 argumentandi

236 3206 733 3276 ratioquinquam
766 3208 824 3261 in
858 3208 1069 3261 divinis
1125 3210 1204 3261 sit
1272 3206 1464 3270 fallax,
1525 3207 1883 3261 Tertulliano

236 3285 462 3347 tamen,
495 3279 647 3348 quod
681 3285 771 3333 est
800 3280 870 3333 ad
905 3295 1010 3333 nos
1035 3280 1126 3331 Dei
1165 3277 1337 3345 filios,
1385 3279 1673 3347 placuisse
1732 3279 1885 3331 vide-

235 3355 357 3417 tur,
385 3355 448 3402 ut
478 3351 707 3420 quoties
721 3350 1083 3421 appellamur
1102 3351 1440 3420 filii,prater
1463 3355 1636 3404 Deum
1662 3356 1883 3420 patrem

240 3426 512 3475 nostrum
549 3421 866 3476 Ecclesiam
896 3422 1096 3477 itidem
1135 3429 1377 3475 matrem
1421 3427 1707 3491 nostram,
1759 3438 1885 3489 qua

239 3509 351 3547 nos
371 3509 472 3563 per
508 3493 805 3547 Christum
863 3495 971 3548 Deo
1030 3497 1252 3563 genuit,
1299 3492 1723 3562 intelligamus.
1762 3492 1885 3547 Uno

237 3566 423 3634 igitur
452 3564 733 3619 vocabulo
764 3566 946 3619 Patris
976 3564 1145 3617 Deum
1175 3579 1296 3617 cum
1320 3566 1454 3630 suis,
1490 3566 1547 3618 id
1575 3571 1664 3619 est
1702 3565 1886 3619 Deum

235 3635 494 3702 Patrem,
525 3643 583 3691 et
614 3637 828 3691 Filium
861 3639 988 3705 ejus
1018 3640 1383 3704 aternum,et
1414 3644 1659 3691 matrem
1692 3637 1885 3691 Eccle-

233 3708 390 3762 siam
423 3708 803 3763 honoramus.
833 3709 1100 3777 Praecepit
1141 3724 1271 3761 vero
1330 3710 1706 3775 meminimus,
1753 3724 1887 3761 cum

234 3778 530 3842 Christus,
564 3779 833 3833 Matthao
865 3783 1147 3849 testante,
1170 3778 1415 3832 edixerit
1464 3795 1533 3833 ne
1592 3796 1766 3849 quem
1830 3779 1888 3832 in

235 3851 414 3904 terris
464 3856 685 3921 patrem
747 3866 1049 3921 vocemus,
1094 3848 1204 3903 nisi
1258 3865 1433 3919 quem
1483 3848 1769 3904 habemus
1828 3850 1887 3903 in

237 3922 425 3976 caelis.
466 3920 637 3986 ’Quod
698 3924 766 3976 ad
840 3920 1105 3976 Ecclesia
1192 3937 1407 3976 nomen
1473 3922 1567 3975 hic
1638 3938 1887 3989 usurpa-

236 4001 394 4064 tum,
446 3994 885 4049 eruditissimus
960 3993 1365 4064 Albaspinaus
1438 3994 1652 4060 attulit,
1727 3992 1891 4046 facile

238 4063 517 4134 amplecti
622 4082 735 4121 non
823 4063 1159 4136 possumus.
1248 4066 1457 4120 Censet
1561 4067 1717 4119 enim
1805 4064 1892 4117 vir

239 4136 630 4191 clarissimus.
695 4136 976 4207 Spiritum
1029 4141 1295 4191 sanctum
1358 4154 1456 4207 per
1525 4136 1634 4191 hoc
1678 4151 1889 4207 Avoca-

235 4207 451 4262 bulum
487 4225 515 4261 a
546 4205 902 4263 'l‘ertulliano
935 4209 1273 4279 signiﬁcari,
1308 4205 1441 4263 cuin
1474 4208 1523 4260 is
1570 4208 1627 4261 in
1677 4205 1775 4279 lib.
1826 4206 1893 4261 de

238 4282 428 4346 BapL,
462 4296 589 4349 cap.
621 4284 674 4347 6,
718 4280 1032 4334 Eeclesiam
1068 4282 1124 4333 in
1156 4284 1344 4342 Patre,
1379 4286 1435 4333 et
1467 4279 1628 4343 Filio,
1663 4285 1719 4333 et
1758 4278 1883 4349 Spi-

240 4352 363 4405 ritu
414 4358 618 4404 sancto
676 4352 1053 4405 constitutam
1104 4351 1392 4416 afﬁrmet;
1440 4357 1496 4403 et
1546 4352 1601 4405 in
1663 4349 1765 4404 lib.
1825 4351 1891 4403 de

2067 1774 2229 1831 ilario
2262 1783 2407 1832 teste
2439 1778 2725 1832 creditum
2758 1776 2950 1841 fuerit,
2972 1776 3187 1831 librum
3217 1777 3282 1831 de
3314 1774 3583 1833 Oratione
3630 1796 3665 1836 ο.

2012 1847 2369 1903 Tertulliano
2400 1848 2680 1903 catholico
2704 1849 2987 1919 scriptum
3022 1848 3221 1914 fuisse,
3244 1849 3438 1904 nescio
3480 1865 3660 1919 quam

2012 1920 2153 1973 liene
2185 1920 2320 1975 huic
2351 1922 2497 1975 libro
2520 1920 2707 1974 lucem
2743 1920 2946 1974 afferre
2980 1922 3297 1989 possimus,
3357 1921 3659 1990 productis

2008 1990 2252 2046 alterius
2282 1992 2414 2045 libri
2449 1992 2621 2062 nugis
2653 2008 2718 2047 ac
2747 1992 3014 2046 somniis.
3037 1992 3096 2047 Si
3153 2008 3287 2045 vero
3335 1993 3657 2048 Ecclesiam

2008 2062 2066 2116 in
2098 2063 2286 2130 Patre,
2322 2062 2462 2118 Filio
2495 2070 2550 2117 et
2581 2063 2801 2133 Spiritu
2835 2068 3034 2118 sancto
3066 2064 3445 2119 constitutam
3493 2065 3657 2121 dica-

2006 2136 2317 2204 mus,quod
2353 2141 2505 2189 recte
2536 2134 2646 2189 dici
2682 2135 2941 2205 potuisse
2973 2153 3087 2189 non
3135 2136 3380 2202 inﬁcior,
3443 2153 3514 2192 ne
3571 2137 3655 2193 ita

2004 2206 2241 2277 quidem
2276 2207 2346 2261 ab
2381 2207 2538 2262 hisce
2568 2207 2916 2278 ambagibus
2967 2223 3073 2261 nos
3130 2207 3526 2277 expediemus,
3589 2214 3653 2264 ut

2003 2280 2153 2332 serio
2179 2278 2455 2343 cogitanti
2489 2280 2732 2349 patebit.
2768 2279 2993 2333 MURAT.

2072 2349 2184 2419 (23)
2242 2349 2444 2405 Oblitos
2494 2348 2671 2420 patris
2724 2349 3065 2405 denotamus.
3131 2348 3279 2403 Nam
3354 2349 3642 2405 Dominus

1999 2419 2183 2474 dixit:
2222 2424 2294 2476 Ne
2344 2419 2504 2493 quem
2552 2422 2807 2476 dixeritis
2860 2425 3125 2491 patrem;
3180 2437 3323 2474 unus
3378 2430 3459 2476 est
3491 2426 3643 2477 enim

1994 2493 2160 2546 Pater
2187 2498 2360 2548 vester
2389 2498 2445 2548 in
2466 2494 2635 2547 oculis.
2670 2493 2786 2548 Hoc
2834 2498 2923 2547 est
2962 2498 3336 2562 praeceptum,
3396 2493 3468 2549 de
3527 2510 3644 2565 quo

1996 2567 2180 2619 sensit
2201 2565 2622 2620 Tertullianus.
2648 2565 2712 2621 G.
2737 2571 3043 2619 PANCIROL.

2063 2666 2132 2675 —
2162 2638 2226 2690 Et
2256 2638 2446 2692 oblitos
2466 2639 2639 2704 patris
2670 2637 3006 2691 denotamus.
3042 2635 3104 2689 In
3153 2632 3368 2689 malam
3414 2639 3641 2707 partem

1992 2722 2097 2759 vox
2128 2708 2408 2789 denotare
2444 2709 2728 2789 sumitur,
2772 2707 2979 2777 hicque
3023 2707 3642 2789 Judaoshperstringit

1992 2786 2195 2833 auctor
2216 2779 2433 2834 Tertul.
2469 2784 2566 2850 qui
2599 2779 2895 2833 Christum
2931 2795 3031 2849 per
3053 2779 3367 2850 prophetas
3394 2779 3642 2850 promis-

1992 2867 2123 2906 sum
2156 2868 2267 2905 non
2304 2852 2474 2905 modo
2511 2868 2625 2905 non
2660 2856 2722 2904 ut
2752 2851 2934 2905 Deum
2984 2856 3047 2921 et
3096 2851 3367 2905 Messiam
3413 2866 3651 2921 excepe-

1993 2927 2151 2991 runt,
2184 2939 2383 2977 verum
2409 2924 2583 2977 etiam
2620 2922 2823 2976 infami
2858 2920 3147 2992 supplicio
3194 2920 3647 2977 aﬂeceruntﬁLs

1992 2998 2084 3047 Pr.

3165 3062 3356 3117 Etiam
3415 3063 3514 3135 qui
3575 3063 3646 3117 de

1995 3135 2121 3205 ipso
2152 3134 2268 3207 Deo
2300 3134 2758 3207 interrogaverat
2786 3138 3031 3205 Moyses,
3063 3150 3278 3189 nomen
3329 3134 3445 3190 Dei
3488 3136 3646 3205 quod

1994 3205 2333 3273 esset,aliud
2367 3205 2603 3277 quidem
2640 3222 2851 3261 nomen
2876 3207 3183 3278 audiverat
3212 3207 3472 3278 Rogante
3488 3206 3647 3263 enim

1994 3282 2206 3347 Moyse,
2240 3278 2416 3333 Exodi
2449 3297 2572 3349 cap,
2612 3295 2667 3332 1n
2699 3296 2710 3334 :
2745 3278 2805 3332 Si
2854 3277 3101 3350 dixerint
3156 3277 3322 3342 mihi,
3366 3280 3509 3350 quod
3566 3282 3650 3350 est

1994 3366 2192 3404 nomen
2239 3353 2379 3419 ejus,
2438 3353 2571 3421 quid
2627 3350 2810 3404 dicam
2858 3350 2985 3404 eis?
3040 3349 3194 3403 Dixit
3260 3349 3523 3404 Dominus
3576 3349 3651 3421 ad

1995 3423 2211 3493 Moysen
2240 3439 2257 3473 :
2293 3426 2410 3490 Ego
2438 3420 2562 3477 sum
2593 3423 2686 3491 qui
2714 3438 2852 3476 sum.
2888 3421 2946 3476 ld
2981 3427 3070 3477 est
3099 3436 3327 3475 summa
3366 3420 3649 3486 essentia,

1998 3496 2095 3564 qui
2130 3509 2259 3547 sum
2298 3510 2397 3562 per
2428 3510 2520 3547 me
2569 3494 2787 3561 ipsum,
2821 3498 2877 3547 et
2933 3510 2966 3547 a
3023 3509 3116 3548 me
3161 3494 3383 3564 pendeo
3417 3511 3433 3563 ;
3492 3493 3650 3547 unde

1997 3566 2152 3619 aliud
2191 3580 2401 3619 nomen
2435 3570 2493 3620 et
2514 3564 2803 3637 diversum
2840 3582 2872 3618 a
2904 3569 3079 3637 Patre
3128 3564 3351 3637 Moyses
3402 3564 3647 3637 audivit.

1995 3637 2101 3690 Sed
2128 3636 2309 3690 Filius
2333 3638 2501 3692 nobis
2532 3636 2638 3690 hos
2662 3651 2873 3690 nomen
2898 3636 3329 3704 manifestavit;
3352 3636 3651 3706 prodendo

1997 3709 2151 3762 enim
2212 3724 2274 3762 se
2331 3726 2460 3764 esse
2510 3707 2745 3769 Filium,
2804 3707 3193 3762 manifestavit
3257 3709 3508 3764 Patrem.
3581 3707 3652 3763 G.

2000 3780 2303 3833 PANCIROL.

2070 3851 2175 3919 (25)
2225 3852 2347 3906 Jum
2393 3850 2539 3904 enim
2588 3849 2768 3903 Pilius
2808 3864 3012 3902 novum
3069 3850 3255 3904 Patris
3309 3865 3509 3904 nomen
3542 3859 3648 3904 est.

2000 3922 2101 3976 Dei
2136 3938 2340 3975 nomen
2380 3921 2561 3990 Moysi
2594 3922 2832 3990 quidem
2878 3919 3261 3987 patefactum:
3316 3926 3377 3975 at
3434 3936 3649 3975 nomen

2000 3993 2098 4047 Dei
2134 3993 2320 4047 Patris
2352 3991 2594 4055 nemini,
2628 3997 2685 4045 et
2718 4007 2787 4044 ne
2816 3990 2928 4060 ipsi
2955 3991 3213 4063 quidem_
3248 3991 3452 4063 Moysi,
3514 4007 3648 4063 pro-

2001 4065 2188 4118 ditum
2214 4065 2418 4117 fuerat.
2440 4064 2622 4117 Patris
2644 4078 2778 4132 ergo
2825 4076 3039 4115 nomen
3085 4061 3403 4116 novissime
3453 4061 3654 4132 cogni-

2000 4143 2148 4201 tum,
2179 4152 2309 4188 cum
2347 4133 2470 4187 Filii
2508 4150 2715 4188 nomen
2752 4133 2809 4186 in
2845 4132 3073 4186 Christo
3098 4133 3374 4188 innotuit.
3401 4133 3461 4187 Si
3494 4133 3653 4187 enim

2000 4207 2266 4262 Christus
2290 4206 2387 4258 Dei
2422 4204 2622 4267 Filius,
2646 4221 2795 4277 ergo
2817 4209 2874 4258 et
2909 4210 3059 4258 Deus
3089 4204 3275 4260 Pater.
3314 4205 3542 4277 MUBAT.

2070 4279 2183 4348 (26)
2217 4279 2276 4331 Et
2308 4278 2578 4346 apertius.
2614 4274 3005 4332 Manifestavit
3060 4293 3271 4331 nomen
3332 4276 3456 4342 Dei,
3516 4274 3658 4345 quia

2004 4350 2135 4403 fecit
2168 4355 2228 4402 ut
2261 4350 2353 4402 sui
2386 4348 2550 4402 Pater
2570 4352 3002 4420 agnosceretur.
3037 4348 3149 4404 Alii
3198 4348 3658 4420 interpretantur

240 4422 510 4513 furtim?”
569 4438 720 4503 cape
754 4423 846 4513 21,
898 4421 1018 4503 hac
1052 4421 1331 4513 .halbeatz.
1386 4442 1411 4473 «ι
1436 4422 1581 4513 Nam
1610 4426 1703 4513 net.
1746 4423 1889 4513 ipsa
1919 4448 1967 4513 D
2001 4421 2149 4513 quod
2178 4422 2359 4513 Deum
2405 4418 2993 4513 gent‘ilipsr‘ignotum
3053 4418 3543 4513 map’ifestaverit,
3600 4422 3659 4472 et

229 4494 495 4549 Ecclesia
528 4493 773 4615 proprie.
791 4499 848 4547 et
880 4492 1285 4574 principaliter
1320 4494 1444 4562 ipse
1475 4500 1563 4547 est
1610 4492 1883 4615 Spiritus,

231 4568 299 4615 in
333 4582 448 4615 nuo
474 4572 562 4615 est
666 4569 872 4615 rinitas
932 4566 1276 4615 divmitatis.
1343 4568 1531 4615 Pater.
1593 4565 1650 4615 Fi
1682 4580 1773 4615 ius
1833 4570 1883 4615 et

231 4512 495 4549 Ecclesm
528 4512 630 4564 pro
680 4512 759 4547 l'le
791 4512 848 4547 et
880 4512 1285 4564 principaliter
1320 4512 1444 4562 ipse
1475 4512 1563 4547 eet
1610 4512 1645 4545 δ
1694 4512 1883 4557 imus,

231 4568 299 4621 in
333 4582 448 4635 quo
474 4572 562 4620 est
616 4512 872 4620 'lPrinitas
932 4566 1276 4627 divinitatis,
1343 4568 1531 4629 Pater,
1593 4512 1773 4617 Filius
1833 4570 1890 4618 et

232 4637 497 4707 Spiritus
531 4644 790 4691 sanctus.
829 4636 991 4691 Illam
1028 4636 1341 4690 Ecclesium
1362 4642 1887 4703 congregat,quam

234 4710 533 4765 Dominus
580 4709 635 4761 in
670 4710 862 4762 tribus
904 4709 1116 4778 posuit.
1164 4730 1190 4755 ››
1233 4707 1379 4778 Tum
1442 4707 1885 4778 Albaspiuaus;

240 4804 271 4827 α
298 4780 523 4846 Quibus
563 4779 705 4833 locis
749 4775 1045 4834 existimat
1101 4776 1519 4845 Tertullianus,
1582 4775 1893 4831 Ecclesium

235 4868 375 4906 esse
402 4852 460 4905 in
495 4850 681 4916 Patre,
707 4850 848 4905 Filio
880 4856 935 4903 et
965 4851 1183 4920 Spiritu
1211 4854 1438 4920 sancto,
1473 4848 1571 4920 sed
1610 4850 1898 4919 pracipue

234 4924 306 4978 in
340 4924 559 4993 Spiritu
595 4928 819 4978 sancto.
854 4918 1353 4993 Unde—concludit,
1385 4918 1515 4993 hoc
1564 4918 1685 4973 loco
1734 4936 1897 4993 men-

233 4991 467 5051 tionem
539 4995 662 5049 fieri
725 4994 979 5063 Spiritus
1051 4998 1107 5047 et
1183 4991 1444 5046 Ecclesia
1506 4992 1560 5044 in
1639 4991 1899 5063 oratione

241 5065 572 5129 Dominica,
632 5061 864 5135 quando
922 5065 1225 5135 dicimus:
1290 5064 1455 5117 Pater
1514 5067 1728 5116 noster.
1792 5061 1899 5124 Qui

234 5138 404 5192 enim
464 5134 697 5191 invocat
767 5138 1017 5202 Patrem,
1083 5134 1202 5188 Filii
1257 5150 1490 5205 quoque
1573 5138 1630 5187 et
1690 5135 1899 5205 matris

236 5208 542 5273 Ecclesia,
601 5208 720 5263 sive
763 5208 1014 5277 Spiritus
1074 5204 1287 5260 sancti
1318 5222 1534 5260 numen
1586 5204 1899 5277 implorare

232 5279 516 5343 videtur;
552 5275 830 5347 atqueita
889 5294 1005 5332 uno
1063 5278 1319 5343 nomine,
1382 5278 1564 5331 Patris
1611 5275 1899 5344 videlicet,

233 5358 369 5406 tres
403 5366 662 5419 persona
696 5354 1092 5403 recensentur.
1128 5370 1154 5397 »
1184 5352 1256 5401 At
1305 5348 1483 5401 nolim
1524 5363 1576 5419 re
1637 5347 1783 5403 libro
1832 5352 1901 5403 de

234 5418 536 5478 Pudicitia
561 5420 673 5475 loci
706 5419 888 5491 hujus
928 5418 1556 5491 explicationempeti,
1609 5420 1898 5490 siquidem

236 5497 476 5548 certum
512 5492 653 5546 mihi
688 5490 941 5554 videtur,
974 5490 1085 5545 non
1113 5491 1294 5543 alium
1328 5490 1402 5562 ibi
1436 5491 1718 5562 Spiritum
1765 5509 1899 5545 san-

237 5570 415 5620 ctum
464 5564 737 5633 intelligi,
799 5580 975 5635 quam
1035 5560 1495 5635 haresiarcham'
1538 5562 1900 5630 Montanum,

238 5640 428 5701 cujus
460 5634 860 5691 debramentis
911 5640 976 5689 ut
1031 5634 1430 5689 Tertullianus
1482 5642 1901 5701 assentaretur,

240 5706 573 5763 Ecclesiam
599 5710 655 5761 in
691 5724 757 5762 eo
774 5709 993 5778 proprie
1021 5712 1072 5760 et
1101 5704 1492 5775 principaliter
1532 5708 1903 5778 constitutam

244 5780 596 5847 sommavit,
630 5782 749 5834 imo
775 5776 976 5852 ipsum
1011 5794 1140 5833 esse
1186 5778 1489 5836 Ecclesium
1543 5776 1905 5849 lepidissima

578 5910 844 5972 Parnon.
893 5910 941 5970 Ι.

1998 4492 2304 4564 impletum
2350 4498 2437 4546 est
2490 4492 2633 4547 illud
2686 4491 2903 4564 Psalmi
2954 4507 3045 4564 xxi
3092 4507 3105 4544 :
3154 4492 3401 4564 Narrabo
3458 4504 3659 4564 nomen

2001 4562 2154 4621 tuum
2181 4565 2420 4635 [ratibus
2450 4566 2605 4627 meis,
2627 4562 3119 4635 _ubiEuthym_ius
3151 4562 3416 4633 sequitur
3452 4562 3654 4635 inter-

2003 4632 2386 4707 pretationem
2420 4633 2787 4707 Tertulliani.
2824 4635 2978 4707 ldem
3014 4632 3265 4689 habetur
3312 4634 3467 4707 apud
3502 4633 3658 4688 Pau-

2001 4704 2127 4762 ium
2162 4710 2228 4762 ad
2260 4708 2431 4760 Hebr.
2469 4724 2593 4776 cap.
2628 4723 2686 4759 11.
2725 4704 2789 4760 G.
2823 4705 3129 4759 PANCIBOL.

2077 4780 2188 4847 (27)
2256 4779 2318 4833 Ut
2376 4774 2752 4847 sanetiﬁcetur
2805 4776 3167 4847 postulamus.
3221 4775 3321 4829 Dei
3376 4774 3667 4831 nimirum

2010 4848 2391 4903 sanctiﬁcatio
2424 4854 2511 4902 est
2541 4847 2800 4917 optimus
2856 4848 3083 4900 vivendi
3157 4848 3391 4904 modus.
3451 4847 3546 4917 Sic
3605 4847 3666 4900 in

2009 4938 2133 4991 cap.
2184 4937 2225 4973 η
2286 4916 2726 4991 proph._Amos
2800 4917 3051 4991 Cyrillus
3136 4918 3346 4972 Alex.:
3409 4916 3668 4991 ΑγιάζειΑ

2011 4987 2419 5064 Rimini—6369
2483 4987 2533 5042 ot
2595 4989 2787 5057 ζῶντες
2841 4987 3040 5064 ῥρθῷς.
3103 4992 3273 5045 Deum
3320 4987 3668 5059 sancti/icore

2009 5061 2274 5118 dicuntur
2305 5065 2401 5132 qui
2432 5064 2561 5117 bene
2591 5064 2809 5132 vivunt.
2843 5061 2917 5114 LE
2942 5061 3041 5115 Pa.

2080 5134 2188 5205 (‘28)
2223 5130 2390 5201 Quasi
2414 5136 2483 5187 sit
2512 5141 2564 5188 et
2593 5134 2737 5187 alius
2769 5130 2834 5185 de
2859 5148 2960 5202 quo
2992 5134 3042 5186 ei
3070 5133 3239 5205 possit
3286 5133 3486 5205 optari.
3548 5131 3668 5205 Hoc

2010 5212 2116 5269 est,
2150 5207 2328 5267 Luasi
2363 5205 2481 5258 ulla
2511 5205 2586 5257 sit
2618 5205 2726 5258 alia
2756 5206 3034 5273 majestas
3066 5204 3328 5258 numinis
3358 5204 3561 5267 ullius,
3596 5204 3668 5257 de

2009 5295 2123 5346 qua
2152 5278 2198 5332 ei
2228 5278 2414 5347 possit
2444 5277 2727 5347 optarint
2758 5276 3183 5329 sanctiﬁcetur.
3218 5276 3448 5331 Etenim
3506 5273 3669 5347 nulla

2010 5356 2118 5414 est,
2152 5346 2283 5403 cum
2331 5365 2485 5402 unus
2519 5347 2593 5399 sit
2621 5346 2798 5412 Deus,
2859 5352 2916 5401 et
2976 5353 3183 5418 prater
3240 5364 3374 5402 eum
3444 5346 3666 5400 nullus.

2012 5421 2139 5476 Rm.

2085 5491 2197 5557 (29)
2236 5488 2459 5557 Quando
2481 5505 2590 5545 non
2640 5489 3061 5558 sanctiﬁcatum.
3110 5488 3520 5559 Hieronymus,
3572 5502 3669 5555 ep.

2016 5563 2120 5616 135
2169 5578 2179 5613 :
2239 5581 2263 5611 α
2306 5561 2429 5616 Non
2491 5561 2643 5631 quod
2683 5557 2851 5616 nobis
2919 5560 3226 5615 orantibus
3274 5557 3676 5612 sanctiﬁcetur

2018 5634 2168 5703 quod
2200 5650 2299 5702 per
2330 5650 2389 5687 se
2424 5640 2692 5687 sanctum
2730 5633 2860 5700 sed;
2916 5634 3014 5685 sed
3067 5632 3219 5700 quod
3285 5634 3554 5703 petamus
3611 5633 3677 5703 ut

2020 5701 2175 5776 quod
2202 5701 2312 5775 per
2335 5710 2603 5761 naturam
2630 5704 2718 5760 sui
2753 5710 3021 5759 sanctum
3052 5708 3159 5769 est,
3191 5701 3587 5757 sanctiﬁcetur
3615 5701 3676 5757 in

2024 5778 2215 5833 nobis.
2244 5800 2270 5827 n
2301 5777 2423 5833 Bia.
3512 5808 3520 5815 -

3268 5903 3348 5961 40
