4134 6184
508 323 667 383 1263

1053 320 1578 383 TERTULLIANI
1622 318 1945 381 OPERUM
1988 317 2187 379 PARS
2230 316 2279 377 Ι.
2311 314 2690 379 —SERIES
2736 316 2812 389 ll,
2860 315 3342 380 DOGMATICA.

3715 328 3847 388 1264

504 454 661 512 enim
692 453 861 525 panis
892 456 1091 509 noster
1111 457 1219 520 est,
1252 453 1393 524 quia
1420 452 1537 507 vita
1562 451 1859 518 Christus,
1891 453 1949 506 et
1978 449 2147 505 vita”
2180 454 2234 520 Α
2260 449 2347 504 dit
2377 448 2581 520 (Matth,
2607 465 2704 513 vu,
2735 448 2790 519 9)
2815 448 2843 503 ?
2878 449 3149 506 Ostendit
3168 450 3344 522 enim,
3376 453 3512 523 quid
3549 470 3579 511 a
3598 459 3741 527 patre
3765 457 3853 514 lilii

507 544 698 617 panis.
723 546 827 614 Ego
858 559 1001 612 sum,
1025 542 1243 614 inquit,
1272 545 1434 613 panis
1492 544 1620 598 vitae
1666 542 1846 607 (Joan.
1908 557 1982 606 v1,
2044 540 2157 609 35).

506 638 574 688 Et
604 632 777 705 paulo
836 649 1060 703 supra:
1118 638 1284 686 Panis
1344 640 1421 687 est
1466 632 1657 685 Sermo
1722 632 1822 684 Dei
1878 630 2009 693 viri,
2064 630 2163 699 qui

507 721 789 777 descendit
808 721 874 775 de
900 722 1067 775 cadis.
1099 721 1247 774 Tum
1281 721 1433 791 quod
1468 726 1524 773 et
1546 736 1756 790 corpus
1788 720 1911 788 ejus
1942 718 1999 772 in
2022 733 2170 788 pane

510 816 783 867 censetur
830 811 967 881 (46),
1025 810 1220 864 1161
1279 810 1387 864 Hoc
1434 811 1515 863 est
1542 824 1739 875 corpus
1776 823 1956 861 meum
2013 807 2164 877 (Luc.

511 916 651 961 xxn,
684 900 795 965 19).
831 900 1035 969 Itaque
1072 898 1320 969 petendo
1357 914 1565 968 panem
1594 897 2168 967 quotidianum,per-

516 988 857 1061 petuitatem
888 987 1253 1059 postulamus
1288 988 1344 1040 in
1377 986 2165 1050 Christo,etindividuitatem

516 1094 550 1133 a
579 1093 817 1147 corpore
845 1077 994 1145 ejus.
1029 1076 1139 1130 Sed
1172 1080 1227 1129 et
1276 1076 1416 1147 quia
1458 1074 1776 1129 carnaliter
1834 1073 2168 1128 admittitur

514 1168 629 1223 ista
657 1184 786 1233 vox,
820 1183 936 1221 non
968 1167 1094 1221 sine
1109 1166 1386 1237 religione
1406 1170 1597 1238 potest
1620 1164 1741 1219 fieri
1772 1169 1829 1220 et
1882 1163 2166 1236 spiritalis

515 1254 859 1327 disciplinae.
886 1254 1099 1308 Panem
1132 1253 1289 1308 enim
1322 1254 1435 1324 peti
1470 1252 1727 1318 mandat,
1776 1253 1929 1323 quod
1975 1250 2167 1306 solum

515 1344 789 1400 fidelibus
816 1342 1216 1397 necessarium
1257 1346 1347 1396 est
1393 1357 1405 1394 :
1466 1344 1672 1396 caetera
1725 1343 1874 1396 enim
1918 1348 2170 1395 nationes

511 1434 824 1504 requirunt.
887 1432 972 1486 Ita
995 1437 1052 1485 et
1093 1430 1375 1502 exemplis
1438 1429 1717 1495 inculcat,
1763 1434 1817 1484 et
1874 1429 2171 1501 parabolis

513 1524 793 1578 retractat
830 1521 967 1587 (47),
1001 1536 1135 1574 cum
1163 1519 1340 1573 dicit:
1371 1518 1645 1590 Numquid
1672 1535 1872 1589 panem
1892 1519 2026 1586 ﬁliis
2058 1518 2166 1588 (48)

512 1614 675 1683 pater
702 1610 905 1677 aufert,
937 1612 987 1663 et
1052 1608 1287 1663 canibus
1347 1607 1516 1662 tradit
1575 1608 1781 1678 (Matth.
1834 1623 1966 1674 xxv,
2018 1607 2110 1676 26)
2142 1604 2171 1659 ?

519 1699 701 1755 Item:
734 1696 1011 1769 Numquid
1060 1697 1177 1766 filio
1214 1712 1417 1768 panem
1461 1699 1706 1767 poscenti
1764 1696 2004 1767 lapidem
2056 1700 2171 1751 tra-

2270 541 2622 609 exspectent.
2658 538 2766 593 Sed
2794 541 2849 593 et
2878 544 3187 594 nocturnus
3215 540 3308 595 ille
3332 543 3568 611 pulsator
3626 546 3723 616 (49)
3770 564 3854 618 pa-

2273 644 2399 682 nem
2426 627 2674 698 poscebat
2704 628 2749 661 ²⁹
2780 629 2929 697 (Luc.
2964 645 3041 683 xx.
3073 630 3149 698 5).
3182 630 3379 684 Merito
3411 636 3594 686 autem
3645 634 3855 705 adjecit:

2280 721 2365 770 Da
2395 716 2548 771 nobis
2599 716 2776 785 hodie,
2833 722 2898 771 ut
2980 716 3081 787 qui
3139 720 3499 788 praemiserat
3548 739 3561 777 :
3610 723 3765 777 Nolite
3808 724 3858 779 de

2276 807 2513 859 crastino
2570 808 2816 875 cogitare
2869 806 3000 875 quid
3055 806 3248 861 edatis.
3300 808 3400 862 Cui
3448 809 3525 863 rei
3571 811 3856 880 parabolam

2276 909 2505 963 quoque
2536 895 2742 950 1112
2775 896 3239 950 accommodavit
3286 898 3440 951 illius
3497 897 3730 967 hominis,
3784 906 3860 973 qui

2274 984 2727 1053 provenientibus
2754 984 2798 1018 ³ο
2817 984 3083 1052 fructibus
3102 985 3543 1055 amplicationem
3567 988 3859 1056 horreorum,

2274 1075 2329 1127 et
2358 1070 2539 1140 longae
2566 1074 2878 1128 securitatis
2908 1074 3090 1144 spatia
3117 1076 3385 1144 cogitavit
3416 1100 3430 1144 ;
3491 1077 3534 1131 is
3588 1078 3697 1149 ipsa
3742 1088 3863 1136 nocte

2277 1164 2513 1216 moritur
2542 1161 2688 1231 (Luc.
2720 1178 2820 1228 xu,
2846 1161 2955 1234 16).

2935 1303 3162 1360 CAPUT
3192 1304 3287 1360 VI.

2349 1427 2719 1499 Consequens
2749 1432 2874 1484 erat
2899 1429 3034 1499 (30),
3066 1433 3131 1484 ut
3159 1430 3466 1487 observata
3511 1431 3601 1488 Dei
3649 1431 3863 1489 liberali-

2277 1520 2415 1583 tate,
2456 1517 2630 1572 etiam
2688 1519 3058 1574 clementiam
3118 1520 3245 1590 ejus
3296 1536 3701 1591 precaremur;
3753 1523 3863 1594 quid

2276 1606 2432 1661 enim
2464 1605 2742 1662 alimenta
2772 1609 3111 1678 proderunt,
3144 1608 3193 1663 si
3222 1608 3310 1663 illi
3338 1608 3380 1643 ³¹
3418 1614 3732 1681 reputamur
3781 1612 3867 1682 (51)

2277 1711 2472 1751 revera
2514 1696 2683 1766 quasi
2738 1703 2943 1752 taurus
2997 1698 3111 1768 (52)
3141 1697 3212 1753 ad
3274 1697 3628 1753 victimam?
3684 1698 3868 1755 Sciebat

1958 1802 2161 1863 Variae
2194 1801 2517 1862 lectiones.

594 1903 638 1937 ’⁸
668 1902 875 1958 Semler
903 1900 1054 1955 haud
1079 1899 1331 1971 feliciter
1358 1901 1503 1970 conj.
1535 1900 1663 1955 vitae
1696 1900 1884 1971 panis.
1966 1900 2013 1934 ²⁹
2044 1898 2323 1954 Pulsabat
2366 1898 2593 1971 Semler.
2621 1969 2631 1971 _
2670 1899 2715 1933 ³ο
2748 1900 2855 1966 Qui
2897 1916 2998 1970 pro
3066 1900 3439 1958 venientibus
3494 1902 3731 1958 distincte
3770 1903 3871 1971 legit

522 1978 672 2043 Jun.,
701 1990 902 2047 parum
932 1973 1080 2029 bene.

1158 1974 1202 2008 3‘
1237 1973 1296 2028 Si
1326 1973 1386 2027 in
1418 1969 1502 2028 eis
1535 1969 1895 2045 reputamur.
1927 1976 2063 2029 Jun.
2090 1976 2325 2041 Franeq.
2359 1970 2416 2024 Si
2457 1970 2573 2025 illis
2607 1969 2835 2027 Semler.
2874 1969 3040 2043 Leop.

1969 2080 2119 2139 Com
2130 2077 2489 2139 mentarius.

525 2159 947 2249 crastino‘non
983 2176 1381 2249 Adebere‘esse
1430 2177 1686 2249 solliciti,
1719 2178 1933 2233 etenim
1964 2176 2024 2231 '0
2072 2174 2172 2249 ἶὴν
2203 2184 2251 2249 Β
2280 2179 2389 2230 est.
2422 2174 2730 2230 Trifariam
2786 2176 2943 2231 enim
3002 2177 3123 2231 hinc
3175 2177 3389 2233 Christi
3442 2180 3651 2233 verba:
3707 2180 3869 2232 Panem

523 2249 748 2322 ᾑμέρανᾲ
782 2268 866 2301 τοι
900 2243 1104 2322 ξδιδοὺς
1132 2246 1250 2322 (καὶί
1301 2249 1363 2302 τὰ
1421 2248 1495 2309 εἷς
1547 2250 1645 2317 τήν
1672 2243 1911 2322 ’ἡμέραν
1963 2268 2045 2301 σοι
2089 2244 2172 2301 δί-

524 2318 678 2374 δὼσὶο
719 2320 823 2387 Qui
871 2320 1020 2375 diem
1077 2321 1178 2376 tibi
1218 2321 1363 2376 dedit
1392 2322 1544 2376 dabit
1571 2318 1782 2393 quoque
1816 2318 1940 2376 ‘diei
1993 2336 2174 2375 neces-

523 2396 699 2450 saria.
736 2398 982 2446 ALBASP.

597 2464 710 2535 (46)
742 2466 945 2535 Corpus
974 2463 1105 2535 ejus,
1120 2464 1185 2535 in
1211 2479 1357 2534 pane
1414 2470 1684 2519 censetur.
1744 2460 1878 2518 Tria
1926 2460 2175 2535 intelligi

530 2533 702 2607 posse
738 2533 1041 2607 per‘verba
1074 2534 1191 2607 illa,
1224 2536 1435 2590 Panem
1458 2542 1732 2590 nostrum.
1776 2533 2177 2607 Tertullianus

531 2605 726 2661 monet
760 2606 1039 2678 :scilicet
1063 2605 1342 2661 alimenta
1382 2622 1679 2678 corporea,
1711 2612 1838 2661 tum
1902 2606 2179 2661 alimenta

531 2677 885 2748 spiritualia,
912 2677 1162 2748 denique
1184 2677 1687 2733 viviﬁcumisacrm
1710 2694 1924 2732 nienses
1956 2678 2175 2744 cibum,

531 2757 588 2805 et
620 2748 944 2822 realitatem
980 2749 1242 2822 corporis
1270 2751 1650 2822 etsanguinis
1681 2750 1969 2805 Dominici
2002 2751 2060 2802 in
2094 2767 2180 2822 sa-

533 2824 829 2876 cramento
859 2820 1640 2877 altaris.Postremum‘hunc
1693 2836 1933 2876 sensum
1984 2821 2177 2875 erudi-

536 2892 807 2948 tissimus
837 2892 1129 2947 Pamelius
1161 2892 1493 2960 illustravit,
1547 2894 1681 2948 inde
1739 2894 2014 2963 probans,
2045 2908 2180 2947 vere

533 2981 746 3035 corpus
772 2969 828 3019 et
852 2964 1197 3035 sanguinem
1232 2964 1445 3019 Christi
1478 2966 1801 3020 secundum
1834 2964 2179 3035 Tertulliani

534 3034 790 3091 mentem
840 3038 898 3091 in
968 3034 1349 3090 Eucharistiae
1426 3042 1791 3092 sacramento
1872 3034 2177 3091 contineri.

537 3113 756 3178 Praeter
782 3106 886 3162 illa
937 3124 1063 3177 quae
1097 3107 1393 3162 Pamelius
1417 3110 1603 3174 atl‘ert,
1656 3113 1904 3178 possunt
1958 3114 2016 3163 et
2066 3106 2182 3161 alia

537 3177 885 3253 Tertulliani
918 3180 1093 3253 verba
1114 3180 1308 3234 referri
1342 3180 1496 3234 idem
1528 3177 1836 3253 probantis.
1864 3178 2181 3253 dilucidius

537 3250 669 3305 Lib.
701 3267 755 3305 v.
788 3254 980 3305 contra
1008 3250 1357 3316 Marcz’onem,
1389 3250 1596 3319 capf8,
1635 3251 1749 3306 haec
1782 3251 1877 3305 ille
1939 3251 2176 3306 scribit:

536 3342 563 3371 «
602 3322 843 3377 Proinde
868 3322 1036 3392 panis
1062 3328 1118 3375 et
1141 3322 1337 3377 calicis
1368 3324 1863 3391 sacramentojam
1900 3324 1958 3376 in
1995 3324 2181 3377 Evan-

534 3392 688 3465 gelio
722 3394 1102 3464 probavimus
1160 3394 1420 3465 corporis
1450 3399 1508 3447 et
1530 3394 1837 3465 sanguinis
1894 3392 2180 3465 Dominici

533 3464 839 3519 veritatem
873 3466 1154 3519 adversus
1184 3464 1516 3534 plantasma
1539 3464 1871 3519 Marcionis.
1907 3487 1935 3514 »
1967 3464 2181 3520 Christi

2284 2251 2706 2322 nostrumguqt,
2749 2249 3016 2322 explicat,
3050 2250 3308 2319 primum
3343 2250 3414 2305 de
3436 2268 3577 2322 pane
3605 2250 3867 2322 communi,

2285 2318 2494 2373 deinde
2529 2320 2598 2373 de
2629 2318 2858 2392 Christo
2891 2320 3007 2392 qui
3023 2318 3390 2376 credentium
3423 2318 3587 2377 verus
3616 2329 3695 2376 est
3721 2321 3869 2392 panis;

2287 2395 2580 2464 postremo
2612 2391 2682 2464 de
2712 2407 2951 2464 corpore
2981 2390 3219 2462 Christi,
3253 2394 3413 2464 quod
3445 2398 3531 2449 est
3584 2393 3637 2447 in
3692 2390 3871 2447 Eucha-

2288 2462 2448 2516 ristia
2480 2481 2493 2527 ;
2530 2461 2628 2515 ubi
2658 2461 3241 2518 animadvertendum
3271 2461 3387 2519 est
3443 2482 3571 2521 eum
3615 2466 3872 2519 discrimen

2287 2534 2644 2589 constituere
2670 2534 2826 2606 inter
2854 2536 3078 2600 Jesum,
3112 2541 3408 2606 quatenus
3454 2535 3642 2590 ﬁdeles
3692 2542 3741 2589 et
3785 2550 3874 2589 cre-

2286 2607 2490 2678 dentes
2523 2605 2726 2678 nutrit,
2789 2611 2844 2661 et
2874 2605 3145 2661 eumdem
3180 2610 3377 2678 ipsum
3397 2608 3596 2663 Jesum
3626 2608 3677 2660 in
3700 2606 3873 2661 Eucha-

2289 2677 2452 2750 ristia
2484 2675 2850 2750 existentem.
2885 2678 3029 2732 Nam
3066 2678 3165 2750 ubi,
3194 2675 3488 2750 exposuit,
3549 2680 3875 2749 quamobrem

2288 2749 2462 2804 Jesus
2495 2749 2771 2821 panisisit
2799 2765 3001 2821 eorum
3022 2750 3121 2819 qui
3153 2749 3351 2821 ipsum
3378 2752 3714 2806 confitentur
3738 2755 3876 2819 atque

2290 2822 2348 2874 in
2380 2836 2513 2874 eum
2548 2820 2813 2886 credunt,
2841 2820 3023 2875 alium
3058 2820 3261 2877 rursus
3306 2824 3475 2878 affert
3524 2823 3741 2877 modum
3786 2836 3872 2891 quo

2290 2894 2538 2962 ipsemet
2566 2891 2830 2964 Christus
2860 2898 2947 2947 est
2978 2894 3167 2962 panis.
3192 2895 3398 2964 Itaque
3430 2896 3568 2949 duos
3591 2893 3706 2948 illos
3734 2905 3875 2964 panes

2288 2965 2701 3035 duplicemque
2731 2962 2922 3035 alendi
2958 2965 3198 3019 modum
3259 2962 3371 3022 hbc
3434 2967 3552 3021 loco
3597 2963 3875 3035 distinguit,

2336 3032 2445 3108 uod
2478 3032 2664 3108 facere
2723 3034 2865 3108 nihil
2919 3035 3029 3090 fuit
3085 3052 3346 3108 necesse,
3402 3038 3451 3093 si
3499 3038 3737 3092 Christus
3763 3032 3875 3108 'sola

2336 3053 2445 3090 non
2478 3053 2664 3089 Iacere
2723 3053 2865 3089 mnu
2919 3053 3029 3090 Iun.
3085 3053 3346 3108 necesse,
3402 3055 3451 3093 si
3499 3053 3737 3092 unristus
3780 3053 3874 3089 sou

2290 3053 2403 3162 Ede
2430 3107 2484 3160 in
2518 3105 2884 3180 Eucharistia
2943 3109 3222 3180 sumitur,
3257 3109 3731 3180 quemadmodum
3780 3103 3874 3160 sola

2294 3180 2403 3234 fide
2433 3180 2506 3231 ab
2537 3178 2609 3231 iis
2642 3179 2920 3242 sumitur,
2954 3179 3050 3249 qui
3087 3180 3145 3235 in
3178 3178 3315 3234 eum
3376 3184 3615 3251 ejusque
3670 3180 3874 3248 Evange-

2291 3252 2443 3323 liumﬁ
2497 3251 2761 3323 credunt.
2824 3253 3105 3323 Praeterea
3170 3251 3439 3323 loquitur
3486 3258 3549 3307 ut
3607 3251 3872 3322 plurimum

2290 3322 2481 3395 verbis
2504 3320 3059 3391 jurisconsultorum
3093 3320 3366 3394 propriis,
3401 3324 3553 3395 apud
3583 3320 3716 3394 quos
3732 3334 3872 3376 cense-

2290 3404 2383 3451 tur
2401 3394 2556 3447 idem
2581 3397 2751 3447 sonat
2788 3409 2853 3448 ac
2874 3402 2970 3448 est.
3002 3395 3238 3450 ALBASP.

2361 3464 2660 3535 —Corpus
2703 3464 2829 3537 ejus
2886 3466 3423 3537 inrpaneicensetur.
3480 3465 3603 3537 Ipse
3664 3464 3714 3537 in
3755 3476 3875 3517 eam-

535 3552 771 3621 carnem
803 3552 1162 3621 non-veram,
1196 3537 1296 3616 sed
1329 3537 1968 3621 phantasticamatque
1997 3552 2174 3621 appa‘:
2204 3556 2249 3621 ε
2291 3536 3320 3621 ὀρω.εθιξςιθιῃὶειῑηξχριὶοδξἸοουω
3343 3555 3424 3621 ἐκ
3477 3535 3729 3617 δὸωωίε.
3768 3548 3873 3621 prg-

539 3611 762 3660 rentem
795 3607 1097 3670 duntaxat,
1123 3607 1341 3677 impius
1372 3609 1623 3662 Marcion
1659 3606 2089 3662 arbitrabatur.’
2120 3606 2175 3661 Si

541 3692 678 3749 ergo
710 3693 813 3747 per
844 3683 1277 3731 sacramentum
1338 3679 1507 3748 panis
1566 3686 1621 3733 et
1650 3679 1845 3734 calicis
1903 3681 2182 3749 probatur

543 3748 756 3820 veritas
777 3750 1034 3818 corporis
1092 3756 1148 3803 et
1195 3750 1500 3819 sanguinis
1550 3750 1859 3815 Dominici,
1892 3748 2022 3820 quis
2063 3768 2179 3805 non

539 3817 858 3893 intelligat,
881 3817 1081 3893 verum
1112 3827 1169 3875 et
1189 3817 1577 3877 substantiale
1599 3822 1654 3876 in
1689 3817 1935 3893 augusto
1984 3839 2177 3879 sacra-

539 3890 969 3965 mento’haberi
1000 3909 1211 3965 corpus
1242 3898 1298 3947 et
1344 3898 1691 3965 sanguinem
1725 3890 1938 3965 Christi
1969 3895 1997 3950 ?
2052 3894 2181 3948 Alia

535 3962 836 4036 colligasie
857 3964 1100 4036 reliquis
1128 3964 1257 4034 eius
1289 3965 1342 4017 in
1378 3962 1725 4020 Ma'rcionem
1786 3964 1972 4022 libris.
2028 3966 2173 4020 Tum

534 4034 593 4089 in
626 4035 728 4089 lib.
756 4035 822 4090 de
850 4034 1219 4106 Idol.'cap.7,
1256 4037 1372 4091 haec
1403 4037 1816 4092 animadverte:
1841 4060 1868 4086 «
1907 4039 1989 4092 Ad
2026 4037 2176 4092 hanc

529 4106 943 4179 partemrzelus
975 4108 1108 4163 ﬁdei
1133 4108 1753 4179 perorabit,ingemens
1777 4110 2173 4164 Christianum

528 4178 599 4232 ab
637 4177 812 4233 idolis
844 4178 903 4232 in
936 4180 1253 4235 Ecclesiam
1278 4177 1571 4243 venire,dfe
1595 4180 1911 4235 adversarii
1942 4180 2175 4235 otticina

530 4249 587 4303 in
622 4251 862 4305 domum
893 4251 1008 4319 Dei,
1042 4250 1298 4306 attollere
1324 4252 1391 4304 ad
1430 4252 1610 4306 Deum
1668 4257 1896 4307 Patrem
1962 4269 2172 4306 manus

527 4326 743 4394 matres
785 4319 1073 4394 idolorum
1111 4322 1240 4388 ;his
1277 4325 1551 4377 manibus
1584 4324 1844 4392 adorare,
1880 4340 2007 4394 quae
2030 4324 2172 4378 foris

524 4392 805 4447 adversus
853 4393 1033 4448 Deum
1079 4394 1443 4449 adorantur:
1487 4410 1585 4449 eas
1626 4411 1837 4449 manus
1866 4392 2172 4449 admovere

522 4465 750 4533 corpori
808 4466 1075 4537 Domini,
1115 4482 1242 4536 quae
1301 4466 1605 4520 daemoniis
1666 4483 1909 4537 corpora
1969 4473 2167 4522 conte-

523 4539 681 4600 runt,
718 4555 742 4586 α
778 4539 886 4589 etc.
923 4535 1025 4591 Ubi
1064 4535 1509 4592 in’Christianos
1566 4535 1856 4593 idolorum
1915 4539 2168 4593 artifices

519 4604 841 4679 invehitur,
870 4609 968 4677 qui
995 4608 1495 4663 manibusiisdem
1521 4610 1735 4679 quibus
1761 4609 1915 4664 idola
1950 4611 2167 4665 forma-

516 4676 680 4739 bant,
710 4676 925 4732 Christi
960 4695 1193 4749 corpus,
1230 4680 1311 4735 uti
1348 4676 1568 4735 ferebat
1599 4696 1800 4736 eorum
1833 4688 2163 4747 temporum

514 4749 900 4822 consuetudo,
936 4751 1310 4819 recipiebant.
1350 4751 1491 4806 Vide
1523 4752 1721 4819 etiam,
1756 4769 1881 4822 cap.
1921 4753 2006 4817 14,
2062 4752 2163 4807 lib.

512 4828 700 4895 contra
728 4820 971 4875 Judwos.
1011 4823 1251 4878 Proinde
1280 4838 1473 4895 corpus
1504 4824 1621 4888 eius
1650 4826 1709 4877 in
1737 4820 1889 4895 pane
1917 4830 2166 4879 censetur

516 4891 778 4971 (verbum
808 4901 1060 4971 censetur
1077 4894 1241 4971 idem
1276 4891 1570 4971 significat
1605 4910 1670 4949 ac
1700 4891 1778 4971 est
1836 4898 2161 4971 secundum

515 4962 961 5038 juriconsultos)
995 4963 1233 5038 indicat,
1272 4982 1377 5021 nos
1423 4967 1532 5020 sub
1567 4968 1802 5022 nomine
1836 4968 2003 5038 panis
2062 4985 2162 5036 pe-

515 5038 637 5089 tere
699 5034 990 5109 viviﬁcbum
1047 5035 1261 5092 Christi
1321 5054 1552 5107 corpus,
1615 5039 1694 5092 ita
1729 5034 2162 5109 utfpostulato

518 5121 690 5177 pane,
731 5105 1103 5163 Dominicum
1138 5105 1571 5165 sacramentum
1607 5115 1661 5163 et
1714 5105 2167 5165 individuitatem

512 5195 548 5233 a
578 5194 802 5248 corpore
834 5178 1040 5235 Christi
1071 5182 1453 5250 postulamus.
1489 5182 1682 5236 Murat.

588 5281 654 5324 _—
687 5252 817 5306 Tum
843 5252 985 5324 quod
1012 5256 1065 5305 et
1090 5269 1287 5324 corpus
1324 5256 1441 5324 ejus
1464 5254 1521 5308 in
1559 5270 1704 5323 pane
1757 5261 2025 5307 censetur.
2072 5253 2163 5308 Sic

513 5320 746 5377 videtur
769 5323 1043 5392 explicari
1106 5320 1276 5394 posse
1314 5320 1358 5377 τ’
1385 5328 1490 5379 Per
1534 5320 1701 5392 panis
1732 5330 2163 5379 sacramentum

513 5396 887 5449 commendat
944 5410 1157 5462 corpus
1217 5411 1413 5449 suum.
1490 5396 1997 5458 Quemadmodum
2050 5403 2164 5449 Au-

511 5467 787 5535 gustinus
819 5466 920 5520 lib.
956 5466 1189 5529 προερεῖ
1267 5482 1470 5537 evang.
1528 5468 1614 5531 43,
1666 5467 1839 5522 dixit:
1885 5473 1993 5522 Per
2044 5468 2164 5524 vini

508 5542 917 5592 sacramentum
945 5538 1286 5592 commendat
1316 5538 1648 5606 sanguinem
1671 5555 1848 5593 suum.
1877 5542 2001 5594 RIG.

581 5640 649 5647 —
676 5610 805 5680 Tum
836 5609 975 5678 quod
1003 5626 1195 5680 corpus
1224 5611 1344 5677 ejus
1370 5612 1429 5663 in
1476 5626 1637 5678 pane.
1700 5610 1977 5680 Quisquis
2030 5610 2160 5664 dili-

510 5684 713 5758 genter
743 5679 865 5734 haec
894 5679 1074 5758 _verba
1105 5681 1438 5758 attenderit.
1503 5698 1807 5758 nunquam
1863 5679 2157 5758 auctorem

513 5749 571 5800 in
614 5749 1080 5807 adversariorum
1140 5753 1493 5808 sententiam
1552 5749 1855 5807 transiisse
1894 5753 2159 5809 dicturus

2289 3607 2506 3681 phetia,
2543 3608 2691 3681 Veni,
2741 3602 3025 3681 mittamus
3082 3608 3298 3681 lignum
3328 3611 3395 3664 in
3445 3626 3636 3677 panem
3683 3602 3783 3681 ejus
3801 3602 3875 3657 lib.

2287 3678 2497 3737 advers.
2529 3680 2682 3746 Jud.,
2715 3684 2773 3734 et
2822 3679 2919 3733 lib.
2953 3697 3017 3733 ιιι
3068 3680 3279 3735 advers.
3340 3682 3625 3736 Marcions.
3670 3686 3721 3734 et
3746 3678 3777 3731 l.
3817 3690 3872 3729 IV.

2288 3755 2381 3809 Sic
2414 3752 2589 3806 etiam
2632 3751 2732 3806 lib.
2768 3750 2832 3804 de
2855 3752 3053 3824 Resur.
3076 3754 3283 3817 carnis,
3320 3768 3454 3824 pag.
3489 3753 3590 3808 385
3646 3769 3658 3805 :
3702 3770 3720 3797 ι
3769 3752 3874 3824 Caro

2288 3840 2528 3894 corpore
2572 3827 2628 3875 et
2657 3822 2945 3890 sanguine
2974 3823 3188 3878 Christi
3241 3819 3521 3889 vescitur,
3552 3828 3613 3878 ut
3640 3826 3690 3877 ct
3720 3819 3873 3874 anima

2288 3899 2358 3951 de
2394 3902 2503 3950 er
2538 3894 2857 3953 saginatur.
2896 3917 2922 3941 ››
2973 3897 3217 3951 ALBASP.
3252 3926 3323 3937 —-
3352 3901 3423 3953 1η
3476 3911 3610 3953 pane
3658 3894 3869 3948 censetur.

2329 3915 2358 3951 ϐ
2394 3908 2503 3950 U60
2538 3908 2857 3962 saginetur.
2896 3917 2922 3941 »ι
2973 3908 3217 3951 ALBASP.
3252 3926 3323 3937 —-
3352 3908 3423 3953 1η
3474 3911 3610 3962 pane
3658 3908 3869 3948 ειη-εαυτ-

2288 3912 2358 3951 ue
2394 3912 2503 3950 ueo
2538 3912 2857 3962 saginatur.
2896 3917 2922 3941 ›ι
2973 3912 3217 3951 ALBASP.
3252 3926 3323 3937 —-
3352 3912 3423 3953 ιη
3473 3912 3509 3967 p

2286 3968 2563 4024 Habetur.
2598 3966 2663 4020 G.
2693 3966 2929 4020 Panem.

2358 4040 2467 4109 (47)
2502 4036 2791 4094 Parabolis
2862 4042 3148 4092 retractat.
3203 4037 3441 4093 Tractat
3496 4042 3551 4093 et
3602 4034 3867 4091 conﬁrmat.

2285 4113 2349 4167 G.
2383 4115 2620 4165 Panem.

2353 4182 2466 4249 (48)
2490 4180 2624 4235 Cum
2650 4178 2786 4253 dicit
2820 4196 2838 4253 7:
2897 4180 3179 4253 Numquid
3214 4196 3415 4253 partem
3464 4180 3608 4245 ﬁilis,
3662 4181 3775 4253 etc._
3804 4176 3870 4253 In:

2283 4253 2677 4325 telligitquod
2718 4250 2934 4325 legitur
2964 4253 3020 4303 in
3054 4251 3513 4325 Matthmiscap.
3539 4254 3704 4325 xv,‘et
3741 4250 3873 4325 Marci

2282 4320 2557 4396 capfvu,
2579 4320 2813 4396 quando
2845 4320 3463 4396 Chananaearogabat'
3499 4322 3776 4378 Dominum
3808 4320 3873 4396 ,μί

2282 4387 2459 4450 filiam
2496 4387 2661 4449 suam
2695 4410 2727 4447 a
2759 4394 3119 4448 daemonibus
3150 4387 3444 4466 liberaret,
3473 4396 3591 4466 ipse
3613 4387 3871 4466 respondit:

2280 4474 2399 4524 Non
2428 4472 2505 4521 est
2537 4467 2736 4520 bonum
2765 4482 3180 4537 sumerepanem
3227 4464 3509 4535 ﬁliorum,
3554 4471 3605 4520 et
3648 4464 3872 4537 dare

2276 4541 2463 4602 nibus,
2494 4539 2547 4591 id
2582 4543 2671 4591 est
2725 4532 3149 4618 ethnicis—nubi
3211 4532 3269 4618 in
3322 4539 3596 4618 parabole
3648 4532 3873 4618 intelligit

2278 4628 2490 4681 corpus
2520 4625 2693 4663 suum
2725 4609 2833 4662 sub
2870 4607 3105 4663 nomine
3138 4607 3410 4678 panis,‘et
3439 4626 3606 4665 canes
3635 4607 3867 4661 ethnicos.

2277 4681 2675 4738 Tertullianus
2709 4696 2837 4734 vero
2878 4680 2976 4734 illa
3008 4681 3182 4735 verba
3212 4680 3575 4750 aliquantum
3609 4671 3868 4740 mutat,sed

2275 4756 2429 4810 idem
2465 4758 2555 4807 est
2586 4767 2815 4825 sensus.
2850 4751 2952 4825 His
2984 4752 3257 4825 omnibus
3286 4754 3413 4806 vult
3444 4755 3867 4825 prohare,panem

2275 4844 2379 4898 pro
2410 4840 2649 4898 corpore
2680 4822 2893 4875 Christi
2922 4823 3353 4898 accipit.__PANc.
3444 4822 3459 4825 ⁷
3604 4895 3621 4898 Α
3676 4891 3686 4898 _

2344 4900 2455 4970 (49)
2496 4886 2597 4970 Sed
2671 4904 2721 4970 et
2778 4886 3074 4970 nocturnus
3132 4895 3226 4949 ille
3274 4891 3689 4970 pulsator._0ui
3741 4886 3868 4959 petiit

2276 4965 2456 5041 panes
2488 4969 2559 5041 ab
2587 4965 2772 5041 am_ico
2806 4966 2999 5019 media
3028 4970 3216 5035 nocte,
3251 4972 3307 5020 et
3362 4983 3461 5021 eos
3491 4965 3683 5021 habuit
3724 4969 3868 5029 (Luce

2275 5036 2401 5111 cap.
2433 5040 2532 5110 x1).
2567 5042 2633 5093 G.
2666 5036 2973 5091 PANCIROL.

2346 5098 2455 5183 (50)
2490 5098 2827 5183 Consequens
2856 5116 2991 5183 erat.
3051 5107 3218 5163 Nunc
3290 5107 3525 5179 exponit
3578 5106 3695 5183 alia
3732 5098 3866 5183 verba

2274 5170 2581 5237 Et‘dimitte
2609 5170 2762 5235 nobis
2790 5179 2969 5233 debita
3023 5188 3227 5247 nostra,
3289 5170 3592 5250 postquam
3647 5174 3771 5230 dixit
3815 5170 3867 5222 de

2274 5254 2624 5309 liberalitate
2654 5251 2776 5325 Dei,
2810 5252 2906 5320 qui
2938 5266 3045 5305 nos
3075 5250 3203 5325 alit:
3230 5251 3297 5307 G.
3329 5251 3627 5325 Panormi.
3719 5317 3727 5325 ι

2348 5327 2455 5407 (51)
2615 5323 2704 5405 illi
2758 5313 3105 5407 adiutamur.
3161 5313 3865 5407 Hocnsigniﬁc‘atts‘i‘Ang

2275 5380 2559 5462 obstricti,
2590 5397 2708 5450 sive
2740 5380 2975 5448 obnoxii
3006 5410 3237 5448 sumus.
3284 5380 3414 5449 Sic”
3434 5380 3629 5465 paulo
3657 5392 3770 5458 post

2273 5470 2505 5523 Lamech
2535 5456 2717 5522 autem
2747 5466 3056 5536 septuagies
3084 5467 3283 5536 septies
3314 5456 3451 5520 ultio
3488 5456 3731 5534 reputata
3774 5456 3860 5509 est.

2274 5545 2493 5593 BOUTH.

2343 5613 2456 5677 (52)
2490 5610 2661 5677 Quasi
2690 5616 2899 5661 taurus.
2937 5606 3039 5671 Qui
3082 5608 3402 5674 saginatur,
3465 5610 3528 5659 ut
3582 5597 3855 5677 occidatur.

2273 5671 2621 5739 Idem'e‘sset
2677 5680 2747 5733 de
2798 5680 2987 5743 nobis,
3036 5671 3160 5734 nisi
3207 5671 3416 5734 delicta
3457 5671 3855 5732 remitterentur.

2271 5756 2337 5812 G.
2360 5760 2668 5810 PANCIROL.
