4134 6184
468 311 626 375 1267

1024 308 1555 370 TERTULLIANI
1602 308 1925 369 OPERUM
1970 305 2170 366 PARS
2214 305 2260 364 Ι.
2308 339 2378 348 -
2415 303 2687 367 SERIES
2734 306 2812 381 ll,
2859 306 3329 370 DOGMATICA.

3694 312 3719 369 1
3730 313 3826 373 268

469 450 555 523 ret
587 445 757 501 ﬁdem
793 445 1103 515 cujusque,
1134 448 1236 498 aut
1267 443 1517 513 dejicere
1556 444 1599 474 ³⁵
1659 442 1919 512 gestiens
1976 441 2110 513 (60).
2148 443 2202 508 Α
2233 440 2602 511 attinguntur
2649 441 2837 496 edicta
2898 442 3334 513 prophetarum,
3398 442 3834 515 Evangeliorum,

470 533 698 590 Diaboli
728 540 815 588 est
846 538 902 588 et
932 532 1246 587 inﬁrmitas
1282 536 1335 586 et
1366 531 1611 585 malitia.
1664 529 1808 584 Nam
1839 536 1895 586 et
1939 530 2121 583 Abra-

474 622 717 677 hamum
747 638 862 676 non
896 621 1191 676 tentandae
1226 620 1355 674 ﬁdei
1391 621 1602 691 gratia,
1656 619 1985 673 sacriﬁcare
2025 618 2126 672 de-

476 710 904 781 ﬁliojusserat,
947 710 1044 763 sed
1100 710 1433 779 probandae,
1490 716 1551 761 ut
1597 726 1695 779 per
1734 724 1867 762 eum
1920 708 2132 761 faceret

478 800 815 871 exemplum
850 805 1133 869 praecepto
1167 815 1271 852 suo
1311 800 1446 869 (61),
1478 814 1595 868 quo
1642 814 1770 852 mox
1806 802 2131 868 praeceptu-

479 904 583 944 rus
635 892 782 955 erat,
836 903 1027 959 neque
1078 887 1321 958 pignora
1386 886 1500 941 Deo
1553 886 1819 940 chariora
1866 887 1977 956 (62)
2025 885 2131 939 ha-

476 978 672 1033 benda
696 978 761 1029 3‘.
799 978 926 1047 Ipse
956 994 989 1031 a
1020 975 1253 1030 diabolo
1284 980 1564 1038 tentatus,
1610 974 1917 1045 praesidem
1950 980 2006 1029 et
2038 991 2134 1029 ar-

482 1066 697 1121 tiﬁcem
768 1065 1107 1120 tentationis
1152 1066 1269 1135 (63)
1345 1065 1791 1119 demonstravit.
1841 1063 2004 1118 Hunc
2054 1062 2136 1117 lo-

482 1171 617 1211 cum
650 1155 765 1225 (64)
798 1154 1224 1227 posterioribus
1286 1156 1596 1207 confirmat
1628 1169 1640 1205 ε
1674 1155 1860 1220 Orate,
1911 1153 2134 1217 dicens,

478 1260 552 1299 ne
583 1245 883 1299 tentemini
912 1244 1066 1313 (Luc.
1100 1259 1242 1309 χιιι,
1278 1243 1387 1313 46).
1422 1243 1577 1295 Adeo
1610 1241 1812 1295 tentati
1856 1246 1994 1296 sunt
2022 1240 2135 1309 (65)

484 1332 791 1388 Dominum
825 1331 1167 1398 deserendo,
1221 1331 1321 1400 qui
1376 1346 1582 1384 somno
1632 1330 1827 1400 potius
1876 1327 2135 1383 indulse-

483 1425 619 1477 rant
650 1436 830 1491 quam
863 1419 1134 1475 orationi.
1182 1420 1258 1473 Eo
1291 1418 1605 1489 respondet
1651 1418 1917 1473 clausula
1961 1418 2139 1472 inter-

486 1513 724 1581 pretans
774 1508 916 1579 quid
964 1507 1040 1563 sit
1076 1524 1087 1563 :
1119 1509 1196 1563 Ne
1244 1524 1342 1563 nos
1384 1507 1626 1563 deducas
1669 1509 2133 1563 intentationem.

487 1598 607 1654 Hoc
638 1601 728 1653 est
779 1596 938 1652 enim
976 1612 1120 1652 :sao
1181 1613 1402 1651 navsse
1453 1597 1497 1632 ³⁸
1547 1613 1653 1652 nos
1709 1615 1745 1651 A
1800 1612 1951 1652 MALO
2000 1596 2137 1668 (66).

1052 1728 1283 1785 CAPUT
1324 1730 1393 1784 IX
1435 1729 1567 1801 (67).

2235 529 2642 601 apostolorum,
2678 546 2977 585 sermones
3014 531 3572 602 Domini,parabolte,
3601 534 3835 605 exempla

2237 622 2573 689 prazcepta?
2621 620 2770 683 Quot
2803 620 2980 674 simul
3031 624 3445 691 expunguntur
3488 622 3664 675 ofﬁcia
3702 623 3837 692 (69)?

2239 706 2338 761 Dei
2370 708 2570 763 1165
2618 709 2804 762 honor
2854 709 2913 762 in
2963 710 3148 777 Patre,
3205 710 3332 764 fidei
3382 709 3757 765 testimonium
3786 711 3835 766 in

2238 796 2495 861 nomine,
2528 796 2743 850 oblatio
2774 796 3033 865 obsequii
3072 797 3126 850 in
3158 797 3473 867 voluntate,
3522 814 3839 854 commemo-

2241 884 2386 937 ratio
2418 885 2539 955 spei
2573 883 2627 938 in
2678 900 2877 956 regno,
2930 885 3130 956 petitio
3155 886 3283 941 vitae
3334 886 3391 940 in
3427 903 3592 955 pane,
3637 904 3839 945 exomo-

2240 971 2454 1043 logesis
2488 973 2907 1027 debitorum‘in
2938 974 3369 1045 deprecatione,
3391 974 3707 1031 sollicitudo
3736 982 3840 1031 ten-

2240 1063 2532 1115 tationum
2580 1064 2635 1115 in
2687 1062 3079 1132 postulatione
3129 1064 3342 1118 tutelae.
3413 1063 3558 1127 Quid
3610 1064 3845 1119 mirum?

2246 1153 2393 1204 Deus
2424 1149 2585 1205 solus
2614 1152 3039 1222 docere'ipotuit
3072 1156 3137 1206 ut
3164 1167 3226 1206 se
3247 1152 3419 1207 vellet
3448 1151 3621 1206 orari.
3651 1153 3722 1207 Ab
3741 1152 3849 1224 ipso

2242 1237 2423 1310 igitur
2452 1240 2565 1309 (70)
2595 1238 2865 1294 ordinata
2897 1239 3094 1309 religio
3134 1241 3439 1308 orationis,
3475 1248 3531 1296 et
3558 1241 3625 1296 de
3665 1240 3844 1313 spiritu

2243 1328 2452 1398 ipsius,
2478 1329 2605 1396 jam
2638 1333 2775 1382 tunc
2808 1344 2937 1382 cum
2971 1346 3040 1383 ex
3069 1345 3165 1385 ore
3199 1330 3396 1384 divino
3455 1330 3710 1395 ferretur,
3741 1333 3847 1383 ani-

2246 1420 2403 1471 mata
2434 1416 2869 1488 suo;privilegio
2900 1418 3166 1472 ascendit
3205 1418 3262 1473 in
3320 1417 3551 1485 caelum,
3587 1434 3847 1476 commen-

2247 1505 2392 1560 dans
2424 1505 2577 1560 Patri
2604 1524 2730 1577 quaa
2764 1506 2941 1560 Filius
2970 1507 3190 1561 docuit.

2832 1638 3062 1695 CAPUT
3095 1644 3141 1693 x
3173 1641 3305 1712 (71).

2320 1745 2600 1812 Quoniam
2653 1749 2848 1801 tamen
2898 1746 3011 1818 (72)
3079 1747 3352 1803 Dominus
3401 1752 3722 1819 prospector
3762 1748 3855 1814 (73)

561 1836 939 1910 Compendiis
968 1835 1357 1908 pauculorum
1389 1837 1432 1873 ⁸⁷
1464 1838 1774 1892 verborum
1831 1836 1966 1908 (68),
2003 1840 2143 1908 quot
2170 1819 2218 1885 Β
2250 1835 2643 1891 humanarum
2676 1834 3118 1899 necessitatum,
3154 1851 3419 1891 seorsum
3456 1840 3587 1907 post
3611 1834 3852 1890 traditam

1905 1952 2110 2013 Variae
2140 1951 2462 2013 lectiones.

559 2063 605 2096 ³⁴
634 2062 713 2116 Ita
744 2060 952 2130 Rigalt.
981 2077 1009 2116 e
1036 2060 1151 2116 cod.
1184 2062 1345 2132 Agob.
1378 2061 1555 2116 Paris.
1596 2063 1773 2116 Venet.
1809 2061 2070 2131 Dejicere
2102 2061 2181 2117 sit
2208 2059 2779 2132 consentiensﬁeml.
2839 2060 2992 2130 Leop.

3071 2062 3115 2095 ³⁸
3147 2060 3227 2133 Ne
3273 2078 3401 2132 que
3462 2063 3697 2133 pignora
3742 2062 3855 2133 clio-

488 2133 643 2189 riora
673 2134 787 2189 Deo
818 2134 1055 2188 haberet
1081 2132 1201 2189 cod.
1231 2131 1401 2202 Agob.
1480 2134 1523 2167 ³⁸
1552 2134 1640 2188 Ita
1670 2134 1872 2203 Rigalt.
1928 2135 2109 2189 Paris.
2150 2134 2328 2190 Venet.
2383 2132 2538 2186 1744.
2593 2131 2778 2187 Evehe
2827 2132 3000 2189 Rhea.
3056 2131 3255 2188 Geten.
3293 2131 3479 2188 ’Franl
3529 2133 3694 2189 Venet.
3727 2132 3854 2186 1701.

491 2206 535 2241 ³⁷
565 2206 681 2261 Alii
707 2220 1050 2276 paucorum.

1938 2284 2458 2346 Commentarius.

568 2394 678 2463 (60)
709 2392 956 2463 Dejicere
1000 2394 1261 2461 gestiens,
1293 2391 1350 2445 h.
1384 2408 1433 2445 ο.
1486 2409 1499 2447 :
1552 2392 1720 2446 Absit
1750 2396 1815 2445 ut
1860 2392 2146 2447 Dominus

498 2469 725 2520 tentare
771 2464 1040 2519 videatur
1097 2464 1265 2533 quasi
1308 2465 1520 2533 gestiat
1568 2480 1675 2517 nos
1723 2464 1994 2533 dejicere,
2045 2467 2148 2519 aut

497 2536 876 2661 fquléntare
909 2553 1014 2590 nos
1052 2551 1185 2589 cum
1210 2534 1439 2589 diabolo
1471 2536 1977 2601 eonsentiat.(Vid.
2012 2553 2137 2591 var.

522 2624 585 2661 ec
620 2649 631 2661 .
710 2623 805 2661 on.

522 2613 631 2663 ect.
664 2611 805 2661 Eoo.

573 2678 686 2747 (61)
720 2677 1039 2747 Exemplum
1081 2686 1351 2747 pracepto
1400 2692 1510 2731 suo.
1545 2677 1706 2740 Quod
1759 2682 1958 2746 postea
1989 2676 2150 2731 dedit

501 2748 761 2804 Matthazi
803 2765 928 2818 cap.
983 2765 1100 2816 xxv,
1152 2754 1214 2801 ut
1262 2764 1581 2819 oraremus,
1634 2765 1705 2803 ne
1752 2749 2148 2803 incideremus

505 2821 565 2876 in
598 2822 1004 2875 tentationem.
1039 2819 1104 2873 G.
1142 2819 1444 2875 PANCIROL.

574 2892 687 2963 (627)
716 2893 901 2963 Neque
926 2894 1157 2962 pignora
1193 2892 1291 2945 Deo
1321 2893 1595 2945 chariora.
1644 2892 1897 2962 Pignora
1946 2889 2147 2961 appel-

502 2963 586 3018 let
619 2962 789 3026 ﬁlios,
812 2962 968 3034 'quos
996 2963 1262 3016 Christus
1295 2979 1354 3015 se
1386 2963 1679 3017 charteres
1715 2980 1822 3016 non
1850 2963 2150 3016 habendos

498 3036 783 3106 jussurus
815 3040 975 3099 erat;
1012 3034 1270 3106 aitenim
1294 3034 1551 3089 Matthtei
1583 3050 1708 3104 cap.
1743 3052 1777 3088 κ
1812 3051 1823 3087 :
1862 3034 1966 3101 Qui
1995 3037 2153 3088 amat

503 3108 684 3234 ﬁliai?
713 3108 810 3161 aut
833 3107 1018 3176 ﬁliam
1046 3105 1175 3177 plus
1204 3122 1370 3175 quam
1397 3123 1507 3171 me,
1557 3123 1669 3162 non
1696 3116 1775 3160 est
1817 3122 1904 3160 me
1931 3106 2149 3174 dignus.

564 3220 577 3234 .
653 3194 847 3234 ANCIR.
1096 3222 1105 3231 .

564 3220 577 3234 .
609 3194 847 3234 FANCIR.
1096 3222 1105 3231 .

578 3249 691 3320 (63)
735 3247 1037 3306 Praesidem
1096 3252 1148 3301 et
1198 3248 1463 3317 artiﬁcem
1523 3250 1863 3303 temtationis.
1918 3246 2151 3302 Scilicet

509 3320 813 3376 diabolum
873 3336 1000 3375 esse
1067 3320 1489 3374 demonstravit
1548 3320 1823 3387 Matthaei,
1883 3336 2009 3389 cap.
2072 3336 2145 3374 1v.

510 3393 576 3449 G.
614 3393 918 3448 haemon.

584 3465 694 3534 (64)
751 3466 907 3518 Hunc
955 3462 1152 3534 locum.
1214 3462 1376 3534 Quod
1426 3460 1694 3534 diabolus
1763 3461 1837 3516 sit
1886 3461 2157 3534 princeps

511 3532 873 3599 teutationis,
924 3532 1343 3601 posterioribus
1396 3533 1617 3587 scilicet
1660 3534 1851 3587 verbis
1902 3533 2156 3603 Evange-

515 3606 578 3660 lii
610 3607 995 3667 demonstrat,
1044 3605 1235 3671 Orate,
1287 3604 1488 3658 dicens
1536 3603 1788 3658 Matthzei
1834 3621 1960 3675 cap.
2002 3620 2153 3671 xxv1,

516 3693 585 3731 ne
615 3677 837 3731 intretis
867 3677 925 3729 in
953 3675 1311 3728 tentationem
1365 3680 1428 3729 G.
1468 3676 1761 3729 Pucmoc.

590 3747 703 3816 (65)
734 3747 875 3800 Adeo
911 3747 1115 3798 tentati
1136 3754 1283 3798 sunt.
1341 3748 1393 3818 Id
1446 3751 1529 3800 est
1566 3762 1577 3798 :
1610 3746 1807 3817 itaque
1861 3750 2155 3818 suntﬁen-

516 3819 646 3885 tati,
682 3818 819 3885 quia
844 3832 957 3870 non
990 3822 1324 3869 orm'erunt.
1360 3817 1425 3871 G.
1462 3819 1761 3872 PANCIROL.

583 3918 655 3933 --
686 3889 789 3944 Ubi
841 3886 1037 3961 simila
1067 3888 1158 3942 his
1205 3894 1433 3943 exstant
1482 3890 1559 3961 in,
1593 3906 1720 3961 cap.
1776 3890 1879 3943 ult.
1927 3890 2057 3943 libri
2090 3889 2155 3943 de

515 3963 813 4031 Baptt'smo,
864 3960 944 4013 ibi
989 3958 1071 4013 ait
1117 3966 1335 4024 auctor,
1398 3962 1460 4014 Et
1509 3958 1883 4028 ideofcredo,
1958 3963 2158 4015 tentati

510 4038 655 4103 sunt,
689 4033 961 4104 quoniam
991 4032 1422 4104 ohdormicrunl,
1460 4040 1515 4086 ut
1536 4032 1934 4104 adprehensum
1969 4034 2155 4088 Domi-

508 4122 644 4160 num
672 4103 1046 4159 destituerint.
1082 4103 1297 4157 Reum.

581 4176 694 4246 (66)
726 4176 827 4230 Sed
856 4174 1052 4246 devehe
1073 4189 1170 4228 nos
1222 4191 1254 4226 a
1306 4175 1469 4228 malo.
1514 4175 1637 4228 Non
1692 4174 1804 4241 hic,
1866 4180 1931 4228 ut
1977 4173 2152 4245 vulgo

512 4249 771 4318 accipere
808 4245 1132 4311 solemnus,
1162 4245 1371 4318 malum
1402 4246 1805 4317 intelligit.seu
1845 4245 2154 4315 mala,quaa

510 4317 732 4375 homini
760 4318 1072 4387 contigere,
1106 4317 1470 4388 contingunt,
1506 4326 1607 4371 aut
1653 4318 1987 4385 contingere
2018 4334 2153 4386 pos-

511 4390 812 4458 sunt;sed
864 4391 1095 4451 malum,
1145 4387 1252 4442 hoc
1302 4387 1391 4443 cst
1441 4389 1768 4458 malignum,
1820 4406 1922 4443 seu
1950 4388 2151 4444 diabo-

506 4461 657 4527 lum,
690 4478 723 4515 a
754 4477 868 4531 quo
900 4476 1005 4515 nos
1037 4458 1267 4513 liberari
1322 4461 1613 4529 cupimus.
1670 4476 1738 4514 ne
1783 4460 1840 4513 in
1872 4461 2150 4531 temtatio-

507 4549 640 4587 nem
675 4530 851 4601 athe
875 4532 931 4585 in
966 4531 1178 4585 delicta
1210 4530 1739 4585 inducamur.Cum
1773 4530 2150 4598 qualectione

507 4603 884 4675 potissimum
908 4603 1285 4675 consentiunt
1308 4602 1503 4657 Graeca
1525 4603 1806 4657 orationis
1837 4604 2148 4658 Dominicis

506 4660 708 4743 verba,
740 4674 841 4729 ubi
874 4673 1085 4745 legitur
1113 4670 1218 4725 ἀπὸ
1243 4676 1337 4745 τοῦ
1387 4678 1653 4745 πονηροῦ,
1702 4676 1757 4727 id
1808 4680 1897 4728 est
1928 4692 1956 4727 a
1990 4692 2151 4730 caco-
2182 4660 2226 4722 Ῑ)

510 4747 788 4811 daemone,
833 4744 1249 4816 seu’maligno.
1282 4744 1734 4817 Chrysostomus
1768 4762 1907 4799 sane
1939 4750 1996 4800 et
2030 4748 2149 4817 plu-

509 4833 605 4872 rer
632 4817 729 4872 alii
756 4817 950 4871 Patres
999 4818 1339 4889 hujusmodi
1370 4818 1928 4889 _interpretationem
1976 4817 2146 4872 adhi-

505 4891 779 4944 buerunt.
814 4890 1017 4943 Vocem
1066 4885 1301 4958 quidem
1356 4885 1762 4957 g35cm,‘quam
1814 4905 1920 4942 nos
1970 4890 2145 4944 libera

506 4962 687 5016 latine
720 4959 1041 5023 reddimus,
1075 4960 1252 5014 crude
1284 4964 1456 5027 atque
1497 4978 1698 5030 aspere
1748 4959 2147 5017 Tertullianus

506 5050 612 5106 per
639 5048 838 5106 vocem
864 5031 1065 5106 deae/ie
1093 5030 1399 5106 expressit,
1418 5048 1614 5106 revera
1643 5031 1796 5086 enim
1832 5033 2143 5103 signiﬁcat,

504 5103 745 5178 protege,
779 5103 1022 5178 defende,
1055 5112 1227 5178 tuere,
1261 5104 1429 5172 eripe,
1457 5105 1759 5178 acglibera.
1794 5106 2017 5178 Munna

576 5208 645 5217 --
692 5176 963 5231 Conferas
1010 5174 1234 5228 utiliter
1281 5191 1406 5244 quae
1456 5176 1632 5232 habet
1682 5180 1881 5231 auctor
1930 5176 1987 5229 in
2040 5175 2142 5231 lib.

500 5251 577 5307 De
602 5253 737 5319 fuga
767 5249 828 5301 in
848 5250 1238 5319 persecutione,
1265 5262 1390 5319 cap.
1424 5250 1476 5301 2.

573 5317 680 5391 (67)
720 5322 775 5375 [n
809 5320 938 5374 cod.
970 5317 1242 5373 Ambros.
1274 5317 1488 5389 legitur
1543 5318 1697 5373 tituli
1731 5318 1917 5373 instar
1951 5334 1964 5373 :
1996 5318 2143 5372 Ana-

500 5392 872 5465 cephalaeost's.

574 5465 687 5536 (68)
732 5460 1079 5536 Compendiis
1124 5458 1846 5536 paucu_l_qrum_verborum,
1881 5462 1955 5515 et.
1989 5458 2143 5536 Editi

499 5529 632 5591 libri
667 5529 886 5589 habent
921 5546 1246 5603 paucorum.
1300 5529 1443 5584 Ilinc
1493 5531 1917 5586 Ambrosianus
1966 5533 2143 5587 codex

503 5623 620 5663 ms.
660 5601 963 5661 exordium
991 5601 1193 5659 sumit.
1227 5604 1399 5657 Recte
1431 5607 1626 5656 autem
1660 5603 2143 5673 Anacephalazocis

505 5678 849 5733 inscribitur
876 5676 985 5730 hoc
1016 5676 1350 5746 caput,‘cum
1372 5674 1784 5746 compendiose
1804 5679 1926 5730 tota
1947 5675 2141 5730 Domi-

507 5750 649 5805 nicaa
700 5747 981 5803 orationis
1027 5743 1308 5815 expositio
1374 5743 1524 5801 ante
1572 5745 1889 5817 legentium
1940 5746 2141 5803 oculos

2255 2390 2575 2447 exibeatur.
2609 2389 2843 2444 MURAT.

2329 2460 2771 2535 -ACompendiis
2801 2462 3297 2535 paucorum.Nunc
3319 2461 3865 2535 epilogat,quemgdo

2329 2492 2395 2502 -
2424 2478 2771 2530 compendiis
2792 2478 3297 2587 geucorumawnc
3319 2478 3865 2535 epuogat,quemoao

2257 2532 2456 2588 omnia
2488 2533 2761 2587 mandata
2835 2534 3231 2604 cripturarum
3256 2535 3557 2590 contineat
3585 2534 3754 2589 oratio
3780 2532 3866 2586 Do-

2258 2604 2491 2660 minica.
2529 2604 2595 2659 G.
2636 2605 2929 2659 PANCIROL.

2328 2678 2439 2747 (69)
2504 2677 2642 2743 Quot
2706 2677 2874 2730 simul
2932 2681 3327 2746 expungzmtur
3402 2677 3638 2747 ofﬁcia?
3692 2677 3863 2744 Legere

2258 2749 2599 2803 maluissem
2634 2755 3000 2817 exponuntur.
3034 2748 3145 2801 Sed
3179 2748 3340 2801 nulla
3368 2748 3722 2803 Tertulliano
3752 2749 3861 2799 bar-

2259 2820 2451 2874 barice
2482 2819 2755 2873 scribenti
2788 2821 2860 2873 de
2899 2822 3188 2874 sermonis
3241 2820 3499 2891 puritate
3544 2818 3860 2891 sollicitudo,

2258 2891 2402 2946 Aliis
2433 2892 2489 2944 in
2522 2891 2683 2955 locis,
2728 2908 2793 2945 ae
2824 2893 3115 2961 praecipue
3164 2890 3263 2944 libi.
3308 2908 3371 2945 ιιι
3426 2898 3484 2947 et
3527 2910 3579 2946 ιν
3608 2898 3661 2946 et
3690 2893 3739 2943 in
3769 2890 3862 2941 ﬁne

2260 2961 2362 3017 lib.
2404 2980 2438 3015 v
2481 2962 2743 3017 adversus
2795 2965 3133 3017 marcionem
3180 2963 3384 3017 eodem
3454 2963 3639 3018 utitur
3698 2962 3862 3029 verbo,

2262 3040 2319 3089 at
2349 3050 2491 3089 sane
2523 3033 2950 3105 signiﬁcatione
2980 3037 3227 3088 diversa.
3287 3034 3420 3088 Pari
3475 3043 3683 3089 tamem
3713 3048 3861 3087 sensu

2261 3104 2838 3175 usurpasse’videtur
2867 3122 2993 3176 cap.
3020 3106 3043 3159 1
3078 3105 3144 3159 de
3165 3106 3283 3161 Cor.
3317 3107 3644 3171 militis,ubi
3664 3104 3861 3176 inquit:

2265 3200 2292 3227 (ι
2326 3177 2589 3231 Proxime
2618 3177 2829 3231 factum
2864 3185 2970 3231 est.
3009 3177 3352 3231 Liberalitas
3382 3178 3862 3247 praestantissimo-

2264 3264 2392 3303 rum
2424 3250 2841 3319 imperatorum
2873 3249 3309 3319 expungebatur
3352 3248 3415 3302 in
3466 3251 3687 3304 castris.
3718 3270 3741 3295 η
3764 3247 3865 3299 Sci-

2265 3320 2396 3374 licet
2420 3322 3260 3393 exponebatur,exserebatur,
3295 3336 3361 3375 ac
3391 3320 3739 3393 implebatur
3777 3321 3867 3371 Cie-

2266 3408 2463 3447 sarum
2499 3389 2816 3446 liberalitas
2844 3391 2901 3445 in
2937 3391 3172 3446 milites.
3205 3392 3460 3462 Sumpta
3486 3389 3740 3448 'fortasse
3764 3406 3866 3462 me:

2265 3464 2511 3534 taphora
2558 3480 2587 3517 e
2637 3462 2880 3518 calculis
2923 3468 2979 3535 et
3045 3461 3370 3517 rationibus
3404 3466 3409 3471 ”
3440 3481 3567 3535 quis
3636 3461 3866 3532 expungit

2264 3533 2562 3597 dicuntur,
2613 3550 2747 3589 cum
2796 3533 3077 3606 absolutae
3135 3540 3191 3589 et
3250 3533 3529 3591 confectae
3578 3536 3865 3606 emergunt.

2264 3608 2460 3676 Capite
2491 3623 2622 3660 vero
2675 3608 2733 3660 11
2791 3607 2968 3676 hujus
3019 3605 3151 3659 libri
3197 3606 3277 3660 ita
3326 3606 3430 3661 ille
3478 3608 3678 3663 scribit
3708 3603 3772 3661 εἰς
3801 3603 3866 3657 Ne

2264 3680 2437 3732 verbo
2469 3678 2704 3748 quidem
2741 3678 2895 3732 malo
2919 3679 3061 3749 iram
3087 3677 3239 3731 Deus
3271 3678 3565 3748 permittit
3593 3676 3862 3749 expungi,-

2266 3750 2372 3803 hoc
2405 3755 2495 3803 est
2524 3750 2783 3821 mandat,
2818 3766 2887 3803 ne
2918 3750 3002 3802 ira
3033 3748 3089 3801 in
3124 3750 3517 3805 contumelias
3540 3748 3788 3821 erumpat
3814 3760 3865 3799 ac

2266 3827 2644 3891 proponatur.
2682 3820 2822 3874 Alibi
2855 3836 3161 3891 expungere
3194 3838 3312 3891 pro
3360 3823 3623 3891 perﬁcere
3665 3820 3717 3875 et
3742 3831 3865 3890 prx-

2262 3890 2420 3947 stare
2450 3892 2739 3946 adhibuit.
2774 3890 3126 3946 Vide'etiam
3186 3890 3369 3959 infra,’
3390 3890 3524 3965 cap.
3559 3895 3641 3949 13.
3672 3897 3864 3965 Manu.

2334 3995 2402 4003 --
2452 3965 2590 4031 Quot
2629 3964 2794 4018 simul
2841 3968 3237 4035 expunguntur
3281 3962 3526 4035 ofﬁcia?
3564 3967 3621 4020 Id
3685 3970 3762 4018 est
3798 3962 3866 4035 tot

2262 4036 2455 4090 verbis
2510 4035 2821 4089 Dominicis
2870 4032 3152 4089 orationis
3218 4032 3547 4105 implentur
3606 4034 3778 4092 ofﬁcia
3818 4032 3864 4105 in

2264 4112 2467 4173 Deum,
2502 4106 2637 4175 quia
2668 4124 2800 4161 cum
2847 4108 3099 4161 dicimus
3132 4123 3145 4160 :
3185 4104 3366 4175 Pater,
3418 4113 3622 4175 noster,
3667 4121 3784 4163 eum
3813 4104 3864 4175 ut

2264 4185 2484 4248 patrem
2520 4174 2899 4233 honoramus.
2943 4180 3000 4233 In
3046 4178 3162 4232 illis
3185 4196 3315 4234 vero
3354 4174 3565 4235 verbis
3598 4174 3615 4234 :7
3641 4174 3864 4243 Sanctiﬁ-

2259 4254 2416 4305 cetur
2444 4266 2637 4305 nomen
2666 4254 2842 4315 tuum,
2895 4250 3069 4305 fidem
3102 4248 3171 4321 (in
3222 4252 3351 4321 ejus
3402 4254 3642 4307 nomine
3686 4249 3866 4305 habere

2261 4326 2569 4397 testamur.
2610 4321 2841 4397 Ublati_o
2886 4337 3037 4397 vero
3059 4320 3325 4394 obsequii
3354 4330 3446 4379 est
3476 4324 3537 4378 in
3586 4322 3864 4397 voluntate.

2261 4409 2393 4447 cum
2444 4393 2717 4461 dicimus,
2781 4394 2899 4448 Fiat
2952 4393 3240 4455 voluntas:
3302 4398 3359 4449 et
3421 4393 3863 4451 commemoratio

2261 4470 2351 4519 est
2382 4464 2499 4533 spei
2534 4465 2591 4518 in
2625 4480 2798 4535 regno
2848 4464 2905 4517 in
2940 4464 3056 4518 illis
3104 4465 3319 4530 verbis,
3372 4466 3639 4523 Adveniet
3668 4475 3865 4535 regnum

2260 4546 2431 4591 tuum.
2468 4540 2592 4590 Mox
2624 4534 2825 4605 petitio
2857 4536 2985 4589 vita:
3016 4536 3074 4589 in
3108 4553 3278 4605 pane,
3309 4537 3623 4604 ibi,Panem
3653 4534 3864 4605 nostrum

2260 4604 2765 4681 quotidianumuda
2812 4608 2970 4662 nobis
3010 4604 3188 4681 hodie,
3216 4609 3678 4681 iexomologesis,
3702 4608 3771 4681 (id
3794 4604 3867 4657 est

2260 4680 2548 4733 confessio
2580 4678 2920 4732 delictorum
2955 4680 3107 4748 quod
3142 4678 3565 4750 deliquerimus
3605 4683 3655 4736 in
3694 4680 3863 4734 Deum.

2257 4751 2490 4821 quando
2540 4750 2792 4804 dicimus
2826 4768 2838 4805 :
2875 4752 2936 4803 Et
2980 4750 3193 4805 dimitte
3240 4755 3397 4806 nobis
3445 4754 3625 4808 debita
3664 4754 3827 4805 nostra
3848 4761 3865 4803 .'

2256 4822 2587 4876 sollicitudo
2614 4821 3027 4885 tentationum,
3061 4822 3119 4875 id
3150 4828 3238 4877 est
3267 4823 3501 4879 solliciti
3554 4839 3767 4882 sumus,
3807 4830 3865 4870 ne

2254 4901 2569 4966 tentemur,
2603 4894 2701 4946 ubi
2735 4895 2989 4961 petimus
3020 4898 3083 4947 ut
3130 4912 3234 4949 nos
3278 4900 3536 4966 tueatur,
3568 4896 3647 4950 ibi
3680 4911 3692 4949 :
3726 4893 3779 4947 Et
3806 4902 3864 4942 ηδ

2254 4982 2351 5019 nos
2378 4965 2605 5018 inducas
2636 4967 2696 5018 in
2726 4967 3097 5019 tantationem.
3131 4967 3194 5019 G.
3236 4967 3530 5023 PANCIROL.

2328 5038 2440 5103 (70)
2472 5037 2545 5090 Ab
2579 5039 2690 5105 ipso
2734 5037 2931 5108 igitur.
2991 5036 3155 5108 Potes
3204 5039 3491 5107 explicare
3524 5034 3863 5108 simpliciter.

2256 5114 2317 5159 ut
2352 5109 2419 5161 de
2452 5124 2566 5161 uno
2600 5111 2826 5161 tantum
2876 5106 3105 5161 Christo
3156 5109 3233 5163 sit
3263 5106 3473 5165 sermo.
3521 5106 3657 5166 Non
3693 5113 3861 5161 tamen

2255 5178 2525 5253 displicet
2576 5177 2884 5253 subtilitas
2932 5178 3191 5253 Pamelii,
3235 5182 3335 5251 qui
3388 5182 3443 5237 in
3498 5183 3608 5237 hac
3656 5174 3862 5253 periodo

2254 5246 2595 5305 Trinitatem
2655 5249 2933 5321 agnoscit,
2987 5250 3069 5304 ita
3099 5256 3163 5306 ut
3220 5246 3484 5310 ordinata
3545 5253 3610 5307 ab
3660 5246 3770 5321 ipso
3796 5246 3861 5299 sit

2254 5322 2440 5384 Patre,
2474 5328 2532 5375 et
2563 5322 2633 5376 de
2662 5321 2878 5392 Spiritu
2910 5320 3099 5391 ipsius
3130 5323 3354 5381 scilicet
3373 5330 3595 5391 sancto,
3626 5320 3770 5378 etes:
3786 5330 3862 5371 ore

2253 5393 2442 5449 divino
2473 5394 2703 5447 Christi.
2742 5398 2863 5449 Lac.

2303 5465 2435 5589 [(71)
2465 5464 2697 5520 Titulus
2750 5464 2809 5519 in
2855 5464 2983 5519 cod.
3029 5467 3297 5524 Ambros.
3336 5487 3349 5525 :
3386 5475 3545 5526 Posse
3582 5480 3676 5521 nos
3712 5472 3859 5528 super

2324 5552 2505 5589 ncere.

2250 5552 2505 5592 aancere.

2313 5555 2729 5677 {garauoniam
2762 5615 2964 5662 tamen.
2994 5606 3170 5663 Addit
3198 5626 3371 5681 posse
3409 5627 3513 5667 nos
3557 5612 3611 5665 et
3639 5604 3742 5662 alia
3778 5614 3856 5673 pe-

2248 5682 2387 5735 tere.
2421 5680 2485 5735 G.
2519 5680 2823 5733 Mnemon.

2322 5752 2431 5822 (73)
2458 5752 2807 5823 Prospector.
2844 5749 3075 5809 Scilicet
3104 5756 3213 5809 est.
3247 5754 3313 5811 G.
3346 5754 3643 5812 PANCIROL.
