4134 6184
277 363 432 424 1269

1585 359 1819 421 LIBER
1861 360 1965 421 DE
2007 359 2430 422 ORATIONE.

3542 360 3701 422 i970

268 492 474 549 orandi
533 492 931 565 disciplinam,
991 495 1190 559 Petita,
1241 492 1455 563 inquit,
1505 497 1555 548 et
1633 492 1927 561 accipietis
1954 496 2009 560 Α
2040 493 2168 546 nuit
2196 494 2330 563 (80).
2363 492 2523 547 Alias
2564 494 2720 547 enim
2753 492 2843 547 via
2873 492 2986 563 (81)
3016 492 3466 563 cognominatur
3515 495 3696 549 disci-

271 584 429 655 (Luc.
464 600 540 650 x1,
580 583 657 653 8),
718 586 775 637 et
824 588 961 637 sunt
1011 598 1136 655 quae
1188 585 1465 654 petantur
1518 598 1621 653 pro
1682 580 1925 635 circum-

271 674 488 729 stantia
517 672 827 743 cujusque,
864 672 1171 743 praemissa
1211 671 1473 742 legitima
1519 674 1575 725 et
1629 669 1930 725 ordinaria

271 761 554 830 oratione,
587 761 751 831 quasi
784 761 1192 824 fundamento,
1226 759 1616 815 accidentium
1643 761 1745 829 jus
1768 763 1857 813 est
1884 758 1928 793 ³⁸

271 849 695 905 desideriorum
756 848 890 921 (74),
944 849 1047 918 jus
1104 853 1193 905 est
1247 847 1644 920 superﬂuendi
1718 848 1824 917 (75)
1883 847 1930 882 ⁸³

268 939 634 994 extrinsecus
664 937 996 1010 petitiones,
1032 954 1163 993 cum
1197 937 1483 993 memoria
1516 941 1715 991 tamen
1777 953 1930 1007 prie-

271 1032 598 1100 ceptorum,
632 1042 706 1082 ne
737 1029 1024 1099 quantum
1058 1044 1092 1083 a
1120 1025 1443 1100 praeceptis,
1465 1025 1671 1082 1166
1693 1029 1925 1081 tantum

270 1118 344 1173 ab
375 1116 621 1172 auribus
650 1115 752 1172 Dei
788 1116 957 1189 longe
988 1117 1199 1172 simus.

802 1258 1036 1315 CAPUT
1077 1259 1153 1315 XI
1182 1259 1228 1294 ιο
1258 1258 1393 1329 (76).

339 1380 620 1437 Memoria
649 1381 691 1415 “
727 1385 1147 1453 praeceptorum
1179 1382 1336 1436 viam
1368 1380 1734 1437 orationibus
1782 1384 1927 1436 ster-

268 1470 360 1527 nit
386 1471 460 1527 ad
494 1469 727 1536 caelum,
759 1486 1007 1541 quorum
1039 1470 1395 1542 praecipuum
1418 1474 1526 1538 est,
1553 1486 1620 1527 ne
1629 1472 1792 1541 prius
1814 1470 1927 1543 (77)

267 1559 628 1615 ascendamus
655 1559 727 1614 ad
753 1560 849 1614 Dei
903 1560 1101 1630 altare,
1146 1576 1313 1631 quam
1360 1562 1412 1614 si
1458 1561 1598 1630 quid
1641 1560 1926 1617 discordia!

266 1649 351 1703 vel
374 1649 590 1720 offensae
610 1664 736 1703 cum
763 1649 1041 1719 fratribus
1070 1650 1530 1718 contraxerimus,
1587 1647 1925 1704 resolvemus

268 1737 476 1807 (Matth.
539 1753 595 1804 v,
654 1737 767 1809 23).
828 1736 976 1803 Quid
1038 1741 1126 1792 est
1182 1737 1336 1792 enim
1397 1737 1503 1808 (78)
1563 1737 1635 1793 ad
1720 1753 1921 1809 pacem

269 1827 373 1883 Dei
405 1827 451 1862 ⁴²
482 1826 751 1881 recedere
781 1824 909 1881 sine
949 1828 1135 1898 pace?
1182 1826 1252 1881 ad
1304 1825 1710 1882 remissionem
1758 1826 1923 1881 debi-
1951 1871 1998 1899 η
2031 1825 2300 1893 intentio,
2332 1827 2402 1883 de
2446 1826 2547 1883 tali
2607 1826 2817 1899 spiritu
2877 1828 3097 1884 emissa

1951 1871 1999 1937 B

267 1920 465 1972 torum
497 1932 630 1970 cum
664 1915 1037 1971 retentione?
1065 1916 1365 1980 Quomodo
1399 1914 1653 1987 placabit
1690 1919 1919 1971 Patrem

266 2003 455 2059 iratus
492 2005 548 2057 in
583 2004 843 2073 fratrem,
877 2019 1011 2058 cum
1044 2004 1235 2058 omnis
1275 2004 1362 2058 ira
1410 2004 1482 2059 ab
1529 2004 1698 2058 initio
1742 2004 1922 2059 inter-

269 2093 426 2149 dicta
452 2091 529 2147 sit
561 2090 781 2147 nobis?
814 2108 945 2147 nam
988 2096 1045 2147 et
1089 2092 1307 2163 Joseph
1361 2092 1665 2147 dimittens
1715 2093 1923 2147 fratres

272 2199 412 2238 suos
446 2182 518 2236 ad
578 2182 1015 2252 perducendum
1076 2190 1317 2252 patrem.
1378 2183 1444 2236 Et
1497 2197 1588 2251 ne,
1640 2182 1830 2252 inquit
1856 2182 1922 2248 ⁸³,

268 2272 593 2327 irascimini
621 2272 683 2325 in
722 2271 811 2325 via
844 2268 996 2341 (Gen.
1033 2286 1161 2340 xnv,
1193 2270 1326 2341 24):
1381 2287 1488 2325 nos
1537 2269 1763 2325 scilicet
1804 2286 1927 2326 mo-

2040 580 2203 652 plina
2238 585 2461 637 nostra.
2499 581 2645 636 Tum
2683 598 2750 636 ne
2786 581 2843 635 in
2876 581 2966 635 via.
3002 581 3113 652 (82)
3146 580 3428 637 orationis
3472 584 3694 639 consti-

2038 670 2170 735 tuti,
2206 670 2275 724 ad
2313 669 2539 724 Patrem
2574 687 2705 725 cum
2740 670 2825 725 ira
2851 670 3209 726 incedatnus.
3246 669 3465 727 Exinde
3493 678 3690 744 aperte

2042 758 2321 813 Dominus
2354 758 2645 829 amplians
2678 758 2887 831 legem,
2922 758 3071 814 iram
3106 760 3163 813 in
3216 760 3453 816 fratrem
3498 761 3691 816 homi-

2039 845 2188 902 cidio
2219 848 2560 919 superponit
2591 848 2733 920 (83),
2766 865 2838 904 ne
2868 849 3042 904 verbo
3075 848 3311 920 quidem
3353 850 3507 905 malo
3562 866 3693 921 per-

2038 935 2217 991 mittit
2276 937 2525 1008 expungi
2578 936 2689 1008 (84)
2742 939 2964 993 etiamsi
3017 937 3364 993 irascendum
3414 946 3515 1001 est.
3574 955 3691 995 non

2037 1026 2183 1080 ultra
2216 1025 2344 1081 solis
2373 1030 2648 1098 receptum
2671 1026 2779 1098 (85)
2809 1027 3029 1098 (Ephes.
3064 1044 3139 1096 ιν,
3197 1029 3311 1098 26),
3367 1029 3570 1083 1167
3628 1032 3694 1083 ut

2036 1114 2349 1186 Apostolus
2383 1116 2677 1171 admonet.
2713 1118 2896 1182 Quam
2928 1121 3125 1173 autem
3157 1117 3533 1173 temerarium
3577 1122 3689 1187 est,

2037 1209 2136 1260 aut
2166 1205 2320 1260 diem
2352 1204 2479 1259 sine
2509 1205 2771 1261 oratione
2804 1205 3145 1278 transigere,
3179 1207 3321 1262 dum
3347 1223 3544 1264 cessas
3569 1208 3686 1262 fra-

2034 1293 2109 1349 tri
2139 1293 2492 1363 satisfacere,
2526 1296 2626 1351 aut
2657 1294 2979 1351 orationem
3022 1304 3429 1367 perseverante
3461 1296 3691 1353 iracun-

2035 1382 2127 1439 dia
2157 1384 2416 1457 perdere.

2592 1516 2819 1572 CAPUT
2856 1517 2953 1573 x11
2985 1517 3118 1589 (86).

2103 1649 2219 1704 Nec
2250 1649 2321 1705 ab
2352 1647 2439 1704 ire
2470 1649 2585 1720 (87)
2633 1648 3025 1719 solummodo,
3072 1651 3171 1707 sed
3234 1651 3394 1706 omni
3445 1651 3683 1708 omnino

2033 1736 2375 1793 confusione
2407 1737 2521 1810 (88)
2552 1737 2734 1793 animi
2767 1737 2948 1795 libera
3005 1740 3175 1795 debet
3224 1756 3352 1796 esse
3400 1741 3683 1796 orationis

3152 1829 3288 1901 (89),
3346 1829 3537 1900 qualis
3593 1833 3685 1885 est

2032 1915 2293 1987 spiritus,
2319 1916 2387 1971 ad
2424 1932 2598 1987 quem
2643 1915 2915 1971 mittitur.
2975 1917 3176 1989 Neque
3224 1917 3379 1971 enim
3440 1918 3678 1989 agnosci

2033 2004 2552 2076 poteritaSpiritu
2601 2008 2801 2060 sancto
2858 2005 3104 2076 spiritus
3162 2005 3526 2077 inquinatus,
3578 2009 3681 2061 aut

2033 2093 2218 2148 tristis
2252 2111 2283 2148 a
2313 2093 2464 2161 laeto,
2499 2097 2600 2149 aut
2630 2093 2951 2165 impeditus
2977 2112 3007 2148 a
3038 2093 3241 2150 libero.
3276 2094 3457 2150 Nemo
3480 2096 3679 2149 adver-

2035 2181 2259 2237 sarium
2294 2182 2534 2255 recipit;
2575 2197 2746 2238 nemo
2791 2182 2904 2239 nisi
2954 2199 3288 2255 comparem
3346 2200 3519 2240 suum
3570 2183 3677 2238 ad-

2034 2270 2237 2326 mittit.

1697 2395 1902 2458 Variae
1931 2395 2254 2458 lectiones.

340 2515 385 2549 ³⁸
415 2510 825 2568 Accedentiam
849 2512 1020 2581 juxta
1079 2513 1263 2567 Latin.

1369 2514 1415 2553 39
1471 2511 1931 2583 Superstruendi
1983 2512 2099 2581 Rig.
2152 2478 2589 2568 Paristenet.
2648 2512 2814 2568 Seml.
2850 2514 3008 2583 Leop.
3113 2512 3158 2547 ⁴⁰
3202 2512 3340 2583 Cap.
3400 2510 3461 2583 X,
3514 2510 3679 2566 alias.

268 2586 309 2620 “
344 2588 488 2640 Cum
520 2584 801 2639 memoria
831 2585 996 2639 alias.
1020 2584 1068 2625 ’θ’
1098 2585 1384 2639 Accedere
1416 2588 1477 2638 ut
1508 2585 1680 2639 voluit
1703 2584 2058 2648 Maratorius,
2094 2587 2173 2639 ita
2213 2589 2265 2638 et
2318 2583 2550 2638 Semler.
2602 2601 2666 2639 ac
2707 2587 2865 2654 Le0p.

2964 2586 3010 2620 ‘3
3041 2585 3225 2639 Latin.
3277 2582 3479 2654 parum
3533 2582 3685 2648 bene,

268 2656 563 2725 distinguit
592 2672 606 2710 :
643 2672 733 2725 ne,
756 2656 983 2729 inquit,
1015 2654 1354 2712 irascamini
1390 2655 1447 2711 in
1481 2656 1573 2711 via
1604 2672 1710 2711 nos
1744 2655 1968 2711 scilicet
1998 2655 2229 2711 monuit
2257 2655 2425 2727 (alias
2454 2656 2611 2711 enim
2641 2656 2736 2711 via
2766 2655 3218 2729 cognominatur
3246 2655 3561 2726 disciplina
3594 2670 3690 2709 no-

269 2729 435 2799 stra).
468 2729 615 2783 Tum
648 2744 720 2783 ne
749 2727 808 2781 in
843 2728 955 2794 via,
993 2731 1107 2783 etc.

1716 2814 2240 2876 Commentarios.

348 2933 461 3005 (74)
495 2931 878 2987 decidentium
885 2931 981 3002 jus
1011 2939 1095 2987 est
1120 2930 1539 3005 desideriorum.
1570 2932 1629 3005 Id
1652 2936 1772 3005 est,
1794 2948 1932 3003 pos-

277 3002 487 3059 sumne
522 3008 713 3074 petere
770 3020 918 3074 quae,
982 3007 1152 3073 prout
1208 3002 1439 3066 accidit,
1500 3002 1931 3069 desideramus,

278 3075 585 3147 praemissa
614 3075 879 3145 legitima
905 3080 963 3130 et
991 3075 1285 3129 ordinaria
1314 3076 1597 3147 oratione,
1622 3075 1674 3128 id
1709 3080 1800 3129 est
1822 3075 1933 3129 Do-

278 3146 500 3202 minica
529 3147 792 3217 oratione
822 3163 926 3217 pro
958 3148 1361 3201 fundamento.
1397 3146 1463 3200 G.
1518 3151 1828 3201 PANCIROL.
1862 3176 1933 3186 —-

279 3218 579 3289 Corrigere
613 3216 891 3289 voluerat
946 3218 1187 3273 Latinus
1246 3218 1508 3273 Latinius
1563 3217 1934 3273 accedentium

272 3288 891 3364 juxta’desideriorum,
951 3291 1105 3360 quod
1135 3289 1729 3364 Iecep_tum_v_ideoa
1760 3288 1930 3344 Dela-

2115 2933 2229 3004 (80)
2258 2938 2367 2990 Nos
2393 2933 2600 2988 scilicet
2626 2934 2862 2988 monuit.
2893 2932 3132 3004 Supple,
3165 2933 3321 2989 idem
3370 2947 3540 3004 agere
3586 2931 3691 2985 de-

2042 3004 2199 3060 bere.
2228 3006 2291 3059 C.
2327 3004 2627 3060 PANCIROL.

2114 3078 2225 3147 (81)
2261 3075 2412 3131 Alias
2433 3078 2579 3131 enim
2614 3076 2724 3141 via,
2748 3078 2857 3130 etc.
2891 3074 3054 3131 Unde
3084 3076 3330 3129 homines
3362 3074 3471 3130 vix
3501 3072 3695 3147 primo

2043 3146 2180 3201 dicti
2209 3143 2359 3201 sunt
2389 3146 2730 3204 Christiani.
2766 3152 2828 3200 ut
2861 3152 2950 3200 est
2980 3148 3035 3200 in
3072 3147 3252 3211 Actis,
3284 3162 3411 3217 cap.
3464 3143 3542 3208 ut,
3592 3143 3689 3197 ubi

2042 3218 2260 3273 Paulus
2291 3224 2594 3290 acceperat
2624 3217 2871 3279 litteras,
2904 3222 2969 3271 ut
3000 3217 3241 3273 homines
3269 3218 3396 3280 vix,
3430 3229 3695 3286 compre-

2040 3291 2338 3355 henderet,
2374 3291 2429 3343 id
2481 3296 2572 3344 est
2626 3290 3025 3355 Christianos;
3078 3305 3414 3361 quanquam
3462 3294 3696 3361 verten-

280 3358 455 3417 cerda
484 3362 542 3415 in
578 3361 895 3415 editionem
929 3358 1097 3415 suam
1133 3358 1481 3415 Tertulliani
1516 3359 1754 3415 Parisiis
1784 3376 1938 3415 anno
1969 3364 2012 3430 ο
2051 3363 2191 3416 dum
2224 3379 2337 3416 non
2371 3368 2495 3415 erat
2533 3362 2696 3432 hujus
2742 3368 2863 3424 vix,
2910 3367 2968 3416 et
3013 3358 3189 3416 dictio
3239 3358 3404 3430 huius
3448 3358 3698 3414 delenda

281 3434 423 3488 1624
452 3431 607 3502 typis
638 3432 1012 3503 impressam.
1047 3434 1158 3487 Sed
1193 3433 1395 3486 malim
1423 3448 1528 3503 ego
1560 3438 1793 3488 tantum
1855 3449 1940 3487 re-

280 3520 516 3576 ponere,
548 3504 943 3559 accedentium.

352 3576 466 3646 (75)
495 3577 593 3631 Jus
634 3580 719 3646 est
752 3574 1149 3646 superﬂuendi.
1200 3572 1414 3628 Prteter
1448 3572 1781 3646 (generales
1811 3590 1939 3629 ora-

280 3642 461 3703 tionis
493 3642 1177 3717 Dominicaa'petitiones,
1211 3660 1338 3714 qua:
1369 3642 1612 3717 cuilibet
1652 3642 1959 3717 Christiai’

281 3735 493 3774 norum
526 3722 665 3772 sunt
694 3715 1065 3782 communes,
1099 3715 1213 3771 alia
1254 3732 1406 3786 siepe
1441 3732 1473 3769 a
1509 3716 1645 3781 Deo,
1680 3715 1938 3786 singulo-

284 3735 493 3774 norum
526 3734 665 3772 sunt
694 3734 1065 3782 communes,
1099 3734 1213 3771 ana
1254 3734 1406 3786 stupe
1441 3734 1473 3769 a
1509 3734 1645 3781 uec,
1680 3734 1938 3841 ειηὲωο-

284 3806 418 3846 rum
454 3790 693 3861 propria
723 3789 1053 3861 hominum,
1088 3789 1336 3861 petenda
1370 3803 1430 3842 se
1454 3788 1730 3861 offerunt.
1809 3804 1940 3842 om-

288 3857 470 3917 muni'
502 3857 702 3931 itaque
765 3859 1012 3915 orationi
1074 3858 1342 3927 quadam
1402 3858 1612 3912 addere
1654 3857 1797 3931 licet
1839 3875 1940 3927 pro

289 3936 580 4003 cujusque
606 3929 957 3988 necessitate
987 3935 1045 3985 et
1072 3934 1226 3997 voto,
1260 3931 1601 4003 dummodo
1642 3929 1941 3998 petitioni-

288 4000 401 4059 bu's
455 4000 673 4058 nostris
732 4004 928 4058 divina
988 4006 1273 4073 praecepta
1328 4017 1443 4073 non
1484 4071 1491 4073 4
1536 4000 1938 4056 adversentur.

296 4074 591 4145 imprimis
623 4078 816 4130 autem
850 4071 1022 4129 nobis
1053 4090 1085 4127 a
1116 4071 1233 4127 Deo
1265 4071 1618 4145 praecipitur,
1664 4088 1733 4145 ne
1782 4089 1945 4145 roga-

288 4143 407 4203 turi
442 4147 509 4200 ad
544 4145 727 4201 altare
759 4146 1128 4211 accedamus,
1162 4144 1271 4199 nisi
1308 4144 1471 4214 prius
1503 4159 1633 4197 cum
1664 4143 1942 4199 fratribus

289 4218 512 4275 nostris
542 4217 887 4273 iniverimus
918 4232 1142 4288 pacem,
1175 4232 1242 4271 ac
1280 4215 1415 4288 odia
1470 4215 1939 4288 deposuerimus.

290 4292 410 4347 Hoc
436 4289 857 4358 Tertullianus,
891 4286 1014 4358 cap.
1049 4304 1171 4357 seq.
1206 4287 1491 4342 ostendet.
1533 4286 1763 4341 MURAT.

363 4362 478 4432 (76)
510 4360 688 4416 Titul.
720 4361 779 4417 in
812 4361 939 4416 cod.
974 4359 1218 4414 Ambr.:
1253 4360 1331 4413 Ne
1368 4372 1531 4414 orans
1560 4359 1790 4414 Patrem
1824 4360 1942 4429 fra-

295 4436 369 4488 tri
400 4434 685 4487 irascaris.

365 4505 475 4573 (77)
510 4505 584 4558 Ne
606 4504 784 4575 prius.
818 4501 1015 4556 Monet
1042 4500 1208 4571 prius
1240 4499 1402 4554 fratri
1451 4514 1580 4555 esse
1632 4499 1945 4556 concilian-

293 4576 455 4637 dum,
490 4591 669 4645 quam
701 4576 916 4629 oretur.
950 4577 1016 4645 G.
1040 4577 1354 4645 Pausiaca.

368 4646 480 4717 (78)
507 4642 658 4716 Quid
686 4649 764 4701 est
792 4646 958 4702 enim.
992 4644 1053 4700 Id
1088 4648 1177 4700 est
1198 4661 1217 4698 :
1263 4657 1440 4715 quam
1492 4642 1940 4697 observandum.

294 4718 362 4775 G.
397 4718 709 4773 Panemon.

365 4789 479 4860 (79)
512 4789 795 4845 Recedere.
821 4791 931 4843 Pro
960 4787 1177 4843 reventi
1204 4785 1357 4841 hanc
1381 4799 1583 4860 vocem
1622 4799 1943 4860 usurpasse

293 4856 571 4916 videntur
598 4860 914 4917 Sallustius
974 4864 1149 4930 atque
1196 4856 1495 4912 Horatius.
1553 4859 1690 4930 Cum
1743 4858 1942 4910 tamen

294 4932 545 4988 dubium
580 4949 820 4988 sensum
857 4927 1107 4986 habeant
1134 4931 1381 4985 istorum
1416 4927 1783 4998 exempla,et
1802 4943 1944 4983 sece-

294 5004 427 5059 dere
484 5005 663 5059 etiam
722 5002 1077 5072 signiﬁcent,
1138 5000 1346 5056 vellem
1393 4996 1603 5054 liceret
1646 4996 1948 5072 mihi_per

294 5075 732 5130 Tertullianum
765 5070 874 5129 hoc
913 5074 970 5127 in
1022 5073 1147 5127 loco
1198 5072 1449 5127 scribere
1501 5086 1617 5125 non
1668 5070 1945 5139 recedere,

296 5148 401 5202 sed
434 5147 713 5203 accedere.
745 5149 971 5200 Μυκη.
1004 5143 1274 5215 (Videtur
1302 5145 1534 5215 Auctor,
1570 5139 1776 5215 audaci
1801 5158 1947 5215 non:

295 5217 449 5273 nihil
482 5235 585 5289 pro
619 5234 780 5273 more
839 5233 946 5271 suo
1001 5211 1237 5287 syllepsi
1293 5231 1459 5281 usus,
1509 5211 1781 5283 junxisse
1806 5231 1818 5268 :
1879 5212 1950 5267 ad

298 5305 487 5323 nnn‘m
524 5291 620 5323 nos
646 5287 898 5323 ηηηιΛονο
920 5291 943 5323 9
962 5286 1206 5323 mann/lora
1232 5287 1346 5323 ei”:
1372 5298 1502 5323 nnra
1522 5288 1544 5323 9
1571 5285 1689 5323 Enn
1719 5283 1735 5323 Χ

294 5283 497 5362 ραοεπί
520 5291 620 5345 Dei
644 5287 898 5344 accedere
918 5291 943 5340 .9
962 5283 1206 5343 recedere
1228 5287 1346 5341 sine
1370 5298 1502 5356 pace
1519 5288 1544 5337 .9
1571 5283 1735 5353 Enn.)

372 5391 443 5402 —
473 5361 551 5415 Ad
570 5377 757 5431 pacem
792 5358 892 5431 Dei
920 5358 1185 5415 accedere.
1212 5356 1677 5431 Exstatguidem
1701 5355 1760 5410 in
1808 5356 1949 5431 edit.

302 5427 621 5503 posteriore
644 5429 898 5503 Rigaltii,
924 5447 1053 5502 quae
1075 5446 1227 5503 anno
1268 5428 1485 5500 prodiit
1515 5427 1675 5503 1634,
1703 5427 1949 5503 verbum

303 5499 572 5570 recedere,
600 5504 697 5559 sed
717 5499 916 5558 forsan
941 5499 1258 5572 typotbetas
1296 5514 1509 5572 errore,
1569 5499 1667 5572 qui
1690 5500 1953 5572 transiit

305 5576 365 5628 in
400 5576 568 5630 editt.
611 5579 944 5645 sequentes.
974 5570 1196 5628 _Habes
1256 5571 1490 5645 quidem
1541 5570 1733 5645 0:718.
1785 5571 1954 5637 Quale

304 5647 650 5715 sacriﬁcium
670 5640 769 5713 est,
794 5662 828 5699 a
848 5659 951 5715 quo
970 5646 1091 5701 sine
1114 5658 1243 5715 pace
1272 5640 1543 5715 receditur
1561 5641 1588 5695 ?
1606 5640 1715 5694 Sed
1750 5659 1954 5715 omnes

309 5713 601 5775 editihnes
631 5713 958 5788 antepillam
989 5713 1380 5788 Rigaltianam
1410 5713 1651 5766 verbum
1704 5714 1956 5771 accedere

311 5789 409 5846 hic
439 5794 740 5863 praestant.
771 5786 993 5845 Rou'rs.

2049 3439 2158 3497 est,
2193 3449 2324 3487 cum
2358 3433 2437 3487 sit
2468 3433 2750 3487 articulus
2782 3434 3031 3487 GI‘tBCllS.
3067 3433 3131 3488 G.
3184 3432 3490 3487 Pancmon.

2120 3505 2229 3575 (82)
2265 3506 2396 3559 Tum
2424 3521 2495 3558 ne
2524 3506 2588 3558 in
2617 3506 2728 3558 via.
2762 3504 3023 3575 Subaudi
3052 3521 3064 3558 :
3098 3508 3187 3575 est
3227 3502 3696 3575 Aobservandum.

2047 3572 2221 3631 PANC.
2257 3608 2324 3615 —
2354 3576 2514 3647 Saepe
2552 3575 2769 3630 dicitur
2810 3577 2844 3643 ἡ
2897 3572 3019 3635 ὁδὸς
3075 3573 3277 3646 religio
3344 3573 3694 3647 Christiana,

2047 3665 2180 3702 cum
2212 3649 2271 3702 in
2304 3643 2460 3702 Actis
2486 3649 2876 3718 apostolorum,
2934 3654 3059 3701 tum
3106 3647 3165 3700 in
3189 3643 3475 3701 Veterum
3530 3643 3696 3718 Chri-

2048 3720 2374 3775 stianorum
2407 3719 2664 3789 scriptis,
2701 3719 2781 3773 uti
2817 3719 3046 3774 monuit
3076 3718 3503 3773 Pearsoniusin
3523 3717 3700 3786 Expo-

2047 3791 2248 3845 sitione
2278 3790 2538 3860 Symboli.
2577 3791 2744 3845 Artic.
2780 3791 2843 3844 Et
2870 3792 2931 3845 in
2960 3792 3083 3846 Jesu
3129 3789 3362 3845 Christo.
3396 3789 3620 3860 Rou'm.

2122 3861 2233 3933 (83)
2264 3859 2415 3915 Iram
2462 3864 2539 3933 in,
2569 3865 2805 3933 fratrem
2857 3861 3149 3916 homicidio
3204 3862 3543 3933 superponit.
3593 3859 3697 3933 Ex;

2048 3929 2250 4002 presse
2278 3933 2337 3986 in
2368 3932 2543 3986 veteri
2569 3929 2702 4004 lege
2725 3933 3017 4003 prohibita
3048 3949 3163 3986 non
3194 3929 3424 3986 videtur
3455 3931 3560 4004 ira,
3594 3929 3696 3982 sed

2050 4005 2287 4071 quidem
2320 4002 2739 4058 homicidium.
2766 4008 2836 4058 At
2867 4004 3134 4059 Christus
3164 4004 3450 4072 amplians
3500 4002 3699 4072 legem,

2054 4077 2159 4130 hoc
2189 4082 2277 4130 est
2324 4078 2630 4145 perliciens
2679 4081 2735 4129 et
2793 4076 2958 4129 novis
3016 4071 3344 4144 disciplinae
3398 4071 3701 4145 praeceptis

2051 4143 2439 4228 amplificans,
2471 4145 2786 4228 homicidio
2818 4143 3246 4228 damnatohira:
3279 4143 3515 4228 quoque
3538 4143 3701 4197 dam-

2050 4216 2348 4273 nationem
2383 4232 2447 4271 ac
2478 4218 2927 4289 prohibitionem
2978 4216 3224 4286 addidit,
3270 4216 3389 4271 sive
3417 4227 3699 4289 _._superpo_-

2050 4291 2183 4366 suit:
2227 4290 2431 4345 Omnis
2478 4285 2716 4366 quidem
2760 4290 2847 4366 ira
2899 4290 2972 4344 ab
3018 4289 3186 4366 initio
3212 4285 3222 4366 '_
3242 4285 3555 4366 interdicta
3609 4285 3696 4366 est

2052 4361 2241 4427 nobis,
2274 4366 2339 4415 ut
2370 4358 2551 4432 supra
2579 4362 2976 4415 Tertullianus
3006 4362 3233 4415 dixerat
3261 4358 3703 4432 Genesis_testi-

2052 4434 2285 4499 monio;
2316 4428 2521 4505 verum
2563 4449 2699 4505 cum
2755 4438 3137 4505 aperteinoni
3173 4432 3466 4505 videretur
3515 4428 3703 4505 inter-

2053 4506 2230 4570 dicta,
2264 4503 2559 4576 expressis
2605 4504 2771 4559 illam
2795 4500 3015 4576 'verbis
3047 4521 3081 4576 a
3113 4502 3376 4576 fidelium
3426 4500 3700 4556 cordibus

2052 4574 2355 4633 removere
2377 4593 2444 4631 ac
2474 4591 2667 4631 arcere
2698 4575 2968 4633 Christus
2998 4575 3199 4631 voluit.
3234 4574 3465 4630 MURAT.

2122 4678 2188 4688 —
2221 4647 2569 4718 Superponit.
2607 4647 2836 4719 Adjicit,
2882 4652 2947 4702 ut
2994 4651 3082 4703 est
3133 4647 3285 4718 apud
3338 4642 3698 4710 Matthaaum,

2050 4736 2177 4790 cap.
2210 4736 2265 4775 v.
2300 4721 2363 4775 G.
2401 4720 2703 4775 PANCIROL.

2122 4786 2232 4859 (84)
2276 4793 2552 4863 Expungi.
2607 4787 2841 4861 Impleri
2889 4790 3040 4844 iram
3091 4788 3371 4845 convicio.
3423 4786 3490 4842 G.
3549 4786 3701 4842 PAN-

2054 4878 2238 4918 CIROL.

2127 4934 2237 5005 (85)
2271 4934 2574 5005 Receptum.
2621 4934 2707 4987 An
2760 4930 3076 4988 recessum?
3120 4931 3231 4987 Sed
3291 4928 3439 4985 nihil
3493 4928 3699 5001 jubeo.

2057 5006 2276 5060 Rou'rn.

2128 5077 2237 5145 (86)
2268 5076 2380 5130 Tit.
2444 5075 2573 5130 cod.
2633 5074 2944 5129 Ambros.:
2996 5094 3024 5123 ‹‹
3072 5072 3261 5129 Etiam
3308 5071 3470 5128 omni
3518 5069 3702 5127 animi

2057 5148 2402 5203 confusione
2431 5162 2680 5201 vacuum
2711 5163 2841 5201 esse
2872 5146 3102 5201 debere.
3140 5167 3168 5196 ι)

2129 5219 2235 5289 (87)
2269 5222 2378 5273 Nec
2406 5218 2472 5273 ab
2504 5220 2611 5272 ira.
2656 5218 2827 5273 Docet
2860 5225 3121 5273 orantem
3160 5214 3547 5287 tranquilium
3576 5228 3707 5270 esse

2058 5295 2352 5360 oportere,
2386 5294 2449 5344 ut
2479 5296 2568 5345 est
2587 5290 2841 5361 Spiritus
2864 5296 3126 5357 sanctus,
3152 5289 3222 5344 ad
3248 5305 3421 5359 quem
3445 5303 3704 5343 oramus.

2060 5361 2128 5417 G.
2162 5361 2467 5416 PANCIROL.

2132 5433 2243 5503 (88)
2277 5433 2627 5503 Con/mione.
2664 5431 2723 5485 In
2758 5448 2870 5487 ms.
2922 5432 3119 5487 codice
3165 5429 3551 5485 Ambrosiano
3600 5426 3703 5481 ha-

2061 5504 2232 5581 betur
2261 5504 2595 5581 c_ontus_i_one_.
2631 5503 2856 5581 Mue”.
3008 5574 3095 5581 ____
3242 5570 3276 5581 __
3488 5568 3520 5581 η
3625 5566 3638 5578 ,
3680 5565 3693 5581 ,

2131 5575 2241 5645 (89)
2272 5577 2344 5631 De
2372 5576 2479 5649 tali
2504 5575 2707 5649 spiritu
2735 5577 2957 5649 emissa.
3008 5574 3113 5649 Nil
3132 5570 3317 5649 oratio
3342 5568 3697 5649 _pr’csit,hnisi

2062 5640 2272 5718 apu80
2304 5651 2361 5702 et
2392 5640 2631 5701 minime
2664 5646 2970 5718 inquinate
3026 5644 3237 5718 spiritu
3259 5642 3361 5718 _ad
3409 5640 3695 5718 Spiritum

2062 5710 2347 5789 divinum,
2399 5718 2499 5789 qui
2550 5710 2904 5789 purissimus
2953 5710 3209 5789 est'imo
3256 5712 3386 5789 ipsa
3449 5710 3696 5789 puritas,

2062 5787 2301 5846 feratur.
2334 5782 2717 5861 Ne'que'enim
2758 5788 2999 5861 Spiritui
3046 5788 3247 5842 sancto
3285 5782 3525 5856 placere
3571 5784 3699 5841 ani-
