4134 6184
328 349 485 408 1273

1619 352 1849 411 LIBER
1894 353 1993 411 DE
2038 354 2457 428 OBA’I‘IONE.

3582 357 3607 412 Ι
3621 356 3739 413 274

328 480 553 535 minum
589 479 808 533 audent
837 480 973 549 (99),
1010 497 1080 535 ne
1106 480 1389 535 exclamet
1419 482 1635 553 aliquis
1664 484 1841 539 lsaias
1871 486 1971 554 (l),
2004 492 2054 555 Α
2087 485 2455 556 tare,quibus
2488 487 2696 540 merito
2728 490 2952 540 vanitas
2977 486 3377 555 exprobranda
3409 489 3535 552 est;
3562 485 3741 556 siqui-

330 586 401 623 ne
430 567 737 622 exhorreat
767 567 1055 622 Christus.
1088 568 1203 623 Nos
1235 585 1367 623 vero
1394 586 1508 625 non
1528 570 1853 626 attollimus
1877 574 1975 643 (3),

328 661 580 720 tantum,
615 657 715 711 sed
760 656 938 711 etiam
997 658 1387 728 expandimus
1440 676 1470 713 e
1528 660 1735 714 1170
1785 661 1979 715 Domi-

330 745 462 799 nica
494 746 767 816 passione
799 746 842 778 ‘5
876 746 1241 800 modulatum
1268 748 1310 781 ⁴⁶
1339 748 1437 817 (3),
1463 755 1519 802 et
1551 754 1784 804 orantes
1802 752 1981 804 conti-

332 840 527 890 temur
550 834 805 889 Christo.

887 923 1113 979 CAPUT
1144 924 1247 978 xv
1278 924 1320 957 νι
1350 925 1446 993 (4).

405 1012 515 1067 Sed
547 1012 826 1082 quoniam
861 1012 934 1084 (5)
971 1029 1154 1067 unum
1187 1012 1423 1084 aliquod
1466 1014 1769 1085 attigimus
1792 1033 1983 1072 vacuae

334 1100 758 1158 observationis
789 1101 888 1173 (6),
921 1118 1038 1157 non
1068 1102 1291 1173 pigebit
1319 1108 1525 1159 cistera
1547 1120 1782 1175 quoque
1814 1107 1988 1161 deno-

2091 574 2222 628 dem
2257 575 2383 629 sine
2407 574 3445 646 ulliusautDominici,autapostolici
3468 576 3741 645 praecepti

2091 664 2434 717 auctoritate
2468 666 2636 718 fiunt.
2662 664 3011 732 Huiusmodi
3031 663 3183 717 enim
3209 680 3321 718 non
3342 662 3737 733 religioni,sed

2094 753 2498 822 superstitioni
2531 754 2910 824 deputantur,
2960 753 3227 807 affectata
3286 757 3343 807 et
3401 756 3621 816 coacta,
3685 756 3741 805 et

2094 840 2309 895 curiosi
2335 843 2547 912 potius,
2581 858 2757 912 quam
2790 841 3093 895 rationalis
3124 841 3301 895 ofﬁcii
3328 858 3341 906 ;
3376 845 3527 895 certe
3566 839 3653 895 vel
3674 855 3739 893 eo

2095 931 2435 997 coercenda,
2464 931 2618 1001 quod
2678 931 2999 1001 gentilibus
3057 931 3366 1000 adaequant
3390 932 3489 999 (7).
3554 929 3622 983 Ut
3651 934 3741 984 est

2096 1020 2510 1089 quorumdam,
2543 1018 2820 1089 expositis
2852 1021 3049 1073 1171
3090 1020 3132 1053 ⁴⁸
3173 1020 3245 1089 (8)
3279 1017 3507 1090 penulis
3537 1019 3581 1052 ‘9
3612 1034 3741 1072 ora-

2096 1108 2313 1162 tionem
2348 1107 2535 1164 facere
2567 1128 2582 1177 ;
2615 1108 2699 1163 sic
2729 1110 2886 1163 enim
2915 1108 3133 1163 adeunt
3163 1108 3235 1163 ad
3267 1106 3423 1163 idola
3454 1106 3739 1162 nationes.

1773 1205 1975 1264 Varia:
2015 1205 2337 1265 lectiones.

405 1296 549 1373 “_E_t
577 1296 878 1373 dominica
905 1313 1087 1369 pass.,
1124 1297 1312 1373 ξθηιιη
1344 1300 1532 1369 Leop.,
1563 1302 1661 1371 qui
1689 1302 2045 1357 scribendum
2089 1305 2351 1372 opinatur
2382 1319 2395 1357 :
2459 1302 2817 1357 Dominicam
2870 1303 3205 1373 passionem
3264 1301 3659 1357 modulantes.
3692 1302 3737 1335 ιθ

334 1367 703 1446 Modulantes
734 1367 1098 1446 SemlgLeop.
1126 1371 1318 1446 Routh.
1350 1386 1420 1426 ex
1447 1367 1657 1446 Paniel.
1690 1375 1958 1446 editione.
1993 1375 2035 1409 ‘7
2058 1367 2199 1446 Cap.
2242 1376 2344 1430 Xll
2376 1374 2540 1431 alias.
2568 1375 2610 1409 ⁴⁸
2639 1376 2724 1431 Ita
2772 1367 2979 1443 Rigalt.
3042 1377 3226 1429 Paris.
3294 1376 3472 1431 Venet.
3532 1373 3743 1429 Positis

333 1438 578 1495 Semler.
611 1442 773 1512 Leop.
806 1441 849 1475 ⁴⁹
878 1438 1136 1496 Pcenu1is
1165 1442 1328 1510 alias,
1360 1452 1582 1515 excepto
1610 1443 1781 1499 Seml.

1775 1544 2294 1606 Commentarius.

412 1665 482 1676 ——
504 1636 849 1691 Conscientia
876 1640 1100 1707 patrum
1130 1634 1485 1693 haereditarii
1510 1640 1613 1694 rei.
1644 1638 1877 1695 Judisos
1910 1640 1992 1695 ita

342 1707 791 1780 circumscribit,
812 1724 972 1780 quos
1015 1708 1411 1780 reprehendit,
1445 1711 1595 1780 quod
1632 1728 1843 1766 manus
1877 1728 1989 1766 non

346 1778 614 1852 attollant
642 1779 701 1832 in
735 1778 859 1852 suis
890 1779 1220 1852 sacrificiis,
1253 1778 1477 1851 quippe
1501 1782 1602 1852 qui
1660 1782 1719 1837 in
1772 1788 1987 1838 terram

346 1851 513 1922 proni
544 1867 710 1905 orare
742 1850 1089 1922 plerumque
1120 1850 1375 1915 soleant,
1406 1850 1612 1907 saltem
1648 1853 1709 1909 in
1741 1854 1850 1910 hac
1882 1871 1992 1911 sua

349 1923 732 1977 exczscatione
763 1924 915 1977 circa
935 1923 1147 1977 Christi
1178 1924 1533 1993 passionem.
1560 1925 1704 1980 Pam.

418 1995 529 2063 (99)
561 1994 668 2048 Nec
709 1995 961 2049 attollere
1019 2010 1116 2049 eas
1160 1994 1234 2048 ad
1260 1996 1548 2049 Dominum
1596 1997 1819 2051 audent.
1874 1997 1991 2051 Ire-

2099 1638 2489 1707 expandimus
2521 1638 2891 1707 modum,sed
2923 1639 3252 1703 modulum,
3285 1637 3370 1695 vel
3403 1640 3467 1693 ut
3497 1637 3578 1691 ait
3606 1636 3743 1692 Ter-

2100 1708 2407 1774 tullianus,
2449 1710 2839 1776 modulatum,
2901 1727 3076 1781 quem
3137 1710 3401 1765 exhibuit
3460 1708 3744 1763 Dominus

2101 1788 2300 1839 noster
2327 1782 2465 1837 Jesu
2498 1782 2764 1837 Christus
2796 1783 3070 1853 expansis
3115 1783 3173 1837 in
3231 1798 3401 1838 cruce
3448 1781 3742 1853 manibus.

2099 1855 2207 1919 Qui
2243 1854 2388 1909 ritus
2418 1854 2594 1908 etiam
2629 1853 2798 1908 hodie
2829 1851 3094 1909 servatur
3124 1856 3278 1925 apud
3333 1870 3440 1907 nos
3486 1853 3545 1906 in
3597 1851 3740 1925 reci-

2101 1927 2281 1981 tanda
2325 1926 2575 1997 publicis
2627 1926 2899 1997 precibus
2952 1924 3211 1981 oratione
3275 1924 3742 1997 DominicasSic

2101 1994 2338 2052 orantes
2366 1994 3116 2067 conﬁtem‘urChristoquia
3139 2014 3242 2051 nos
3275 1998 3426 2051 inter
3455 1994 3741 2050 orandum

349 2082 533 2140 naeus,
570 2066 781 2119 llb.lV:
818 2089 845 2114 ‹‹
890 2066 1077 2140 Judaei
1125 2067 1250 2135 jam
1294 2085 1407 2121 non
1460 2070 1729 2123 offerunt.
1787 2072 1991 2123 Manus
2024 2075 2071 2139 Β
2102 2070 2228 2140 ipso
2256 2074 2419 2139 gestu
2456 2071 2799 2140 prolitemur
2834 2066 3217 2136 Christianos,
3276 2084 3514 2138 corpore
3547 2073 3746 2140 nostro

348 2137 504 2191 enim
531 2154 728 2191 eorum
767 2137 1051 2208 sanguine
1084 2142 1265 2207 plenae
1299 2145 1457 2194 sunt.
1494 2140 1613 2193 Non
1647 2140 1801 2194 enim
1838 2157 1994 2195 rece-

350 2214 567 2281 perunt
594 2208 871 2274 Verbum,
907 2225 1007 2281 per
1036 2210 1187 2278 quod
1224 2211 1466 2265 otl'ertur
1497 2211 1628 2265 Deo.
1668 2233 1695 2259 »
1726 2215 1850 2265 RiG.

420 2282 497 2348 (ll
529 2281 604 2353 Ne
633 2280 902 2334 exclamet
932 2280 1137 2353 aliquis
1159 2282 1349 2353 Isaias.
1394 2286 1473 2335 Ne
1529 2282 1743 2353 aliquis
1785 2282 1992 2352 spiritu

350 2353 511 2406 Isaiae
546 2351 752 2423 plenus
781 2351 1025 2405 cumillo
1055 2352 1430 2417 exclamet,ac
1455 2351 1642 2407 Deum“
1661 2355 1735 2407 ita
1760 2351 1996 2423 loquen-

352 2431 466 2478 tem
496 2424 735 2477 inducat
766 2439 779 2477 :
814 2428 945 2476 Cum
974 2425 1227 2477 extendet
1242 2427 1334 2477 itis
1377 2441 1575 2479 manus
1606 2432 1833 2494 vestras,
1883 2434 1993 2479 etc.

354 2502 540 2564 Atque
573 2495 681 2549 hoc
712 2500 802 2548 est
832 2494 1159 2564 emphatice
1184 2496 1425 2549 dictum.
1453 2496 1755 2551 Muna'ron.
1792 2528 1858 2536 —
1886 2499 1998 2549 Nec

352 2567 623 2620 exclamet
655 2566 855 2638 aliquis
911 2568 1103 2620 Isaias.
1151 2567 1420 2621 Abundat
1476 2569 1701 2638 aliquis.
1744 2572 1808 2621 ut
1846 2584 1997 2637 saepe

353 2638 512 2693 alibi.
554 2636 827 2706 lntelligit
856 2638 1007 2707 quod
1045 2638 1183 2691 dicit
1214 2638 1415 2703 Isaias,
1462 2636 1587 2708 cap.
1622 2657 1639 2693 ι
1674 2656 1686 2692 :
1721 2642 1859 2693 Cum
1900 2636 1995 2693 elc-

356 2709 650 2763 tenderitis
678 2724 877 2762 manus
909 2718 1131 2769 vestras.
1190 2720 1430 2763 avertam
1485 2713 1684 2781 faciem
1738 2728 1769 2763 a
1798 2713 1947 2764 vobis
1980 2728 1995 2773 ;

353 2796 556 2835 manus
586 2782 734 2834 enim
766 2784 957 2835 vestra?
984 2780 1249 2849 sanguine
1276 2783 1456 2851 plenae
1497 2787 1642 2836 sunt.
1680 2782 1993 2846 Lavamini,

354 2853 553 2906 mundi
580 2856 763 2917 estate,
785 2853 999 2920 auferte
1054 2854 1327 2920 nequitias
1393 2854 1463 2906 ab
1520 2855 1723 2907 animis
1780 2854 1993 2907 vestris.

356 2929 421 2977 Et
452 2924 581 2977 ideo
614 2922 889 2977 dicitzNe
942 2924 1210 2977 exclamet
1264 2926 1456 2978 Isaias.
1518 2925 1583 2978 Et
1633 2924 1727 2977 hic
1780 2929 1994 2989 monet,

357 2995 628 3049 Hebraeos
661 2994 999 3048 immundae
1040 3011 1250 3047 manus
1309 3011 1543 3065 semper
1591 2996 1821 3056 habere,
1871 3011 1997 3064 quas

362 3066 524 3120 nulla
556 3082 706 3137 aqua
741 3073 988 3135 possunt
1009 3066 1303 3119 mundari.
1330 3068 1395 3122 G.
1454 3067 1759 3121 PANCIROL.
1788 3096 1857 3106 —
1891 3067 1999 3121 Re-

354 3144 515 3194 verte
543 3138 612 3192 ad
639 3154 766 3207 cap.
800 3139 853 3192 2.
891 3138 1105 3192 Bou'ra.

428 3212 505 3276 (2)
535 3211 637 3264 Nos
666 3224 790 3262 vero
826 3225 935 3262 non
966 3209 1286 3274 attollimus,
1346 3212 1456 3262 etc.
1515 3208 1997 3278 Quandoquidem

356 3280 543 3334 Judazi
581 3280 919 3333 immundus
950 3279 1453 3350 etipsiusltomini
1489 3280 1776 3350 sanguine
1798 3296 2001 3333 cruen-

356 3356 512 3406 tatas
546 3368 754 3405 manus
788 3350 1049 3405 attollere
1078 3367 1178 3404 nec
1219 3352 1455 3421 audent,
1491 3368 1595 3405 nec
1627 3354 1860 3414 debent,
1895 3369 2001 3405 no-

2106 2139 2174 2195 ad
2204 2139 2691 2210 figuram'Christi
2725 2142 2986 2194 cruciﬁxi
3022 2142 3405 2194 cont'ormato.
3442 2145 3571 2210 Ipse
3602 2139 3743 2191 Ter-

2104 2212 2410 2276 tullianus,
2448 2212 2545 2265 lib.
2579 2228 2595 2265 i
2626 2212 2695 2265 ad
2732 2212 2987 2266 Nationes
3017 2230 3035 2266 :
3068 2234 3094 2261 «
3128 2212 3180 2265 Si
3246 2212 3520 2265 statueris
3555 2210 3749 2262 homi-

2104 2301 2235 2337 nem
2272 2283 2545 2337 manibus
2574 2284 2866 2352 expansis.
2901 2284 3214 2353 imaginem
3241 2285 3428 2337 crucis
3460 2284 3680 2336 feceris.
3717 2302 3744 2328 ››

2103 2356 2388 2409 Maximus
2420 2355 2821 2418 Taurinensns,
2867 2355 3068 2409 homil.
3114 2356 3148 2407 2
3203 2354 3267 2407 de
3294 2369 3449 2408 cruce
3478 2353 3697 2406 Domini
3727 2370 3745 2404 :

2107 2450 2133 2476 (ι
2171 2427 2359 2495 Ipsius
2387 2428 2561 2480 etiam
2598 2428 2862 2480 incessus
2878 2426 3154 2488 hominis,
3189 2441 3319 2479 cum
3350 2440 3559 2478 manus
3592 2423 3742 2477 leva-

2102 2499 2270 2564 verit,
2305 2513 2533 2552 crucem
2570 2498 2774 2567 pingit.
2798 2503 3032 2567 »Atque
3062 2496 3439 2552 ideoelevatis
3474 2495 3747 2548 manibus

2106 2587 2267 2623 orare
2310 2570 2699 2639 prmoipimur,
2761 2576 2825 2621 ut
2880 2569 3006 2638 ipso
3056 2585 3287 2639 quoque
3349 2569 3743 2639 membrorum

2108 2648 2271 2712 gestu
2310 2638 2638 2711 passionem
2674 2640 2901 2693 Domini
2938 2638 3236 2693 lateamur.
3261 2642 3418 2705 Quod
3458 2638 3745 2712 Maximus

2106 2709 2363 2767 dicitfu
2416 2712 2541 2782 ipso
2583 2713 2973 2766 membrorum
3032 2718 3198 2782 gestu
3246 2732 3266 2760 ι
3306 2727 3319 2777 ;
3353 2709 3746 2782 Tertullianus

2107 2785 2372 2847 dixisset,
2396 2780 2599 2853 «(ipso
2630 2783 2889 2853 corporis
2922 2780 3245 2836 modulatu.
3284 2804 3309 2828 ι)
3376 2783 3468 2835 Sic
3526 2780 3624 2833 lib.
3685 2780 3750 2833 de

2106 2857 2328 2921 Anima,
2363 2871 2487 2924 cap.
2520 2856 2607 2919 3‘3,
2647 2855 2739 2907 ubi
2774 2855 2843 2907 de
2874 2855 3203 2908 animarum
3238 2855 3293 2906 in
3352 2854 3459 2907 alia
3504 2868 3746 2921 corpora

2106 2924 2493 2981 translatione
2526 2940 2537 2979 :
2565 2948 2591 2973 α
2627 2926 2737 2979 Nec
2754 2926 3002 2980 modulis
3021 2942 3325 2992 corporum
3348 2925 3746 2992 adzequantur,

2108 2998 2325 3067 inquit,
2358 2997 2411 3049 id
2450 3002 2558 3059 est,
2620 3013 2928 3065 mensura},
2990 2993 3384 3067 amplitudini,
3440 2993 3745 3067 capacitati

2110 3065 2225 3124 non
2259 3069 2627 3122 conveniunt.
2667 3088 2688 3117 ν
2726 3070 2917 3138 quue
2949 3065 3125 3123 sensu
3158 3068 3516 3137 antiquiores
3559 3065 3747 3119 Latini

2111 3141 2396 3204 dixerant,
2432 3162 2457 3187 ‹‹
2494 3140 2730 3193 modum
2765 3141 2909 3209 agri,
2945 3162 2972 3187 »ι
3017 3147 3072 3194 et
3102 3163 3128 3189 ‹‹
3166 3139 3356 3193 metiri
3392 3155 3453 3193 se
3485 3154 3590 3192 suo
3624 3153 3750 3191 mo-

2113 3212 2251 3267 dulo
2284 3226 2350 3263 ac
2382 3211 2550 3281 pede.
2595 3232 2621 3257 ››
2656 3210 2883 3264 Ricuxr.

2182 3284 2259 3349 (li)
2292 3280 2404 3335 Tit.
2439 3283 2564 3334 cod.
2600 3284 2866 3335 Ambros.
2906 3297 2918 3333 :
2962 3282 3037 3334 De
3066 3282 3328 3349 expositis
3354 3280 3593 3351 penulis.

2184 3348 2261 3421 (5)
2291 3353 2395 3406 Sed
2424 3355 2708 3422 quoniam,
2741 3359 2847 3407 etc.
2888 3353 3031 3416 Quia
3052 3348 3367 3421 attigimus
3388 3348 3755 3418 unum,quod

358 3422 692 3509 bis_(‘.hristi
726 3422 861 3509 [iliis
893 3423 1270 3509 gaudendum
1301 3430 1409 3487 est,
1459 3424 1557 3493 qui
1591 3441 1703 3477 non
1729 3424 1999 3509 attollere
2033 3442 2076 3509 ρ
2115 3432 2205 3480 est
2233 3441 2444 3479 vanum
2466 3425 2548 3506 .de
2590 3424 2858 3509 lavandis.
2888 3424 3180 3509 manibus,
3240 3423 3353 3477 alia
3394 3423 3569 3509 etiam
3599 3422 3751 3475 dice-

360 3501 613 3557 tantum,
646 3495 743 3547 sed
777 3511 875 3548 eas
905 3495 1230 3563 expandere
1264 3510 1578 3564 possumus
1639 3512 1671 3548 a
1720 3496 2003 3548 Dominica

360 3566 837 3637 passioneeruditi
866 3583 1036 3628 ;suas
1068 3566 1221 3621 enim
1238 3567 1515 3635 expandit
1536 3566 1591 3619 in
1608 3582 1777 3620 cruce
1801 3567 2002 3619 mundi

362 3639 649 3691 Servator.
685 3639 1046 3708 Quapropter
1085 3654 1152 3691 ea
1181 3638 1355 3691 verba
1384 3654 1412 3691 e
1444 3638 1721 3692 Dominica
1748 3640 2006 3708 passione

362 3708 707 3763 modulatum
738 3707 1274 3763 aliam'desiderare
1304 3725 1498 3762 vocem
1546 3708 1684 3761 mihi
1710 3707 2004 3773 videntur,

364 3782 697 3849 cujusmodi
730 3784 886 3834 esset
910 3781 1481 3850 capientes,habentes,
1516 3786 1615 3833 aut
1636 3780 1773 3849 quid
1795 3780 2003 3846 simile,

364 3861 428 3906 ut
477 3852 821 3906 sitsensus:
856 3851 970 3904 Nos
1028 3868 1160 3905 vero
1222 3868 1336 3905 non
1394 3850 1719 3905 attollimus
1750 3857 2004 3916 tantum,

363 3923 464 3978 sed
523 3923 695 3976 etiam
754 3921 1144 3993 expendimus
1204 3939 1436 3989 manus,
1491 3922 1850 3989 modulatum,
1896 3922 2005 3976 hoc

362 3998 451 4048 est
480 4010 819 4061 mensuram,
853 4010 882 4047 e
913 3993 1335 4049 Dominicruce
1392 3993 1711 4063 capientes,
1752 3994 1849 4048 ubi
1900 4010 2006 4048 nos

360 4066 459 4119 ille
542 4065 742 4119 docuit
800 4081 1011 4119 manus
1078 4066 1422 4134 expandere.
1484 4066 1543 4118 In
1597 4065 1697 4118 lib.
1757 4065 1827 4119 de
1878 4064 2005 4119 Pal-

366 4137 444 4192 lio
476 4136 626 4192 tunae
653 4135 1052 4191 modulationes
1073 4146 1385 4191 menstruas
1420 4136 1816 4191 Tertullianus
1838 4137 2004 4202 dixit,

362 4213 429 4262 ut
489 4224 825 4263 mensuram
894 4208 1117 4263 lunaris
1173 4215 1368 4262 motus
1440 4208 1821 4278 significaret.
1884 4209 2008 4263 MU-

364 4297 488 4336 ΕΔΤ.

436 4350 514 4421 (3)
544 4352 586 4404 Ε
619 4351 899 4405 Dominica
929 4352 1183 4421 passione
1220 4349 1585 4404 modulantes.
1646 4354 2003 4415 Formantes,

352 4426 430 4476 ut
459 4422 693 4476 tenebat
726 4422 998 4476 Dominus
1033 4438 1244 4476 manus
1275 4422 1333 4475 in
1376 4436 1567 4474 cruce.
1629 4421 1716 4475 Ita
1762 4422 2009 4477 orabant

364 4495 557 4565 passis
590 4493 936 4565 brachiiset
966 4493 1259 4547 manibus.
1293 4492 1357 4547 G.
1392 4493 1695 4546 Pancmos.

436 4566 623 4619 -—Sed
651 4564 1017 4632 expandimus
1046 4581 1075 4619 e
1105 4565 1398 4619 Dominica
1447 4564 1699 4632 passione
1748 4562 2006 4617 modula-

364 4644 503 4691 tum.
542 4636 825 4691 Pamelius
859 4637 1077 4691 edidit:
1108 4656 1129 4683 ι
1163 4635 1279 4689 Nos
1334 4650 1466 4689 vero
1517 4651 1632 4688 non
1682 4633 2006 4689 attollimus

360 4710 723 4773 tantum,sed
754 4707 926 4762 etiam
954 4706 1343 4777 expandimus
1363 4720 1393 4759 e
1424 4705 1722 4777 Dominica
1740 4705 2007 4776 passione

364 4778 757 4872 modulantes,
784 4783 839 4872 et
859 4785 1094 4872 orantes
1137 4776 1763 4872 confitemurJQhristo.
1792 4777 2001 4872 nntierri
2036 4809 2083 4872 D

363 4850 602 4919 quidem
641 4854 856 4919 posset,
892 4873 919 4899 «
953 4852 1048 4904 sed
1084 4848 1256 4903 etiam
1289 4849 1697 4919 expendimus,
1730 4864 1760 4902 e
1810 4848 2002 4901 Domi-

363 4922 498 4976 nica
529 4923 799 4991 passione
832 4922 1219 4976 modulantes.
1254 4942 1282 4969 »
1313 4920 1522 4974 Verius
1551 4924 1748 4973 tamen
1779 4920 2009 4973 videtur

363 5010 435 5047 ex
460 4994 607 5048 libro
639 4993 928 5063 Agobardi
959 5010 970 5047 :
1007 5017 1031 5042 α
1060 4994 1169 5047 Sed
1200 4992 1374 5045 etiam
1415 4991 1803 5063 expendimus
1825 5007 1854 5044 e
1899 4996 2005 5044 Do-

365 5065 587 5119 minica
614 5060 881 5134 passione
930 5064 1316 5119 modulatum.
1352 5084 1380 5111 »
1432 5060 1776 5134 Utriusque
1808 5067 2000 5116 autem

363 5132 668 5207 scriptura:
701 5152 912 5190 sensus
944 5135 1084 5190 satis
1124 5136 1233 5191 erit
1263 5135 1554 5207 obscurus
1578 5138 1636 5187 et
1656 5132 2001 5207 iambiguus,

364 5204 660 5261 nisi—ritus
692 5211 831 5261 tunc
863 5208 1061 5261 usitati
1088 5207 1229 5261 ratio
1282 5205 1620 5276 explicetur.
1681 5204 1829 5258 Illud
1869 5221 2004 5258 vero

366 5279 426 5331 in
459 5279 664 5349 primis
701 5279 1021 5333 notandum
1053 5286 1156 5342 est,
1208 5293 1307 5333 eos
1362 5292 1554 5333 errare
1600 5276 1872 5348 graviter,
1907 5276 2005 5349 qui

366 5348 708 5405 modulantes
740 5350 832 5404 hic
863 5349 1158 5419 accipiunt
1196 5349 1360 5418 quasi
1392 5358 1647 5404 canentes
1699 5353 1802 5404 aut
1852 5348 2005 5419 psal-

365 5421 556 5476 lentes.
602 5422 746 5477 Nam
778 5438 912 5477 cum
943 5422 1012 5475 de
1081 5421 1301 5491 privata
1359 5423 1617 5476 oratione
1663 5421 1742 5474 sit
1789 5436 2004 5487 sermo,

366 5508 545 5562 quam
580 5510 722 5547 sono
753 5494 909 5547 vocis
924 5493 1246 5548 summisso
1272 5495 1447 5562 atque
1473 5492 1735 5563 subjecto
1769 5492 2008 5547 ﬁeride-

363 5564 504 5619 bere
543 5563 621 5619 ait
652 5564 1070 5627 Tertullianus,
1104 5562 1249 5619 nihil
1283 5580 1431 5633 opus
1464 5562 1859 5619 fuit’modulis
1883 5580 2008 5618 mu-

365 5633 525 5690 sicis.
577 5635 691 5690 Nos
740 5636 1108 5692 modulatum
1158 5635 1613 5706 interpretamur
1666 5635 2005 5705 imaginem,

368 5706 618 5779 figuram
644 5706 889 5779 scilicet,
923 5725 1025 5763 seu
1058 5712 1285 5779 gestum
1338 5708 1577 5779 orantis.
1610 5707 2007 5779 Expandimus

365 5778 552 5848 igitur
579 5794 610 5834 e
641 5778 943 5835 Dominica
991 5778 1263 5851 passione
1292 5777 1709 5845 modulatum,'
1732 5778 1840 5851 hoc
1891 5781 2006 5851 est,

366 5854 604 5908 orantes
634 5864 751 5909 non
779 5848 1012 5911 tantum
1040 5848 1368 5910 attollimus
1396 5864 1631 5922 manus,
1677 5850 1780 5909 sed
1828 5848 2006 5908 etiam

2114 3514 2246 3551 mus
2270 3513 2380 3550 non
2405 3496 2597 3549 minus
2627 3499 2868 3561 vana,ut
2887 3500 2976 3549 est
2997 3496 3282 3564 deponere
3305 3493 3547 3566 penulas
3577 3508 3755 3547 causa

2115 3568 2341 3631 orandi,
2375 3568 2445 3620 de
2477 3583 2589 3636 quo
2622 3568 2879 3634 subjicit.
2914 3568 2977 3621 G.
3018 3566 3250 3619 Panem.

2188 3642 2263 3705 (6)
2296 3635 2919 3692 Vacum’abseri'ati'onis.
2979 3642 3214 3691 Inanem
3277 3635 3501 3689 scilicet
3558 3650 3623 3687 ac
3655 3650 3752 3687 su-

2115 3712 2396 3781 perfluam
2430 3709 2685 3779 appellat
2706 3726 2983 3763 manuum
3008 3717 3140 3763 ante
3160 3724 3357 3781 preces
3378 3707 3753 3770 ablutionem,

2115 3780 2225 3864 nisi
2263 3783 2425 3864 prius
2442 3787 2497 3834 et
2521 3782 2801 3861 animosa
2827 3780 3138 3862 criminum
3164 3780 3436 3864 sordibus
3455 3783 3753 3850 purgetur.

2114 3850 2306 3919 Pergit
2356 3856 2547 3905 autem
2609 3852 2883 3905 vanitatis
2942 3869 3183 3916 arguere
3240 3850 3475 3905 illorum
3523 3863 3756 3918 quoque

2116 3922 2622 3990 consuetudinem,
2655 3922 2752 3991 qui
2785 3924 3067 3991 depositis
3098 3922 3464 3991 gravioribus
3494 3920 3755 3973 vestibus

2116 3997 2186 4050 ad
2220 3994 2539 4048 orationem
2572 3995 2941 4047 accedebant.
2979 3995 3200 4047 Muna'r.

2187 4068 2261 4135 (7i
2296 4067 2603 4138 Gentilibus
2620 4065 2927 4138 altaequent.
2963 4066 3067 4118 Pro
3099 4066 3500 4134 adsequentur,
3540 4064 3597 4113 et
3637 4059 3757 4138 sint

2116 4144 2289 4209 prout
2317 4137 2629 4191 observant
2654 4137 2785 4209 ipsi.
2820 4136 2889 4209 GL
2922 4141 3223 4191 pANCIROL.
3259 4165 3323 4174 -
3355 4138 3569 4188 Forsan
3602 4136 3753 4184 exci-

2116 4154 2289 4209 prout
2317 4154 2629 4191 onservant
2654 4154 2785 4260 l/pBl.
2820 4154 2883 4189 υ.
2922 4154 3081 4189 nnc:

2116 4209 2201 4263 dit
2221 4224 2318 4263 nos
2348 4216 2475 4279 post
2502 4208 2654 4277 genti
2676 4208 2827 4260 ibus.
2864 4207 3081 4262 Rou'ru.

2189 4282 2261 4351 (8)
2297 4270 2364 4335 υἱ
2401 4284 2483 4333 est
2502 4270 2907 4349 "quorumdam,
2941 4279 3205 4351 expositis
3233 4275 3612 4351 penulistetc.
3649 4270 3755 4324 Pe-

2115 4342 2256 4407 nula
2288 4342 2541 4404 vestium'
2568 4367 2752 4421 genus
2786 4351 2916 4415 fuit,
2944 4342 3098 4423 quas
3131 4342 3391 4419 pluvioso
3423 4342 3753 4423 trigidoque

2116 4424 2258 4478 coelo
2290 4428 2510 4478 veteres
2546 4414 2883 4477 induebant.
2943 4414 3059 4475 Has
3115 4414 3429 4490 antequam
3485 4414 3755 4490 precibus

2117 4511 2351 4578 operam
2366 4494 2839 4578 darenﬁquidam
2856 4510 2885 4545 e
2907 4492 3253 4578 Qhr'i‘stianis
3270 4487 3644 4578 deponendas
3664 4501 3754 4539 ar-

2115 4560 2506 4620 bitrabantur.
2548 4560 2707 4629 Quod
2742 4581 2873 4619 vero
2897 4565 2978 4618 ait
3005 4560 3482 4626 Tertullianus,id
3509 4574 3752 4629 consue-

2114 4639 2265 4692 visse
2290 4637 2409 4691 ﬁeri
2445 4654 2477 4690 a
2506 4627 2863 4697 nationibus,
2922 4635 3029 4689 hoc
3077 4639 3165 4688 est
3222 4635 3291 4687 ab
3324 4629 3572 4686 ethnicis
3603 4627 3757 4683 idola

2118 4709 2491 4773 adeuntibus,
2520 4708 2771 4774 Aﬁschyli
2830 4707 3063 4761 Graecus
3092 4707 3378 4775 interpres
3408 4704 3755 4775 conﬁrmare

2113 4780 2575 4852 videtur._Nescio
2591 4779 2727 4851 quid
2758 4780 2932 4852 etiam
2949 4780 3019 4832 de
3050 4774 3473 4852 mutationibus
3493 4774 3756 4852 vestium

2116 4852 2171 4905 in
2207 4850 2513 4919 gentilium
2545 4843 2727 4905 sacris
2754 4850 2879 4920 ipse
2907 4848 3293 4913 Tertullianus
3335 4847 3509 4901 habet
3562 4845 3620 4899 in
3651 4843 3756 4899 lib.

2114 4924 2178 4978 de
2212 4924 2407 4991 Pallio,
2437 4939 2560 4993 cap.
2597 4923 2647 4976 4.
2681 4925 2903 4993 manu.

2186 5025 2251 5034 —
2288 4995 2347 5049 Ut
2377 4988 2454 5047 est
2484 4988 2847 5064 quorumdam
2877 4993 3068 5061 positis
3096 4991 3336 5060 penulis,
3371 4994 3477 5043 etc.
3518 4988 3601 5064 Ita
3623 5001 3756 5064 ora-

2111 5064 2255 5119 bant
2284 5058 2549 5133 gentiles.
2580 5064 2792 5120 Penula
2819 5058 2954 5118 vero
3012 5058 3189 5118 vestis
3220 5068 3362 5123 erat.
3398 5058 3753 5133 quapluviie

2110 5138 2198 5190 vel
2244 5128 2467 5192 itineris
2500 5136 2685 5207 gratia
2718 5136 3051 5207 utebantur.
3086 5128 3460 5207 Lampridius
3518 5131 3575 5207 in
3618 5128 3753 5183 Alc-

2113 5208 2333 5263 xandro
2360 5226 2372 5262 :
2410 5202 2656 5274 Pen'utis,
2690 5206 3068 5277 inquit.intra
3100 5202 3319 5279 urbem
3338 5202 3755 5279 frigoriscausa

2116 5283 2181 5333 ut
2216 5296 2383 5333 senes
2416 5285 2722 5333 uterentur
2778 5274 3059 5349 permisit,
3121 5276 3361 5349 cumrid
3424 5274 3753 5349 vestimenti

2116 5368 2295 5417 genus
2328 5343 2939 5418 scmperitinerarium
2977 5355 3077 5405 aut
3134 5348 3339 5421 pluviae
3390 5347 3615 5402 fuisset.
3649 5343 3753 5397 Ju-

2113 5422 2357 5491 venalis,
2390 5422 2557 5478 satir.
2587 5423 2621 5476 5
2656 5439 2667 5476 :

2450 5564 2513 5612 Et
2542 5564 2710 5613 multo
2742 5565 2964 5615 stillaret
2991 5563 3188 5627 penula
3207 5561 3407 5610 nimbo.

2114 5705 2332 5778 Cicero,
2364 5706 2421 5760 in
2457 5705 2606 5762 Orat.
2638 5724 2739 5778 pro
2771 5708 2884 5762 Mil.
2944 5728 2973 5756 «
3008 5706 3151 5761 Cum
3185 5702 3351 5778 alter,
3410 5697 3623 5778 inquit,
3655 5714 3755 5753 ve-

2116 5777 2356 5832 heretur
2384 5778 2566 5849 rheda
2604 5772 2935 5849 peculatus.
2963 5799 3009 5849 si
3046 5774 3316 5849 Penulam
3363 5790 3467 5847 pro
3523 5772 3754 5829 lacerna

2114 5852 2336 5911 veteres
2356 5847 2626 5923 posuisse
2657 5849 2947 5909 videntur.
2980 5848 3045 5905 G.
3079 5847 3318 5906 PANGIR.
