4134 6184
320 304 477 364 1277

1602 310 1834 370 LIBER
1880 309 1979 370 DE
2024 312 2448 374 ORATIONE.

3571 320 3727 379 1278

318 436 482 490 ribus
540 436 665 490 suis
697 437 810 507 (22)
864 438 1195 506 residendo,
1257 439 1341 495 vel
1400 447 1703 512 propterea
1762 443 1875 513 (23)
1908 443 1963 496 in
1996 451 2050 516 Α
2084 444 2259 499 tionis
2292 446 2402 517 (25)
2434 450 2682 517 astante,
2717 447 2932 501 factum
2967 448 3125 502 istud
3156 446 3724 519 irreligiosissimum

320 526 488 580 nobis
522 527 867 597 reprehendi
903 534 1177 595 meretur,
1228 530 1383 600 quod
1426 531 1578 601 apud
1635 531 1788 586 idola
1821 531 1971 586 cele-

318 613 543 668 bratur.
578 614 690 685 (24)
726 619 799 669 Eo
854 618 1173 687 apponitur
1202 622 1257 672 et
1308 617 1969 690 irreverentiiegcrimen,

318 702 491 757 etiam
527 702 672 773 ipsis
725 705 1089 768 nationibus,
1142 707 1187 761 si
1238 708 1380 777 quid
1432 712 1723 780 saperent,
1755 708 1972 763 intelli-

316 793 593 863 gendum.
657 794 952 864 Siquidem
1012 796 1333 852 irreverens
1392 802 1482 853 est
1547 798 1802 854 assidere
1862 798 1971 854 sub

316 886 653 953 conspectu,
675 890 993 957 contraque
1017 891 1397 956 conspectum
1420 889 1569 959 ejus,
1598 904 1771 959 quem
1794 904 1971 958 quam

316 970 568 1027 maxime
621 973 938 1028 reverearis
998 991 1063 1029 ac
1122 977 1454 1044 venereris;
1515 981 1733 1046 quanto
1764 978 1972 1031 1174

316 1059 506 1131 magis
537 1061 649 1115 sub
680 1066 996 1133 conspectu
1028 1062 1130 1118 Dei
1174 1063 1307 1133 vivi,
1353 1061 1560 1136 angelo
1612 1064 1805 1119 adhuc
1836 1079 1967 1118 ora-

2083 538 2191 598 est,
2226 534 2337 590 nisi
2370 535 2789 607 exprobramus
2821 536 2955 603 Deo,
2992 538 3146 607 quod
3173 554 3278 592 nos
3310 538 3493 593 oratio
3527 538 3725 610 fatiga-

2081 623 2230 677 verit
2258 620 2271 676 l

2582 757 2812 813 CAPUT
2850 758 3000 814 xvu
3024 760 3067 793 εο
3092 761 3227 830 (26).

2151 888 2325 960 Atqui
2374 906 2507 946 cum
2587 892 2875 947 modestia
2949 896 3005 946 et
3072 891 3407 949 humilitate
3473 892 3724 948 adoran-

2081 978 2191 1043 tes,
2226 978 2413 1050 magis
2444 981 2988 1036 commendabimus
3020 980 3135 1036 Deo
3158 997 3356 1054 preces
3388 985 3726 1049 nostras,ne

2081 1064 2228 1137 ipsis
2262 1066 2498 1138 quidem
2531 1071 2804 1126 manibus
2835 1069 3149 1126 sublimius
3197 1070 3363 1126 elatis
3385 1071 3425 1105 ³¹
3453 1071 3587 1143 (27),
3619 1070 3720 1126 sed

1738 1161 1945 1224 Variaa
1992 1160 2315 1227 lectiones.

387 1256 431 1291 ⁵ο
460 1255 598 1327 Cap.
634 1256 761 1313 XIII
791 1257 951 1314 alias.
1029 1259 1072 1296 ⁸1
1107 1258 1285 1316 Elatis
1314 1259 1603 1317 delendum
1630 1264 1812 1317 censet
1840 1261 1971 1315 Jun.

1766 1360 2288 1421 Commentarios.

319 1452 539 1527 dictum
572 1451 838 1527 esttlib.
873 1453 938 1527 de
992 1455 1209 1525 Anima,
1271 1472 1396 1527 cap.
1449 1457 1504 1526 7,
1568 1472 1811 1512 numero
1846 1456 1967 1519 144,

318 1527 375 1578 et
403 1522 615 1599 advers.
682 1525 1141 1599 Valentin.__cap.
1196 1522 1290 1594 ⁷12,
1341 1522 1405 1582 et
1460 1522 1587 1599 cap.
1651 1528 1737 1597 18,
1796 1532 1853 1583 et
1882 1530 1972 1583 est

320 1595 475 1666 apud
538 1595 919 1667 Macrobium,
968 1595 1139 1652 lib.'1
1199 1598 1484 1654 Saturnal.
1533 1595 1610 1655 'G.
1657 1595 1965 1656 PANCIROL.

391 1666 505 1743 (22)
547 1666 921 1743 ‘Sigillaribus
977 1670 1139 1743 suis.
1195 1671 1526 1743 Sigillaria,
1560 1687 1691 1743 (seu
1750 1670 1967 1743 sigilla,

316 1742 482 1813 erant
512 1739 680 1813 signa
712 1756 908 1811 parva,
956 1757 1058 1796 seu
1110 1739 1415 1810 icunculaa,
1466 1747 1524 1797 et
1554 1739 1964 1813 imagunculae,

321 1808 736 1886 adsimulans
766 1814 1008 1886 deorum
1043 1815 1213 1869 modo
1255 1808 1559 1886 palmaria,
1593 1808 1766 1870 moudo
1798 1808 1965 1869 cubi;

2078 1462 2364 1533 orassent.
2398 1459 2685 1516 Pindarus
2715 1461 2895 1533 enim,
2926 1461 3034 1517 ode
3080 1463 3115 1516 6
3144 1462 3354 1528 isthm.,
3406 1462 3724 1533 descriptis

2078 1529 2368 1657 prtia-titus,
2425 1548 2573 1604 quas
2632 1531 2903 1589 Hercules
2961 1535 3031 1589 ad
3091 1536 3231 1589 deos
3290 1534 3549 1605 miserat,
3600 1529 3719 1594 hac

2078 1617 2146 1656 su
2235 1619 2249 1656 1
2304 1620 2317 1657 :

2078 1617 2279 1657 ειιοαιῑ
2304 1620 2317 1657 ε

2428 1696 2521 1765 Ὦς
2553 1691 2656 1765 ἀρα
2683 1691 2869 1764 εἰπὼν,
2904 1692 3097 1747 αὐτίκα

2428 1764 2638 1831 ’Έζετό.
2676 1805 2688 1819 .
2724 1807 2737 1819 .
2776 1806 2789 1819 .
2828 1805 2841 1819 .
2879 1806 2890 1818 .

321 1880 481 1961 talia,
516 1882 599 1937 ita
632 1884 911 1961 membris
950 1880 1274 1961 artiﬁciose
1308 1880 1733 1961 compac'ta,_ut_
1773 1886 1965 1942 nervis
1995 1887 2043 1952 B
2073 1885 2163 1961 Sic
2195 1886 2422 1961 locutus,
2454 1890 2642 1943 statim
2670 1889 2933 1945 concedit.
2986 1889 3335 1945 Plutarchus
3366 1884 3498 1945 vero
3532 1890 3716 1961 legem

322 1958 527 2027 tracta,
577 1955 661 2027 vel
716 1955 930 2011 tidibus
982 1961 1137 2011 mota
1196 1960 1403 2027 vivere,
1444 1955 1862 2025 'obambulare,
1913 1965 1970 2012 et

328 2022 584 2095 reliquos
644 2026 885 2080 humani
967 2029 1228 2095 corporis
1307 2022 1502 2083 motus
1558 2022 1969 2085 exercere'at-

330 2111 442 2171 que
473 2095 691 2153 imitari
720 2103 979 2169 possent.
1032 2095 1240 2156 Nostro
1300 2118 1531 2171 quoque
1590 2118 1705 2155 aevo
1756 2101 1972 2155 similia

331 2167 662 2243 habemus,
721 2167 937 2237 quibus
994 2176 1186 2226 Romae
1258 2167 1487 2227 nomen
1544 2180 1633 2227 cst
1687 2174 1969 2243 pappacci,

328 2244 384 2313 et
414 2240 472 2293 in
507 2242 693 2297 Gallia
739 2248 1148 2308 marionnettes,
1196 2244 1384 2313 iisque
1432 2240 1972 2299 conimdias'inter-

327 2311 466 2387 dum
512 2319 672 2387 actas
726 2313 1003 2387 vidimus.
1056 2311 1675 2387 Neopdcnanaierci
1707 2314 1965 2387 appella«

328 2383 601 2508 ba%t.tAd
654 2384 991 2455 hujusmodi
1041 2383 1358 2442 simulacra
1405 2386 1671 2442 alludene
1702 2383 1973 2442 Horatius

328 2470 412 2508 aie
458 2471 491 2508 a
543 2472 556 2508 :

325 2453 514 2509 aiebat
543 2472 556 2513 :

480 2570 554 2636 Tu
588 2571 718 2619 mihi
750 2572 841 2634 qui
872 2573 1160 2634 imperitas,
1194 2572 1308 2621 aliis
1337 2574 1506 2622 servis
1538 2574 1711 2633 miser,
1743 2578 1901 2636 atque

476 2634 711 2689 Duceris,
741 2640 802 2683 ut
832 2638 1010 2683 nervis
1040 2637 1226 2684 alienis
1260 2636 1453 2685 mobile
1485 2637 1710 2698 lignum.

324 2738 547 2823 Praeter‘
591 2739 1009 2823 Aristotelems
1044 2742 1140 2823 qui
1178 2743 1246 2823 in‘
1292 2742 1393 2796 lib.
1422 2742 1510 2823 .de
1567 2740 1759 2823 Mundo
1810 2740 1970 2823 sigil-

326 2810 471 2883 laria
500 2809 795 2881 eleganter
825 2809 1156 2883 descripsit,
1195 2819 1256 2866 ut
1286 2813 1438 2883 apud
1471 2814 1778 2883 Apuleium
1814 2809 1971 2867 illius

325 2882 697 2951 interpretem
733 2886 926 2937 videre
956 2882 1063 2948 est,
1097 2888 1165 2940 de
1207 2886 1277 2938 iis
1324 2882 1562 2955 quoque
1610 2887 1970 2939 mentionem

328 2955 586 3026 iecerant
640 2956 1002 3019 Herodotus,
1063 2958 1119 3010 in
1182 2958 1447 3024 Euterpe,
1507 2957 1851 3026 Xequhon,
1910 2957 1969 3010 in

325 3024 630 3095 Symposio,
666 3027 974 3095 Lucianus,
1007 3026 1070 3082 de
1102 3030 1212 3082 Dra
1253 3028 1415 3098 Syra,
1448 3024 1687 3094 Gellius,
1720 3024 1968 3092 lib.'x1v,

323 3113 448 3167 cap.
488 3097 537 3164 1,
567 3100 618 3151 et
655 3098 729 3152 M.
766 3100 1095 3154 Antoninus
1146 3097 1480 3169 imperator,
1526 3099 1580 3152 in
1634 3098 1733 3153 lib.
1769 3115 1868 3153 vin
1900 3100 1970 3153 de

323 3169 555 3242 seipse;
589 3174 762 3242 atque
808 3171 900 3225 hic
952 3170 1324 3242 potissimum
1377 3171 1655 3240 sigillaria
1697 3186 1969 3241 expresse

2077 1957 2228 2012 hanc
2260 1975 2292 2013 a
2332 1960 2523 2014 Numa
2569 1961 2998 2033 promulgatam
3050 1968 3283 2016 narrat:
3348 1963 3409 2018 Ut
3439 1957 3716 2031 sedeatur,

2076 2034 2356 2104 postquam
2398 2034 2700 2087 adoratum
2730 2035 2919 2102 fuerit.
2977 2037 3103 2087 Haec
3145 2034 3241 2088 ille
3286 2033 3343 2087 in
3380 2034 3568 2104 ipsius
3602 2034 3717 2089 Nu-

2081 2100 2383 2175 mierita;
2420 2120 2670 2173 quorum
2714 2100 2889 2159 etiam
2935 2106 3223 2175 triplicem
3272 2100 3719 2175 explicationem

2083 2174 2317 2243 profert.
2352 2173 2413 2227 In
2446 2176 2873 2239 Quaestionibus
2905 2173 3035 2230 vero
3079 2173 3359 2231 Romanis
3387 2179 3580 2242 tradit,
3612 2194 3717 2231 suo

2081 2261 2312 2319 quoque
2345 2256 2602 2317 tempore
2655 2248 2956 2311 usitatum,
3008 2254 3068 2302 ut
3116 2249 3214 2319 qui
3265 2248 3481 2318 precati
3524 2253 3721 2303 essent

2081 2332 2146 2390 ac
2177 2316 2538 2390 adorassent,
2573 2320 2631 2371 in
2663 2319 2895 2390 templis
2945 2316 3279 2388 persta'rent'
3317 2336 3382 2374 ac
3426 2320 3717 2374 sederent.

2081 2388 2465 2452 Quamobrem
2499 2388 2893 2446 Tertullianus
2935 2390 3044 2445 hac
3073 2391 3270 2446 itidem
3305 2390 3527 2446 ratione
3557 2390 3717 2445 Chri-

2082 2461 2305 2533 stianos
2355 2468 2487 2529 post
2536 2463 2853 2517 oralionem
2915 2463 3114 2517 sedere
3164 2462 3366 2518 solitos
3424 2464 3716 2533 objurgat,

2081 2532 2234 2657 ἧι]οά
2269 2532 2571 2601 gentilium
2607 2535 3090 2589 consuetudinem
3124 2534 3341 2590 imitari
3363 2532 3718 2590 viderentur.

2144 2619 2309 2656 URAT.

2144 2619 2309 2656 URAT.

2153 2675 2265 2741 (25)
2295 2675 2491 2741 Angela
2521 2674 2704 2729 adhuc
2746 2676 3028 2730 orationis.
3086 2676 3295 2745 Sentit,
3347 2676 3513 2731 nobis
3545 2693 3721 2747 ange-

2080 2743 2204 2871 lPum
2245 2747 2525 2800 orationis
2581 2748 2806 2811 adesse,
2834 2763 3003 2815 CUJUS
3038 2748 3182 2801 ratio
3214 2743 3301 2802 est
3334 2743 3719 2803 babendafG.

2124 2833 2384 2870 memon.

2124 2833 2384 2870 ANCIROL.

2152 2888 2447 2956 —Angelo
2492 2889 2680 2942 adhuc
2726 2890 2999 2942 orationis
3044 2888 3311 2943 adstante.
3360 2893 3607 2960 August.
3650 2890 3722 2944 ad

2082 2961 2350 3022 Probum,
2383 2961 2553 3030 epist.
2590 2960 2709 3023 121,
2759 2962 3050 3014 orationes
3100 2970 3329 3016 nostras
3363 2963 3724 3015 innotescere

2081 3031 2160 3084 ait
2193 3030 2415 3101 angelis
2447 3031 2542 3101 qui
2581 3034 2718 3085 sunt
2749 3035 2899 3102 apud
2951 3031 3155 3095 Deum,
3191 3038 3253 3085 ut
3292 3033 3722 3102 quodammodo

2079 3118 2176 3157 eas
2210 3107 2455 3156 oti'erant
2487 3104 2621 3168 Deo,
2657 3114 2713 3157 et
2742 3105 2813 3156 de
2860 3103 2951 3157 bis
2996 3104 3351 3170 consultant,
3381 3110 3438 3158 et
3468 3105 3623 3174 quod
3656 3120 3723 3158 eo

2073 3174 2320 3245 jubente
2355 3174 2716 3244 implendum
2778 3192 2907 3229 esse
2965 3177 3358 3245 cognoverint,
3417 3177 3525 3230 hoc
3558 3176 3724 3230 nobis

320 3240 594 3329 appellat.
628 3240 977 3312 Si’gitlarium
1025 3252 1218 3323 autem
1266 3244 1346 3329 in.
1377 3243 1746 3323 ethnicorum
1774 3240 1963 3297 sacris
1996 3253 2041 3323 ρ
2075 3240 2164 3329 ᾇΘΙ
2197 3240 2490 3329 evidenter
2545 3245 2629 3329 vel
2688 3240 3321 3329 latentermapporteut.
3382 3248 3532 3329 Dixit
3564 3249 3717 3329 enim

320 3313 543 3366 multus
574 3326 697 3367 erat
756 3331 920 3381 usus,
982 3314 1262 3367 nimirum
1316 3314 1455 3368 deos
1510 3313 1718 3368 insana
1761 3331 1964 3368 eorum

318 3382 657 3451 superstitio
690 3386 800 3438 sub
832 3385 993 3440 hisce
1043 3384 1345 3456 icunculis
1388 3385 1724 3455 plerumque
1755 3385 1965 3456 ligneis

319 3456 648 3519 exhibebat,
701 3458 986 3523 movebat,
1038 3458 1239 3510 rudem
1297 3454 1656 3526 plebeculam
1721 3454 1966 3511 advene-

319 3527 601 3580 rationem
636 3526 811 3581 simul
845 3528 1145 3583 concitans
1170 3532 1344 3597 atque
1374 3528 1794 3582 adorationem.
1824 3529 1966 3583 Hinc

322 3598 635 3665 Arnobius,
674 3598 766 3651 lib.
805 3616 855 3652 Vl
886 3611 1073 3655 contra
1112 3601 1320 3665 Gentes,
1369 3600 1708 3669 hujusmodi
1745 3616 1965 3654 morem

320 3671 570 3742 irridens
603 3670 835 3742 aiebat:
889 3694 915 3721 ‹‹
970 3672 1035 3725 Et
1082 3671 1390 3725 abstinetis
1431 3688 1463 3723 a
1516 3673 1634 3727 risu
1694 3688 1825 3725 cum
1864 3689 1964 3742 pro

318 3741 432 3795 diis
491 3741 956 3807 immortalibus,
1017 3742 1305 3807 sigilliolis
1355 3743 1702 3808 hominum,
1764 3741 1965 3798 formis

318 3813 665 3883 supplicatis
699 3813 974 3868 humanis
998 3813 1023 3865 ?
1051 3814 1323 3876 Quinimo
1357 3815 1492 3867 deos
1523 3830 1649 3868 esse
1682 3813 1966 3884 sigillaria

318 3884 448 3951 ipsa
478 3886 748 3948 censetis,
784 3902 889 3939 nec
914 3890 1118 3956 printer
1142 3886 1261 3939 haec
1283 3885 1605 3956 quidquam
1628 3886 1748 3938 vim
1778 3888 1963 3939 credi-

318 3957 393 4008 tis
410 3956 621 4011 babere
642 3958 919 4010 divinam.
944 3980 971 4006 ››
991 3959 1284 4012 intravero
1300 3958 1461 4011 addit
1478 3973 1489 4010 :
1508 3980 1535 4007 ‹‹
1556 3964 1961 4027 Saepenumero

316 4028 586 4099 videmus
616 4031 687 4083 ab
718 4029 1041 4083 artificibus
1074 4029 1192 4082 haec
1242 4030 1407 4097 signa
1436 4028 1568 4099 (hoc
1599 4036 1686 4083 est
1718 4029 1961 4083 deorum

316 4098 656 4170 simulacra)
716 4101 887 4153 modo
947 4101 1183 4171 parvula
1241 4102 1386 4165 ﬁeri,
1435 4106 1491 4153 et
1548 4102 1869 4171 palmarem
1904 4104 1960 4155 in

318 4171 628 4225 minutiem
663 4171 948 4238 contrahi,
1003 4173 1173 4227 modo
1220 4172 1276 4225 in
1339 4173 1691 4226 immensum
1725 4171 1871 4241 tolli,
1906 4178 1964 4227 et

318 4242 727 4297 admirabilem
762 4243 818 4295 in
865 4242 1309 4312 amplitudinem
1356 4244 1669 4299 sublevari.
1720 4243 1962 4299 Ratione

312 4313 590 4386 hacergo
622 4315 908 4384 sequitur,
942 4322 1005 4367 ut
1056 4316 1378 4386 intelligere
1424 4316 1745 4370 debeamus
1787 4316 1842 4369 in
1878 4317 1962 4371 si-

314 4384 551 4451 gilliolis
587 4385 839 4456 parvulis
893 4388 1232 4441 contrahere
1252 4384 1344 4442 ise
1374 4388 1533 4451 deos,
1585 4395 1640 4443 et
1683 4386 1855 4442 alieni
1889 4390 1960 4442 ad

314 4456 573 4527 corporis
606 4457 1052 4512 similitudinem
1086 4458 1387 4520 coarctari,
1425 4481 1451 4507 υ
1498 4463 1607 4512 etc.
1650 4458 1959 4513 Tertullia-

314 4545 425 4581 nus
461 4528 639 4598 igitur
670 4534 732 4583 ut
764 4528 909 4585 falsa
934 4530 1171 4584 numina
1193 4546 1510 4600 eorumque
1532 4529 1701 4600 signa
1731 4530 1960 4585 decenti

314 4601 551 4655 nomine
585 4601 883 4671 insigniat,
928 4602 1213 4669 sigillaria
1261 4608 1447 4665 vocat,
1496 4602 1647 4671 quod
1699 4618 1831 4656 vera
1862 4619 1959 4657 ca-

314 4677 505 4725 rerent
536 4673 751 4737 anima,
786 4679 961 4744 atque
994 4672 1183 4727 aliena
1222 4677 1450 4726 tantum
1493 4688 1600 4742 Ope
1658 4689 1957 4728 moveren-

308 4748 426 4796 tur.
454 4744 537 4797 Ab
594 4745 795 4799 eodem
854 4748 1109 4811 auctore,
1143 4744 1201 4798 in
1258 4744 1357 4798 lib.
1416 4744 1630 4798 advers.
1688 4745 1955 4799 Valentia.

311 4831 439 4884 cap.
483 4816 567 4877 18,
613 4817 921 4885 sigillarius
967 4817 1158 4870 ductus
1209 4816 1545 4870 nominatur
1576 4814 1665 4869 his
1726 4818 1950 4872 verbis:

312 4908 339 4934 «
375 4888 417 4940 A
451 4903 563 4955 qua
594 4886 822 4940 occulto
873 4887 1011 4941 nihil
1062 4886 1343 4949 sentiens,
1373 4892 1428 4940 et
1483 4886 1635 4941 velut
1669 4887 1953 4957 sigillario

306 4957 669 5011 extrinsecus
691 4959 895 5020 ductu,
920 4960 975 5011 in
1002 4975 1232 5013 omnem
1256 4957 1654 5029 operationem
1685 4960 1953 5014 moveba-

306 5034 424 5083 tur.
460 5052 486 5078 ‹‹
522 5031 579 5083 in
613 5030 760 5101 libro
795 5031 969 5084 etiam
1000 5030 1063 5084 de
1110 5032 1325 5097 Anima,
1360 5046 1487 5101 cap.
1546 5031 1601 5098 6,
1632 5030 1955 5101 sigillarius

304 5110 483 5154 motus
515 5099 693 5155 simili
738 5101 958 5155 ratione
1008 5102 1355 5172 appellatur,
1406 5099 1505 5173 qui
1538 5102 1602 5156 ﬁt
1631 5099 1867 5157 externa
1898 5118 1953 5156 v1

305 5179 363 5227 et
395 5174 729 5239 operatione
760 5174 1112 5243 impellente.
1150 5175 1376 5227 Munna

379 5246 492 5313 (23)
531 5246 614 5298 Vel
638 5249 942 5315 preplerea.
996 5246 1079 5298 ()b
1134 5246 1188 5299 id
1237 5247 1427 5300 solum
1463 5262 1496 5299 a
1548 5244 1713 5299 nobis
1747 5248 1834 5299 est
1866 5260 1950 5298 re-

304 5315 753 5398 prehendendus
779 5333 902 5398 mo_s
925 5316 1187 5398 sedendi,
1206 5317 1509 5398 quiaapud
1538 5314 1949 5398 idololatrasid

303 5388 635 5443 celebratur
688 5405 788 5443 seu
851 5389 1275 5459 frequentatur.
1334 5387 1438 5441 His
1498 5388 1739 5453 accedit,
1795 5387 1949 5459 quod

305 5459 509 5515 sedere
539 5465 627 5515 est
657 5458 1040 5515 irreverentia:
1091 5461 1336 5524 crimen,
1378 5458 1553 5515 etiam
1604 5460 1755 5531 apud
1789 5458 1949 5515 Chri-

306 5532 552 5594 stianos,
585 5532 631 5586 si
665 5541 950 5602 saperent.
986 5531 1051 5587 G.
1087 5532 1393 5602 PANCIROL.

376 5604 491 5673 (24)
550 5600 919 5674 Αμυιίῒίίοια
974 5604 1305 5659 celebratur.
1357 5601 1482 5656 Non
1537 5616 1571 5674 _e
1627 5600 1949 5658 Tertullino

303 5672 561 5744 tantum,
588 5672 688 5732 sed
722 5681 778 5731 et
826 5692 855 5731 e
904 5676 1153 5730 Pindaro
1186 5691 1251 5729 ac
1300 5672 1611 5728 Plutarcho
1642 5674 1946 5745 discimus,

304 5746 554 5818 gentiles
613 5748 985 5804 consuevisse
1042 5747 1321 5815 assidere,
1371 5749 1684 5817 postquam
1727 5750 1947 5801 stantes

2078 3317 2289 3387 inquit,
2324 3316 2566 3387 angelus
2612 3316 2873 3372 homini:
2931 3317 2994 3370 Et
3026 3316 3179 3371 nunc
3230 3320 3464 3389 quando
3512 3320 3723 3374 orabas

2074 3394 2135 3441 tu
2170 3395 2225 3442 et
2253 3389 2414 3454 Sara,
2447 3404 2551 3455 ego
2584 3390 2766 3442 obtuli
2817 3392 3139 3443 orationem
3185 3396 3433 3444 vestram
3488 3389 3547 3444 in
3578 3406 3720 3444 con-

2076 3466 2279 3531 spectu
2312 3460 2615 3531 charitatis
2644 3460 2763 3514 Dei.
2800 3460 2924 3514 Rie.

2146 3530 2258 3601 (26)
2290 3530 2403 3585 Tit.
2462 3533 2602 3588 Cod.
2659 3532 2969 3587 Ambros.:
3033 3532 3104 3586 De
3156 3531 3409 3586 manibus
3460 3532 3619 3586 elatis
3668 3535 3721 3585 et

2075 3602 2140 3656 de
2174 3603 2351 3656 vultu.

2168 3674 2257 3741 27)
2299 3672 2371 3726 Ne
2430 3674 2563 3743 ipsis
2608 3671 2827 3744 quidem
2886 3674 3145 3728 manibus
3199 3672 3385 3728 elatis.
3450 3671 3723 3728 Attollere

2078 3759 2287 3797 manus
2320 3745 2386 3797 ad
2426 3745 2742 3798 ccelum'et
2793 3744 2861 3797 ad
2917 3745 3119 3807 Deum,
3168 3761 3301 3798 cum
3359 3760 3557 3807 preces
3590 3744 3721 3798 fun-

2075 3816 2315 3877 duntur,
2349 3816 2784 3869 vetustissimus
2819 3816 2927 3868 fuit
2960 3833 3109 3881 mos,
3143 3834 3256 3869 non
3292 3833 3323 3869 a
3352 3816 3572 3869 Judais
3590 3824 3721 3870 tan-

2077 3892 2223 3947 tum,
2249 3888 2347 3940 sed
2371 3894 2427 3940 et
2456 3889 2526 3941 ab
2550 3887 2799 3940 ethnicis
2821 3896 3161 3958 usurpatus.
3189 3888 3395 3941 Furius
3413 3888 3718 3951 Camillus,

2075 3959 2228 4028 apud
2270 3958 2512 4023 Livium,
2563 3958 2661 4011 lib.
2696 3973 2748 4015 ν.
2799 3974 2927 4026 cap.
2985 3960 3113 4023 21,:
3170 3979 3194 4008 α
3246 3958 3467 4012 Dicitur
3508 3974 3720 4012 manus

2074 4031 2142 4083 ad
2178 4029 2385 4083 emtum
2436 4028 2646 4082 tollens
2696 4036 2962 4096 precatus
3018 4045 3164 4083 esse.
3205 4050 3229 4075 υ
3289 4029 3503 4083 Marius
3541 4031 3719 4083 etiam

2074 4103 2226 4172 apud
2266 4101 2636 4172 Plutarchum
2671 4099 2782 4172 diis
2820 4105 2967 4172 vota
3010 4101 3246 4172 faciens,
3271 4100 3567 4172 νιψάμενος
3622 4100 3721 4159 τὰς

2072 4167 2287 4245 χὲῖρας,
2321 4170 2411 4224 καὶ
2456 4170 2591 4245 πρὸς
2640 4169 2731 4223 τὸν
2765 4167 3355 4245 -ρύρανὸιςμάνασχῴνί
3377 4167 3500 4226 lotis
3528 4174 3719 4225 mani-

2075 4241 2191 4304 bus,
2226 4261 2287 4298 ac
2347 4247 2402 4297 in
2438 4241 2634 4297 cretum
2688 4241 2937 4296 sublatis.
3002 4242 3165 4297 Mitto
3207 4241 3362 4297 alios
3420 4250 3618 4308 testes,
3653 4258 3719 4297 ao

2072 4316 2395 4387 praesertim
2434 4315 2760 4387 Latinorum
2794 4319 3096 4387 poetarum
3140 4315 3484 4386 principem,
3513 4313 3638 4387 __lib.
3673 4329 3717 4387 ιι

2071 4384 2126 4442 et
2156 4404 2232 4441 xu
2268 4386 2508 4455 Eneid.,
2542 4384 2845 4440 Aristotele
2893 4390 3221 4457 contentus,
3258 4384 3471 4457 quiin
3512 4385 3612 4457 lib.
3653 4384 3719 4439 de

2070 4458 2285 4520 Mundo,
2348 4453 2597 4527 namq,
2635 4456 2871 4527 inquit,
2904 4455 2954 4507 οἱ
3011 4453 3305 4527 ἄνθρωποί
3343 4455 3717 4527 -ἀνατιίνομεν

2066 4530 2163 4589 τὰς
2193 4534 2381 4602 χεῖρας
2432 4529 2505 4588 εἷς
2551 4525 2643 4580 τὸν
2693 4526 2939 4597 οὐρανὸν,
2975 4525 3534 4602 ιῦχὰζῃποιούμενοι*
3584 4528 3715 4584 0m-

2067 4619 2163 4657 nes
2194 4601 2442 4655 homines
2490 4602 2564 4655 ad
2619 4602 2816 4654 cwlum
2862 4616 3059 4654 manus
3082 4601 3329 4655 tollimus
3382 4615 3567 4671 preces
3594 4603 3717 4670 fac-

2071 4676 2202 4729 turi.
2230 4673 2403 4727 Porro
2435 4671 3015 4743 antiquissimusiste
3039 4672 3185 4727 ritus
3215 4690 3247 4727 a
3268 4672 3486 4727 Judaeis
3521 4671 3715 4743 potius

2068 4746 2123 4799 in
2159 4744 2426 4817 gentiles,
2461 4740 2637 4817 quam
2670 4759 2705 4817 τι
2733 4740 3064 4817 gentilibus
3114 4744 3185 4797 ad
3229 4744 3464 4799 Judieos
3498 4740 3708 4799 transi-

2066 4813 2188 4872 ἱεδὲ
2231 4813 2496 4875 videtur:
2555 4813 2868 4886 siquidem,
2931 4818 2995 4868 ut
3052 4815 3301 4870 habetur
3355 4816 3531 4871 Exodi
3582 4832 3707 4886 cap.

2065 4905 2203 4949 xvn,
2235 4905 2269 4942 v
2326 4888 2409 4949 li,
2442 4886 2669 4954 Moyses
2693 4884 2813 4955 ipse
2836 4886 3085 4939 sublatis
3108 4887 3164 4941 in
3194 4887 3401 4942 coelum
3437 4884 3709 4943 manibus

2064 4961 2269 5015 orabat
2310 4975 2322 5011 ε
2386 4958 2622 5026 Cumque
2669 4959 2887 5029 leuaret,
2931 4958 3132 5029 Moyses
3186 4976 3400 5025 manus,
3460 4959 3709 5015 vincebat

2065 5032 2275 5109 Israel;
2330 5030 2417 5109 sin
2456 5038 2642 5109 autem
2681 5028 2984 5109 paululum
3044 5033 3361 5109 remisisset,
3413 5032 3711 5109 superabat

2062 5104 2297 5158 Amalec.
2336 5100 2610 5171 Legimus
2641 5098 2814 5154 etiam
2865 5098 2924 5153 in
2972 5100 3115 5170 psal.
3176 5119 3405 5167 cxxxm,
3440 5098 3711 5157 Extollite

2060 5192 2257 5229 manus
2287 5177 2492 5227 vestras
2524 5174 2580 5226 in
2611 5176 2823 5244 sancta,
2871 5175 2977 5223 etc.
3016 5174 3171 5226 Idem
3222 5174 3462 5239 colligas
3495 5190 3523 5229 e
3556 5172 3704 5244 psal.

2061 5263 2183 5311 CXL,
2216 5252 2273 5301 et
2304 5262 2371 5299 ex
2406 5245 2665 5298 Lament.
2702 5243 2916 5306 Jerem,
2948 5260 3078 5315 cap.
3114 5262 3175 5299 ιιι
3206 5264 3264 5300 n.
3298 5248 3383 5301 41.
3419 5243 3702 5301 Caeterum

2060 5317 2425 5372 Christianos
2464 5315 2733 5369 manibus
2769 5315 2821 5367 in
2858 5314 3066 5369 caelum
3100 5318 3347 5372 sublatis
3379 5334 3542 5373 orare
3574 5332 3707 5371 con-

2061 5390 2338 5455 suevisse,
2367 5388 2487 5469 imo
2533 5387 2827 5469 debuisse,
2871 5387 3149 5469 ‘ApnstC-Llp
3199 5389 3567 5469 praecipiente
3598 5403 3700 5469 seu

2060 5466 2333 5515 monente
2364 5459 2422 5532 in
2457 5475 2579 5529 cap.
2615 5474 2678 5513 ιιι
2728 5457 3018 5528 Ερὶεῐζειά
3066 5457 3239 5525 Τὶιηῖ,
3292 5457 3467 5532 patet.
3505 5457 3703 5527 Inquit

2058 5534 2213 5587 enim
2240 5550 2252 5587 :
2287 5531 2422 5586 Volo
2454 5531 2595 5585 viros
2625 5546 2785 5584 orare
2816 5532 2871 5584 in
2902 5533 3056 5586 omni
3102 5532 3231 5601 loco,
3266 5531 3504 5587 levantes
3533 5545 3699 5600 paras

2056 5622 2274 5659 manus.
2309 5603 2577 5657 Clemens
2608 5602 2789 5671 Alex.,
2840 5601 2941 5655 lib.
2977 5619 3051 5656 vn
3092 5605 3317 5668 Strom.,
3367 5604 3539 5657 istius
3572 5616 3694 5655 mo-

2057 5677 2139 5731 ris
2170 5677 2341 5731 fidem
2373 5676 2530 5741 facit,
2579 5673 2843 5730 scribens
2870 5687 2883 5725 :
2916 5672 3069 5741 Dum,
3109 5688 3350 5735 oramus,
3408 5689 3605 5729 manus
3638 5674 3699 5727 in

2056 5748 2248 5803 caelum
2306 5744 2727 5805 tollimusmn‘i:
2782 5746 2970 5817 χεῖρας
3032 5740 3108 5805 εἰς
3166 5741 3388 5817 οὐρανὸν
3449 5741 3697 5820 α’ἷρομεν,
