4134 6184
350 361 375 417 Ι
387 358 496 419 281

1624 353 1859 414 LIBER
1900 352 2004 412 DE
2047 351 2477 415 ORATIONE.

3604 358 3761 416 1282

348 488 511 562 pacis
553 487 688 559 (36),
740 487 944 543 1177
1005 486 1161 559 quod
1228 490 1317 549 est
1363 485 1735 559 signaculum
1781 482 1995 540 oratio-
2026 484 2079 552 Α
2114 483 2286 555 quale
2334 482 2686 539 sacriﬁcium
2738 487 2847 551 est,
2906 501 2940 540 a
2996 501 3109 556 quo
3163 485 3289 542 sine
3347 503 3487 558 pace
3544 489 3762 545 recedi-

352 578 445 633 nis
492 577 626 649 (37).
678 576 921 640 Quando
969 581 1167 631 autem
1216 575 1408 647 magis
1468 574 1817 631 conferendo
1866 588 2000 627 cum

350 666 632 722 fratribus
676 681 788 737 pax
831 668 939 736 est,
988 665 1101 720 nisi
1153 681 1285 720 cum
1333 664 1519 720 oratio
1562 662 2003 718 commendabi-

349 756 461 812 lior
493 755 785 821 ascendit,
836 758 901 810 ut
950 753 1064 826 ipsi
1095 755 1166 810 de
1198 757 1397 810 nostra
1444 754 1778 826 operatione
1828 752 2007 825 parti-

354 845 537 916 cipes,
554 845 677 911 jam
703 842 960 898 audeant
975 843 1044 897 de
1062 859 1166 897 sua
1189 859 1331 914 pace
1342 843 1503 897 fratri
1529 842 1851 912 transigere
1865 840 2010 913 (38)?

355 934 490 999 Quae
522 933 709 987 oratio
741 947 878 986 cum
906 930 1154 986 divortio
1186 930 1376 986 sancti
1406 930 1591 986 osculi
1622 931 1851 1002 integra
1871 930 2012 1001 (39)?

354 1035 532 1093 quem
587 1021 829 1075 Domino
875 1018 1136 1075 ofﬁcium
1186 1018 1495 1075 facientem
1546 1018 1794 1090 impedit
1851 1016 2013 1090 pax?

2111 578 2208 628 tur
2238 573 2346 644 (40)
2372 574 2398 628 ?
2448 573 2840 645 Quaecumque
2871 575 3128 645 operatio
3151 576 3195 609 ⁵³
3228 576 3305 630 sit
3334 576 3466 647 (41),
3501 594 3613 631 non
3649 578 3758 633 erit

2115 662 2304 732 potior
2334 662 2605 733 praecepti
2624 663 3041 728 observatione,
3063 664 3215 733 quod
3233 664 3515 732 jubemur
3532 666 3762 737 jejunia

2116 749 2321 804 1178
2369 755 2566 806 nostra
2612 750 2818 806 celare.
2872 750 3002 805 Jam
3062 754 3219 807 enim
3278 754 3349 807 de
3407 755 3761 809 abstinentia

2119 840 2299 894 osculi
2332 840 2708 911 agnoscimur
2742 840 3100 910 jejunantes.
3135 842 3243 895 Sed
3287 848 3342 895 et
3388 842 3435 895 si
3466 859 3581 911 qua
3614 844 3760 898 ratio

2122 933 2209 984 est
2241 928 2374 999 (42),
2409 944 2481 982 ne
2528 932 2721 984 tamen
2772 928 2908 983 huic
2944 934 3225 1000 praecepto
3279 947 3413 986 reus
3459 932 3621 1001 sis“,
3663 949 3768 1002 po-

2122 1021 2211 1072 tes
2242 1016 2422 1085 domi,
2452 1016 2499 1071 si
2530 1017 2675 1073 forte
2695 1017 2759 1084 ‘5,
2810 1017 2964 1073 inter
2995 1034 3143 1090 quos
3174 1018 3353 1075 latere
3375 1019 3670 1091 jejunium
3704 1021 3762 1076 in

1784 1145 1990 1205 Varia:
2032 1143 2351 1205 lectiones.

361 1326 401 1380 ι
427 1252 471 1287 ⁵³
505 1254 591 1309 Ita
622 1253 746 1322 Rig.
797 1251 981 1308 oratio
1026 1250 1144 1309 cod.
1194 1252 1387 1322 Agob.,
1418 1252 1567 1309 ratio
1616 1253 1782 1309 Seml.
1837 1253 1995 1323 Le0p.

405 1340 529 1380 eoo.

405 1340 503 1396 80p
517 1366 529 1379 .

2102 1249 2148 1285 δι
2176 1252 2503 1321 Praeceptor
2548 1253 2612 1305 tu
2665 1249 2746 1305 sis
2790 1249 2955 1305 Seml.

3058 1249 3102 1284 ⁵³
3133 1250 3191 1306 Si
3238 1251 3387 1308 abest
3437 1270 3471 1308 a
3517 1252 3684 1312 Semt.
3719 1258 3775 1311 et

1789 1421 2320 1485 Commentarius.

350 1537 542 1593 tribus
573 1535 927 1608 quibuscum
948 1535 1273 1608 orationem
1297 1537 1611 1594 celebravit
1640 1538 2004 1595 conferendas

356 1607 629 1666 osculum
659 1624 724 1664 eo
756 1607 1036 1683 libentius
1067 1613 1207 1663 tunc
1243 1611 1525 1683 temporis
1574 1611 2009 1683 usurpandum,

356 1698 493 1737 cum
552 1696 724 1755 suam
749 1681 1105 1755 “orationem
1151 1687 1347 1751 sperat
1403 1682 1518 1737 Deo
1548 1681 1893 1755 gratiorem
1937 1688 2010 1755 et

356 1750 971 1809 commendabiliorem
1006 1752 1125 1807 fore
1153 1757 1218 1805 ut
1260 1750 1696 1810 communionis
1727 1754 2008 1810 Christia-

357 1842 445 1880 nae
480 1824 763 1881 beneficio
793 1822 1203 1895 dejejunantis
1224 1824 1557 1894 operatione
1588 1828 1797 1882 fratres
1828 1826 2008 1882 etiam

360 1913 476 1952 non
501 1897 838 1967 jejunantes
870 1896 1243 1967 participent.
1286 1895 1524 1951 RIGALT.

2118 1537 2366 1612 cientem
2395 1533 2781 1612 impeditan
2804 1538 2868 1612 ἓξ»
2903 1534 3172 1591 Officium
3196 1540 3379 1604 vocat,
3400 1540 3553 1612 quod
3589 1555 3769 1612 supra

2118 1608 2517 1679 operationem
2553 1610 2607 1661 et
2639 1606 2955 1677 jejunium.
3001 1612 3208 1664 Pacem
3239 1625 3374 1664 vero
3416 1606 3567 1666 dicit
3599 1606 3769 1668 oscu-

2119 1678 2243 1735 lum
2276 1678 2456 1749 pacis.
2494 1678 2724 1733 RIGALT.

2190 1748 2304 1822 (40)
2349 1750 2526 1824 Quale
2548 1748 2909 1824 sacriﬁcium
2940 1753 3027 1824 est
3062 1766 3118 1824 ag
3155 1766 3257 1821 quo
3299 1753 3419 1807 sine
3464 1769 3593 1824 pace
3623 1770 3768 1810 recc-

2118 1820 2315 1894 dit‘ur.’
2371 1820 2735 1876 Sacrificium
2794 1822 2888 1877 hic
2919 1820 3200 1894 intelligo
3251 1820 3575 1880 orationem
3638 1842 3771 1881 cum

2120 1893 2567 1965 participatione
2598 1894 2855 1965 corporis
2906 1893 3119 1947 Christi
3141 1893 3166 1949 ἒ
3201 1896 3370 1965 cuius
3423 1896 3687 1952 clausula
3718 1902 3775 1953 et

435 1964 921 2039 (36)'Subtrahunt
967 1964 1216 2022 osculum
1264 1969 1431 2038 pacis.
1482 1967 1638 2023 Nihil
1687 1968 1840 2038 apud
1874 1982 2010 2039 eru-
2045 1971 2092 2037 Β
2123 1964 2492 2039 signaculum
2528 1964 3142 2039 fuit‘osculumpacis,
3178 1968 3446 2021 osculum
3471 1973 3771 2026 sanctum.

365 2037 536 2094 ditos'
577 2039 765 2110 magis
822 2038 1147 2109 vulgatum,
1197 2037 1375 2110 quam
1432 2041 1585 2109 quod
1644 2037 2016 2110 in’publicis

364 2110 636 2181 precibus
684 2115 741 2165 et
782 2110 968 2166 sacris
1017 2111 1321 2177 faciendis,
1355 2110 1497 2181 quin
1546 2112 1663 2166 imo
1713 2116 1770 2165 et
1801 2111 1856 2164 in
1886 2110 2017 2177 viis,

361 2188 419 2236 et
465 2182 795 2254 insedibus
843 2182 1086 2254 privatis
1134 2181 1448 2239 Christiani
1498 2199 1561 2238 se
1608 2181 1808 2237 osculo
1858 2182 2017 2253 pacis

361 2252 732 2308 consalutare
772 2252 946 2324 atque
996 2255 1069 2309 ad
1118 2254 1493 2310 concordiam
1527 2269 1593 2308 ac
1642 2270 1842 2324 pacem
1864 2252 2018 2324 invi-

363 2333 487 2380 tare
519 2326 802 2396 solerent.
839 2323 1084 2396 ideoque
1114 2326 1467 2394 signaculum
1498 2323 1766 2380 orationis
1819 2323 2016 2396 appel-

359 2397 519 2453 latur
546 2415 579 2451 a
611 2395 1001 2464 Tertulliano,
1025 2400 1181 2467 quod
1212 2396 1679 2452 Christianorum
1708 2395 1927 2466 preces,
1962 2407 2020 2451 et

362 2467 562 2523 omnia
604 2467 720 2524 fere
768 2467 1149 2523 ecclesiastici
1194 2468 1341 2539 ritus
1384 2474 1775 2535 sacramenta,
1811 2469 2017 2539 hujus-

366 2540 521 2595 modi
552 2540 711 2611 pacis
741 2539 927 2608 signo,
963 2540 1136 2595 veluti
1169 2538 1363 2611 sigillo
1405 2539 1658 2608 quodam
1696 2540 2019 2594 fraternita-

361 2612 440 2665 tis
466 2610 977 2665 concluderentur.
1030 2618 1102 2667 At
1140 2610 1466 2665 invaluerat
1513 2611 1667 2682 apud
1704 2611 2018 2667 nonnullos

364 2685 725 2739 consuetudo
757 2698 823 2737 ac
862 2682 1082 2753 Opinio,
1112 2687 1240 2738 tum
1272 2681 1856 2737 osculumfratribus
1887 2688 2018 2754 post

368 2755 689 2811 orationem
738 2754 1225 2816 subtrahendum,
1260 2770 1395 2808 cum
1444 2754 1555 2823 ipsi
1584 2754 1879 2824 jejunium
1912 2755 2019 2809 ali-

366 2827 522 2898 quod
558 2843 665 2881 sua
695 2833 901 2896 sponte
934 2842 999 2898 ac
1043 2826 1205 2897 priva
1234 2842 1267 2878 a
1298 2824 1577 2895 religione
1609 2827 2016 2898 observabant.

362 2896 637 2952 Pluribus
667 2896 1277 2953 argumentis’morem
1312 2913 1376 2951 ac
1399 2896 1749 2951 sententiam
1785 2897 2017 2953 illorum

364 2969 656 3040 improbat
703 2968 1121 3029 Tertullianus.
1154 2968 1472 3023 ostendens
1523 2969 1843 3023 orationem
1892 2970 2017 3024 sine

366 3040 569 3096 osculo
601 3041 888 3110 integram
921 3056 1034 3094 non
1067 3056 1193 3095 esse
1219 3058 1231 3095 :
1257 3042 1398 3109 quin
1427 3045 1567 3093 tunc
1599 3041 1787 3111 magis
1818 3042 2020 3096 decere

367 3128 573 3183 pacem
620 3112 871 3183 orationi
913 3113 1299 3183 conjungere,
1338 3126 1473 3164 cum
1519 3111 1700 3165 oratio
1744 3128 1845 3183 per
1866 3113 2019 3181 jeju-

368 3181 530 3237 nium
591 3182 1080 3238 commendabilior
1144 3181 1217 3237 ad
1271 3181 1458 3236 Deum
1515 3181 1779 3237 ascendit.
1841 3184 2020 3238 Addit

366 3254 568 3337 etiam,
592 3254 657 3335 id
691 3271 723 3335 a
755 3260 1037 3337 praecepto
1069 3253 1299 3337 Domini
1333 3252 1816 3337 abhorrere,”un
1843 3256 2016 3337 jube-

367 3343 502 3381 mur
526 3325 751 3410 jejunis
782 3330 985 3410 nostra
1014 3326 1237 3410 celare;
1272 3341 1461 3410 neque
1486 3341 1622 3379 vero
1656 3326 2019 3410 ii.ce1abant_,
2050 3343 2093 3410 ο

367 3414 517 3469 quos
546 3397 769 3469 idcirco
793 3397 1089 3453 abstinere
1137 3398 1209 3452 ab
1254 3396 1454 3452 osculo
1487 3397 1829 3469 apparebat,
1861 3399 2017 3469 quod

356 3468 736 3541 jejunarent._
757 3468 984 3523 MURAT.

432 3541 549 3609 (37)
582 3539 738 3611 Quod
768 3548 847 3594 cst
893 3540 1240 3610 signaculum
1286 3538 1581 3595 orationis.
1640 3540 1700 3594 Id
1747 3543 1857 3607 est,
1890 3557 2023 3595 con-

363 3610 644 3666 firmatio.
679 3610 745 3665 G.
778 3612 1088 3666 PANCIROL.

436 3682 548 3753 (38)
582 3684 654 3737 De
682 3698 783 3736 sua
809 3699 939 3752 pace
966 3684 1140 3753 fratri
1183 3681 1497 3752 transigere
1516 3688 1541 3735 γ
1566 3684 1782 3752 Optent
1812 3681 1881 3735 de
1913 3698 2023 3737 sua

364 3770 506 3825 pace
533 3753 693 3808 fratri
730 3754 1076 3824 transigere,
1131 3754 1189 3809 id
1219 3758 1329 3822 est,
1363 3769 1495 3806 cum
1548 3753 1722 3807 fratre
1754 3770 2019 3807 commu-

363 3824 578 3880 nicare.
615 3824 683 3879 G.
718 3825 1027 3880 PANCIROL.

436 3927 504 3936 —
533 3898 606 3951 De
653 3913 757 3951 sua
807 3914 944 3968 pace
994 3896 1167 3967 fratri
1213 3895 1563 3968 transigere?
1608 3892 1726 3948 Hoc
1761 3897 1913 3968 est:
1961 3898 2025 3949 ut

363 3968 574 4023 fratres
608 3984 741 4022 cum
774 3964 1055 4023 fratribus
1079 3965 1497 4038 jejunantibus
1530 3964 1862 4032 convenire,
1907 3982 2020 4020 cer-

358 4040 524 4110 tique
574 4039 701 4094 fieri
731 4040 801 4094 de
849 4044 1055 4095 mutua
1087 4037 1417 4110 concordia
1464 4052 1528 4089 ac
1579 4052 1730 4110 pace
1770 4038 2021 4110 possint.

357 4107 639 4165 Osculum
672 4112 827 4165 enim
864 4112 1049 4183 pacis,
1075 4116 1138 4165 ut
1167 4126 1300 4165 cum
1330 4108 1529 4183 legum
1563 4107 1766 4179 peritis
1790 4108 2021 4183 loquar,

356 4187 643 4261 tanquam
677 4181 994 4261 transactio
1028 4187 1084 4261 et
1124 4181 1428 4261 conventio
1461 4187 1606 4247 erat,
1640 4196 1754 4261 qua
1786 4181 1858 4261 a_b
1904 4198 2025 4261 om-

360 4255 538 4309 nibus
572 4254 977 4309 simultatibus
997 4260 1170 4325 atque
1201 4252 1350 4309 odiis
1383 4268 1444 4307 se
1468 4252 1781 4307 recessisse
1814 4253 2023 4308 fratres

360 4327 750 4380 testabantur.
787 4325 1015 4380 Muaa'r.

432 4428 502 4437 —-
549 4398 612 4452 Ut
660 4398 769 4467 ipsi
813 4397 879 4452 de
926 4404 1113 4452 nostra
1167 4395 1488 4460 operatione
1538 4392 1857 4467 participes,
1895 4392 2024 4465 jam

360 4468 601 4523 audeant
643 4464 710 4523 de
766 4484 867 4523 sua
909 4484 1041 4538 pace
1081 4467 1260 4538 fratri
1306 4468 1634 4538 transigere.
1689 4464 2021 4538 Lectionem

360 4486 601 4523 audeam
643 4486 710 4523 ac
766 4486 867 4523 sua
948 4486 1041 4524 ace
1081 4486 1255 4538 Ῑναινι
1306 4486 1634 4536 transigere.
1689 4486 2021 4519 LBOUOUBID

360 4538 541 4595 istam
573 4556 637 4595 ex
669 4539 864 4595 Ursini
903 4486 1053 4596 libro
1109 4536 1498 4606 restituimus,
1531 4552 1661 4591 cum
1697 4536 1755 4590 in
1787 4536 2025 4607 vulgata

363 4627 577 4666 sensus
629 4629 743 4667 non
783 4619 939 4667 esset
989 4610 1133 4667 satis
1182 4609 1547 4664 commodus.
1599 4611 1667 4662 Et
1708 4609 2022 4678 repetenda

361 4688 498 4755 sunt
559 4698 626 4735 ea
675 4684 746 4739 de
790 4682 1196 4755 superioribus
1249 4698 1262 4736 :
1316 4679 1658 4755 Christianae
1717 4679 2021 4755 charitatis

363 4754 646 4809 beneficio
680 4753 824 4819 fieri,
869 4750 931 4809 ut
976 4756 1046 4809 de
1086 4751 1410 4822 jejunantis
1441 4750 1775 4823 operatione
1810 4752 2020 4807 fratres

361 4826 535 4880 etiam
570 4842 683 4879 non
710 4827 1050 4895 jejunantes
1101 4823 1472 4895 participent,
1505 4839 1689 4891 eoque
1738 4823 2019 4878 beneficio

361 4896 576 4965 affecti,
601 4896 727 4963 jam
779 4899 1033 4952 audeant
1066 4896 1389 4965 transigere
1419 4912 1550 4949 cum
1578 4895 1908 4964 jejunante,
1940 4895 2020 4949 ita

368 4974 431 5022 ut
462 4986 565 5039 pro
597 4969 1034 5024 communicato
1056 4966 1268 5037 jejunii
1302 4967 1504 5039 merito
1528 4966 1686 5036 pacis
1705 4982 1823 5039 suae
1855 4965 2017 5020 Chri-

362 5036 571 5095 stianae
600 5040 851 5109 gratiam
879 5036 1085 5095 mutua
1106 5038 1447 5110 pensatione
1469 5036 1927 5092 communicent.
1954 5039 2019 5092 In

364 5111 550 5178 Agob.
605 5111 803 5165 codice
848 5110 1102 5183 legitur:
1139 5133 1158 5161 α
1196 5110 1267 5164 Ut
1305 5110 1412 5181 ipsi
1464 5110 1534 5183 de
1580 5113 1779 5162 nostra
1822 5123 2020 5183 opera-

363 5184 523 5237 tione
557 5181 1113 5252 participant/quam
1147 5183 1429 5236 auderent
1457 5182 1527 5235 de
1558 5197 1663 5235 sua
1683 5194 1820 5252 pace
1854 5181 2018 5235 fratri

362 5254 806 5323 transigendus,
840 5276 868 5302 ››
902 5255 1067 5311 nullo
1099 5269 1297 5310 sensu.
1334 5254 1562 5308 RIGALT.

449 5327 533 5383 39)
569 5326 702 5391 Quae
758 5326 941 5381 oratio
986 5343 1111 5382 cum
1159 5325 1392 5381 divortio
1444 5325 1624 5378 sancti
1671 5322 1845 5376 osculi
1876 5324 2017 5379 inte-

356 5412 457 5466 gra
498 5400 522 5447 .9
579 5395 752 5460 Quasi
814 5397 1031 5452 diceret
1090 5416 1102 5453 :
1161 5395 1345 5458 Quam
1406 5394 1595 5451 aliena
1653 5394 1725 5449 ab
1782 5393 2019 5449 homine

357 5466 690 5540 Christiano
743 5469 1081 5540 arrogantia
1130 5471 1389 5521 nostram
1443 5466 1862 5536 operationem,
1909 5466 2018 5521 hoc

357 5543 447 5591 est
492 5538 812 5607 jejunium,
878 5538 1047 5596 nobis
1104 5540 1408 5603 habemus,
1463 5543 1519 5591 et
1590 5541 1797 5591 fratres
1846 5554 2013 5592 suam

354 5608 470 5665 sibi
523 5627 722 5680 pacem
774 5610 989 5667 habere
1030 5612 1358 5681 jubemus?
1406 5610 1557 5678 quod
1621 5608 1882 5681 proxime
1942 5611 2013 5665 ad

355 5681 589 5735 divortii
642 5681 953 5737 formulam
1005 5680 1247 5746 accedit,
1299 5685 1409 5735 Res
1457 5685 1590 5735 tuas
1624 5681 1727 5735 tibi
1780 5680 2010 5737 habeto.

354 5753 610 5824 Ideoque
653 5754 951 5810 subnectit
1003 5770 1015 5810 :
1066 5775 1092 5807 α
1135 5754 1270 5817 Quae
1330 5753 1531 5824 oratio,
1573 5768 1707 5807 cum
1767 5752 2013 5810 divortio

354 5823 548 5884 sancti
579 5824 766 5887 osculi
815 5826 1044 5900 integra
1066 5827 1094 5884 7
1139 5828 1321 5895 Quem
1369 5823 1616 5883 Domino
1647 5824 1903 5881 ofﬁcium
1937 5825 2015 5881 fa-

2051 4719 2098 4785 D

2126 2034 2400 2108 Sequitur
2456 2038 2514 2090 in
2574 2034 2823 2160 vulgatis
2870 2034 3249 2105 editionibus,
3298 2062 3324 2087 α
3380 2043 3770 2112 Quaecumque

2127 2112 2273 2160 ratio
2323 2107 2418 2160 sit.
2473 2130 2499 2155 ››
2546 2109 2665 2160 Ouo
2758 2108 2887 2160 ferri
2935 2125 3105 2160 003.86
3161 2126 3270 2160 non
3323 2112 3571 2160 videtur-
3633 2128 3766 2160 cum

2127 2112 2273 2163 ratio
2323 2107 2418 2163 sit.
2473 2130 2499 2155 »
2546 2107 2706 2171 Quod
2758 2108 2887 2179 ferri
2934 2125 3105 2179 posse
3161 2126 3271 2163 non
3323 2112 3571 2177 videtur,
3633 2107 3767 2167 cum

2126 2179 2299 2250 paulo
2348 2182 2477 2251 post
2524 2183 2726 2233 auctor
2774 2174 3198 2251 διαμοῑστίγωσις
3244 2182 3472 2250 inferat,
3509 2174 3675 2237 «Sed
3711 2187 3768 2239 et

2128 2253 2173 2305 si
2210 2268 2328 2321 qua
2352 2250 2503 2305 ratio
2552 2256 2659 2305 est.
2694 2272 2721 2299 ››
2746 2250 2831 2323 41η
2864 2250 3261 2306 vetustissimo
3294 2254 3488 2307 codice
3532 2253 3765 2323 legitur,

2128 2323 2581 2397 «Quaecumque
2613 2321 2816 2397 oratio_
2841 2324 2939 2391 sit,
2996 2341 3108 2397 non
3140 2324 3247 2397 erit
3280 2325 3469 2394 potior
3500 2321 3770 2397 praecepti

2128 2394 2552 2468 observatione,
2589 2416 2616 2441 ››
2651 2394 2862 2468 menda
2887 2395 3275 2468 apertissima.
3306 2397 3464 2451 Unde
3496 2394 3774 2468 appareat

2127 2465 2545 2540 'liertullianuui
2598 2464 2905 2540 scripsisse
2928 2464 2953 2520 7:
3003 2488 3029 2513 (ι
3059 2465 3464 2540 Quaecumque
3494 2464 3770 2540 operatio

2129 2537 2224 2605 sit,
2258 2554 2373 2592 non
2406 2537 2515 2590 erit
2547 2535 2736 2610 potior
2784 2535 3187 2591 observatione
3239 2535 3507 2610 przeéepti
3537 2535 3566 2603 ς’
3607 2562 3633 2589 ››
3668 2541 3777 2597 hoc

2129 2625 2351 2684 sensu:
2385 2608 2706 2678 quamlibet
2755 2624 2953 2684 severa
3002 2613 3102 2684 aut
3152 2608 3403 2679 perfecta
3429 2608 3773 2684 eitjejunii,

2127 2680 2213 2734 vel
2242 2682 2670 2750 cujuscumque
2700 2681 3076 2753 Operationis,
3111 2696 3283 2750 quam
3318 2684 3426 2753 ipsi
3464 2685 3629 2738 nobis
3665 2680 3772 2739 im;

2130 2754 2549 2823 peraverimus,
2582 2752 2918 2818 austeritas,
2968 2769 3079 2805 non
3115 2754 3223 2806 erit
3253 2755 3778 2811 commendabilior

2129 2822 2529 2896 Observatione
2602 2822 2868 2896 praecepti
2938 2823 3241 2892 Dominici,
3313 2844 3424 2896 quo
3491 2827 3776 2896 jubemur

2119 2894 2349 2969 jejunia
2373 2898 2570 2969 nostra
2591 2893 3032 2969 celare.Nempe
3066 2896 3164 2964 qui
3187 2898 3257 2950 ob
3284 2893 3513 2968 jejunia
3547 2900 3769 2969 privata

2129 2965 2327 3021 osculo
2372 2966 2527 3036 pacis
2580 2971 2708 3036 post
2756 2965 3102 3020 celebratam
3151 2965 3303 3021 cum'
3336 2965 3613 3024 fratribus
3646 2986 3769 3024 ora-

2128 3038 2346 3111 tionem
2380 3037 2730 3111 abstineant,
2766 3037 2895 3111 ipsa
2942 3038 3125 3091 osculi
3159 3040 3523 3096 abdicatione
3555 3043 3767 3111 praedi-

2128 3110 2341 3163 cabant
2371 3126 2433 3163 se
2473 3108 2766 3181 jejunare.
2794 3108 3096 3164 Hactenus
3148 3112 3323 3181 igitur
3374 3108 3772 3167 Tertullianus

2129 3181 2308 3235 osculi
2370 3179 2785 3254 abstinentiam
2847 3179 3315 3254 superstitio'sam
3365 3184 3780 3254 jnjunantibus

2128 3268 2255 3306 esse
2285 3251 2540 3306 ostendit
2574 3267 2585 3303 :
2624 3252 2902 3321 primum,
2952 3253 3103 3321 quod
3149 3254 3309 3308 nulla
3343 3251 3782 3311 sit'abstinendi

2130 3324 2316 3397 ratio;
2350 3324 2580 3383 deinde,
2614 3323 2765 3397 quod
2813 3323 2991 3397 osculi
3042 3326 3391 3381 refutatione
3413 3327 3642 3397 jejunia
3674 3343 3783 3382 sua

2131 3395 2468 3465 praedicent,
2505 3393 2640 3464 quze
2665 3393 2835 3448 celari
2869 3395 3022 3449 Deus
3064 3397 3267 3451 voluit.
3314 3393 3524 3467 Adjicit
3557 3417 3570 3454 :
3605 3422 3633 3448 «
3664 3399 3771 3453 Sed

2128 3472 2185 3542 et
2216 3467 2261 3520 si
2310 3484 2426 3542 qua
2459 3468 2604 3542 ratio
2634 3471 2742 3531 est,
2778 3483 2848 3520 ne
2890 3471 3088 3542 tamen
3139 3469 3605 3542 huicprzecepto
3636 3487 3773 3526 reus

2130 3538 2233 3613 sis,
2270 3559 2289 3613 ξ
2346 3537 2634 3613 nimirum
2674 3543 2982 3613 prazceptog
3010 3538 3234 3595 celandi
3287 3537 3523 3612 jejunii,
3553 3564 3579 3591 «
3607 3546 3770 3613 potes

2129 3609 2308 3669 domi,
2342 3610 2388 3663 si
2425 3612 2587 3667 forte.
2608 3608 2772 3681 inter
2803 3608 3149 3679 quoslatere
3174 3608 3466 3681 jejunium
3497 3608 3553 3667 in
3581 3608 3773 3669 totum

2131 3698 2243 3752 non
2278 3682 2472 3748 datur,
2518 3680 2748 3734 differre
2798 3698 3020 3752 pacem.
3057 3702 3081 3732 ι)
3132 3680 3316 3740 'l‘anta
3363 3686 3473 3739 fuit
3503 3685 3771 3740 Patribus

2130 3751 2432 3807 charitatis
2488 3769 2650 3815 cura,
2702 3756 2766 3805 ut
2802 3751 3124 3822 plerosque
3184 3757 3333 3809 ritus
3380 3757 3602 3811 ratione
3656 3774 3768 3811 non

2131 3824 2282 3878 bona
2314 3823 2921 3901 receptos-tolerarent
2968 3827 3162 3894 potius
3210 3845 3385 3897 quam
3420 3830 3611 3901 rigida
3641 3845 3773 3884 cen-

2130 3912 2270 3949 sura
2315 3894 2401 3970 v_el
2450 3893 2760 3970 minimam
2822 3893 3087 3970 scissura:
3124 3893 3509 3970 occasionem
3564 3902 3783 3970 praebe-

2132 3969 2297 4043 Eent;
2343 3965 2464 4043 haec
2516 3971 2639 4043 erat
2689 3966 2951 4043 illo_aivo
2982 3967 3465 4043 .Qhristianorum
3523 3965 3780 4043 σῦγκατά-

2131 4030 2307 4094 ϐασις.
2349 4036 2555 4111 itaque
2588 4037 2755 4106 ﬁngit
2802 4036 3197 4111 Tertullianus
3250 4043 3448 4107 ritum,
3485 4030 3655 4111 quem
3691 4059 3786 4096 su-

2132 4125 2236 4183 pra
2286 4107 2611 4183 tollendum
2648 4124 2784 4183 esse
2826 4110 3041 4183 docuit,
3094 4128 3263 4181 posse
3313 4107 3517 4183 aliqua
3558 4114 3781 4168 ratione

2131 4180 2360 4251 defendi
2421 4196 2437 4251 :7
2484 4177 2663 4232 simul
2702 4186 2773 4251 et
2812 4182 3046 4234 modum
3094 4177 3426 4251 praescrihit
3467 4186 3614 4239 ritus
3664 4202 3777 4239 ser-

2130 4250 2516 4338 vandimsalvo
2551 4249 2777 4338 po‘mini
2831 4249 3134 4338 praecepto,
3175 4272 3394 4337 .nempe
3425 4262 3488 4311 ut
3514 4257 3780 4338 jejunan-

2132 4324 2292 4375 tibus
2324 4321 2516 4389 liceat,
2552 4321 2752 4376 habita
2782 4339 2913 4377 cum
2938 4321 3277 4381 domesticis
3308 4321 3364 4382 et
3394 4321 3778 4381 familiaribus

2132 4392 2426 4468 oraticne,
2450 4393 2843 4468 osc_ulo_pacis
2895 4396 3204 4451 abstinere.
3239 4398 3328 4453 Sic
3359 4400 3537 4466 enim,
3572 4415 3777 4468 quam-

2131 4466 2218 4518 vis
2248 4465 2319 4519 ob
2348 4465 2560 4536 jejunii
2594 4464 2932 4536 religionem
2958 4470 3156 4523 osculo
3189 4464 3543 4535 abstineant,
3576 4464 3694 4525 fore
3724 4475 3785 4525 ut

2125 4538 2413 4608 jejunium
2460 4544 2654 4609 tamen
2707 4539 2949 4592 minime
3001 4542 3267 4609 prodant,
3302 4545 3472 4609 cujus
3517 4542 3783 4598 conscios

2132 4609 2388 4663 habeant
2436 4608 2651 4671 nullos,
2707 4609 2819 4681 nisi
2871 4608 3017 4681 quos
3071 4613 3389 4668 domestica
3440 4614 3615 4669 latere
3666 4632 3780 4669 non

2135 4684 2399 4752 possunt.
2460 4680 3093 4752 Excusationis’istius
3154 4684 3401 4738 colorem
3472 4686 3781 4740 confirmat

2130 4751 2390 4827 exemplo
2434 4751 2661 4827 jejunii,
2704 4752 2854 4818 quod
2909 4752 2999 4807 die
3050 4754 3302 4817 Paschae,
3356 4758 3436 4810 sic
3485 4758 3777 4827 passionis

2131 4824 2448 4897 Dominicaa
2496 4822 2645 4897 diem
2698 4832 3017 4893 nuncupat,
3053 4828 3382 4881 communis
3434 4822 3496 4883 et
3541 4829 3775 4897 publica

2131 4894 2331 4970 religio
2363 4893 2573 4970 sanxii.
2610 4899 2749 4947 Nam
2800 4898 3140 4970 q_uotanr.is,
3162 4907 3506 4970 recurrentes
3537 4893 3628 4955 die
3660 4918 3774 4970 quo

2127 4967 2389 5040 Sponsus
2421 4965 2652 5040 ablatus
2682 4970 2799 5040 est,_
2822 4966 3095 5040 Ecclesia:
3118 4968 3435 5040 placuerat,
3472 4965 3778 5028 viduitatis

2130 5055 2191 5091 ac
2225 5036 2604 5092 desolationis
2651 5036 3438 5107 significationefosculandi
3470 5050 3779 5099 consuetu-

2130 5110 2323 5163 dinem
2379 5108 2709 5169 intermitti,
2746 5110 2981 5180 absque
3031 5113 3150 5167 ulla
3198 5119 3387 5169 tamen
3446 5116 3779 5171 occultandi

2124 5181 2328 5258 jejunii
2364 5197 2541 5243 cura;
2576 5196 2707 5233 cum
2740 5179 3068 5258 inaffectata
3095 5188 3367 5258 quisquis
3399 5186 3453 5240 id
3488 5189 3775 5258 proderet,

2129 5254 2284 5322 quod
2338 5269 2455 5306 una
2503 5268 2635 5306 cum
2686 5252 2959 5310 omnibus
3008 5252 3337 5313 faciendum
3390 5252 3650 5314 haberet.
3686 5252 3778 5313 Rr-

2128 5341 2287 5380 GALT.

2200 5396 2311 5464 (41)
2362 5394 2726 5469 Quaecumque
2772 5396 3057 5469 rgatiogsft.
3124 5399 3503 5469 Quacumque
3551 5400 3773 5455 ratione

2129 5465 2411 5521 movearis
2467 5466 2535 5518 ad
2578 5465 3053 5537 subtrahendum
3109 5470 3270 5525 fratri
3318 5465 3606 5537 osculum,
3658 5472 3772 5528 alia

2125 5538 2318 5663 potior
2347 5540 2447 5590 aut
2479 5536 2684 5590 melior
2729 5538 2875 5593 ratio
2908 5542 3117 5596 suadet
3170 5548 3232 5596 ut
3281 5536 3601 5605 osculeris,
3628 5543 3771 5611 quia

2172 5626 2236 5663 oc
2268 5609 2439 5662 modo
2473 5609 2814 5663 manifestas
2847 5617 2923 5663 te.
2945 5630 3059 5663 non
3094 5611 3432 5663 osculando.
3461 5614 3723 5663 ieiunare.
3753 5634 3765 5663 :

2172 5626 2236 5685 oc
2268 5609 2439 5685 modo
2473 5609 2814 5685 manifestas
2847 5617 2924 5679 te,
2945 5630 3059 5685 non
3094 5611 3432 5677 osculando,
3453 5609 3723 5685 jejunare
3753 5634 3766 5670 :

2131 5686 2187 5735 et
2208 5680 2435 5751 jejunis
2461 5680 2626 5750 jubet
2674 5681 2828 5736 Deus
2880 5683 3075 5755 celari,
3131 5685 3381 5739 Mattheei
3432 5680 3665 5757 c'ap.v1.
3702 5688 3768 5743 G.

2130 5758 2437 5808 PANCIROL.

2199 5824 2310 5899 (42)
2339 5824 2441 5881 Sed
2471 5831 2521 5880 et
2564 5823 2614 5879 si
2653 5839 2762 5895 qua
2805 5826 2946 5881 ratio
2995 5829 3093 5883 est:
3151 5828 3540 5903 Quaecumque
3572 5831 3650 5891 sit
3676 5848 3769 5889 ra-
