4134 6184
452 287 605 348 1287

993 287 1524 349 TERTULLIANI
1567 288 1893 351 OPERUM
1936 287 2138 350 PARS
2182 290 2229 350 Ι.
2262 321 2341 336 -
2369 290 2645 352 SERIES
2689 289 2767 363 II,
2813 287 3299 350 DOGMATICA.

3657 298 3784 356 1288

449 418 759 487 niendum,
808 418 966 488 quod
1012 418 1186 473 statio
1225 419 1502 473 solvenda
1554 418 1632 474 sit
1673 420 1810 492 (49),
1857 426 2094 492 accepto
2123 431 2178 494 Α
2207 421 2471 493 exemplo
2494 437 2705 478 nomen
2738 419 2948 491 accipit
2977 421 3135 490 (nam
3154 424 3211 475 et
3232 421 3439 478 militia
3482 425 3575 480 Dei
3619 442 3794 499 ramus,

447 524 686 577 corpore
737 506 993 561 Domini.
1047 508 1193 578 Ergo
1236 508 1505 562 devotum
1576 509 1689 564 Deo
1739 511 2089 580 obsequium

448 596 821 651 Eucharistia
880 596 1184 651 resolvit?
1242 599 1328 650 An
1389 597 1578 669 magis
1666 603 1775 652 Deo
1844 599 2104 671 obligat?

450 684 651 738 Nonne
682 684 1004 739 solemnior
1020 686 1129 738 erit
1160 687 1333 739 statio
1357 692 1478 753 tua,
1514 687 1562 739 si
1594 692 1651 741 et
1682 688 1752 740 ad
1788 704 1947 741 aram
1998 688 2101 743 Dei

446 773 869 845 steteris(50)?
899 776 1151 843 Accepto
1184 776 1290 843 (51)
1332 775 1528 829 1183
1586 790 1827 845 corpore
1874 778 2098 831 Domini

440 867 497 917 et
528 871 843 931 reservato,
881 869 1201 933 utrumque
1234 865 1461 917 salvum
1496 869 1605 931 est,
1639 869 1695 917 et
1732 866 2097 935 participatio

439 950 732 1015 sacriﬁcii,
765 956 821 1004 et
852 952 1147 1006 exsecutio
1181 952 1379 1007 ofﬁcii.
1410 952 1462 1006 Si
1500 953 1673 1007 statio
1724 954 1795 1008 de
1853 954 2095 1009 militari

2206 512 2247 566 ll
2282 511 2402 567 Cor.
2434 529 2491 578 x,
2522 512 2551 565 4
2588 514 2645 578 ;I
2682 511 2813 565 Tim.
2846 526 2885 576 1,
2916 510 3027 579 18),
3063 510 3265 580 utique
3306 511 3458 566 nulla
3484 512 3792 581 laetitia,sive

2210 600 2449 655 tristitia
2484 602 2597 670 (52‘)
2628 600 2941 653 obveniens
2974 599 3204 667 castris,
3256 600 3524 655 stationes
3581 604 3794 660 militum

2212 687 2513 744 rescindit.
2552 688 2696 744 Nam
2726 687 2927 741 laetitia
2960 687 3261 756 libentius,
3294 688 3518 743 tristitia
3554 690 3797 747 sollicitus

2213 778 2656 832 administrabit
2687 775 3092 846 disciplinam.

2726 865 2957 919 CAPUT
2987 864 3082 918 xx
3112 864 3156 898 ω
3197 866 3333 934 (53).

2208 956 2287 1011 De
2327 955 2528 1011 habitu
2559 971 2693 1010 vero
2741 955 3025 1008 duntaxat
3082 953 3437 1008 feminarum
3501 956 3599 1025 (54)
3649 958 3803 1012 varie-

1856 1071 2058 1132 Varia:
2114 1073 2436 1135 lectiones.

508 1156 552 1191 ‘9
580 1159 716 1228 Cap.
748 1155 852 1212 XV
882 1157 1042 1213 alias.

1877 1257 2400 1320 Commentarius.

513 1361 649 1434 (49⁸)
683 1360 1033 1434 ρᾳριίἓδιαιίο
1093 1361 1454 1432 solvendasit,
1516 1367 1627 1418 etc.
1683 1362 2000 1434 Nunquam
2059 1383 2091 1420 a

442 1431 693 1487 statione
725 1432 1123 1505 Christianus,
1153 1434 1403 1505 pepulus
1441 1431 1781 1503 recedebat,
1825 1431 1938 1490 nisi
1996 1452 2088 1490 ac-

443 1508 607 1573 cepto
629 1519 866 1577 corpore
896 1504 1151 1569 Domini,
1185 1504 1353 1575 cujus
1403 1506 1933 1562 communicatione
1966 1524 2090 1577 per-

434 1583 567 1648 acta
597 1575 1057 1631 absolvebantur
1088 1593 1283 1647 preces
1317 1581 1373 1632 et
1401 1578 1512 1648 piis
1541 1579 1926 1634 conventibus
1952 1575 2087 1635 finis

435 1646 868 1727 imponebatur.
904 1653 975 1701 At
1003 1666 1035 1727 a
1058 1646 1449 1727 saerasynaiai
1470 1650 1841 1705 abstinebant
1866 1650 2087 1705 delica-

430 1717 540 1799 ξυιί
573 1719 834 1799 quidam,
867 1721 1019 1798 quod
1046 1720 1165 1799 sibi
1199 1717 1532 1799 viderentur
1556 1728 1800 1792 accepto
1847 1738 2087 1799 corpore

2198 1370 2303 1450 tur
2316 1366 2551 1450 proprio
2582 1365 3099 1450 sacrorumverbo.
3128 1364 3300 1450 Stare
3331 1366 3401 1420 ad
3436 1366 3802 1450 aramndicitur

2198 1437 2531 1494 dedicatum
2579 1437 2799 1495 animal
2858 1437 3104 1493 victimas
3146 1437 3401 1508 patiens.
3452 1437 3718 1510 Virgilius.
3766 1455 3798 1493 ιι

2197 1516 2369 1579 Georg
2394 1527 2407 1565 :

2318 1636 2381 1746 Et
2409 1648 2595 1684 eorum
2627 1634 2820 1683 ductus
2852 1632 3013 1683 stabit
3043 1646 3192 1682 sacer
3226 1632 3409 1682 hircus
3445 1633 3508 1683 ad
3564 1647 3711 1692 aram,

2371 1711 2529 1746 ircus.
2565 1732 2575 1742 .
2613 1732 2626 1746 .

2371 1711 2529 1746 treus.
2565 1732 2575 1742 .
2613 1732 2626 1746 ο

430 1789 661 1885 Domini
695 1791 992 1885 jejunium
1042 1791 1435 1885 franger‘ehiu
1494 1810 1609 1864 quo
1651 1789 2069 1885 leustodi‘en'do
2105 1821 2150 1885 Β
2184 1816 2250 1866 Et
2275 1812 2537 1868 Martial.
2570 1830 2585 1881 ;

432 1868 585 1936 certe
639 1862 898 1933 antiquis
959 1862 1213 1936 maxima
1255 1864 1363 1917 fuit
1419 1862 1561 1918 cura
1615 1867 1783 1936 atque
1844 1865 2067 1936 religio.

430 1934 723 1996 Quantum
762 1941 955 1988 autem
997 1935 1055 1988 hi
1108 1934 1464 1991 fallerentur.
1525 1935 1921 1992 Tertullianus
1960 1934 2071 1993 hic

432 2006 677 2073 probare
720 2005 948 2072 nititur,
1003 2008 1316 2061 ostendens
1371 2024 1404 2060 a
1465 2008 1591 2061 cibo
1636 2024 1811 2061 sacrae
1863 2025 2076 2064 mensa:

430 2093 545 2129 non
566 2075 776 2149 vitiari,
808 2078 908 2131 sed
944 2076 1136 2146 perﬁci
1170 2084 1343 2149 atque
1371 2094 1468 2132 sac
1490 2080 1572 2132 ari
1603 2079 2069 2135 Christianorum

428 2148 674 2217 jejunia.
698 2148 1090 2203 MURATORIUS.

503 2220 613 2289 (50)
647 2222 839 2274 Nonne
883 2221 1178 2274 solemnior
1231 2220 1334 2274 erit
1390 2222 1554 2274 statio
1614 2224 1729 2286 tua,
1789 2224 1839 2277 si
1897 2226 1949 2276 et
2007 2221 2076 2276 ad

429 2307 585 2344 aram
620 2292 718 2363 Dei
746 2292 1000 2363 steteris?
1033 2293 1179 2362 Ergo
1202 2308 1333 2346 aras
1362 2291 1648 2347 habebant
1681 2298 1818 2347 tunc
1850 2299 2072 2363 tempo-

436 2363 595 2443 poris
643 2362 993 2443 Christiani!
1059 2363 1221 2417 Unde
1254 2364 1460 2443 _igitur
1498 2363 1597 2443 illa
1654 2362 1983 2443 gentilium;
2016 2365 2073 2418 in

435 2434 595 2503 ipsos
617 2434 748 2488 odia
779 2439 834 2487 et
859 2440 1141 2504 tanquam
1202 2434 1481 2489 adversus
1532 2436 1744 2505 impios
1803 2436 2071 2504 crimina,

434 2506 589 2575 quod
623 2523 727 2560 nec
758 2505 1132 2573 delubra,nec
1162 2523 1292 2561 aras
1327 2508 1623 2572 haberent,
1653 2524 1755 2561 nec
1787 2509 2075 2562 sacrifica-

443 2580 616 2629 rent?
647 2600 672 2625 ‹‹
707 2578 929 2631 Putatis
962 2584 1182 2646 autem,
1207 2578 1399 2647 inquit
1432 2577 1745 2642 Minucius,
1808 2597 1914 2634 nos
1974 2596 2073 2632 oc-

439 2649 660 2702 cultare
691 2648 843 2718 quod
876 2649 1146 2715 colimus,
1180 2648 1229 2703 si
1262 2649 1504 2703 delubra
1533 2655 1588 2704 et
1626 2668 1754 2704 aras
1793 2667 1903 2705 non
1968 2654 2070 2704 12a-

434 2719 662 2790 bemus.
705 2742 732 2768 ››
770 2719 841 2774 Ut
873 2719 1207 2788 Malachias,
1255 2738 1378 2790 cap.
1431 2737 1468 2784 ι,
1523 2738 1785 2775 mensam
1846 2721 2069 2775 Domini

435 2789 597 2855 dixit,
634 2792 782 2861 quod
839 2791 1053 2848 ibidem
1096 2792 1276 2845 altare
1327 2789 1577 2857 dixerat,
1637 2794 1715 2846 ita
1770 2792 1862 2847 hic
1910 2810 2071 2847 aram

432 2861 575 2916 dicit
627 2863 945 2932 Septimius
996 2879 1259 2917 mensam
1309 2862 1541 2918 Christi.
1616 2863 1775 2918 Unde
1853 2866 2074 2919 scilicet

432 2949 643 3003 corpus
667 2934 877 2988 Christi
916 2940 1280 2999 sumebatur,
1307 2952 1471 3004 pane,
1499 2934 1648 3003 vino,
1677 2936 1894 2989 sanctis
1943 2954 2070 2991 ora-

430 3005 690 3060 tionibus
722 3008 777 3059 in
802 3007 1092 3075 passionis
1124 3006 1349 3060 Domini
1378 3007 1698 3061 nemoriam
1762 3024 2069 3062 consecra-

440 3084 518 3131 to.
543 3078 822 3150 _Sicenim
857 3078 1095 3142 Paulus,
1130 3079 1148 3131 Ι
1183 3078 1249 3132 ad
1286 3078 1635 3145 Corinthios,
1662 3097 1713 3147 x,
1760 3085 2070 3150 postquam

437 3148 601 3210 dixit,
630 3166 835 3220 panem
866 3167 1036 3220 quem
1075 3150 1419 3219 frangimus,
1459 3148 1962 3220 participationem
2017 3157 2073 3205 et

433 3222 903 3292 communionem
955 3239 1084 3275 esse
1142 3222 1399 3291 corporis
1466 3222 1678 3275 Christi
1738 3223 1895 3291 quod
1970 3239 2074 3292 pro

434 3291 602 3344 nobis
634 3293 862 3346 tradiet
896 3292 1185 3347 immolari
1236 3294 1423 3346 volunt
1478 3294 1652 3351 Deus.
1701 3292 1927 3361 adjicit.
1975 3291 2086 3349 eos

434 3364 530 3433 qui
561 3364 826 3417 victimas
848 3366 1050 3429 edunt,
1083 3364 1545 3435 participesﬁeri
1596 3363 1819 3419 altaris.
1873 3365 2091 3420 Deinde

431 3439 629 3489 monet
677 3435 1030 3501 Corinthios,
1088 3434 1159 3490 ut
1210 3436 1350 3489 torte
1400 3434 1544 3503 ipsis
1606 3436 1760 3506 apud
1827 3436 2091 3492 ethnicos

437 3507 804 3560 coenantibus
844 3506 1064 3573 aliquid
1126 3510 1456 3576 apponatur
1505 3508 1659 3576 quod
1718 3508 2090 3562 immolatum

438 3576 610 3628 idolis
636 3578 817 3631 fuisse
850 3578 1101 3643 dicatur,
1135 3584 1354 3647 partem
1408 3578 1542 3631 inde
1602 3576 1713 3631 sibi
1780 3577 1957 3631 ullam
2020 3596 2091 3634 ne

432 3655 671 3700 sumant
706 3665 719 3703 :
752 3649 974 3702 etenim
1010 3665 1122 3702 non
1160 3666 1327 3718 posse
1353 3665 1563 3703 mensae
1594 3649 1818 3702 Domini
1853 3650 2088 3719 partici-

433 3734 533 3788 pes
564 3724 774 3783 esse,et
813 3735 1026 3791 mensae
1059 3721 1499 3775 daemoniorum.
1537 3720 1694 3784 Quod
1713 3727 2087 3791 praeceptum,

432 3806 646 3844 mensas
672 3806 805 3863 voca
820 3790 957 3863 bulo
978 3791 1284 3862 gentilium
1310 3790 2084 3863 sacriticiisaccommOdato,

433 3877 707 3934 mensam
732 3860 938 3934 Christi
975 3860 1126 3934 apud
1153 3862 1355 3918 fideles
1385 3880 1495 3916 arae
1531 3863 1718 3917 instar
1746 3881 1873 3919 esse
1906 3860 2087 3934 signi;

439 3933 615 4005 ficat:
651 3938 707 3987 et
735 3933 1263 4005 Judaaosquidem,
1326 3934 1425 4005 qui
1475 3936 1795 3990 secundum
1849 3952 2085 3991 carnem

433 4004 684 4077 sapiant,
750 4004 1053 4077 sacrificiis
1129 4008 1255 4062 suis
1317 4004 1625 4077 participes
1679 4007 1801 4061 ﬁeri
1856 4013 2082 4062 tantum

428 4076 652 4145 aliaris,
688 4074 1094 4161 θυςεαεξνηρίου,
1126 4074 1334 4133 1108ὶὶ8⁷
1364 4074 1585 4159 scilicet
1643 4077 1894 4161 ﬂammis
1947 4096 2085 4161 con-

430 4153 668 4220 sumpta
706 4165 718 4214 ;
751 4148 1113 4205 Christianos
1148 4155 1341 4205 autem
1370 4149 1681 4219 participes
1716 4150 1836 4204 ﬁeri
1873 4148 2082 4220 θυσίας,

430 4219 618 4292 ipsius
653 4220 947 4292 sacriﬁcii,
983 4238 1191 4291 nempe
1225 4221 1487 4289 corporis
1505 4220 1739 4274 Christi.
1778 4226 1965 4292 Atque
1991 4219 2083 4276 hic

433 4290 758 4364 Septimius
778 4298 977 4347 noster
998 4290 1290 4364 acceptam
1320 4309 1352 4345 a
1373 4292 1702 4364 Christiano
1733 4290 2079 4364 bucc'ellam,

439 4362 944 4434 participationem
998 4362 1254 4419 esse—ait
1299 4362 1592 4418 sacriﬁcii.
1637 4363 1781 4425 Quin
1844 4370 1899 4417 et
1959 4364 2082 4434 ipse

428 4433 799 4507 Christianus
831 4453 929 4490 ara
959 4434 1819 4507 Dominicensetur,imbueuda
1843 4433 2081 4507 quidem

434 4505 743 4575 sanguine,
777 4508 874 4560 sed
912 4506 1146 4560 Christi.
1183 4507 1457 4574 Idemque
1490 4506 1584 4560 ille
1635 4510 1830 4559 noster
1865 4505 2080 4562 'iidrles

2438 1918 2549 1966 Vite
2586 1930 2785 1967 nocens
2813 1931 2936 1965 rosa
2958 1917 3131 1965 stabat
3160 1918 3456 1965 moriturus
3490 1916 3553 1965 ad
3595 1932 3715 1966 aras.

3088 1978 3261 2040 (Mart.
3320 1980 3488 2043 epigr.
3534 1982 3659 2029 2L].
3701 1982 3800 2040 vn.)

2186 2062 2329 2117 Inde
2362 2064 2416 2117 et
2453 2036 2643 2115 Illud:

2280 2186 2441 2245 Rede,
2474 2199 2646 2246 caper,
2680 2185 2858 2243 vitem,
2881 2188 3058 2232 tamen
3083 2184 3206 2232 hinc
3226 2198 3345 2232 cum
3380 2184 3543 2233 stabis
3573 2185 3629 2232 ad
3656 2198 3807 2246 aram,

2278 2250 2336 2297 In
2369 2254 2460 2297 tua
2489 2247 2631 2310 quod
2662 2248 2836 2309 spargi
2867 2260 3070 2295 cornua
3099 2248 3283 2308 possit,
3310 2249 3437 2296 erit.
3621 2247 3721 2295 Rm.

2255 2364 2366 2433 (51)
2396 2364 2619 2433 Accepto
2648 2377 2869 2432 corpore
2912 2361 3134 2415 Domini
3162 2367 3214 2415 et
3246 2368 3543 2416 reservato.
3601 2362 3664 2415 Et
3690 2361 3799 2433 hoc

2183 2432 2428 2489 eruditis
2459 2434 2997 2504 compertissimum
3044 2438 3154 2499 est,
3218 2438 3444 2487 veteres
3500 2432 3802 2489 Christiane

2184 2506 2487 2575 religionis
2521 2508 2772 2559 cultores
2816 2504 3112 2558 interdum
3165 2504 3542 2559 consuevisse
3614 2521 3801 2575 corpus

2183 2578 2397 2631 Christi
2428 2596 2460 2631 δ.
2490 2578 2792 2632 sacerdote
2846 2581 3152 2645 acceptum
3222 2577 3447 2631 det‘erre
3505 2593 3708 2640 secum,
3754 2584 3804 2628 ut

2183 2650 2339 2703 domi
2373 2665 2437 2703 ac
2462 2649 2519 2703 in
2568 2648 3133 2719 privatisprecibus
3193 2648 3643 2702 manducarent:
3697 2664 3801 2716 quas

2183 2721 2544 2775 consuetudo
2606 2737 2638 2773 a
2682 2718 2946 2774 conciliis
2999 2723 3199 2790 postea
3255 2718 3491 2774 sublata
3539 2720 3653 2773 fuit.
3706 2718 3800 2772 Hoc

2182 2791 2366 2861 igitur
2403 2792 2643 2854 omisso,
2680 2792 2794 2844 alia
2824 2789 3017 2861 potius
3048 2789 3477 2845 consideranda
3505 2794 3804 2844 occurrunt.

2184 2859 2421 2917 Scilicet
2450 2879 2518 2917 ex
2551 2862 2661 2916 hoc
2691 2859 3033 2916 Tertulliani
3067 2862 3191 2916 loco
3251 2864 3630 2915 recentiorum
3687 2877 3809 2932 quo-

2184 2936 2454 2988 rumdam
2544 2934 2953 2988 haereticorum
3018 2934 3309 2987 sententia
3368 2934 3663 2997 refellitur,
3724 2931 3806 3001 qui

2180 3023 2390 3074 corpus
2420 3005 2645 3060 Domini
2682 3012 2810 3075 post
2842 3021 3014 3060 sacra
3029 3012 3261 3075 peracta
3292 3021 3632 3060 conservare
3670 3007 3805 3058 uetus

2182 3082 2416 3149 putant.
2477 3077 2688 3149 Verum
2724 3077 2878 3147 quod
2933 3078 3197 3149 nunciin
3247 3077 3535 3132 catholica
3589 3076 3811 3149 Ecclesia

2192 3146 2507 3219 praestatur
2538 3146 2873 3218 antiquitus
2897 3149 3070 3203 etiam
3095 3148 3331 3212 factum,
3361 3165 3473 3203 non
3509 3149 3623 3202 haec
3652 3146 3810 3201 solum

2187 3219 2524 3274 Tertulliani
2561 3220 2755 3285 verba,
2793 3220 2891 3273 sed
2925 3219 3258 3290 Cyprianus
3307 3220 3526 3289 aliique
3574 3220 3809 3273 vetustis-

2206 3293 2339 3345 simi
2373 3292 2685 3360 scriptores
2715 3291 3083 3361 apertissime
3116 3294 3383 3361 probant,
3410 3308 3648 3361 quorum
3674 3291 3811 3344 testi-

2204 3364 2493 3444 moniaab
2526 3362 2658 3444 aliis
2687 3364 2912 3444 prolata
2935 3367 3192 3443 repetere
3248 3364 3805 3444 superﬂuumdi'oret.

2202 3435 2465 3490 Secundo
2488 3450 2619 3488 cum
2648 3434 2739 3487 hic
2766 3435 2938 3488 unius
2954 3434 3211 3501 corporis
3236 3436 3463 3501 accepti
3486 3434 3809 3489 mentionem

2199 3505 2594 3561 Tertullianus
2625 3505 2819 3575 faciat,
2837 3512 2893 3561 et
2916 3522 3097 3560 unum
3119 3521 3331 3574 corpus
3364 3502 3602 3560 domum
3634 3502 3811 3558 deferri

2201 3595 2265 3632 ac
2344 3595 2602 3631 reservar
2686 3578 3059 3631 consuevisse
3133 3577 3559 3647 intelligamus,
3623 3577 3814 3630 discere

2199 3666 2537 3720 possumus,
2568 3649 2809 3702 satolim
2859 3649 3042 3703 fuisse
3087 3648 3463 3713 Christianis,
3532 3649 3577 3702 si
3632 3647 3813 3720 Christi

2198 3718 2437 3789 corpore
2469 3726 2875 3785 vescerentur;
2910 3728 3086 3790 atque
3118 3719 3274 3775 hunc
3295 3738 3471 3775 usum
3505 3720 3573 3775 ab
3604 3718 3817 3773 Ecclesia

2199 3792 2482 3847 catholica
2510 3798 2830 3855 servatum,
2862 3799 2914 3845 et
2944 3790 3233 3846 sexcentis
3264 3792 3399 3847 aliis
3442 3798 3688 3847 veterum
3729 3791 3813 3844 do-

2197 3864 2487 3919 cumentis
2514 3863 2949 3935 conﬁrmatum,
2977 3862 3127 3917 male
3168 3879 3215 3935 ar
3268 3865 3514 3935 nuperis
3556 3861 3814 3935 haereticis

2197 3935 2537 4006 improbari.
2568 3934 2955 3989 MURATORIUS.
2991 3965 3055 3974 —
3088 3934 3279 3990 Variis
3300 3936 3371 3989 de
3405 3934 3599 3991 causis
3619 3939 3810 3989 veteres

2196 4006 2511 4061 Christiani
2546 4022 2755 4075 panem
2786 4006 3238 4077 eucharisticum
3273 4007 3432 4077 apud
3456 4024 3515 4062 se
3554 4020 3815 4077 reservare

2195 4079 2481 4132 solebant.
2516 4074 2702 4132 Causa
2734 4077 3067 4131 reservandi
3098 4076 3193 4130 hic
3238 4074 3400 4134 dicta
3464 4084 3657 4133 utrum
3696 4074 3811 4130 alibi

2196 4152 2572 4214 memoretur,
2606 4164 2695 4202 me
2718 4147 2875 4202 latet.
2912 4149 3129 4204 ROUTH.

2270 4220 2381 4292 (52)
2414 4219 2588 4274 Nulla
2621 4220 3256 4292 lmiitia,.sive_institui.
3287 4219 3432 4292 iSive
3464 4219 3655 4275 laetum
3684 4215 3818 4287 quid,

2198 4290 2321 4369 sive
2356 4293 2522 4369 triste
2554 4293 2876 4369 nuntietur,
2911 4290 3126 4345 milites
3159 4291 3642 4369 stati_onem,_ub_i
3676 4305 3814 4369 prae-

2196 4364 2414 4429 sident,
2446 4379 2560 4417 non
2593 4364 2899 4417 deserunt:
2942 4379 3047 4417 nec
3080 4378 3185 4416 nos
3230 4361 3450 4417 milites
3509 4361 3812 4425 Christiani,

2192 4436 2313 4490 sive
2346 4435 2518 4487 fuerit
2550 4434 2674 4488 dies
2708 4434 2896 4499 laetus,
2944 4434 3064 4488 sive
3100 4433 3315 4503 jejunii
3373 4439 3430 4489 et
3491 4432 3813 4495 ai‘ﬂictionis,

2193 4512 2423 4561 nostras
2456 4506 2740 4560 stationes
2767 4506 3125 4561 deseremus.
3162 4504 3231 4558 Et
3261 4504 3353 4558 hic
3380 4507 3690 4560 notandum
3721 4506 3811 4568 est,

432 4592 636 4629 arcens
667 4579 1019 4646 spectaculis
1052 4583 1107 4632 et
1138 4577 1287 4632 circo
1311 4577 1426 4644 ait;
1462 4577 1609 4631 «Vis
1641 4581 1836 4632 autem
1862 4584 1917 4631 et
1942 4596 2076 4632 san-
2108 4576 2154 4639 D
2188 4577 2471 4632 stationes
2537 4577 3002 4631 Christianorum
3064 4593 3096 4629 a
3144 4576 3505 4631 stationibus
3582 4575 3809 4646 militum

429 4646 625 4733 guinis
645 4647 915 4733 aliquid}
941 4650 1119 4705 habes
1152 4647 1739 4733 Christi..»mDeni.que
1762 4656 1837 4730 _et
1885 4654 1922 4702 C
1942 4649 2076 4733 hry-

429 4723 723 4791 sostomus
756 4721 1051 4791 auditores
1082 4738 1219 4775 suos
1238 4720 1403 4791 quasi
1427 4720 1639 4775 Christi
1667 4720 1850 4791 ipsius
1882 4720 2070 4775 verbis

428 4789 789 4865 compellans
821 4809 833 4846 :
867 4790 929 4865 Ei
990 4788 1219 4865 ᾳῗματυς
1256 4788 1581 4865 ἐπιθῇιίμῇῖς,
1637 4788 1789 4865 φῄσὶ,
1960 4791 2070 4865 Δτὸν

474 4860 498 4869 ⁵
568 4856 645 4879 ’,ἢ
666 4859 677 4877 Ι
1002 4863 1014 4879 \
1053 4856 1061 4862 “
1147 4867 1172 4876 η-
1272 4866 1295 4876 ~
1398 4860 1411 4877 θ
1444 4856 1450 4860 ”
1480 4856 1491 4877 Ι
1572 4856 1575 4857 ν
1650 4856 1658 4865 ⁸
1690 4856 1707 4879 1⁷
1849 4858 1863 4877 V‘
1922 4856 1927 4858 ⁷
1960 4861 1971 4877 ς

423 4880 533 4913 των
566 4874 809 4937 ειοοςκων,
867 4863 1053 4937 βῳμφν
1107 4881 1339 4937 τῳπων
1389 4860 1601 4937 αλογων
1636 4882 1802 4937 φονῳ,
1839 4860 1982 4937 alia
2011 4863 2073 4917 τὸ

429 4932 809 5009 θυσιασὶεήριον
842 4930 905 5009 ἑὸ
933 4932 1059 5004 ἐμὸν
1088 4930 1168 5003 τῷ
1197 4930 1312 5005 ἐμῷ
1344 4930 1580 5009 φοίγιάσε
1612 4930 1821 5009 αἱμαξει.
1858 4935 1981 5009 Bm.

499 5034 566 5043 ——-
601 5004 913 5059 Solemnior
940 5009 1045 5061 erit
1072 5009 1251 5060 statio.
1303 5004 1482 5060 Statio
1542 5022 1643 5077 pro
1684 5006 1910 5075 jejunio
1965 5004 2073 5059 ali-

429 5077 663 5143 quando
694 5077 970 5143 sumitur,
1002 5078 1277 5148 qucniam
1306 5078 1482 5133 statio
1515 5076 1672 5131 nulla
1701 5077 2075 5147 sinejejunio

424 5148 642 5219 nebant
673 5154 867 5203 autem
902 5150 1182 5204 stationes
1216 5167 1317 5204 seu
1350 5151 1683 5219 frequentes
1750 5150 1821 5203 ad
1895 5148 2077 5203 eccle-

425 5218 572 5276 siam
600 5236 922 5277 concursus
953 5221 1107 5276 dieb.
1137 5222 1362 5277 veneris
1394 5218 1841 5287 et’mercurii,iu
1863 5221 2079 5289 quibus

425 5296 595 5344 erant
627 5295 848 5347 statuta
874 5293 1118 5362 jejunia.
1151 5293 1377 5348 Frivola
1420 5298 1614 5348 autem
1667 5298 1756 5347 est
1796 5292 2079 5347 dubitatio

424 5361 1161 5435 MagdaburgenSium,qui
1194 5366 1263 5419 de
1310 5364 1535 5435 jejunio
1588 5364 2080 5419 Montanistarum

423 5432 479 5486 id
516 5432 701 5503 accipi
738 5432 937 5490 dicunt
971 5432 1143 5502 ;licet
1188 5432 1343 5489 enim
1372 5432 1471 5489 ’ad
1532 5451 1841 5507 vesperam
1895 5452 2087 5507 usque

424 5507 896 5629 producerentur
919 5507 1040 5562 haec
1072 5507 1388 5561 stationum
1418 5506 1668 5575 jejunis,
1703 5506 1848 5561 nihil
1890 5506 2081 5563 tamen

469 5578 721 5629 azreticis
756 5579 872 5629 illis
906 5577 1221 5629 conducit:
1255 5578 1457 5629 Patres
1480 5577 1695 5629 uuinne
1740 5577 1881 5629 illud
1935 5580 2081 5629 inter

469 5578 721 5632 tereticis
756 5579 872 5632 illis
906 5577 1221 5632 conducit:
1255 5578 1457 5631 Patres
1480 5577 1695 5648 quippe
1740 5577 1881 5632 illud
1935 5580 2086 5635 inter

426 5647 692 5703 Montani
716 5666 943 5704 errores
975 5667 1089 5704 non
1123 5654 1453 5703 numerant.
1490 5649 1566 5702 LE
1588 5647 1691 5703 ’Pu.

502 5749 569 5758 ——
600 5720 684 5774 Ad
710 5738 869 5775 aram
900 5723 997 5777 Dei
1015 5720 1542 5777 steterisAlludens
1565 5721 1635 5776 ad
1669 5718 1941 5776 stationis
1969 5721 2085 5777 uti-

2188 4649 2342 4715 dici;
2375 4664 2505 4703 cum
2541 4647 2695 4701 enim
2730 4649 2945 4702 milites
2979 4646 3191 4701 Christi
3231 4664 3441 4714 sunus,
3468 4649 3649 4703 multa
3677 4644 3812 4701 ami-

2178 4720 2381 4774 litibus
2415 4723 2774 4775 mutuamur.
2811 4721 2875 4774 G.
2918 4724 3223 4773 PANCIROL.

2253 4793 2364 4861 (53)
2394 4792 2509 4844 Tit.
2544 4791 2680 4846 Cod.
2711 4792 2913 4846 Ambr.
2954 4792 3027 4846 De
3051 4791 3247 4844 habitu
3276 4792 3643 4858 feminarum.

2257 4860 2365 4929 (51)
2400 4863 2473 4916 De
2504 4863 2697 4917 habitu
2728 4879 2867 4929 vero,
2893 4867 2999 4917 etc.
3035 4861 3112 4915 De
3146 4860 3413 4916 vestinus
3457 4863 3633 4916 etiam
3690 4871 3816 4928 quas

2187 4931 2413 4988 feminae
2448 4934 2512 4986 ad
2573 4932 2893 4989 orationem
2951 4932 3291 4987 accedentes
3351 4933 3597 4988 induere
3661 4931 3814 4985 debe-

2184 5006 2352 5070 bant,
2384 5005 2675 5073 agendum
2701 5006 2812 5060 sibi
2845 5003 3247 5059 Tertullianus
3299 5009 3522 5059 censet.
3590 5004 3667 5058 Ad
3725 5001 3816 5054 hoc

2188 5083 2380 5131 autem
2412 5072 2722 5131 incitatum
2750 5094 2810 5131 se
2843 5079 2943 5143 ait,
2975 5076 3127 5147 quod
3159 5091 3261 5145 pro
3294 5076 3631 5147 diversitate
3682 5072 3818 5125 loco-

2189 5166 2317 5203 rum
2350 5148 2546 5202 varius
2578 5153 2732 5202 esset
2748 5146 3001 5203 vestium
3032 5148 3389 5201 feminarum
3422 5146 3819 5214 usus,ideoque

2190 5237 2252 5276 se
2282 5218 2729 5299 dehujusmodi
2762 5221 3105 5299 argumento
3158 5217 3409 5299 scribere
3463 5213 3814 5299 velle,_quod

2193 5287 2498 5363 praecipue,
2546 5287 2857 5362 tanquam'
2888 5289 3130 5363 nullius
3166 5289 3272 5344 loci
3325 5290 3524 5357 homo,
3573 5287 3819 5363 videlicet

2194 5359 2338 5417 nulli
2373 5359 2641 5417 locorum
2669 5359 3079 5418 consuetudini
3106 5361 3325 5417 favens.
3357 5378 3474 5415 rem
3508 5359 3818 5431 aequissime

2235 5439 2550 5507 ertractare
2589 5440 2835 5507 poterat.
2884 5440 2958 5487 At
3005 5433 3381 5507 impudentia
3423 5429 3712 5487 videbitur
3739 5429 3816 5507 .de

2235 5453 2550 5489 ertracrare
2589 5453 2835 5507 peierat.
2884 5453 2958 5487 At
3005 5453 3369 5501 impuuenna
3423 5453 3712 5487 vmenuur
3756 5453 3814 5482 υυ

2194 5453 2304 5561 hoc
2358 5506 2586 5577 iterum‘
2632 5524 2821 5577 agere,
2882 5510 3194 5577 postquam
3248 5504 3462 5559 Paulus
3541 5499 3814 5575 apostolus

2196 5524 2304 5561 nec
2358 5524 2571 5560 iterum
2632 5524 2663 5559 a
2707 5524 2821 5572 ere,
2882 5524 3194 5577 postquam
3248 5524 3462 5559 ramus
3541 5524 3814 5575 apostolus

2196 5581 2391 5649 aperte
2427 5577 2543 5647 egit
2574 5574 2630 5629 in
2668 5524 2791 5633 gari
2815 5576 3206 5641 Timotheum,
3239 5593 3365 5646 cup.
3414 5593 3473 5629 1;.
3527 5580 3594 5629 Se
3642 5580 3814 5649 tamen

2199 5644 2599 5721 impudentem
2635 5666 2749 5705 non
2792 5649 3283 5721 existimathcum
3312 5644 3451 5721 post
3498 5644 3810 5715 Apostolum

2200 5717 2458 5795 quidem,
2526 5723 2855 5778 secundum
2904 5717 3275 5794 Apostolum,
3333 5720 3437 5775 hoc
3495 5723 3585 5776 est
3624 5732 3809 5774 secun-
