4134 6184
369 404 525 466 1293

1649 400 1881 461 LIBER
1928 399 2026 459 DE
2071 398 2498 461 ORATIONE.

3626 415 3779 476 1294

365 536 478 591 nisi
540 535 586 591 εί
647 551 762 590 non
817 535 952 591 licet
1008 539 1065 591 et
1118 534 1376 606 virgines
1435 531 1628 605 specie
1711 535 2009 603 praastsre,
2043 532 2095 598 Α
2127 528 2386 600 perinde.
2414 533 2474 583 In
2498 529 2714 600 quibus
2745 546 2881 604 ergo
2913 549 3031 590 una
3060 537 3293 593 condito
3345 541 3555 613 capitis
3594 546 3785 618 depu-

365 631 422 681 et
441 628 736 680 amatores
767 624 1075 680 invenire?
1107 625 1229 678 [mo
1259 623 1526 677 videmus
1560 622 1668 692 (73)
1703 621 1854 692 quod
1902 636 2018 674 non

365 713 622 782 virgines
655 713 812 768 solas
843 712 1277 782 concupierint,
1325 728 1458 766 cum
1514 710 1672 764 dicat
1717 709 2022 780 Scriptura

365 804 514 875 ﬁlias
541 803 830 858 hominum
871 802 996 858 Gen.
1020 819 1099 866 vx,
1130 803 1210 873 ‘2),
1271 800 1408 872 quia
1439 800 1631 871 potuit
1661 815 1869 854 uxores
1915 798 2018 853 ho-

367 893 594 948 minum
624 892 984 963 nominasse,
1009 891 1095 946 vel
1123 889 1370 945 feminas
1393 888 1806 943 indifferenter.
1831 887 2016 941 Etiam

366 982 523 1053 quod
556 981 656 1051 ait,
689 985 755 1036 Et
804 988 1132 1051 acceperunt
1159 979 1266 1032 sibi
1297 980 1354 1032 in
1386 993 1579 1032 uxores
1616 977 1808 1044 (lbid.)
1840 975 1897 1029 in
1951 991 2018 1030 eo

365 1069 504 1126 facit
544 1071 698 1141 quod
731 1068 1102 1140 accipiuntur
1135 1068 1193 1121 in
1225 1083 1456 1133 uxores,
1489 1083 1613 1135 quae
1643 1070 1852 1120 vacant
1907 1064 2017 1118 sci-

365 1159 522 1214 licet.
559 1163 635 1212 De
663 1174 777 1212 non
809 1157 1160 1212 vacantibus
1193 1161 1392 1210 autem
1424 1154 1593 1210 aliter
1632 1155 2015 1209 enuntiassel.

366 1249 573 1319 Itaque
601 1251 812 1302 vacant
842 1246 955 1316 (74)
987 1249 1107 1300 tam
1136 1245 1421 1300 viduitate
1453 1260 1626 1314 quam
1668 1252 1722 1298 cl
1775 1242 2017 1315 virgini-

363 1341 523 1391 tate:
577 1336 721 1390 adeo
776 1350 981 1390 sexum
1035 1334 1418 1400 nominando,
1470 1331 1818 1403 generaliter
1864 1331 2015 1386 ﬁlias

363 1430 420 1480 et
449 1424 676 1495 species
708 1423 764 1476 in
789 1438 997 1492 genere
1018 1422 1563 1478 commiscuit.ltem
1584 1437 1716 1476 cum
1740 1421 1880 1475 dicit
1904 1420 2017 1492 (75)

363 1519 636 1567 naturam
668 1512 861 1582 ipsam
891 1512 1122 1577 docere,
1146 1511 1396 1565 feminas
1420 1509 1693 1564 velandus
1713 1525 1861 1578 esse,
1886 1526 2014 1579 quis

361 1601 643 1672 capillum
680 1617 782 1672 pro
815 1604 1157 1671 tegumento
1191 1605 1249 1653 et
1280 1605 1626 1654 ornamento
1673 1597 2017 1653 mulieribus

358 1689 719 1760 assignarit;
751 1705 945 1744 nonne
974 1689 1126 1743 idem
1157 1693 1561 1760 tegumentum
1587 1693 1644 1742 et
1664 1687 1818 1741 idem
1838 1687 2025 1741 honor

366 1778 578 1848 capitis
606 1777 936 1849 virginibus
969 1793 1202 1848 quoque
1227 1777 1562 1848 adscriptus
1584 1781 1673 1830 est
1695 1776 1722 1830 ‘l
1741 1776 1804 1830 Si
1818 1777 2018 1830 mulie-

2133 624 2307 682 talur,
2343 635 2461 672 una
2490 625 2545 674 et
2575 619 2890 691 disciplina
2923 624 3128 694 capitis
3159 627 3431 699 exigitur,
3493 633 3671 690 etiam
3714 637 3784 690 ad

2131 723 2230 762 eas
2261 707 2540 778 virgines.
2572 723 2716 776 quas
2751 711 2958 780 peritia
2987 713 3251 771 defendit
3280 733 3292 770 :
3327 734 3360 772 a
3390 720 3582 790 primo
3623 724 3783 779 enim

2126 797 2338 866 femina
2371 796 2679 851 nominata
2711 802 2816 853 est.
2854 799 2948 854 Sic
2981 801 3233 873 denique
3263 811 3321 859 et
3355 808 3528 864 Israel
3579 812 3779 868 obser-

2129 891 2224 938 vat
2246 885 2379 954 (76).
2403 886 2509 940 Sed
2532 885 2580 940 si
2607 903 2719 941 non
2747 887 3084 946 observaret
3113 893 3247 964 (77),
3301 902 3506 953 nostra
3536 897 3625 954 lex
3656 917 3786 955 am-

2129 973 2310 1044 pliata
2344 979 2522 1046 atque
2553 975 2824 1047 suppleta
2854 978 3187 1036 defenderet
3220 983 3332 1037 sibi
3391 987 3780 1056 adjectionem

2129 1061 2470 1134 Virginibus
2501 1080 2735 1134 quoque
2786 1065 3056 1134 injiciens
3097 1069 3490 1130 velamentum
3539 1092 3782 1132 excuse-

2127 1156 2242 1206 tur.
2281 1151 2445 1207 Nunc
2473 1158 2614 1207 aetas
2643 1154 2707 1223 ⁸⁸,
2742 1171 2869 1224 quae
2901 1171 3104 1212 sexum
3138 1176 3313 1215 suum
3366 1165 3598 1234 ignorat
3645 1168 3779 1238 (78),

2128 1239 2525 1312 simplicitatis
2566 1242 2939 1314 privilegium
2993 1250 3209 1302 teneat.
3266 1251 3412 1306 Nam
3458 1259 3516 1308 et
3563 1255 3677 1311 Eva
3726 1261 3784 1311 et

2128 1330 2336 1395 Adam,
2372 1329 2471 1384 ubi
2501 1330 2587 1384 eis
2619 1332 2866 1402 contigit
2896 1351 3120 1404 sapere,
3156 1343 3466 1396 texuerunt
3497 1343 3610 1414 (79)
3657 1349 3782 1400 sta-

2126 1421 2229 1474 tim
2261 1419 2416 1488 quod
2442 1426 2818 1488 agnoverant.
2845 1420 3006 1476 Certe
3039 1423 3094 1476 in
3129 1427 3345 1494 quibus
3370 1431 3618 1499 pueritia
3648 1449 3784 1486 mu-

2129 1508 2292 1573 tavit,
2325 1510 2480 1561 sicut
2504 1514 2750 1573 naturae,
2768 1514 2923 1563 itaet
2943 1509 3266 1582 disciplina:
3293 1519 3464 1571 debet
3489 1525 3630 1574 aetas
3655 1537 3785 1577 esse

2131 1599 2412 1650 muniﬁca
2435 1595 2719 1666 (80).Nam
2746 1605 2801 1650 et
2824 1600 3106 1654 membris
3130 1607 3188 1656 et
3216 1605 3787 1666 olliciismulieribus

2135 1684 2528 1756 resignantur.
2556 1685 2726 1739 Nulla
2753 1686 2914 1757 virgo
2941 1695 3045 1755 est,
3073 1706 3141 1743 ex
3165 1707 3280 1761 quo
3307 1701 3497 1764 potest
3541 1699 3782 1770 nubere,

2133 1775 2411 1844 quoniam
2433 1777 2716 1844 aetasjam
2748 1776 2806 1829 in
2825 1791 2892 1830 ea
2915 1779 3118 1848 nupsit
3147 1797 3253 1835 suo
3279 1784 3418 1851 viro,
3440 1786 3496 1839 id
3522 1792 3612 1841 est
3647 1794 3788 1844 tem-

359 1868 416 1922 ri
444 1873 605 1938 turpe
642 1873 720 1922 est
769 1866 898 1922 radi
948 1867 997 1938 (Ι
1025 1866 1146 1920 Cor.
1195 1882 1273 1932 χι,
1323 1866 1403 1936 6),
1453 1863 1658 1919 1188
1707 1870 1764 1918 et
1810 1863 2023 1934 virgini
2055 1851 2101 1914 Β
2130 1864 2256 1935 pori
2289 1863 2441 1934 (81);
2474 1864 2576 1920 sed
2620 1865 2822 1935 aliqua
2869 1881 2931 1921 se
2981 1867 3097 1922 Deo
3148 1870 3302 1926 vovit
3359 1873 3494 1945 (82).
3546 1875 3681 1933 Jam
3731 1895 3790 1950 et

1797 1981 1999 2040 Variae
2041 1981 2364 2040 lectiones.

435 2089 480 2122 °°
507 2088 615 2143 Sed
635 2087 847 2170 sinnon
878 2089 1236 2170 observaret,
1272 2091 1474 2170 nostra
1508 2087 1597 2141 lex
1617 2085 1906 2170 ampliata
1937 2089 2110 2170 atque
2151 2085 2424 2170 suppleta
2452 2087 2788 2143 defenderet
2833 2088 2945 2144 eibi
2994 2090 3403 2165 adiectionem,
3455 2097 3782 2170 virginibus

366 2175 603 2232 quoque
632 2160 907 2232 injiciens
935 2159 1353 2216 velamentum.
1389 2159 1707 2214 Excusetur
1737 2174 1892 2213 nunc
1921 2164 2086 2228 aetas,
2115 2161 2226 2213 etc.
2263 2157 2459 2212 Itouth.

1815 2285 2338 2347 Commentarius.

363 2390 411 2464 ri
443 2391 770 2464 cujusmodi
805 2398 962 2448 esset
992 2394 1146 2462 ignes
1174 2393 1438 2462 excitare,
1471 2397 1572 2447 aut
1602 2393 1740 2464 quid
1803 2391 2017 2448 simile.

363 2463 474 2518 Sed
507 2463 759 2536 fortasse
775 2464 1108 2535 legendum,
1138 2473 1190 2520 et
1213 2464 1544 2536 virginitate
1558 2463 1867 2536 defunctus,
1891 2480 2016 2519 con-

359 2535 711 2608 cupiscentiae
745 2535 946 2592 fuisse.
978 2537 1175 2605 Magna
1203 2535 1472 2592 desiderio
1519 2535 1650 2608 fuit,
1700 2537 1756 2590 id
1805 2540 2017 2592 Teren-

362 2606 590 2661 tianum
632 2612 740 2662 est.
775 2608 999 2662 Rou'rn.

433 2677 550 2749 (73)
582 2680 691 2733 Imo
725 2678 987 2734 videmus.
1024 2680 1168 2746 Imo,
1204 2679 1402 2749 inquit
1431 2677 1850 2748 Tertullianus,
1908 2682 2014 2732 An-

362 2749 476 2819 geli
509 2750 764 2821 virgines
796 2751 993 2822 potius
1024 2767 1200 2820 quam
1249 2756 1463 2821 nuptas
1515 2751 1884 2821 concupiisse
1935 2752 2015 2804 vi-

363 2822 596 2894 dentur,
629 2822 919 2892 siquidem
952 2823 1256 2894 Scriptura
1287 2826 1559 2887 testante,
1593 2837 1710 2892 cap.
1751 2839 1805 2894 vi
1848 2825 2014 2887 Gen.,

363 2908 417 2946 v.
451 2893 522 2965 2A:
565 2893 812 2948 Videntes
841 2894 954 2963 filii
989 2895 1090 2948 Dei
1127 2894 1276 2963 ﬁlias
1323 2894 1604 2949 hominum
1651 2893 1792 2965 quod
1841 2903 2015 2949 essent

359 2963 631 3038 pulchrae,
655 2968 983 3038 acceperunt
1005 2965 1114 3020 sibi
1139 2981 1339 3038 uxores
1368 2981 1437 3038 ea:
1465 2963 1717 3021 omnibus
1741 2983 1875 3038 quas
1906 2966 2012 3020 ele-

363 3039 578 3108 gerant.
613 3035 798 3108 Igitur
827 3053 940 3092 non
975 3053 1182 3091 uxores
1234 3037 1562 3107 hominum,
1618 3035 2012 3092 non‘l'eminaa

367 3107 767 3180 indiﬂ'erenter
797 3125 830 3162 a
861 3108 997 3163 ﬁliis
1025 3109 1146 3174 Dei,
1179 3109 1299 3162 sive
1326 3110 1396 3163 ab
1430 3107 1676 3180 angelis,
1704 3114 1765 3162 ut
1785 3109 2012 3162 Tertul-

366 3178 561 3251 lianus
591 3179 1010 3251 interpretatur
1038 3182 1237 3250 (quam
1270 3180 1451 3234 solide
1478 3178 1590 3234 non
1611 3181 1828 3250 quam)
1849 3197 2014 3251 expe-

368 3250 484 3305 titis
516 3250 774 3321 fuerunt,
809 3253 908 3306 sed
939 3251 1218 3322 virgines.
1276 3256 1333 3305 et
1384 3268 1509 3322 quae
1556 3252 1842 3316 vacabant,
1905 3250 2012 3305 hoc

367 3327 464 3394 est
490 3323 748 3394 nondum
783 3325 1129 3394 conjugataa.
1165 3324 1555 3386 Quamobrem
1587 3323 1670 3377 ita
1730 3325 2010 3394 legendus

368 3393 511 3448 mihi
546 3394 775 3448 videtur
804 3393 1148 3450 Tertulliani
1178 3395 1380 3466 locus:
1423 3396 1536 3449 Imo
1580 3393 1823 3450 videmus
1870 3394 2010 3466 quod

2128 2392 2310 2474 tenuis
2336 2391 2698 2474 mentionem
2731 2393 2886 2459 facit,
2920 2410 3024 2465 quo
3050 2397 3396 2464 feminarum
3422 2404 3605 2474 capita
3629 2405 3781 2463 oble-

2127 2465 2187 2532 gi
2214 2463 2481 2518 solebant.
2507 2463 2735 2518 Mnas'r.

2198 2535 2311 2618 (77)
2345 2534 2455 2618 Sed
2477 2539 2522 2587 si
2552 2550 2661 2618 non
2690 2535 3000 2618 observaret
3053 2539 3402 2618 Quanquam
3445 2544 3778 2618 virginibus

2123 2605 2840 2687 Judaeisyelandilcapitis
2865 2605 3363 2687 consuetudo—nou
3386 2605 3780 2687 essetjnihilo-

2126 2678 2323 2732 minus
2354 2677 2411 2730 in
2448 2677 2571 2749 lege
2601 2678 3070 2735 Christianorum
3105 2686 3426 2742 servandus
3472 2677 3618 2746 foret
3669 2691 3779 2748 hu-

2116 2750 2380 2822 jusmodi
2415 2750 2565 2804 ritus
2595 2767 2608 2816 ;
2642 2767 2776 2805 nam
2811 2751 2868 2804 in
2924 2756 3079 2808 Novo
3130 2755 3507 2814 Testamento
3556 2766 3779 2820 veteres

2125 2823 2283 2894 leges
2315 2826 2378 2894 et
2404 2823 2694 2892 ampliata
2725 2829 2782 2877 et
2811 2825 3093 2894 suppletae
3125 2833 3286 2883 sunt.
3324 2829 3552 2886 Muaa'r.

2194 2893 2304 2964 (78)
2341 2893 2652 2969 Nun_c__:rtas
2688 2908 2814 2964 quae
2867 2893 3058 2950 sexum
3112 2913 3277 2953 suum
3325 2903 3561 2969 ignorat.
3619 2903 3766 2959 Hinc

2122 2971 2310 3045 patet,
2338 2964 2570 3045 puellis,
2600 2981 2728 3045 quin
2764 2970 3022 3045 nondum
3057 2970 3303 3045 rationis
3335 2964 3510 3045 usum
3563 2976 3768 3045 attige-

2122 3037 3053 3115 rant,_inieotopapiteprocedere
3084 3039 3340 3115 licuisse.
3382 3037 3772 3115 Simplicitdtis

2118 3110 2490 3189 privilegium.
2516 3107 2913 3189 Tertullianus
2931 3111 3202 3182 appellat.
3231 3117 3446 3170 Verum
3473 3107 3617 3172 iniis
3644 3133 3776 3189 qum

2120 3181 2191 3235 ad
2224 3180 2679 3235 adolescentiam
2715 3180 3034 3249 creverant,
3068 3198 3202 3239 cum
3248 3191 3456 3242 natura
3511 3180 3770 3244 mutare-

2119 3258 2235 3318 tur,
2267 3251 2500 3332 mutarii
2525 3267 2756 3332 quoque
2779 3253 3154 3332 disciplinam
3185 3257 3460 3332 decebat.
3507 3259 3647 3316 Vide
3683 3262 3770 3332 ip-

2119 3341 2273 3386 sum,
2307 3324 2481 3378 citato
2513 3339 2640 3393 cap.
2677 3324 2736 3376 11
2771 3323 2836 3379 de
2865 3323 2964 3379 vel.
3005 3325 3146 3394 Virg.
3183 3327 3412 3383 Μυκη.

2189 3395 2658 3473 (79)_Texuerunt.
2706 3396 2856 3466 Lego
2892 3400 3168 3452 texerunt.
3204 3405 3267 3453 ut
3297 3400 3439 3456 Gen.
3495 3418 3624 3473 cap.
3678 3419 3766 3470 In,

362 3466 605 3535 virgines
627 3467 774 3541 solas
811 3469 1206 3541 concupierint.
1251 3465 1404 3520 Infra
1429 3466 1604 3541 etiam
1662 3465 2007 3537 uxores’pro
2039 3475 2081 3541 ο
2118 3484 2172 3520 v.
2203 3468 2493 3541 [Musam

362 3553 596 3609 uxorem
627 3536 937 3609 legendum
971 3536 1118 3603 esse,
1145 3554 1314 3592 nemo
1338 3543 1523 3609 neget.
1545 3538 1710 3592 Hunc
1736 3536 2006 3593 eumdem

360 3608 603 3663 Genesis
643 3608 834 3665 locum
868 3627 898 3663 a
930 3609 1286 3664 Tertulliano
1335 3608 1650 3664 tractatum
1701 3610 1898 3664 videas
1948 3610 2008 3663 in

363 3685 689 3752 memorato
729 3681 876 3735 libro
909 3682 973 3735 de
1004 3684 1102 3736 vel.
1144 3683 1376 3749 Virgin.,
1409 3698 1535 3752 cap.
1566 3684 1620 3735 7.
1675 3681 1904 3735 Muna'r.
1943 3712 2008 3722 —

363 3750 652 3807 Particula
683 3768 814 3816 non,
848 3757 911 3806 ut
943 3760 1094 3808 recte
1125 3755 1334 3807 statuit
1363 3750 1738 3817 Muratorius,
1763 3753 2009 3806 delenda

364 3823 458 3878 hic
484 3828 592 3878 est.
633 3829 896 3878 Altamen
932 3827 1040 3878 sub
1071 3825 1314 3893 ﬁliarum
1339 3823 1626 3879 lmminum
1657 3825 1824 3878 titule
1849 3840 2003 3876 co:n-

365 3895 642 3966 prehendi
679 3912 711 3949 a
738 3895 1099 3949 Tertulliano
1130 3896 1354 3961 viduas,
1389 3899 1561 3951 verba
1593 3912 1727 3950 mox
1757 3912 2007 3966 sequen-

365 3967 811 4038 tia_ostendunt.
850 3966 1029 4021 Aliter
1058 3973 1253 4022 autem
1280 3983 1395 4020 rem
1427 3966 1632 4022 statuit
1661 3973 1865 4022 auctor
1889 3968 2010 4038 ipse

363 4040 426 4093 in
457 4036 606 4092 libro
637 4037 701 4092 tl:
739 4039 1047 4110 Virginibus
1076 4039 1324 4092 vetandis
1346 4041 1472 4106 jam
1504 4055 1656 4110 smpe
1684 4040 1879 4106 allato,
1911 4036 2011 4093 ubi

362 4110 468 4176 ait,
497 4125 621 4164 cum
652 4125 776 4179 ergo
811 4111 958 4165 tilias
993 4111 1294 4165 hominum
1327 4110 1482 4173 dicit,
1514 4113 1868 4180 mani/estate
1899 4113 2009 4164 vir-

362 4181 834 4255 gincsporlendil,
869 4199 988 4252 quae
1016 4182 1193 4237 adhuc
1224 4181 1370 4253 apud
1397 4186 1665 4253 parentes
1686 4183 2012 4255 deputaren-

364 4256 484 4307 tur.
510 4254 648 4323 Cap.
678 4253 732 4306 7.
771 4253 990 4308 Rou'ra.

440 4325 550 4395 (74)
586 4326 773 4394 Itaque
802 4335 1015 4380 vacant.
1053 4325 1111 4379 Id
1143 4329 1264 4379 est:
1297 4324 1404 4378 illa:
1459 4325 1738 4380 dicuntur
1785 4342 2010 4390 vacare,

363 4412 494 4468 qua:
526 4400 626 4451 aut
656 4397 932 4468 virgines,
978 4403 1077 4450 aut
1127 4397 1312 4450 vidua:
1361 4401 1516 4450 sunt.
1570 4397 1799 4451 Muaa'r.
1839 4428 1902 4436 -
1934 4399 2016 4452 Ita

362 4467 498 4540 quia
526 4471 744 4535 vacant,
780 4469 1186 4540 corrigendum
1219 4472 1328 4537 est,
1363 4473 1421 4523 ut
1455 4485 1653 4539 supra,
1703 4469 1872 4524 initio
1921 4485 2013 4523 ca-

366 4538 528 4610 pitis.
573 4543 794 4593 Rou'ru.

440 4611 552 4681 (75)
585 4612 713 4665 Item
743 4626 864 4665 cum
895 4609 1049 4676 dicit,
1097 4615 1207 4665 etc.
1260 4611 1323 4664 In
1372 4610 1572 4664 eodem
1625 4627 1750 4681 cap.
1804 4626 1860 4662 κε
1901 4610 2012 4681 _Ep.

361 4681 490 4736 Iad
522 4679 673 4750 Cor.,
718 4697 765 4736 ν.
822 4682 924 4736 lli:
983 4683 1107 4751 Ipsa
1160 4691 1390 4744 natura,
1443 4681 1634 4750 inquit
1686 4679 2012 4752 Apostolus,

359 4752 513 4807 docet
538 4770 651 4817 vos,
687 4753 827 4822 quod
859 4754 946 4807 vir
969 4753 1191 4823 quidem
1215 4756 1266 4808 si
1286 4769 1498 4810 comam
1520 4755 1751 4815 nutriat,
1778 4755 2014 4822 ignomi-

2187 3539 2308 3611 (80)
2331 3537 2489 3592 Sicut
2521 3544 2755 3611 naturae,
2788 3539 2867 3611 ita
2889 3541 2936 3591 et
2967 3536 3276 3611 disciplina
3307 3543 3471 3597 debet
3497 3552 3628 3598 astas
3657 3560 3768 3600 esse

2115 3610 2404 3688 muniﬁca,
2448 3617 2532 3688 an
2565 3609 2940 3688 scribendum
2967 3609 3177 3688 natura
3215 3617 3271 3667 et
3317 3614 3612 3684 disciplina
3661 3633 3766 3688 pro

2117 3685 2333 3756 naturis
2353 3680 2753 3756 e‘t_discipl‘ium
2772 3680 2800 3732 ‘l
2821 3680 2981 3756 Quod
3013 3684 3312 3756 adﬂvocem
3369 3680 3634 3756 muniﬁca
3661 3680 3770 3743 ἀι-

2121 3754 2282 3812 tinet,
2317 3751 2574 3805 Isidorus
2629 3751 2728 3806 lib.
2765 3769 2798 3804 x
2833 3751 2981 3820 Orig.
3016 3770 3048 3808 a
3083 3755 3402 3812 Forcellino
3448 3760 3506 3812 in
3530 3751 3776 3814 ⁷[λαιτηή-

2117 3826 2251 3876 tatis
2279 3824 2471 3896 Lexico
2492 3823 2788 3896 adductus
2823 3824 2878 3876 in
2914 3841 2964 3878 ν.
3023 3828 3338 3896 Muniﬁcus,
3393 3831 3500 3885 hoc
3552 3831 3726 3886 habet
3758 3848 3772 3884 :

2121 3895 2417 3962 Munifu‘us
2439 3893 2627 3973 dictus.
2653 3897 2750 3973 cst.
2774 3897 2907 3973 quia
2930 3912 3163 3952 munera
3182 3893 3362 3973 multa
3394 3901 3512 3967 dat,
3541 3902 3619 3973 vel
3641 3905 3780 3973 quia

2119 3981 2321 4039 munus
2358 3981 2537 4028 suum,
2565 3963 2627 4039 3'51
2657 3966 3027 4039 esto/"ﬁcium,
3089 3969 3229 4038 quod
3267 3971 3440 4037 debet,
3493 3963 3774 4039 adimplet.

2119 4038 2366 4092 Videtur
2397 4035 2903 4110 ergo'l‘ertulliani
2943 4035 3107 4092 locus
3139 4041 3246 4093 hoc
3305 4035 3660 4110 significare,
3718 4051 3782 4097 ut

2121 4111 2247 4181 lege
2271 4115 2512 4181 naturae,
2542 4107 2620 4159 ita
2641 4112 2695 4161 et
2721 4106 2992 4181 instituto
3035 4106 3540 4180 disciplineenretas
3581 4106 3782 4169 adulta

2123 4179 2294 4238 debet
2319 4179 2518 4234 munia
2538 4195 2644 4233 sua
2668 4179 2929 4249 exsequi.
2966 4179 3263 4251 Sequitur,
3294 4199 3425 4236 nam
3447 4193 3496 4238 et
3521 4187 3779 4240 membris

2122 4263 2173 4309 et
2203 4254 2400 4323 ofﬁciis
2434 4251 2760 4304 mulieribus
2789 4252 3164 4320 resignantur,
3202 4254 3308 4307 hoc
3338 4259 3447 4321 est,
3512 4257 3776 4310 mulieri-

2125 4327 2234 4381 bus
2266 4339 2470 4378 omnes
2503 4323 2902 4393 assignantur,
2935 4324 3020 4377 vel
3055 4328 3535 4380 adnumerantur.
3574 4327 3776 4383 Porro-

2125 4401 2328 4472 auctor
2359 4395 2618 4472 habetin
2650 4393 2754 4472 lib,
2806 4412 2851 4472 1,_
2878 4394 2954 4472 ad
3002 4395 3252 4472 Uxorem.
3290 4400 3487 4472 Carnis
3517 4400 3777 4472 concupi-

2124 4469 2351 4524 scientia
2381 4468 2569 4522 [etatis
2601 4465 2790 4535 ofﬁcia
2819 4465 3083 4535 defendit.
3117 4484 3243 4537 cap.
3279 4469 3329 4522 4.
3381 4470 3597 4525 Roma.

2198 4539 2308 4610 (81)
2343 4539 2544 4610 Nupsit
2571 4552 2683 4610 suo
2707 4539 2842 4598 viro,
2876 4539 2936 4591 id
2967 4542 3044 4610 est
3067 4543 3324 4608 tempori.
3383 4541 3780 4597 Tertullianus

2123 4610 2185 4664 in
2207 4607 2316 4664 'lih.
2351 4607 2762 4675 de’Virgiuibus
2795 4609 3036 4664 vetandis
3080 4607 3205 4679 cap.
3241 4628 3282 4664 ιι
3316 4628 3327 4664 ;
3360 4630 3382 4657 α
3415 4614 3540 4667 Alia
3571 4615 3628 4667 in
3684 4630 3782 4669 oc-

2126 4681 2482 4755 cultomater
2505 4685 2733 4755 natura,
2753 4686 2810 4734 et
2832 4682 2982 4735 alius
3008 4683 3064 4734 in
3084 4683 3298 4736 latente
3325 4685 3780 4755 pateritempus,

2129 4753 2332 4822 ﬁliam]
2367 4767 2532 4806 suam
2569 4750 2799 4820 legibus
2833 4754 2957 4806 suis
2988 4750 3364 4809 maritarunt.
3412 4777 3432 4804 ι
3482 4750 3704 4812 Rou'ril.

361 4825 462 4908 nia
491 4829 570 4878 est
601 4825 709 4906 illi.
736 4823 1088 4908 Mulier’vero
1112 4825 1163 4878 si
1181 4840 1409 4908 ccma'm,
1442 4826 1676 4908 nutriat,
1707 4825 2018 4908 gloria-est
2053 4845 2094 4908 Ι)
2131 4895 2142 4906 ⁸
2199 4827 2308 4895 (82)
2340 4823 2665 4908 Sedoaligua.
2693 4838 2748 4875 se
2781 4824 2883 4908 Qco
2912 4827 3074 4878 vovit.
3116 4825 3179 4880 Et
3210 4828 3281 4880 ab
3326 4827 3471 4908 ipsis
3517 4827 3782 4908 Ecclesiae

362 4896 476 4960 illi,
509 4897 769 4965 quoniam
790 4895 983 4965 capilli
1008 4912 1105 4966 pro
1134 4897 1408 4950 velamine
1436 4897 1488 4949 ei
1516 4896 1632 4966 dati
1659 4907 1803 4966 sunt.
1835 4896 2019 4966 Igitur

361 4982 500 5021 cum
531 4965 1127 5039 virginibusquo’que
1158 4967 1354 5039 capilli
1401 4983 1501 5038 pro
1551 4965 1835 5039 velamine
1867 4965 1955 5022 ne
1988 4984 2020 5022 a

361 5040 580 5092 natura
611 5039 729 5092 sint
758 5036 1063 5105 dati,‘velo
1093 5043 1149 5093 et
1180 5036 1318 5105 ipsis
1351 5036 1435 5092 uti
1471 5039 1700 5092 debent.
1753 5037 1979 5092 Mus/vr.

437 5109 546 5178 (76)
580 5109 667 5163 Sic
695 5109 929 5179 denique
958 5113 1010 5164 et
1041 5109 1218 5164 Israel
1242 5111 1509 5165 observat.
1569 5109 1792 5164 Judmis
1842 5109 2018 5165 etiam

359 5177 600 5252 feminis
632 5181 688 5233 in
719 5177 846 5252 usui
871 5180 1070 5246 fuisse,
1109 5185 1172 5235 ut
1200 5181 1389 5236 velato
1421 5181 1610 5252 capite
1662 5181 2017 5246 incederent,

360 5251 519 5323 idem
542 5250 936 5306 Tertullianus
968 5252 1106 5307 alibi
1126 5257 1394 5320 testatur,
1427 5250 1636 5322 nempe
1659 5269 1788 5323 cap.
1811 5253 1865 5310 4,
1891 5253 2019 5307 libri

360 5322 433 5377 de
463 5322 591 5378 Cor.
627 5323 852 5388 militis,
886 5325 1056 5394 cujus
1089 5324 1208 5378 hac
1257 5329 1396 5379 sunt
1451 5325 1664 5380 verba:
1720 5322 1873 5394 Apud
1925 5325 2018 5378 Ja-

358 5394 506 5449 daeos
537 5403 644 5449 tam
665 5396 914 5450 solemne
931 5400 1010 5450 est
1028 5397 1256 5466 feminis
1284 5413 1471 5451 eorum
1512 5395 1765 5450 velamen
1797 5396 2016 5464 capitis,

359 5469 428 5537 ut
445 5467 583 5537 inde
611 5471 932 5522 noscantur.
965 5467 1111 5521 Tum
1159 5467 1322 5522 addit
1378 5468 1712 5537 exemplum
1754 5467 2018 5520 Rebeccae

359 5536 555 5592 adhuc
588 5539 856 5609 virginis,
892 5555 1021 5608 quae
1069 5539 1257 5592 velata
1304 5538 1394 5609 ad,
1427 5536 1712 5607 sponsum
1766 5539 2024 5608 profecta

361 5612 475 5672 est,
498 5613 552 5663 et
579 5608 879 5680 Susanna,
913 5626 1040 5680 quae
1063 5627 1193 5664 cum
1222 5608 1438 5678 iudicio
1466 5610 1792 5675 sisteretur,
1820 5615 2024 5680 operta

359 5687 492 5763 erat
522 5679 810 5763 velamine
843 5679 946 5763 pro
980 5687 1514 5763 morecaate‘rarum
1551 5679 1871 5763 mulierum
1911 5681 2020 5735 He-

363 5752 683 5807 braearum.
716 5751 945 5809 Similia
977 5769 1035 5808 re
1081 5753 1187 5808 etii.
1215 5753 1272 5807 in
1305 5752 1407 5807 lib.
1441 5751 1508 5808 de
1532 5751 1643 5806 vel.
1692 5753 1858 5822 Virg,
1890 5767 2018 5823 cap.

371 5823 461 5880 11.
497 5823 682 5880 Rabbi
717 5825 896 5882 etiam
930 5771 1184 5882 Natgan.
1225 5826 1283 5881 in
1316 5823 1530 5882 Aruch.
1562 5824 1671 5880 veli
1711 5822 2018 5882 cuiusdam

371 5823 461 5880 11.
497 5823 682 5880 Rabbi
717 5825 896 5882 etiam
930 5822 1184 5898 Nathan,
1225 5826 1283 5881 in
1316 5823 1530 5894 Aruch,
1562 5824 1671 5880 veli
1711 5822 2018 5894 cujusdam

2129 4894 2499 4968 incunabulis
2523 4894 2778 4964 virgines
2804 4895 3002 4958 fuisse,
3026 4912 3153 4964 qua:
3183 4894 3780 4968 suam—virginitatem

2129 4968 2356 5022 Christo
2389 4967 2671 5029 dicarant,
2698 4983 2828 5020 cum
2863 4984 2893 5021 e
2928 4968 3225 5022 nonnullis
3258 4967 3606 5026 Tertulliani
3639 4972 3781 5026 locis

2130 5039 2184 5093 in
2223 5044 2544 5114 memorato
2580 5035 2679 5114 lib.
2712 5037 2937 5114 del/el.
2969 5040 3131 5114 virg.,
3163 5048 3288 5094 tum
3322 5058 3391 5096 ex
3419 5046 3526 5098 hoc
3585 5044 3774 5114 capite

2130 5109 2358 5168 ostendi
2385 5109 2680 5184 evidenter
2709 5113 2918 5184 potest,
2947 5115 3018 5184 Aut
3047 5113 3251 5165 subrat
3272 5113 3471 5168 mirari
3496 5109 3776 5184 quorum-

2131 5184 2264 5238 dam
2290 5186 2391 5236 aut
2423 5182 2478 5234 in
2499 5195 2574 5258 _re
2606 5183 2804 5247 aperta
2827 5181 3164 5258 caecitatem,
3191 5185 3369 5258 autin
3398 5181 3778 5258 improbanda

2131 5271 2191 5309 re
2220 5251 2686 5327 totsaeculorum
2724 5268 2830 5305 usu
2868 5255 3110 5324 probata
3160 5251 3510 5327 audaciam}
3558 5260 3777 5327 negant

2132 5327 2286 5406 enim
2322 5325 2482 5406 hunc
2511 5338 2728 5404 morem
2763 5329 2875 5406 aut.
2903 5327 2956 5378 in
3006 5327 3267 5406 antiquis
3309 5325 3775 5406 Christianorum

2130 5395 2405 5451 Ecclesiis
2434 5393 2715 5464 viguisse,
2741 5403 2839 5448 aut
2862 5396 2918 5449 in
2943 5393 3366 5453 recentioribus
3391 5417 3519 5455 esse
3539 5400 3776 5455 laudan-

2131 5469 2294 5522 dum.
2331 5469 2398 5519 At
2431 5466 2522 5520 hic
2556 5465 2826 5538 legimus,
2859 5470 3086 5538 aliquas
3133 5486 3190 5524 se
3235 5471 3336 5525 Deo
3383 5488 3589 5537 vovere,
3641 5487 3777 5523 sau-

2131 5545 2413 5608 ctumque
2447 5538 2555 5592 hoc
2588 5537 2923 5594 institutum
2952 5537 3062 5596 ’Dei
3090 5544 3274 5605 gratia
3302 5544 3570 5597 exerceri.
3623 5541 3781 5596 Infra

2132 5613 2252 5667 ait:
2282 5634 2300 5658 ι
2329 5609 2601 5681 Nupsisti
2621 5609 2870 5670 Christo.
2905 5611 2989 5664 illi
3022 5629 3254 5666 carnem
3280 5612 3778 5667 tuamtradidisti.

2131 5686 2244 5754 Age
2279 5698 2380 5752 pro
2415 5679 2605 5754 mariti
2644 5682 2726 5734 tui
2762 5681 3007 5751 (scilicet
3038 5683 3273 5754 Christi)
3305 5684 3640 5754 disciplina.
3669 5684 3773 5740 »Si

2138 5773 2164 5805 α
2183 5752 2404 5828 nuptas
2427 5753 3030 5828 alienasjelarijuliet
3054 5752 3394 5828 (Christus),
3416 5752 3554 5811 suas
3578 5756 3780 5828 utique

2134 5825 2322 5883 multo
2363 5825 2578 5897 magis.
2607 5845 2626 5870 ι
2651 5823 2752 5879 His
2776 5826 2921 5879 adde
2945 5842 3070 5896 quae
3091 5824 3470 5883 doctissimus
3491 5823 3782 5888 Pamelius
