4134 6184
389 288 540 350 1297

1677 295 1907 356 LIBER
1953 297 2051 356 DE
2097 296 2514 357 OBA'l‘lONE.

3644 295 3800 356 1298

387 422 470 478 ris
505 424 1178 480 commovendam.Multi
1206 426 1251 461 ⁵⁷
1282 425 1481 482 alienis
1505 429 2035 501 consuetudini(92)
2068 438 2120 502 Α
2152 445 2255 500 per
2292 428 2673 485 voluntatem.
2706 430 2975 499 Satisque
3004 428 3173 485 nobis
3228 427 3490 501 exemplo
3545 428 3804 483 Rebecca

387 511 763 583 prudentiam
798 529 991 583 suam,
1022 518 1076 569 et
1108 516 1501 571 constantiam
1546 517 1674 587 ejus
1732 518 2033 573 addicunt.

387 616 458 655 ne
489 600 919 672 compellantur
948 602 1145 658 velari.
1180 607 1342 659 Certe
1372 604 1732 661 voluntarias
1764 607 1873 677 (93)
1906 624 2035 677 pro-

385 689 573 744 hibcri
610 707 723 745 non
756 696 1002 762 oportet,
1036 708 1162 763 quas
1204 709 1265 747 se
1297 693 1474 747 etiam
1508 694 1766 765 virgines
1824 710 2037 766 negare

384 796 497 833 non
536 783 1097 850 possunt,contenta3
1129 782 1288 836 abuti
1322 782 1379 836 in
1402 783 1556 837 fama
1586 801 1706 839 suae
1738 784 2035 839 conscien-

383 868 474 922 tiae
509 869 663 940 apud
697 869 879 923 Deum
914 870 1247 925 securitate.
1278 871 1357 925 De
1388 871 1501 927 illis
1536 876 1730 927 tamen
1763 873 1875 944 (94)
1907 890 2038 945 quae

382 959 617 1028 sponsis
650 958 1286 1025 dicantur,constanter
1303 976 1479 1031 super
1504 978 1698 1017 meum
1732 962 2034 1017 modulum

380 1047 767 1117 pronuntiare
796 1048 1232 1117 contestarique
1267 1066 1530 1121 possum,
1562 1050 1840 1106 velandas
1872 1068 1940 1106 ex
1969 1068 2037 1106 ea

381 1135 471 1191 die
505 1151 781 1207 esse,qua
811 1138 883 1192 ad
914 1138 1172 1209 primum
1198 1138 1305 1193 viri
1339 1155 1552 1211 corpus
1584 1140 1782 1196 osculo
1814 1144 1871 1196 et
1899 1141 2033 1195 dett-

377 1228 503 1279 tera
532 1224 888 1296 expaverint.
911 1226 1121 1282 Omnia
1151 1226 1308 1283 enim
1338 1226 1398 1282 in
1433 1227 1525 1283 his
1559 1234 2033 1302 praenupserunt,

378 1316 435 1367 et
466 1317 604 1369 tEtGS
636 1328 740 1386 per
766 1314 1189 1384 maturitatem,
1223 1320 1278 1371 et
1315 1332 1448 1372 caro
1509 1334 1611 1389 per
1667 1322 1918 1389 zetatem,
1979 1324 2037 1374 et

379 1402 622 1473 spiritus
656 1420 759 1475 per
787 1404 1231 1473 conscientiam,
1263 1408 1320 1459 et
1350 1405 1541 1477 pudor
1570 1422 1674 1477 per
1704 1406 1888 1462 osculi
1937 1424 2035 1463 ex-

376 1492 796 1561 perimentum,
828 1496 885 1547 et
918 1509 1053 1565 spes
1084 1510 1187 1565 per
1212 1495 1729 1567 exspectationem,
1762 1501 1820 1552 et
1866 1512 2034 1551 mene

2147 517 2411 590 est(Gen.
2444 536 2637 587 xxxrv,
2670 520 2785 587 65),
2808 536 2960 591 quae,
2993 536 3208 591 sponso
3241 520 3798 586 demonstrato,tan~

2149 610 2274 663 tum
2311 608 2518 663 notitia
2549 610 2679 679 ejus
2704 608 2977 663 nubendo
3008 607 3197 663 velata
3228 612 3318 663 est
3350 608 3483 678 (95).

2606 750 2838 807 CAPUT
2879 749 3053 805 XXIII
3083 750 3127 784 δε
3157 750 3294 818 (96).

2220 875 2415 929 1191
2457 875 2535 929 De
2558 890 2709 945 genu
2744 891 2975 945 quoque
3008 874 3274 944 ponendo
3320 872 3657 928 varietatem
3692 874 3793 927 ob-

2146 961 2494 1016 servationis
2530 962 2746 1031 patitur
2793 960 2975 1016 oratio
3008 976 3111 1031 per
3140 959 3425 1031 pauculos
3481 960 3793 1030 quosdam,

2146 1050 2245 1121 qui
2277 1051 2532 1105 Sabbato
2557 1050 3125 1120 abstinentgenibus
3159 1050 3289 1120 (97).
3324 1050 3461 1113 Quae
3502 1047 3795 1103 dissensio

2146 1157 2279 1194 cum
2316 1140 2571 1194 maxime
2632 1140 2784 1211 apud
2837 1140 3121 1193 Ecclesiae
3153 1154 3391 1193 causam
3450 1138 3605 1193 dicat
3661 1137 3794 1209 (98),

2146 1229 2429 1284 Dominus
2462 1228 2626 1283 dabit
2654 1229 2903 1299 gratiam
2936 1244 3128 1291 suam,
3165 1232 3228 1282 ut
3280 1230 3380 1282 aut
3408 1228 3635 1294 cedant,
3694 1230 3797 1295 aut

2144 1317 2269 1373 sine
2295 1318 2544 1373 aliorum
2578 1316 2857 1372 scandalo
2883 1315 3172 1372 sententia
3194 1332 3301 1371 sua
3359 1320 3620 1371 utantur.
3677 1320 3793 1369 Nos

2143 1424 2299 1470 vero,
2333 1408 2485 1462 sicut
2516 1406 2872 1477 accepimus,
2905 1404 3027 1461 solo
3060 1404 3153 1459 die
3184 1405 3489 1460 Dominico
3526 1405 3643 1473 (99)
3687 1404 3793 1458 Re-

2149 1495 2533 1551 surrectionis
2565 1511 2679 1549 non
2712 1494 2783 1549 ab
2809 1492 2922 1549 isto
2953 1497 3207 1562 tantum,
3241 1493 3343 1549 sed
3383 1494 3543 1548 omni
3594 1493 3793 1549 anxie-

1804 1603 2005 1663 Variae
2037 1602 2354 1663 lectiones.

447 1694 490 1729 ⁸⁷
520 1694 886 1769 Depravatam
941 1700 1254 1769 esseﬂhunc
1310 1697 1489 1751 locum
1531 1700 1656 1769 jam
1708 1702 2059 1755 Muratorius
2100 1701 2402 1763 intellexit,
2442 1715 2539 1753 nec
2578 1700 2713 1753 satis
2743 1698 2985 1765 restitui,
3016 1700 3069 1752 si
3095 1699 3468 1753 scriberetur:
3503 1696 3787 1753 Uniuscu-

371 1767 593 1838 jusque
622 1772 678 1821 et
709 1767 927 1821 multae.
952 1768 1015 1821 Α.
1049 1767 1303 1823 Neander
1331 1767 1643 1826 emendavit
1672 1788 1684 1825 :
1720 1771 2158 1827 Institutionem
2194 1772 2595 1842 unusquique.
2624 1771 2667 1804 ⁸⁸
2698 1770 2835 1841 Cap.
2868 1770 3070 1839 XVIII,
3102 1770 3185 1825 ed.
3218 1772 3379 1841 Leop.

1822 1870 2343 1931 Commentarius.

376 1978 512 2017 voce
543 1966 906 2039 antecesseris
923 1964 1263 2039 episcopum
1287 1966 1661 2022 decessorum
1686 1968 2030 2035 significari,
2064 1975 2110 2039 Β

376 2041 437 2089 et
468 2034 883 2106 corrigendum
916 2034 1044 2092 esse
1085 2034 1504 2093 institutionem.
1552 2039 1657 2092 Adi
1714 2034 2025 2095 Tertullia-

377 2122 533 2181 num
550 2106 617 2181 de
649 2107 969 2181 Virginibus
998 2108 1269 2175 vetandis,
1292 2125 1421 2181 cap.
1454 2112 1508 2172 2.
1541 2111 1598 2165 3.
1641 2112 1860 2166 Rou'm.

448 2177 564 2249 (92)
596 2179 762 2234 Multi
789 2180 992 2236 aliena
1012 2177 1413 2237 consuetudini.
1448 2182 1515 2235 Et
1545 2181 1639 2237 hic
1670 2184 1845 2237 verba
1899 2199 2024 2237 cor-

378 2253 553 2319 rupta
576 2250 865 2325 existimo.
902 2252 1116 2325 Leg‘ere
1146 2251 1380 2307 mallem
1426 2254 1639 2310 multae.
1674 2255 1872 2325 Inquit
1922 2271 2021 2308 au-

378 2336 522 2386 tem,
583 2322 915 2397 complures
976 2322 1383 2397 virginemne
1432 2325 1490 2397 in
1549 2322 1776 2397 templo
1849 2325 2026 2381 velari

377 2393 893 2467 compellerentur,
935 2393 1386 2467 prsccfenentium
1440 2393 1725 2467 virginem
1779 2413 2023 2451 consue-

378 2466 583 2538 tudine
614 2481 742 2538 sese
773 2468 946 2535 tueri,
979 2466 1124 2521 satis
1154 2483 1216 2521 se
1263 2466 1580 2538 prudentes
1611 2469 1926 2534 arbitrataa,
1976 2468 2024 2522 si

379 2536 536 2606 quod
612 2536 721 2591 illae
779 2541 1115 2610 constanter
1145 2536 1404 2610 fecerunt
1452 2544 1508 2593 et
1565 2540 1704 2610 ipsa:
1753 2540 2022 2595 fecerant.

376 2611 607 2663 MURAT.
675 2609 962 2664 -—Locus
1020 2626 1089 2665 ea
1156 2609 1378 2665 ratione
1435 2609 1815 2666 corrigendus
1881 2610 2027 2666 mihi

378 2680 617 2754 quidem
648 2679 911 2754 videtur,
934 2684 1000 2735 ut
1029 2696 1165 2754 voce
1209 2682 1379 2754 multi
1428 2679 1835 2754 significentur
1883 2700 2025 2754 pras-

377 2750 578 2826 sules,_
618 2753 719 2821 qui
769 2752 1025 2826 virgines
1054 2752 1234 2826 velari
1291 2769 1424 2826 non
1484 2750 1796 2826 cogebant.
1879 2750 2025 2811 Nam

382 2822 657 2897 superius
688 2822 965 2897 atque'ea
995 2823 1183 2897 ipsius
1204 2824 1462 2881 auctoris
1507 2822 1904 2897 disputatione
1964 2827 2028 2882 de

385 2895 701 2968 Virginibus
756 2895 1002 2950 vetandis
1053 2896 1197 2950 satis
1255 2900 1503 2965 constat,
1578 2895 1647 2953 ex
1704 2905 1865 2968 parte
1910 2915 2024 2953 non

372 2965 694 3040 velantium
722 2968 1469 3040 stetisseconsuetudinem
1496 2965 1907 3040 plerarumque
1937 2986 2025 3024 ec-

374 3037 719 3111 clesiarum.
744 3043 942 3111 Itaque
971 3037 1165 3093 locum
1198 3040 1280 3094 sic
1312 3040 1554 3111 reﬁngo:
1580 3064 1607 3090 ‹‹
1634 3041 1798 3096 Multi
1813 3037 2025 3095 aliena:

375 3110 791 3165 consuetudini
818 3112 1187 3181 prudentiam
1220 3128 1390 3166 suam
1452 3110 1735 3178 addicunt,
1792 3117 1848 3167 et
1891 3130 2025 3167 con-

375 3182 654 3254 stantiam
682 3183 811 3251 ejus
841 3182 1137 3249 addueunt,
1166 3199 1237 3237 ne
1302 3183 1731 3254 compellantur
1786 3186 2031 3253 virgines

372 3252 569 3309 velari.
605 3276 632 3303 ‹‹
660 3258 867 3309 ROUL'r.

444 3326 558 3395 (93)
612 3323 765 3380 Certe
810 3325 1172 3380 votuntarias.

374 3394 569 3452 Velari
621 3396 870 3452 feminas
926 3395 1152 3467 nuptiis
1201 3394 1419 3463 saeculi,
1453 3394 1558 3453 aut
1596 3394 1809 3452 Christi
1861 3399 2024 3453 addi-

383 3474 527 3531 ctas,
562 3467 807 3542 omnino
833 3468 1232 3542 necessarium
1265 3472 1374 3523 est.
1421 3473 1495 3523 At
1545 3485 1671 3542 qua:
1721 3470 2024 3542 virginita-

376 3546 492 3595 tem
519 3540 913 3595 voluntariam
947 3539 1167 3606 colunt,
1202 3540 1385 3594 donec
1408 3541 1686 3596 maritum
1719 3539 1838 3597 sibi
1863 3559 2022 3596 com-

376 3615 604 3683 parent,
635 3612 728 3666 his
762 3628 1003 3683 prorsus
1046 3610 1450 3666 interdicenda
1507 3629 1620 3666 non
1680 3618 1770 3667 est
1818 3614 2025 3683 capitis

376 3632 604 3683 parent,
635 3632 728 3666 DIE
762 3632 1003 3683 pI‘Ol'BUS
1046 3632 1450 3666 ΙΠῐιΘΓαιῦθῐΙΟΒ
1507 3632 1620 3666 BOD
1680 3632 1770 3667 εει
1818 3632 1883 3668 CR
1929 3632 2022 3668 ιῑιε

372 3684 745 3751 nuditas,sed
781 3683 1084 3755 mouendae
1102 3687 1331 3737 tantum
1355 3688 1417 3736 ut
1439 3683 1683 3739 meliora
1703 3632 2022 3755 disciplina:

370 3755 619 3809 consilia
644 3753 1092 3824 amplectantur,
1127 3754 1395 3824 quamvis
1427 3771 1489 3809 se
1531 3756 1788 3825 virgines
1851 3753 2024 3811 inter-

369 3827 514 3881 dum
548 3821 1289 3898 mentiantur.Mendo'sum
1317 3826 1570 3883 codicem
1604 3821 1891 3897 ekplicare
1922 3846 2022 3898 per

2138 3821 2302 3898 ἐτάσας
2368 3821 2902 3898 ’σαϐϐατοκυριακὰω

370 3899 529 3980 solas
561 3897 1219 3980 conjecturas-cogimur
1251 3899 1472 3980 Moriar.
1534 3930 1601 3980 -—‘-
1666 3897 2017 3980 Voluntarias

370 3971 726 4041 interpretor
756 3987 860 4042 ego
889 3969 1145 4039 virgines
1195 3969 1454 4023 volentes
1512 3969 1713 4042 velari,
1773 3987 1899 4040 qua:
1961 3988 2022 4027 se

371 4042 551 4097 etiam
583 4042 838 4113 virgines
868 4058 995 4096 esse
1028 4057 1240 4112 negare
1270 4049 1515 4111 poscunt,
1536 4041 1617 4095 ita
1673 4043 1827 4097 enim
1878 4042 2018 4096 scri-

372 4113 631 4185 bendum
667 4118 825 4185 puto,
886 4113 1038 4168 inter
1094 4116 1309 4185 nuptas
1366 4113 1616 4180 colatae;
1676 4114 1785 4169 hoc
1847 4115 2020 4168 modo

370 4183 633 4255 ingloria;
662 4183 719 4240 et
748 4187 1091 4249 obscuratis,
1118 4184 1481 4239 conscientia
1538 4200 1669 4239 vero
1718 4186 2021 4256 virginita-

371 4258 448 4311 tis
480 4274 598 4313 sua:
634 4258 787 4327 apud
822 4260 1011 4329 Meum
1071 4260 1375 4329 contentae.
1447 4256 1535 4310 Ait
1567 4262 1766 4311 auctor
1800 4274 2016 4329 supra,

368 4352 396 4379 «ι
434 4329 583 4384 Bene
616 4328 893 4383 mentiris
925 4332 1191 4398 nuptam,
1224 4327 1269 4382 si
1301 4332 1477 4397 caput
1504 4328 1676 4383 voles.
1710 4351 1736 4377 »
1798 4327 2022 4384 Interea

372 4417 473 4469 pro
505 4400 746 4456 vocibus
804 4401 861 4454 in
911 4402 1066 4471 [uina
1112 4416 1449 4471 reponerem
1484 4401 1563 4471 fin
1598 4402 1858 4470 infamia,
1908 4400 2019 4467 vel,

369 4472 680 4540 iii/amatae,
710 4472 865 4542 quod
928 4470 1419 4541 quidem’verum
1482 4470 1657 4525 habet
1707 4477 1909 4526 auctor
1959 4472 2018 4527 in

372 4544 477 4597 lib.
513 4560 619 4599 suo
648 4544 712 4598 de
745 4545 961 4598 Corona
988 4543 1207 4607 militis,
1250 4559 1377 4613 cap.
1409 4543 1460 4595 6.
1497 4543 1562 4596 Et
1599 4543 2015 4598 conveniscum

366 4615 510 4681 illis,
544 4638 573 4666 «
606 4632 724 4670 suae
764 4614 1131 4669 conscientiae
1165 4615 1317 4683 apud
1368 4614 1552 4668 Deum
1601 4616 1933 4683 securitate,
1993 4638 2012 4663 ι

367 4686 631 4757 Apostoli
662 4686 807 4741 illud
844 4686 1011 4740 Rom.
1046 4702 1157 4757 xxv,
1188 4685 1276 4757 22.
1314 4688 1531 4739 Rou'rn.
1596 4685 1603 4691 ⁷

442 4759 556 4830 (94)
588 4760 661 4812 De
690 4759 805 4813 illis
832 4762 1033 4813 tamen.
1094 4756 1531 4830 Nihilominus,
1569 4772 1695 4826 quae
1753 4757 2009 4828 virgines

362 4827 707 4885 voluntariae
745 4830 1042 4894 dicuntur,
1092 4828 1283 4883 adhuc
1332 4827 1607 4882 velandas
1667 4844 1816 4895 esse,
1874 4830 2012 4883 Ter-

362 4902 655 4957 tullianus
684 4901 1007 4956 arbitratur
1038 4915 1105 4954 ex
1136 4916 1201 4954 eo
1232 4900 1345 4965 die,
1379 4916 1497 4969 quo
1527 4897 1667 4953 viris
1708 4901 2011 4970 desponsa:

366 4976 816 5045 fuerunt,seque
839 4974 906 5045 ad
943 4974 1171 5045 futuras
1192 4971 1431 5045 nuptias
1457 4976 2005 5045 pararegcmperunt.

368 5051 486 5100 Has
518 5063 551 5100 a
578 5042 707 5101 vere
722 5042 939 5115 'nuptis
966 5042 1113 5097 nihil
1145 5042 1378 5098 diﬂ‘erre
1408 5042 1725 5098 centendit.
1784 5043 2012 5115 Similia

366 5119 548 5173 habet
586 5114 839 5188 capuit’
870 5117 1122 5188 deVirg.
1156 5116 1260 5170 vet.
1292 5114 1599 5185 Sponsalia
1627 5130 1761 5170 vero
1785 5132 1817 5170 a
1855 5114 2011 5188 Chrif

369 5188 582 5245 stianis
613 5186 746 5243 dato
799 5186 999 5244 osculo
1057 5191 1113 5241 et
1151 5188 1385 5242 dextera
1449 5187 1763 5258 conjuncta
1812 5186 2009 5258 peragi

368 5261 547 5317 solita
577 5260 854 5314 diximus.
888 5259 1169 5314 Caeterum
1204 5276 1333 5329 quae
1365 5258 1421 5312 in
1473 5259 1585 5313 isto
1640 5256 1827 5328 capite
1875 5256 2011 5313 atie-

368 5339 584 5388 runtur
622 5332 1053 5400 compendiose,
1086 5347 1154 5385 ea
1186 5330 1373 5385 fusius
1403 5336 1600 5399 postea
1631 5331 1703 5385 ab
1728 5330 1854 5401 ipso
1884 5330 2015 5385 Ter-

366 5405 617 5461 tulliano
650 5407 1001 5474 pertractata
1032 5403 1190 5457 fuere
1221 5402 1279 5455 in
1312 5418 1462 5473 saepe
1493 5408 1812 5458 memorato
1868 5401 2016 5457 libro

373 5478 442 5532 de
508 5476 818 5545 Virginibus
863 5474 1127 5530 vetandis.
1159 5475 1387 5528 MURAT.

442 5548 553 5619 (95)
587 5549 814 5619 Tantum
842 5548 1046 5602 notitia
1076 5546 1197 5619 ejus
1226 5544 1483 5619 nubendo
1516 5546 1693 5619 vetata
1741 5550 1838 5619 est.
1873 5546 2014 5619 Sen-

369 5616 503 5675 sum
538 5616 647 5674 loci
677 5620 993 5675 ostendunt
1023 5617 1197 5672 verba
1224 5616 1564 5671 Tertulliani
1620 5616 1680 5671 in
1744 5616 1890 5673 libro
1948 5618 2021 5672 de

376 5692 693 5760 Virginibus
729 5691 971 5746 vetandis
1002 5706 1128 5759 cap.
1161 5689 1225 5760 21
1265 5705 1276 5742 :
1312 5710 1338 5737 ‹‹
1374 5687 1639 5760 Ostendit
1661 5689 1814 5742 enim
1840 5688 2017 5743 etiam

372 5758 613 5837 nuptias
647 5763 719 5819 de
757 5766 999 5836 aspectu
1032 5758 1090 5819 et
1117 5759 1312 5819 animo
1345 5758 1488 5832 fieri,
1518 5760 2017 5831 quemadmodum

2144 1975 2367 2037 stupra,
2405 1967 2512 2021 nisi
2549 1969 2704 2038 quod
2735 1967 2910 2022 etiam
2943 1965 3260 2022 Rebeccam
3311 1966 3551 2037 quidam
3596 1965 3787 2038 adhuc

2140 2039 2351 2093 velant.
2391 2062 2410 2087 η
2450 2037 2806 2109 υὺὶίοριὶωθ
2849 2039 3163 2093 adnotatur
3210 2040 3269 2092 in
3321 2039 3460 2093 edit.
3494 2108 3497 2109 ν
3527 2037 3781 2105 Halensi,

2137 2134 2163 2160 ‹‹
2200 2108 2827 2181 Rebeccamﬁirginem
2860 2112 3298 2180 desponsatam,
3323 2112 3422 2164 sed
3456 2108 3627 2164 aliam
3664 2127 3775 2164 non

2134 2182 2346 2237 velant.
2374 2206 2401 2231 ››
2434 2183 2693 2237 Nubeddo
2724 2183 2830 2237 hoc
2864 2182 3011 2251 loco,
3036 2188 3100 2236 ut
3132 2182 3395 2248 nuberet,
3464 2182 3778 2252 signiﬁcat.

2135 2258 2354 2308 Rou'ru.

2207 2328 2317 2395 (96)
2348 2325 2454 2379 Til.
2492 2326 2618 2379 cod.
2655 2323 2865 2378 Murat.
2902 2342 2915 2378 :
2950 2328 3028 2378 De
3054 2339 3195 2392 genu
3226 2325 3495 2394 ponendo.

2209 2393 2321 2465 (97)
2354 2396 2593 2451 Sabbato
2624 2396 2897 2449 obstinent
2923 2396 3169 2465 genibus.
3202 2393 3668 2465 Antiquissimus
3696 2400 3785 2451 est

2137 2467 2286 2523 ritus
2307 2485 2499 2538 genua
2525 2468 2788 2522 flectendi
2823 2468 2880 2521 in
2935 2466 3214 2521 oratione.
3265 2466 3543 2536 Exempla
3601 2466 3778 2521 habe-

2136 2556 2270 2594 mus
2304 2540 2360 2593 in
2396 2540 2491 2593 lib.
2529 2556 2546 2593 1
2581 2544 2868 2609 Regnum,
2900 2554 3025 2608 cap.
3059 2554 3180 2604 vm,
3217 2555 3273 2592 n.
3327 2540 3419 2604 54,
3452 2540 3510 2591 in
3564 2542 3778 2609 Evang.

2138 2556 2270 2594 mus
2304 2557 2360 2593 in
2396 2554 2491 2593 nn.
2529 2556 2546 2593 1
2581 2554 2868 2609 negnum,
2900 2554 3025 2608 cap.
3059 2554 3180 2604 vm,
3217 2555 3273 2592 n.
3327 2554 3419 2604 aa,
3452 2554 3510 2591 1n
3564 2554 3777 2663 evang.

2138 2612 2326 2679 Lucas,
2358 2628 2483 2682 cap.
2516 2628 2657 2677 xxxx,
2688 2627 2745 2664 n.
2780 2611 2866 2677 41,
2898 2609 2959 2664 in
2990 2612 3113 2664 Act.
3147 2613 3357 2682 apost.,
3412 2626 3517 2682 vn.
3567 2626 3650 2682 n.7
3685 2611 3719 2682 6
3764 2651 3777 2673 ,

2136 2688 2272 2737 etc.
2305 2700 2398 2747 xx,
2426 2681 2483 2737 n.
2516 2684 2605 2747 36,
2639 2686 2697 2737 et
2722 2698 2849 2753 cap.
2885 2698 3002 2746 xxx,
3034 2698 3116 2753 ns
3149 2682 3203 2735 5.
3266 2681 3415 2745 Quin
3482 2681 3778 2753 Eusebius

2135 2754 2510 2810 Cazsaciensis
2542 2753 2698 2808 hunc
2732 2752 2952 2807 murem
2985 2752 3451 2808 Christianorum
3478 2752 3781 2824 proprium

2136 2826 2408 2897 appellat.
2447 2828 2581 2880 Hist.
2614 2827 2813 2881 Eccles.
2840 2824 2940 2897 lib.
2974 2841 3028 2893 v,
3063 2840 3188 2897 cap.
3220 2825 3274 2897 5,
3327 2825 3437 2897 ubi
3490 2824 3775 2897 Christiaf

2136 2893 2489 2969 nosmilites
2518 2914 2715 2951 orasse
2748 2897 2827 2950 ait
2853 2893 2980 2969 γόνυ
3025 2893 3235 2969 θὲνσξας-
3256 2893 3343 2948 ἐπὶ
3384 2895 3483 2969 τῇιν
3514 2901 3615 2969 γῆν
3646 2894 3783 2949 κατᾶ

2134 2968 2194 3021 τὸ
2223 2967 2419 3021 θ’κεῖον
2451 2972 2566 3027 τοῖς
2624 2959 2962 3041 χριστιανόῖς
3017 2969 3123 3019 τῶν
3168 2964 3361 3041 ἐὐχῶν
3418 2959 3582 3028 ἕθοὲδ
3620 2971 3779 3041 Genu

2136 3058 2195 3094 in
2226 3051 2430 3095 terram
2459 3038 2638 3110 usque
2654 3038 2938 3110 ﬂectentes
2979 3038 3285 3094 secundum
3334 3040 3777 3095 consuetudinem

2138 3113 2481 3168 Christianis
2533 3115 2592 3165 in
2624 3111 2900 3181 precando
2928 3111 3228 3181 propriam.
3276 3111 3519 3175 Quidam
3581 3126 3714 3165 vero
3745 3129 3779 3167 a

2134 3200 2285 3255 genu
2322 3184 2603 3239 ﬂectendo
2635 3184 2887 3237 Sabhato
2928 3182 3322 3247 abstinebant,
3350 3198 3480 3237 eum
3514 3182 3779 3238 Ecclesiae

2136 3255 2374 3327 reliquae
2412 3255 2763 3310 contrarium
2802 3258 3343 3327 usumgtuerentur.
3371 3255 3440 3327 ln
3494 3256 3777 3327 posterio-

1260 3324 1548 3410 Ita‘ergo.
1587 3324 2021 3410 interpretare;
2057 3344 2099 3410 ρ
2141 3324 2738 3410 νυσίερρῐεηῇειῶθωι
2760 3324 3547 3410 Tertullianus,quLi-dcirco
3579 3325 3782 3410 hujus-

2139 3398 2295 3453 modi
2330 3400 2477 3453 ritus
2509 3397 2896 3452 differentiam
2919 3396 3041 3451 tolli
3076 3398 3258 3468 cupit.
3293 3397 3360 3450 Et
3389 3402 3542 3451 certe
3573 3398 3777 3452 subla-

2135 3476 2255 3525 tam
2287 3470 2558 3532 arbitror,
2592 3486 2722 3523 cum
2754 3486 2819 3524 ex
2846 3468 3105 3538 antiquis
3136 3468 3429 3541 neminem
3462 3468 3779 3541 offendam,

2135 3543 2233 3614 qui
2267 3543 2514 3597 Sabbato
2539 3558 2729 3611 genua
2775 3541 3002 3614 flectere
3061 3539 3386 3614 prohibeat,
3430 3541 3644 3614 Graecis
3693 3539 3778 3594 ta;

2134 3611 2263 3669 men
2298 3614 2719 3670 recentioribus
2748 3612 3014 3667 eamdem
3064 3611 3375 3682 placuisse
3421 3611 3781 3682 opinionem,

2134 3691 2336 3740 auctor
2365 3692 2453 3741 est
2481 3686 2735 3740 Joannes
2781 3683 3103 3739 Monachus
3150 3685 3207 3736 in
3265 3684 3587 3738 Canonario
3638 3684 3777 3740 sub-

2123 3758 2284 3826 jecto
2317 3756 2719 3826 libris_Morini
2744 3757 2815 3809 (le
2854 3755 3297 3826 PcenitJbihasc
3328 3755 3649 3826 habentur.
3673 3755 3776 3815 Τὰς

2988 3826 3113 3896 καὶ-)
3161 3824 3348 3896 ἑορτὰς
3435 3823 3774 3890 δεσποτικὰς,

2129 3898 2220 3971 xui
2280 3893 2721 3971 8(oaenarﬁpspov,
2763 3894 3002 3971 amoto);
3078 3893 3133 3948 δὲ
3185 3893 3285 3971 ita?
3354 3896 3455 3971 τὰς
3517 3897 3623 3950 ἀπὸ
3680 3902 3775 3971 τοῦ

2130 3968 2322 4043 Πάσχᾳ
2351 3966 2558 4041 ἡμέραζ
2581 3966 2683 4043 Eo):
2709 3966 2839 4020 ⁷τῶν⁷
2860 3966 3069 4043 ΑἈγίῳν
3119 3968 3336 4021 Πάντων
3392 3968 3481 4043 μὴ
3510 3966 3773 4043 ςγονυκλι-

2127 4038 2344 4095 νεῖνηέν
2399 4038 2520 4100 sua;
2576 4039 2794 4113 εὐχαῖς,
2844 4038 3106 4113 Omnibus
3144 4038 3643 4113 autemdSabb‘atis
3688 4045 3775 4113 et

2128 4114 2319 4169 diebus
2349 4108 2736 4176 dominicis,et
2764 4110 3182 4166 dedecahemero
3211 4108 3483 4166 similiter
3509 4117 3559 4166 et
3586 4112 3775 4166 diebus

2127 4203 2162 4240 α
2192 4186 2459 4240 Paschate
2479 4201 2653 4255 usque
2682 4183 2749 4237 ad
2780 4186 2977 4250 festum
3012 4182 3269 4237 Omnium
3334 4182 3668 4255 Sanctorum?
3715 4186 3776 4237 in

2128 4259 2478 4312 orationibus
2506 4272 2685 4327 genua
2718 4257 2925 4323 ﬂerlers
2951 4271 3061 4327 non
3096 4255 3238 4327 licet:
3284 4255 3343 4307 In
3390 4255 3563 4327 juris,
3598 4254 3773 4327 etiam

2129 4325 2598 4383 Graeco-Romani
2658 4326 2758 4381 lib.
2816 4343 2902 4397 Am,
2930 4326 3024 4397 ubi
3086 4326 3156 4380 de
3214 4325 3369 4397 Luca
3418 4325 3771 4397 patriarcha,

2130 4416 2294 4471 num.
2326 4400 2380 4465 9,
2415 4400 2631 4471 legitur
2663 4397 2763 4453 :O't
2804 4393 3434 4471 ἀῑτρᾳτολιηοῖηκανύνεξ
3471 4393 3769 4471 κολάζοῑξσί

2126 4469 2217 4525 τὸν
2270 4468 2320 4523 ἐν
2470 4462 2719 4543 "taxoer
2769 4462 3106 4543 σαϐϐάτῳ,ῗῆ
3138 4470 3206 4538 τῇ
3259 4471 3490 4540 κυριακῇ
3532 4462 3778 4542 γονὺκλι-

2128 4546 2337 4607 νοῦντα,
2369 4542 2403 4609 ἢ
2442 4541 2781 4610 messem.
2834 4541 3125 4610 Apostolici
3155 4556 3420 4612 icanones
3487 4541 3611 4595 eum
3666 4559 3769 4612 pu-

2132 4618 2312 4678 niunt,
2345 4615 2440 4685 qui
2468 4616 2656 4685 quovis
2684 4612 2932 4673 sabbato,
2990 4613 3075 4667 vet
3133 4611 3403 4685 dominico
3438 4612 3568 4685 die,
3598 4684 3605 4685 ί
3624 4611 3771 4683 genu

2044 4714 2091 4778 D
2127 4687 2294 4778 [iectit
2322 4683 2406 4767 vet
2428 4683 2677 4778 jejunat.‘
2703 4687 3047 4778 Quan‘quam
3067 4683 3366 4778 Graeculus
3388 4683 3481 4740 his
3536 4684 3773 4778 fallatur

2125 4754 2263 4830 (non
2299 4754 2487 4830 enim
2533 4754 3051 4830 indApostolorum
3104 4755 3426 4830 canonibus
3476 4757 3614 4826 quid
3654 4756 3769 4830 tale

2124 4826 2457 4901 reperitur),
2493 4826 2877 4901 nihilominus
2908 4826 3097 4901 palam
3133 4828 3216 4891 fit,
3251 4826 3307 4881 in
3332 4827 3565 4901 oriente
3622 4829 3768 4884 mul-

2124 4897 2205 4957 tis
2233 4906 2366 4972 post
2397 4897 3425 4972 Tertullianumsaaculiishujusmodi
3459 4907 3769 4957 consuetu-

2121 4970 2316 5028 dinem
2346 4973 2558 5025 iterum
2595 4970 2931 5025 invaluisse.
2966 4970 3198 5025 MURAT.

2191 5045 2303 5113 (98)
2365 5043 2597 5098 Causam
2652 5042 2815 5097 dicat.
2880 5042 2948 5096 Il.
3000 5058 3050 5096 e.
3085 5040 3372 5113 culpetur,
3423 5042 3769 5114 reprehendi

2122 5116 2324 5171 soleat.
2352 5116 2568 5170 Rou'rn.

2196 5187 2308 5257 (99)
2340 5186 2461 5241 Solo
2491 5186 2577 5241 die
2608 5185 2910 5240 Dominico.
2948 5182 3190 5257 Inlibro
3238 5199 3474 5257 quoque
3512 5184 3583 5257 de
3639 5184 3767 5239 Cor.

2125 5254 2248 5312 mil.
2282 5254 2483 5313 eadem
2521 5257 2910 5336 afﬁrmantur,
2944 5254 3139 5336 veluti
3166 5272 3196 5310 e
3225 5255 3561 5336 traditionis
3620 5272 3769 5336 penu

2125 5335 2299 5402 atque
2330 5329 2938 5402 auctoritategaccepta
2973 5346 2985 5382 :
3016 5350 3042 5402 ᾳ
3076 5327 3198 5402 Die,
3234 5327 3443 5402 inquit,
3468 5326 3767 5402 Dominico

2120 5398 2413 5471 jejunium
2448 5402 2611 5455 nefas
2640 5400 2915 5467 dicimus,
2947 5400 3035 5471 vel
3069 5398 3445 5471 degeniculis
3493 5399 3761 5453 adorare.

2126 5470 2341 5529 Eadem
2374 5472 2746 5526 immunitate
2778 5488 2809 5526 a
2840 5470 2931 5525 die
2990 5470 3223 5525 Pascbaa
3267 5472 3324 5523 in
3361 5470 3754 5524 Pentecostem

2126 5560 2315 5615 usque
2344 5544 2697 5615 gaudemus.
2721 5564 2747 5615 η
2781 5542 3124 5615 communis
3145 5546 3339 5595 autem
3375 5541 3528 5593 inter
3555 5539 3763 5615 Chris-

2128 5610 2504 5672 stianos‘ytum
2537 5623 2657 5670 erat
2688 5614 2779 5668 hic
2810 5614 2977 5676 ritus,
3007 5629 3186 5683 quare
3214 5628 3347 5666 cum
3380 5610 3643 5683 nonnulli
3686 5613 3757 5667 ab

2127 5706 2193 5744 eo
2234 5688 2635 5753 descivissent,
2688 5685 2907 5757 placuit
2950 5680 3219 5757 Patribus
3263 5680 3491 5757 concilii
3528 5682 3758 5757 _Nicaeni

2131 5760 2303 5835 primi
2338 5775 2460 5818 rem
2488 5753 2747 5818 statuere
2775 5758 2835 5813 in
2875 5771 3025 5812 eam.
3060 5755 3191 5823 ult.,
3222 5771 3295 5813 ne
3323 5753 3590 5814 Ecclesiae
3640 5771 3757 5815 non
