4134 6184
376 257 534 319 1299

373 389 514 448 tatis
545 387 753 444 habitu
788 387 889 458 (l),
915 390 972 441 et
1001 384 1190 441 ofﬁcia
1249 399 1448 438 cavere
1501 383 1806 450 debemus,
1863 381 2024 437 dill‘e-
2055 385 2110 450 Α

375 483 574 536 rentes
633 476 808 533 etiam
864 475 1115 548 negotia,
1167 490 1240 528 ne
1319 488 1494 544 quem
1553 470 1782 527 diabolo
1835 471 2026 527 locum

377 569 610 625 demus.
660 565 1074 622 Tamtumdem
1103 567 1159 618 et
1218 563 1408 634 spatio
1467 563 1858 626 Pentecostes,
1903 578 2029 632 qua:

379 659 584 713 eadem
608 654 1018 711 exsultationis
1048 651 1480 708 solemnitatem
1518 651 2027 722 dispungimur(2).

381 749 666 804 Caeterum
736 744 897 800 omni
956 743 1050 797 die
1110 742 1244 814 quis
1277 741 1508 797 dubitet
1553 745 1921 812 prosternere
1971 756 2031 795 se

381 841 496 892 Deo
529 836 613 890 vel
666 833 857 906 prima
909 831 1116 886 saltem
1197 831 1455 886 oratione
1515 832 1607 897 (3),
1669 847 1784 900 qua
1842 829 2028 884 lucem

380 923 751 998 ingredimur
782 920 1082 992 ‘?Jejuniis
1117 924 1311 975 autem
1355 924 1409 974 et
1463 919 1813 974 stationibus
1874 917 2032 972 nulla

381 1012 568 1070 oratio
615 1011 743 1066 sine
799 1027 975 1082 genu,
1027 1013 1076 1064 et
1138 1008 1361 1079 reliquo
1428 1007 1781 1063 humilitatis
1853 1023 2031 1077 more,

385 1101 734 1159 celebranda
766 1103 876 1155 est.
904 1100 1028 1154 Non
1061 1097 1215 1153 enim
1254 1098 1459 1154 1192
1504 1114 1741 1152 oramus
1781 1101 2031 1162 tantum,

386 1192 487 1247 sed
521 1196 577 1245 et
599 1191 1004 1262 deprecamur,
1064 1193 1120 1243 et
1168 1187 1569 1242 satisfacimus
1624 1187 1737 1242 Deo
1786 1186 2032 1242 Domino

384 1283 603 1336 nostro.
663 1279 744 1334 De
793 1277 1160 1350 temporibus
1218 1275 1501 1331 orationis
1591 1274 1736 1330 nihil
1795 1274 2032 1331 omnino

379 1369 786 1442 praescriptum
819 1373 925 1438 est,
963 1367 1081 1421 nisi
1121 1365 1288 1438 plane
1319 1365 1476 1420 omni
1528 1365 1586 1419 in
1625 1370 1887 1437 tempore
1943 1364 2032 1435 (4)

377 1462 436 1515 et
458 1457 583 1514 loco
617 1473 800 1512 orare.

916 1544 1147 1600 CAPUT
1189 1543 1364 1599 xxrv
1385 1545 1430 1578 σο
1456 1544 1550 1613 (5).

453 1635 564 1691 Sed
613 1635 908 1705 quomodo
941 1634 1309 1705 omnilocoU
1346 1634 1482 1688 Tim.
1524 1650 1563 1700 ι,
1620 1632 1699 1703 2),
1749 1648 1881 1687 cum
1931 1649 2034 1704 pro

923 251 1453 315 TERTULLIANI
1505 248 1829 312 OPERUM
1874 249 2072 310 PARS
2125 250 2282 310 1.-
2313 251 2587 313 SERIES
2632 253 2708 326 II,
2757 255 3244 318 DOGMATICA.

3639 259 3793 321 1300

2625 386 2860 441 CAPUT
2897 388 3055 444 xxv
3087 390 3134 424 το
3160 391 3262 460 (τ).

2214 478 2288 529 De
2345 478 2607 545 tempore
2659 492 2791 531 vero
2841 494 2955 532 non
3018 478 3127 534 erit
3189 479 3380 535 otiosa
3435 477 3795 537 extrinsecus

2141 562 2467 619 observatio
2500 564 2676 618 etiam
2733 564 3011 622 horarum
3074 569 3488 639 quarumdam.
3542 571 3794 626 letarum

2141 650 2269 705 dico
2301 651 2729 722 communium,
2763 670 2888 724 quae
2923 655 3016 710 diu
3081 656 3233 711 inter
3280 658 3469 728 spatia
3536 658 3794 729 signant,

2143 740 2330 807 tertia,
2378 747 2557 810 sexta,
2611 743 2816 798 1193
2882 761 3035 799 nona
3066 746 3160 816 (8),
3221 763 3369 817 quas
3413 746 3796 804 solemniores

2141 826 2199 882 in
2232 829 2542 901 scripturis
2573 830 2833 887 invenire
2893 838 3004 889 est.
3062 833 3299 890 Primus
3348 836 3604 907 Spiritus
3658 855 3791 892 san-

2143 922 2270 972 ctus
2303 919 2667 991 congregatis
2693 921 3003 992 discipulis
3029 923 3175 978 hora
3205 925 3376 979 tertia
3425 926 3662 981 infusus
3710 931 3800 982 est

2144 1006 2279 1076 (Act.
2318 1025 2376 1074 11,
2417 1009 2522 1079 l5).
2586 1014 2805 1076 Petrus,
2858 1027 2973 1082 qua
3004 1013 3096 1067 die
3126 1013 3413 1067 visionem
3472 1013 3798 1068 communi-

2145 1095 2279 1150 tatis
2312 1097 2504 1152 omnis
2537 1096 2593 1150 in
2632 1097 2726 1152 illo
2757 1098 2992 1154 vasculo
3025 1105 3298 1172 expertus
3321 1107 3427 1170 est,
3462 1109 3623 1157 sexta
3653 1103 3797 1158 hora

2144 1186 2485 1240 ascenderat
2516 1187 2721 1242 orandi
2744 1189 2934 1260 gratia
2967 1189 3025 1245 in
3058 1190 3358 1262 superiora
3406 1191 3542 1262 (Act.
3605 1209 3661 1262 x,
3716 1193 3794 1261 9).

2145 1275 2302 1329 Idem
2336 1291 2466 1330 cum
2499 1276 2724 1332 Joanne
2757 1279 2829 1333 ad
2863 1283 3078 1334 uenam
3111 1279 3165 1333 in
3225 1280 3509 1352 templum
3568 1281 3792 1349 adibat,

2147 1363 2240 1417 ubi
2281 1363 2664 1437 paralyticum
2699 1367 2935 1421 sanitati
2970 1368 3307 1424 reformavit
3337 1386 3454 1424 suis
3497 1369 3631 1440 (Act.
3696 1387 3779 1437 ιιι,

2146 1454 2220 1520 1).
2260 1453 2378 1507 Etsi
2413 1453 2760 1526 simpliciter
2783 1471 2843 1510 se
2869 1455 3126 1512 habeant
3155 1457 3282 1513 sine
3341 1457 3523 1514 ullius
3589 1459 3782 1515 obser-

2143 1541 2390 1595 vationis
2414 1549 2726 1614 praecepto,
2761 1544 2979 1600 bonum
3005 1550 3200 1601 tamen
3234 1545 3312 1601 sit
3341 1547 3604 1618 aliquam
3659 1565 3792 1603 con-

2146 1630 2389 1686 stituere
2423 1634 2960 1705 praesumptionem,
2986 1651 3102 1706 qua
3133 1641 3189 1691 et
3217 1636 3422 1691 orandi
3455 1637 3801 1692 admonitio-

382 1723 692 1780 bibeamur
721 1724 780 1778 in
817 1723 1048 1796 publico
1084 1727 1105 1777 ?
1147 1722 1339 1790 Omni,
1401 1721 1615 1794 inquit,
1659 1721 1804 1788 loco,
1856 1738 2028 1792 quem
2061 1764 2108 1828 Β
2146 1736 2276 1775 nem
2313 1722 2677 1792 constringat
2711 1723 2807 1796 (9),
2841 1728 2896 1778 et
2927 1725 3097 1795 quasi
3129 1723 3253 1797 lege
3278 1726 3349 1780 ad
3401 1725 3514 1780 tale
3575 1743 3796 1782 munus

382 1812 807 1885 opportunitas,
840 1816 940 1867 aut
971 1811 1148 1866 etiam
1179 1810 1496 1866 necessitas
1523 1810 2027 1881 importaret.Non

380 1901 539 1958 enim
562 1907 762 1957 contra
819 1905 1177 1973 praeceptum
1236 1905 1578 1970 reputamur
1609 1900 1679 1954 ad
1739 1898 2029 1971 Apostolis

378 1993 621 2055 factum,
655 1990 754 2062 qui
785 1990 844 2044 in
879 2006 1109 2044 carcere
1153 1988 1527 2044 audientibus
1575 1988 1859 2044 custodiis
1907 2006 2027 2044 ora-

377 2079 519 2135 bant
548 2083 606 2134 et
635 2079 927 2134 canebant
986 2077 1124 2148 Deo,
1153 2079 1306 2150 apud
1357 2076 1602 2132 Paulum
1655 2079 1756 2149 (6),
1815 2077 1915 2149 qui
1965 2077 2024 2132 in

378 2167 512 2224 navi
555 2184 752 2224 coram
777 2167 1054 2223 omnibus
1076 2166 1502 2222 Eucharistiam
1537 2166 1687 2222 fecit.

2137 1813 2480 1881 extorqueat
2536 1812 2838 1884 anegotiis
2869 1813 3186 1880 interdum,
3218 1817 3283 1868 ut
3345 1815 3501 1886 quod
3567 1815 3788 1870 Uanieli

2138 1914 2371 1970 quoque
2429 1898 2681 1971 legimus
2739 1902 3109 1958 observatam
3182 1902 3382 1975 utique
3429 1920 3498 1960 ex
3555 1903 3790 1960 Israelis

2137 1986 2449 2058 disciplina
2478 1988 2639 2059 (Dan.
2674 2006 2748 2060 νι,
2786 1989 2894 2061 10),
2929 2008 3000 2046 ne
3028 1991 3226 2046 minus
3257 1998 3340 2048 ter
3371 1992 3525 2047 diem
3583 1992 3790 2048 saltem

2135 2076 2470 2147 adoremus,
2505 2077 2798 2134 debitores
2828 2079 3038 2147 Patris,
3093 2085 3151 2134 et
3213 2080 3368 2147 Filii,
3422 2089 3477 2136 et
3530 2081 3794 2153 Spiritus

2135 2166 2346 2222 sancti.
2373 2169 2638 2241 Exceptis
2666 2168 2866 2241 utique
2898 2168 3180 2242 legitimis
3229 2171 3596 2228 orationibus
3654 2172 3790 2244 (10),

1801 2311 2004 2371 Variae
2049 2309 2370 2371 lectiones.

447 2419 494 2453 σθ
526 2418 666 2490 Cap.
699 2417 848 2485 XIX,
871 2418 952 2474 ed.
976 2421 1140 2490 Lcop.
1215 2419 1260 2453 ⁷ο
1289 2419 1423 2489 Cap.
1460 2417 1570 2484 XX,
1593 2417 1674 2472 ed.
1704 2419 1858 2488 Le0p.

1818 2560 2340 2623 Commentarius.

384 2705 450 2745 eo
484 2685 972 2743 dissentirent.De
1005 2686 1444 2742 intermittenda
1475 2686 1876 2757 ger-inﬂexione
1909 2691 2034 2741 tum

388 2758 640 2829 singulis
670 2759 877 2814 diebus
909 2759 1250 2824 Dominicis,
1292 2765 1414 2813 tum
1450 2759 1661 2813 diebus
1693 2776 1725 2814 a
1756 2758 2036 2814 Paschate

390 2833 461 2886 ad
495 2831 919 2896 Pcntecostem,
971 2832 1326 2886 mentionem
1362 2830 1585 2886 faciunt
1643 2832 1700 2886 S.
1754 2831 2034 2895 Hilarius,

393 2903 636 2974 Prologo
669 2903 728 2957 in
762 2902 962 2970 Psalt.,
996 2909 1051 2956 Β.
1088 2903 1495 2974 Hieronymus,
1549 2919 1674 2974 cap.
1733 2904 1788 2968 7,
1845 2905 2032 2957 contra

390 2973 773 3045 Luciferianos
832 3000 846 3042 ;
897 2980 1097 3030 auctor
1150 2973 1349 3044 Quaest.
1381 2973 1450 3028 ad
1478 2973 1830 3038 orthodoxas,
1881 2974 2035 3028 inter

391 3063 568 3118 opera
599 3047 655 3101 S.
690 3046 934 3116 Justini,
967 3053 1175 3117 quast.
1213 3048 1314 3101 113
1349 3063 1361 3100 :
1395 3050 1446 3118 S.
1483 3045 1757 3110 Basilius,
1790 3062 1916 3117 cap.
1943 3047 2030 3099 17.

389 3119 490 3173 lib.
521 3118 585 3172 de
608 3120 759 3187 Spir.
783 3123 970 3173 sancto
1029 3139 1042 3185 ;

387 3190 728 3257 Cassianus,
759 3190 1085 3245 Germanus
1112 3189 1644 3260 Constantinopol.,
1693 3189 2025 3256 Balsamon,

385 3263 663 3332 Zonaras,
699 3260 910 3332 aliique
942 3277 1054 3315 non
1090 3264 1278 3331 pauci.
1312 3262 1535 3316 Mean.

462 3331 671 3401 (1)Setl
729 3329 881 3387 omni
939 3329 1241 3388 anxiétaiis
1290 3332 1500 3388 habitu.
1559 3330 1879 3386 Desiderari
1939 3329 2036 3385 hic

387 3403 627 3458 verbum
667 3404 945 3459 abstinere
975 3404 1117 3459 mihi
1149 3405 1395 3459 videtur.
1431 3405 1575 3460 Cum
1606 3419 1757 3474 genu
1783 3403 2035 3470 flectere,

390 3480 448 3528 et
469 3475 763 3547 jejunare,
797 3477 1134 3547 maestitiam
1168 3482 1342 3547 atque
1398 3476 1800 3547 paenitentiam
1853 3474 2034 3547 spira-

397 3551 545 3618 rcnt,
578 3546 882 3600 Dominico
916 3546 1029 3612 die,
1066 3544 1272 3618 nempe
1302 3544 1718 3618 exs‘ultationis
1740 3544 2036 3610 die,absti-

396 3617 653 3670 nendum
686 3618 756 3671 ab
789 3634 854 3672 eo
889 3634 1047 3672 more
1078 3617 1461 3672 fuit.MUiiA'r.
1493 3648 1561 3658 —
1588 3617 1724 3672 Mihi
1772 3617 2036 3688 quidem,

391 3703 591 3760 vocem
619 3689 808 3760 ofﬁcio
839 3706 941 3760 pro
960 3689 1143 3760 ofﬁcia
1172 3689 1572 3756 substituenti,
1631 3688 1861 3745 nullum
1916 3704 2036 3742 ver-

391 3758 530 3814 bum
564 3758 882 3815 desiderari
905 3758 1013 3816 hoc
1043 3759 1166 3816 loco
1186 3761 1434 3816 videtur.
1456 3760 1674 3816 Rou'ra.

461 3830 536 3900 (2)
569 3832 697 3899 Quae
755 3831 941 3887 eadem
971 3833 1359 3888 exsultationis
1403 3833 1745 3887 solemnitate
1803 3831 2032 3902 dispun-

386 3901 599 3975 gimur.
626 3903 887 3959 Diximus
918 3908 973 3958 et
1007 3904 1063 3958 in
1095 3905 1430 3960 Pentecoste
1453 3920 1643 3975 genua
1677 3901 2033 3958 nonﬂexisse

387 3973 775 4048 Christianos.
811 3975 1016 4048 Nescio
1039 3994 1107 4030 an
1170 3973 1522 4048 legendum:
1561 3997 1608 4048 «_
1645 3978 1781 4038 Quae
1829 3977 2030 4048 eadem

388 4045 797 4103 cxsultationis
827 4047 1170 4102 solemnitas
1196 4045 1305 4112 est,
1337 4046 1805 4119 dispungimus.»
1837 4047 1895 4101 ln
1926 4047 2028 4102 lib.

388 4119 451 4191 de
473 4120 779 4191 Patientia:
811 4122 1062 4191 expunxi
1093 4137 1194 4190 pro
1224 4122 1488 4190 prazstitit
1518 4124 1864 4190 usurpatum
1890 4125 1978 4173 est
1999 4136 2032 4174 a

387 4188 744 4261 Ter-tulliano
779 4208 791 4256 ;
826 4188 890 4246 et
911 4188 1202 4260 dispimcta
1225 4188 1311 4246 est
1343 4207 1445 4261 pro
1476 4188 1728 4246 absoluta
1758 4207 1884 4260 cap.
1905 4191 1941 4244 5
1967 4190 2032 4246 de

390 4260 572 4334 Carne
607 4261 809 4317 Christi
841 4281 852 4329 ;
885 4269 943 4317 et
967 4268 1237 4334 expunget
1269 4260 1372 4334 pro
1401 4262 1641 4332 perﬁciet
1689 4261 1748 4316 in
1807 4261 1904 4315 lib.
1965 4261 2030 4317 de

389 4331 608 4387 Resurr.
641 4336 850 4389 carnis.
877 4336 935 4387 ln
971 4333 1068 4387 lib.
1110 4331 1287 4389 etiam
1316 4331 1572 4389 adversus
1616 4333 1825 4389 Judaeos
1854 4350 1865 4386 :
1925 4334 2028 4388 Ila-

389 4403 650 4476 que,_ait,
697 4406 1097 4473 dispu'ngamus
1146 4407 1402 4460 ordinem
1480 4410 1732 4476 ereptum,
1785 4403 2027 4476 hocest

385 4472 757 4556 aesolcamus.
787 4477 967 4556 [gitur
997 4479 1332 4532 tantumdem
1362 4472 1742 4556 dispari—cimus
1772 4475 1880 4556 hoc
1901 4474 2026 4530 loco
2062 4494 2105 4556 ι)
2137 4472 2371 4556 operam
2395 4472 2607 4556 auctor
2637 4472 3186 4556 estnMaimonidc‘s,
3236 4477 3292 4556 in

391 4545 472 4620 nil
505 4546 661 4601 aliud
687 4545 998 4619 signiticet,
1031 4565 1207 4618 quam
1227 4545 1554 4620 praestamus
1583 4555 1640 4602 et
1671 4548 2023 4602 absolvimus.

386 4615 614 4688 MURAT.
645 4650 708 4658 ——
745 4615 1062 4685 legerim,—
1084 4638 1203 4688 quae
1227 4615 1438 4675 'eadem
1495 4621 1877 4674 exsultationis
1935 4637 2024 4673 so-

383 4687 682 4762 lemnitate
711 4687 1110 4761 dispungitur.
1146 4692 1334 4747 Habes
1366 4693 1420 4745 in
1456 4691 1554 4747 lib.
1591 4708 1823 4762 quoque
1854 4707 1870 4744 ι
1901 4692 2019 4745 (ιάυ.

384 4758 708 4836 Illarcionem
741 4758 867 4834 cap.
894 4767 982 4827 22,
1017 4764 1252 4818 verbum
1309 4758 1628 4836 passivum,
1690 4758 1746 4817 ivi
1801 4770 2026 4832 utroque

387 4831 788 4900 dispungitur,
815 4831 829 4834 ⁷
849 4851 882 4888 a
912 4840 1034 4889 Deo.
1059 4836 1274 4890 Rov'ra.

459 4901 536 4975 (3)
572 4903 656 4957 Vel
673 4906 857 4975 prima
889 4907 1085 4960 saltem
1114 4909 1378 4960 oratione.
1413 4905 1680 4960 Celebres
1699 4909 1838 4959 sunt
1867 4905 2022 4975 apud

389 4973 681 5048 antiquos,
709 4974 925 5028 ἓωθιναί
956 4995 1054 5032 seu
1088 4980 1380 5033 matutinae
1414 4993 1630 5048 preces.
1679 4979 1751 5030 De
1785 4977 1856 5030 iis
1888 4973 2023 5031 con-

385 5043 512 5099 sule
535 5043 775 5120 Constit.
808 5054 978 5120 aposl.
1013 5049 1111 5104 lib.
1141 5067 1259 5115 VIII,
1305 5043 1430 5120 cap:
1492 5050 1622 5114 3/1.;
1684 5047 2021 5118 (Ihrysosto-

387 5132 572 5189 nium,
607 5117 763 5173 hom.
801 5117 858 5174 in
892 5119 1040 5176 Psal.
1075 5136 1185 5185 cxx,
1220 5127 1272 5176 et
1301 5117 1462 5189 alibi,
1491 5138 1558 5176 ac
1604 5117 1909 5186 Basiliam,
1964 5121 2022 5173 in

385 5187 619 5265 Regalis
653 5190 842 5265 fusius
882 5193 1220 5264 disputatis,
1281 5187 1561 5265 interrog.
1613 5193 1702 5258 37,
1761 5197 1820 5245 ut
1880 5191 2025 5247 alios

384 5259 674 5316 omittam.
711 5262 938 5319 MURAT.

430 5334 528 5412 μ)
556 5335 1096 5412 aniiutempore.
1128 5333 1453 5412 A_lludit__a_d
1488 5352 1614 5406 cap.
1651 5352 1689 5389 ιι
1736 5334 1915 5412 Epist.
1951 5335 2023 5389 ad

377 5400 656 5476 Timoth.,
694 5405 789 5460 ubi
825 5400 1009 5474 inquit
1041 5404 1297 5472 Paulus;
1340 5407 1460 5462 Volo
1511 5400 1640 5476 ergo
1696 5400 1837 5462 viros
1868 5424 2026 5462 orare

382 5472 436 5525 in
466 5479 618 5549 omni
640 5478 772 5531 loco.
807 5485 877 5531 At
905 5472 972 5532 de
1003 5484 1264 5549 tempore
1297 5477 1518 5532 nullam
1551 5472 1724 5533 habet
1774 5479 2022 5534 mentio-

382 5559 533 5599 nem.
568 5548 797 5603 Muna'r.

448 5616 524 5682 (5)
554 5619 704 5674 Tim.
738 5619 864 5673 cod.
902 5618 1110 5673 Murat.
1145 5620 1217 5673 De
1247 5619 1398 5673 Loco.

447 5685 525 5756 (6)
556 5689 710 5758 Apud
768 5691 1022 5746 Paulum.
1074 5691 1410 5761 Legendum
1458 5689 1753 5747 videretur
1813 5695 1912 5747 aut
1991 5709 2024 5748 α

2146 2685 2321 2739 Paulo
2354 2683 2760 2755 RescipitAct.
2796 2688 2981 2755 apost.
3043 2701 3092 2739 c.
3154 2703 3327 2754 xxvu,
3379 2702 3439 2740 n.
3490 2686 3579 2740 35.
3638 2686 3792 2741 Pau-

2143 2755 2235 2810 lus
2266 2755 2417 2810 cni'm
2453 2773 2582 2810 cum
2617 2759 2771 2811 esset
2803 2757 2859 2810 in
2893 2755 3045 2823 navi,
3078 2773 3299 2813 sumens
3341 2760 3792 2828 panem,gratias

2143 2829 2254 2896 egit
2282 2829 2387 2881 Deo
2412 2829 2472 2900 in
2499 2833 2792 2900 conspectu
2821 2831 3092 2898 omnium,
3125 2835 3177 2885 et
3206 2846 3328 2885 cum
3351 2831 3626 2900 fregisset,
3685 2846 3788 2885 az-

2138 2903 2230 2972 pit
2248 2898 2610 2972 manducare.
2633 2898 2874 2954 Meam.

2216 2971 2293 3040 (7)
2321 2971 2455 3024 Cod.
2491 2971 2701 3026 Murat.
2730 2988 2742 3025 ε
2781 2977 2861 3026 De
2893 2971 3162 3041 Tempore.

2215 3044 2289 3112 (8)
2322 3044 2515 3108 Tertia,
2547 3051 2698 3097 sexta
2744 3042 3237 3114 AnonasTempora
3265 3042 3484 3114 quibus
3535 3042 3793 3098 orationi

1101 3122 1157 3172 Β.
1203 3117 1590 3189 Augustinus,
1651 3118 1822 3188 epist.
1860 3112 1896 3172 ’1
1915 3119 1978 3171 19
2009 3133 2024 3184 ;
2059 3121 2101 3187 (1
2142 3115 2465 3189 vacandum
2499 3118 2674 3189 esset,
2707 3112 2821 3169 alia
2844 3112 2943 3169 alii
2985 3112 3434 3189 constituerunt.
3461 3114 3791 3189 _Constitu-

2143 3185 2371 3241 tionum
2401 3185 2854 3256 apostolicarum
2887 3191 3110 3250 auctor,
3144 3185 3180 3240 l.
3222 3202 3321 3254 vn,
3369 3200 3418 3241 c.
3451 3186 3540 3252 34,
3608 3187 3792 3242 sexies

2143 3256 2404 3328 quotidie
2433 3258 2721 3312 orandum
2764 3257 2865 3326 ait,
2900 3274 3028 3312 nem
3041 3274 3107 3328 pe
3123 3258 3344 3313 circiter
3362 3257 3792 3325 auroram,hora

2144 3332 2326 3412 tertia,
2357 3338 2530 3412 sexta,
2564 3346 2729 3412 naria,
2752 3344 2989 3412 vespere,
3013 3337 3076 3412 ret
3123 3331 3351 3412 circiter
3407 3329 3785 3412 gallicirtiym.

2144 3399 2619 3471 Chrysostomus,
2652 3399 2898 3455 Homilia
2926 3400 2985 3454 in
3009 3399 3158 3456 Psal.
3192 3417 3304 3469 cur,
3348 3402 3526 3455 sexies
3581 3402 3784 3455 itidem

2144 3473 2431 3528 orandum
2458 3489 2584 3527 esse
2609 3473 2794 3538 docet,
2832 3473 2930 3527 sed
2966 3489 3081 3527 non
3105 3473 3306 3527 eadem
3340 3471 3620 3526 horarum
3645 3472 3787 3528 divi-

2144 3544 2307 3599 sione
2340 3546 2542 3599 utitur.
2568 3545 2626 3599 S.
2681 3543 2932 3599 Basilius
2979 3545 3178 3612 septies
3225 3544 3282 3597 in
3322 3543 3414 3598 die
3449 3559 3653 3614 preces
3710 3545 3781 3599 ad

2146 3622 2325 3670 Deum
2359 3616 2688 3670 t‘undendas
2709 3631 2836 3671 esse
2855 3615 3352 3671 statuit.Clemens
3368 3631 3501 3670 vero
3533 3614 3783 3671 Alexan-

2145 3687 2372 3757 drinus,
2402 3687 2598 3741 Strom.
2640 3687 2738 3741 lib.
2772 3704 2872 3757 vn,
2917 3687 3254 3757 bujusmodi
3311 3686 3588 3742 horarum
3638 3687 3784 3742 divi-

2143 3759 2364 3814 sionem
2398 3759 2598 3814 laudat
2629 3759 2889 3829 quidem,
2924 3760 3022 3814 sed
3059 3759 3174 3814 alia
3229 3758 3426 3813 subdit
3484 3775 3599 3813 non
3644 3775 3782 3813 con-

2143 3831 2456 3886 temnenda
2490 3848 2501 3885 :
2541 3850 2566 3881 α
2597 3829 2895 3895 Nonnulli,
2927 3830 3142 3901 inquit,
3174 3836 3364 3886 certas
3395 3835 3450 3885 et
3507 3831 3782 3885 definitas

2142 3902 2315 3958 horas
2347 3902 2714 3957 constituunt
2751 3902 3092 3972 precationi,
3154 3907 3218 3956 ut
3263 3902 3423 3956 verbi
3455 3918 3635 3957 causa
3671 3907 3785 3957 ter-

2141 3974 2304 4042 tiani,
2360 3980 2605 4044 sextam,
2664 3989 2898 4029 nonam.
2956 3977 3030 4046 At
3089 3973 3160 4040 is,
3210 3974 3426 4044 quiest
3450 3973 3785 4046 cognitione

2141 4046 2440 4117 praditus,
2474 4062 2580 4118 per
2600 4050 2781 4100 totam
2816 4049 2942 4118 orat
2971 4045 3197 4118 vitamL
3223 4046 3367 4118 dum
3385 4117 3390 4118 γ
3420 4045 3543 4116 ρει-ί
3580 4062 3783 4118 preces

2138 4116 2276 4174 aues
2309 4135 2440 4173 cum
2473 4116 2588 4172 Deo
2620 4117 2836 4172 versari
2869 4118 3119 4172 studet.»
3154 4116 3550 4172 Tertullianus
3581 4116 3778 4173 autem

2138 4188 2303 4258 alibi,
2339 4191 2396 4243 in
2435 4188 2584 4242 libro
2645 4205 2854 4261 nempe
2887 4188 2959 4261 de
3016 4189 3177 4261 Jeiun
3234 4206 3360 4261 cap.
3403 4191 3505 4261 tO,_
3543 4191 3779 4244 tertiam

2136 4277 2333 4316 sexam
2367 4265 2422 4315 et
2454 4277 2664 4315 nomen
2699 4259 2945 4332 orationi
2978 4259 3556 4332 destinatas—repetit,
3579 4278 3781 4316 suam-

2137 4350 2248 4404 que
2278 4333 2626 4387 scntcntiam
2655 4331 3208 4404 iisdemicontirmat
3237 4331 3539 4404 exemplis.
3593 4337 3656 4387 In
3690 4350 3782 4404 sy-

2137 4402 2362 4474 nagoga
2421 4421 2655 4475 quoque
2715 4407 2802 4458 ter
2859 4403 2950 4458 die
3011 4402 3272 4473 quolibet
3335 4403 3610 4528 precibus
3656 4402 3780 4459 dari

2137 4493 2371 4529 onerum
2405 4482 2607 4529 auctor
2637 4479 2745 4529 est.
2780 4473 3186 4529 Maimonidcs.
3236 4477 3292 4529 in
3365 4475 3442 4529 ib.
3499 4475 3570 4529 de
3619 4475 3778 4529 Prec.

3365 4492 3442 4529 lD.
3499 4492 3570 4530 (18
3619 4492 3778 4532 1"!‘80.

2136 4552 2192 4601 et
2223 4547 2517 4602 Benedict.
2580 4546 2887 4617 sacerdot.,
2948 4563 3074 4617 cap.
3135 4547 3202 4600 1..
3282 4547 3558 4616 Idemque
3612 4552 3667 4601 et
3727 4549 3782 4601 in

2135 4618 2388 4674 Ecclesia
2419 4618 2520 4673 Dei
2559 4624 2646 4674 ter
2676 4616 2928 4689 solitum
2971 4616 3090 4689 ﬁeri
3119 4621 3364 4672 testatur
3423 4618 3480 4673 S.
3539 4617 3779 4689 Cypria-

2137 4708 2268 4755 nus,
2296 4693 2349 4745 in
2386 4691 2481 4745 lib.
2508 4695 2569 4743 (te
2628 4690 2868 4762 0rat.ret_
2911 4688 2968 4742 S.
3009 4688 3431 4762 llieronymus,
3479 4689 3536 4743 in
3595 4688 3780 4762 Epist.

2134 4763 2205 4817 ad
2237 4767 2443 4816 Laetum
2473 4767 2523 4816 et
2557 4758 2977 4815 Demetriadem.
3008 4760 3235 4815 Mean.

2207 4835 2281 4904 (9)
2316 4839 2438 4903 Qua
2460 4841 2510 4889 et
2537 4832 2736 4886 orandi
2762 4831 3191 4886 admonitionem
3211 4903 3216 4904 γ
3237 4832 3610 4903 constringat.
3680 4835 3781 4886 Le-

2135 4903 2390 4973 gendum
2423 4905 2652 4960 videtur
2681 4913 2730 4958 et
2759 4905 2957 4974 mandi
2985 4903 3384 4958 admonitione
3406 4907 3781 4974 constringat.

2135 4977 2200 5030 Et
2229 4983 2425 5048 postea
2449 4977 2574 5046 jam
2607 4973 2966 5048 Montanista
2997 4975 3182 5048 factus
3213 4973 3641 5048 Tertullianus,
3667 4973 3781 5030 etsi

2134 5046 2307 5111 dicat,
2344 5065 2575 5118 semper
2595 5053 2652 5102 et
2673 5047 2888 5116 ubique
2919 5052 2973 5100 et
2993 5046 3151 5100 omni
3185 5051 3446 5118 tempore
3464 5047 3780 5108 orandum.

2135 5127 2326 5176 tamen
2362 5124 2478 5174 tres
2510 5119 2683 5174 horas
2714 5119 2924 5173 fatetur
2955 5134 3080 5173 esse
3112 5119 3482 5188 apostolicae,
3517 5119 3779 5184 tertiam,

2133 5197 2381 5257 sextam,
2408 5208 2663 5263 monam,
2698 5189 2829 5263 Adv.
2869 5190 3185 5263 Psyschicos
3217 5207 3344 5263 cap.
3380 5191 3572 5258 10,ubi
3609 5191 3778 5246 simi-

2135 5263 2210 5318 lia
2240 5264 2374 5318 huic
2407 5264 2530 5318 loco
2559 5262 2838 5317 invenias.
2869 5261 3087 5316 Roma.

2205 5336 2313 5405 (10)
2348 5336 2598 5406 Exceptis
2627 5337 2823 5406 utique,
2843 5334 3105 5406 legitimis
3152 5333 3513 5406 oratiruilms.
3579 5331 3779 5406 Preces

2135 5404 2549 5470 matutinas,ac
2580 5404 2940 5476 vespertinas
2972 5421 3003 5458 a
3033 5404 3157 5474 lege
3186 5405 3560 5476 praescriptas
3582 5404 3774 5476 δὴ.οβ

2134 5479 2206 5533 iis
2236 5478 2499 5550 loquitur
2529 5473 2996 5550 Chrysostomus.
3034 5473 3291 5550 homigift
3353 5478 3406 5550 in
3430 5473 3438 5474 ί
3463 5475 3646 5550 Epist.
3703 5473 3771 5550 ad

2133 5545 2483 5604 HebrCVide
2514 5555 2572 5603 et
2602 5545 2975 5621 Cvprianum,
3004 5564 3130 5618 cap.
3183 5547 3288 5621 ult.
3343 5548 3406 5602 de
3462 5547 3612 5621 Orat.
3675 5545 3770 5621 ubi

2135 5645 2164 5672 «
2198 5627 2437 5678 maneet
2467 5619 2771 5678 recedente
2789 5619 2910 5676 sole
2937 5619 3266 5676 necessario
3298 5619 3584 5674 orandum
3615 5641 3641 5664 η
3672 5620 3767 5672 ait.

2134 5694 2230 5750 MU
2239 5710 2365 5749 an.
