4148 6194
406 286 559 351 1303

849 421 1083 478 CAPUT
1116 422 1444 481 ULTIMUM
1478 425 1606 496 (21).

356 505 366 521 ⁵
478 510 627 576 Quid
659 509 814 566 enim
830 510 1080 567 orationi
1111 512 1182 567 de
1208 511 1415 583 spiritu
1441 517 1498 569 et
1523 514 1764 570 veritate
1793 512 2048 570 venienti

410 599 641 671 negavit
671 599 845 667 Deus,
881 600 979 672 qui
1013 617 1139 656 eam
1172 602 1396 675 exigit?
1428 604 1728 676 Legimus,
1779 608 1836 658 et
1880 601 2049 658 audi-

410 692 630 758 mus,et
648 689 1196 761 credimus,quanta
1225 692 1577 748 documenta
1607 693 1876 749 efﬁcaciae
1900 692 2049 763 ejus.

408 778 589 834 Vetus
622 777 860 850 quidem
888 779 1071 834 oratio
1102 783 1160 834 et
1198 781 1268 836 ab
1300 780 1560 851 ignibus,
1591 786 1647 837 et
1676 799 1708 836 a
1739 781 1964 851 bestiis,
1996 784 2054 835 et

411 868 482 923 ab
513 866 710 923 inedia
739 866 1045 939 liberabat,
1078 872 1134 922 et
1162 872 1357 924 tamen
1388 886 1503 924 non
1562 887 1595 925 a
1624 870 1854 925 Christo
1894 884 2053 924 acce-

413 960 578 1029 perat
607 958 874 1013 formam.
915 958 1193 1012 Caeterum
1230 962 1447 1029 quanto
1493 959 1749 1031 amplius
1780 959 1891 1030 (22)
1923 976 2053 1014 ora-

410 1051 510 1102 tur
539 1046 722 1103 oratio
754 1046 1245 1116 Christianorum,
1278 1064 1393 1104 non
1428 1048 1580 1104 roris
1634 1048 1907 1120 angelum
1940 1047 2053 1119 (23)

408 1135 468 1190 in
500 1135 710 1191 mediis
741 1135 976 1207 ignibus
1009 1136 1187 1203 sistit,
1220 1153 1326 1192 nec
1348 1153 1448 1192 ora
1478 1136 1747 1192 leonibus
1779 1136 2052 1204 obstruit,

411 1240 517 1280 nec
546 1224 945 1281 esurientibus
976 1224 1330 1280 rusticorum
1384 1226 1699 1296 prandium
1750 1226 2053 1291 transfert,

410 1312 639 1369 nullum
673 1329 913 1369 sensum
946 1312 1238 1385 passionis
1269 1313 1531 1385 delegata
1578 1313 1769 1385 gratia
1809 1313 2052 1383 avertit;

411 1402 513 1458 sed
545 1402 857 1474 patientes,
889 1406 947 1457 et
976 1403 1316 1471 sentientes,
1366 1407 1426 1458 et
1469 1401 1733 1459 dolentes
1767 1403 2055 1457 suti‘eren-

410 1489 492 1546 tia
520 1489 782 1561 instruit,
811 1490 1028 1546 virtute
1059 1490 1304 1562 ampliat
1334 1490 1609 1563 gratiam,
1640 1494 1706 1545 ut
1737 1491 1883 1546 sciat
1912 1490 2055 1545 fides

412 1580 554 1651 quid
588 1596 622 1635 a
649 1580 897 1635 Domino
942 1584 1355 1651 consequatur,
1404 1580 1738 1651 intelligens
1783 1580 1918 1651 quid
1954 1595 2055 1650 pro

414 1669 515 1725 Dei
549 1668 785 1725 nomine
816 1668 1093 1740 patiatur.
1128 1670 1237 1724 Sed
1268 1674 1321 1724 et
1356 1673 1507 1724 retro
1540 1669 1722 1725 oratio
1754 1668 1956 1741 plagas
1978 1668 2055 1722 ir-

415 1759 676 1828 rogabat,
708 1757 991 1812 fundebat
1021 1757 1279 1812 hostium
1313 1758 1909 1829 exercitus,imbrium
1942 1757 2053 1811 uti-

414 1849 493 1904 lia
524 1847 870 1921 prohibebat
900 1848 1033 1919 (24).
1076 1848 1241 1902 Nunc
1271 1863 1404 1903 vero
1445 1848 1627 1903 oratio
1670 1847 1914 1919 justitiaa
1946 1864 2058 1902 om-

417 1954 548 1996 nem
578 1938 727 1994 iram
759 1936 862 1992 Dei
894 1936 1120 2006 avertit,
1178 1953 1281 2008 pro
1334 1936 1589 1992 inimicis
1639 1937 1907 2007 excubat,
1958 1954 2059 2007 pro

418 2026 908 2100 persequentibus
936 2024 1246 2097 supplicat.
1297 2026 1509 2081 Mirum
1561 2026 1609 2081 si
1660 2043 1843 2097 aquas
1890 2025 2059 2082 cmle-

414 2121 535 2173 stes
564 2116 677 2188 (25)
708 2118 1055 2186 extorquere
1085 2114 1265 2183 novit,
1290 2131 1415 2187 quae
1449 2116 1641 2187 potuit
1671 2119 1727 2171 et
1756 2115 1924 2188 ignes
1954 2115 2062 2171 im-

415 2207 688 2279 petrarei|
730 2203 866 2260 Sola
908 2206 998 2259 est
1046 2204 1253 2271 oratio,
1304 2221 1431 2276 quae
1482 2209 1661 2260 Deum
1710 2205 1911 2261 vincit.
1947 2206 2059 2261 Sed

414 2293 682 2352 Christus
755 2308 883 2349 eam
962 2291 1105 2347 nihil
1201 2293 1338 2348 mali
1417 2293 1577 2349 novit
1646 2295 1752 2366 (26)
1832 2293 2060 2367 operari

417 2387 666 2441 Omnem
719 2381 802 2437 illi
851 2381 1124 2439 virtutem
1195 2383 1267 2439 de
1335 2383 1486 2439 bono
1553 2382 1816 2439 contulit.
1861 2388 2064 2455 Itaque

419 2473 628 2532 1196
676 2470 822 2528 nihil
869 2471 1049 2541 novit,
1102 2471 1213 2528 nisi
1261 2472 1669 2528 defunctorum
1719 2472 1947 2528 animas
1995 2473 2067 2527 de

947 290 1474 354 TERTULLIANI
1520 294 1846 355 OPERUM
1889 294 2089 354 paas
2136 291 2186 353 Ι.
2218 326 2297 337 -
2331 294 2602 355 sumes
2654 296 2730 367 11,
2778 264 3254 357 DOGMATICA.

3652 297 3807 358 1304

2078 431 2134 495 Α
2164 425 2291 495 ipso
2326 424 2531 481 mortis
2552 424 2761 481 itinere
2785 426 3242 499 vocare,debiles
3263 427 3605 497 reformare,
3628 444 3817 499 aegros

2158 513 2501 583 remediare,
2536 514 2928 571 daemoniacos
2972 515 3224 587 expiare,
3257 514 3515 572 claustra
3561 516 3816 572 carceris

2159 602 2402 673 aperire,
2448 602 2683 658 vincula
2726 603 3131 660 innocentium
3182 604 3424 660 solvere.
3459 605 3677 660 Eadem
3726 605 3817 659 di-

2159 689 2269 746 luit
2301 691 2534 762 delicta,
2561 692 2917 749 tentationes
2965 692 3211 764 repellit,
3245 693 3683 765 persecutiones
3718 710 3817 748 ex-

2161 779 2429 851 stinguit,
2490 780 2895 852 pusillanimes
2971 780 3327 851 consolatur,
3403 782 3817 852 magnanimos

2162 867 2433 939 oblectat,
2482 870 2920 942 peregrinantes
2980 869 3239 936 deducit,
3290 874 3500 926 ﬂuctus
3558 870 3820 943 mitigat,

2161 956 2419 1013 latrones
2466 959 2879 1030 obstupefacit,
2913 958 3015 1013 alit
3062 975 3370 1030 pauperes,
3404 958 3551 1031 regit
3580 959 3818 1025 divites,

2162 1044 2361 1117 lapsos
2391 1046 2580 1118 erigit,
2614 1048 2888 1103 cadentes
2919 1047 3248 1119 suspendit,
3279 1052 3507 1103 stantes
3536 1048 3818 1103 continet.

2163 1134 2352 1190 Oratio
2392 1151 2600 1191 murus
2628 1140 2718 1191 est
2747 1137 2882 1191 ﬁdei
2913 1152 3078 1191 arma
3108 1140 3165 1191 et
3193 1134 3307 1191 tela
3355 1152 3462 1192 nos
3492 1140 3583 1190 tra
3610 1137 3820 1191 adver-

2164 1240 2267 1279 sus
2298 1223 2595 1279 hominem
2630 1226 2764 1296 (27),
2800 1225 2899 1297 qui
2933 1242 3038 1280 nos
3086 1223 3347 1296 undique
3383 1225 3672 1280 observat.
3710 1227 3821 1279 Ita-

2165 1329 2277 1384 que
2310 1329 2615 1385 nunquam
2664 1313 2943 1369 intermes
2990 1313 3351 1369 incedamus.
3388 1313 3489 1369 Die
3519 1313 3813 1381 stationis,

2166 1406 2332 1458 nocte
2360 1402 2570 1475 vigilia:
2623 1403 3073 1459 meminerimus
3103 1403 3234 1475 (28).
3285 1402 3404 1458 Sub
3453 1401 3634 1457 armis
3683 1419 3814 1457 ora-

2162 1491 2341 1546 tionis
2373 1491 2608 1563 signum
2644 1492 2827 1547 nostri
2850 1492 3223 1564 imperatoris
3245 1492 3651 1547 custodiamus
3677 1508 3692 1558 ;
3722 1494 3814 1545 tu-

2164 1580 2299 1635 bam
2332 1580 2524 1652 angeli
2573 1585 2998 1651 exspectemus.
3032 1584 3273 1637 Orantes
3305 1585 3472 1637 erant
3500 1581 3678 1635 etiam
3709 1596 3819 1635 an-

2166 1668 2276 1742 geli
2310 1685 2535 1725 omnes.
2568 1669 2706 1725 Orat
2756 1670 2950 1725 omnis
2992 1674 3278 1727 creatura.
3311 1671 3494 1726 Orant
3540 1670 3816 1741 pecudes,

2165 1764 2223 1813 et
2252 1759 2404 1827 ferae,
2435 1763 2492 1813 et
2520 1774 2709 1829 genua
2767 1758 3086 1826 declinant,
3113 1763 3169 1814 et
3196 1760 3565 1831 egredientes
3597 1759 3668 1813 de
3699 1761 3819 1813 sta-

2168 1846 2325 1902 bulis
2373 1863 2440 1902 ac
2489 1847 2805 1919 speluncis,
2839 1849 2909 1902 ad
2957 1848 3167 1903 coelum
3200 1864 3315 1903 non
3366 1846 3537 1903 otiosi
3568 1864 3666 1902 ore
3704 1848 3818 1918 (29)

2168 1935 2520 2007 suspiciunt,
2554 1936 2846 1991 vibrantes
2888 1938 2994 2009 (30)
3026 1936 3235 2009 spiritu
3268 1953 3373 1992 suo
3422 1951 3671 1992 movere.
3705 1936 3817 1990 Sed

2170 2030 2225 2081 et
2254 2040 2389 2080 aves
2419 2041 2574 2080 nunc
2624 2030 3006 2098 exsurgentes
3055 2026 3364 2098 eriguntur
3394 2026 3464 2080 ad
3496 2024 3734 2092 caelum,
3766 2028 3822 2079 et

2172 2114 2399 2169 alarum
2430 2130 2662 2169 crucem
2694 2131 2797 2186 pro
2846 2115 3123 2171 manibus
3160 2115 3503 2185 extendunt,
3532 2117 3593 2169 et
3621 2113 3823 2169 dicunt

2173 2204 2607 2276 aliquidfquod
2656 2203 2839 2260 oratio
2868 2204 3151 2260 videatur.
3186 2203 3333 2270 Quid
3382 2219 3519 2275 ergo
3569 2202 3824 2274 amplius

2174 2294 2245 2349 de
2285 2293 2475 2349 officio
2527 2293 2857 2349 orationis?
2888 2293 3077 2349 Etiam
3127 2294 3255 2366 ipse
3305 2292 3587 2349 Dominus
3620 2293 3827 2359 oravit,

2175 2382 2268 2438 cui
2300 2382 2374 2438 sit
2404 2382 2591 2438 honor
2618 2386 2673 2438 et
2703 2382 2893 2444 virtus
2923 2383 2985 2439 in
3015 2382 3227 2439 secula
3259 2381 3629 2439 saeculorum.

1858 2598 2378 2661 Commentarius.

500 2725 613 2795 (21)
639 2722 753 2779 Tit.
787 2722 914 2795 cod.
948 2721 1139 2795 Murat
1172 2740 1185 2779 :
1220 2723 1295 2777 De
1346 2724 1402 2778 vi
1447 2731 1500 2779 et
1538 2725 1734 2795 affectu
1782 2726 2071 2780 orationis.

428 2800 496 2854 Et
518 2794 742 2868 affectu.
777 2794 1164 2868 Scribendum
1200 2810 1327 2849 reor
1356 2794 1703 2865 eﬂeetu,’ita
1754 2796 1909 2851 enim
1944 2813 2073 2868 quas

430 2867 761 2941 sequuntur
790 2867 1164 2938 persuadent.
1196 2869 1422 2949 Mus/vr.
1756 2938 1767 2949 υ
1845 2892 1851 2898 —
1965 2867 1968 2868 '

501 2940 609 3011 (22)
655 2940 922 2997 leerum
964 2940 1179 3011 quanto,
1216 2937 1483 3011 amplius,
1536 2942 1653 3011 etc.,
1700 2941 1833 2992 Vim
1864 2943 1922 2993 et
1950 2938 2074 2993 efﬁ-

429 3009 646 3069 caCiam
678 3010 1007 3066 Christianae
1040 3009 1320 3065 orationis
1349 3010 1771 3066 commendans
1802 3026 2077 3081 quorum-

438 3086 572 3140 dam
606 3083 963 3152 objectiones
994 3086 1334 3152 praevertere
1365 3081 1616 3151 videtur,
1649 3083 1749 3152 qui
1793 3082 2077 3136 miracula

2256 2722 2367 2794 (27)
2398 2721 2664 2794 Adversus
2714 2720 3009 2794 hominem,
3040 2726 3150 2777 etc.
3183 2722 3313 2777 Hec
3364 2737 3562 2777 revera
3604 2722 3676 2776 de
3705 2720 3828 2775 dia-

2184 2794 2322 2849 bulo
2379 2793 2627 2848 dicenda
2673 2797 2858 2858 erant,
2892 2793 2989 2864 qui
3047 2810 3280 2865 semper
3332 2794 3528 2849 circuit
3581 2808 3833 2865 quaerens

2184 2882 2344 2937 quem
2360 2866 2755 2937 Adevorel._Sed
2791 2881 2904 2937 quo
2942 2866 3078 2935 jure
3128 2866 3404 2920 hominem
3444 2865 3833 2937 Tertullianus

2185 2934 2585 3019 appellasset?
2622 2934 2701 2990 De
2754 2934 3004 3018 ethnicis
3038 2953 3190 3062 ergo
3249 2936 3614 3009 principibus
3672 2934 3834 3007 loqui

2185 3011 2329 3062 mihi
2361 3008 2593 3062 Videtur
2622 3013 2961 3062 auctor.au1
2994 3008 3115 3062 mhi
3173 3025 3289 3062 non
3320 3009 3626 3062 curabant.
3657 3011 3835 3062 atoue

2185 3008 2329 3063 mihi
2361 3008 2593 3063 videtur
2622 3008 2961 3079 auctor,qui
2994 3008 3141 3063 nihil
3173 3008 3289 3063 non
3320 3009 3626 3074 curabant,
3657 3011 3831 3077 atque

2186 3080 2676 3147 observabant,ut
2695 3078 3151 3135 Christianorum
3178 3079 3508 3147 reipublicae
3535 3083 3831 3134 nocerent.

436 3173 538 3229 per
569 3151 890 3229 orationem
937 3151 1062 3208 fieri
1115 3170 1229 3229 non
1276 3151 1745 3229 conspiciebant,
1789 3154 1985 3229 qualia
2015 3154 2073 3207 in
2108 3153 2150 3218 C
2188 3152 2418 3229 Muaa'r.
2451 3152 2884 3229 —_Repone_re“
2904 3151 3238 3229 qu_is_velit,
3274 3151 3560 3229 homines,
3576 3152 3834 3229 ⁸(μιξηηοις

433 3226 608 3283 veteri
634 3227 756 3296 lege
788 3228 939 3281 facta
978 3226 1331 3296 accepimus.
1372 3226 1702 3296 Respondet
1733 3226 1930 3295 igitur,
1962 3242 2075 3280 non

439 3316 506 3354 ea
537 3299 773 3369 quidem
807 3298 936 3369 ipsa
967 3297 1252 3369 prodigia,
1285 3297 1382 3351 sed
1435 3296 1549 3352 alia
1579 3314 1693 3353 non
1728 3300 1955 3352 minora
1977 3314 2080 3369 per

439 3316 506 3354 ea
537 3316 773 3369 quidem
807 3316 936 3424 Ἔδει
967 3316 1252 3369 prooigia,
1285 3316 1382 3351 seu
1435 3316 1549 3352 ana
1579 3316 1693 3353 non
1728 3316 1955 3352 minora
1977 3316 2077 3369 per

437 3371 759 3427 orationem
794 3371 833 3426 C
884 3368 1140 3425 ristianis
1172 3369 1457 3439 praestari.
1486 3370 1812 3439 Legendum
1833 3372 2077 3439 quinino

440 3443 690 3499 arbitror
739 3460 752 3498 :
801 3443 916 3497 Non
965 3443 1107 3496 roris
1153 3441 1409 3509 angelum
1459 3440 1753 3505 duntaxat,
1803 3441 1936 3505 etc.,
1984 3441 2079 3496 sed

440 3517 613 3570 etiam
642 3515 927 3584 patientes,
957 3516 1173 3577 etc.,ut
1193 3513 1270 3565 sit
1299 3528 1508 3584 sensus
1541 3531 1556 3584 ς
1592 3516 1716 3566 Non
1751 3528 1817 3567 ea
1848 3516 2077 3566 tantum

439 3582 902 3642 Christianorum
938 3584 1207 3654 precibus
1240 3582 2079 3655 miraculaimpetrantur,quaa

440 3672 736 3728 synagoga
766 3653 1139 3728 impetravit;
1170 3656 1270 3728 sed
1303 3653 1422 3728 alia
1455 3653 1640 3710 etiam
1668 3658 1910 3728 majora,
1945 3653 2077 3710 cum

443 3725 616 3799 longe
644 3725 836 3799 majus
857 3725 1187 3797 prodigium
1207 3727 1286 3781 sit
1310 3725 1596 3796 patienter
1614 3725 1777 3782 ferre'
1789 3732 2080 3783 tormenta

441 3798 569 3871 quae
608 3798 962 3869 sentiuntur,
1015 3814 1192 3871 quam
1225 3816 1259 3853 a
1313 3799 1625 3871 tormentis
1682 3798 1938 3854 liberari.
1972 3800 2075 3856 Cui

440 3869 902 3943 interpretationi
930 3869 1258 3943 consentire
1288 3869 1557 3926 videntur
1596 3875 1722 3926 tum
1756 3872 2077 3941 superiora,

437 3949 562 4000 tum
595 3942 1018 4015 subsequentia
1046 3942 1219 4015 verba
1250 3946 1424 4013 atque
1453 3943 1738 4014 exempla.
1777 3944 2080 4015 Utcunque

435 4022 631 4072 tamen
666 4032 695 4070 e
724 4014 927 4070 vitioso
954 4014 1151 4071 codice
1181 4015 1467 4083 conjicere
1503 4015 1820 4085 possimus,
1856 4014 2078 4071 certUm

438 4093 525 4144 est
558 4086 979 4143 aTertulliano
1028 4086 1244 4141 eximia
1293 4087 1738 4159 commemorari
1790 4089 2079 4159 prodigia,

439 4177 567 4228 quae
599 4176 702 4229 per
731 4159 1092 4215 Christianos
1120 4164 1352 4215 orantes
1374 4175 1404 4214 e
1426 4158 1566 4214 coelo
1591 4158 2077 4230 impetrabantur.

438 4234 662 4289 Mum'r.

512 4305 623 4375 (23)
656 4304 946 4375 Nonroris
974 4301 1253 4375 angelum.
1279 4305 1430 4375 _Eum
1482 4300 1778 4375 angelum,
1830 4301 1931 4375 qui
1963 4304 2082 4357 tres

440 4372 674 4448 pueros,
708 4373 883 4448 veluti
916 4372 1143 4448 roscido
1192 4373 1377 4427 imbre
1406 4374 1707 4448 perfusos,
1760 4373 1817 4425 in
1852 4373 2083 4448 fornace

442 4444 711 4511 servavit,
756 4446 895 4502 roris
944 4446 1204 4514 angelum
1253 4444 1525 4515 appellat.
1593 4445 1807 4499 Eodem
1860 4444 2083 4499 scilicet

2187 3225 2438 3293 undique
2489 3223 2817 3277 observant.
2848 3222 2927 3277 De
2955 3223 3172 3278 Judmis
3203 3224 3362 3278 enim
3410 3222 3835 3293 insidiantibus

2185 3290 2415 3351 Christo
2473 3294 2556 3347 ait
2603 3293 2670 3365 S.
2714 3293 2965 3365 Marcus,
3015 3303 3065 3349 et
3122 3294 3513 3350 observabant
3567 3310 3715 3360 eum,
3744 3290 3833 3344 καί

2185 3365 2523 3439 παρετήρουν
2558 3363 2736 3439 ᾳῦτὸγ,
2770 3381 2854 3431 ιιι,
2886 3363 3082 3439 28θᾲ
3134 3366 3374 3439 omnino
3409 3365 3721 3439 legendum
3749 3369 3835 3439 est

2187 3435 2395 3495 haetem
2427 3452 2539 3508 pro
2560 3437 2835 3491 hominem
2864 3452 2999 3491 cum
3034 3436 3104 3492 cl.
3137 3438 3447 3503 Oberthur,
3471 3435 3578 3508 qui
3608 3436 3669 3490 in
3714 3436 3835 3489 edi-

2188 3513 2345 3565 tione
2376 3524 2483 3564 sua
2515 3507 2607 3562 SS.
2656 3513 2893 3563 Patrum
2939 3511 3261 3564 Latinorum
3296 3509 3663 3577 Wirceburg.
3702 3508 3835 3561 1788

2189 3583 2333 3638 scite
2365 3582 2472 3634 hoc
2504 3579 2772 3648 conjecit.
2806 3579 3032 3635 Confer.
3061 3585 3118 3636 et
3146 3581 3390 3636 inferius
3417 3580 3834 3651 S.Cyprianum

2187 3655 2251 3709 de
2279 3653 2406 3708 Zelo
2432 3660 2483 3707 et
2514 3653 2701 3707 Livore
2731 3667 2862 3723 capp.
2892 3652 2942 3705 1.
2974 3652 3059 3707 Ad
3110 3651 3374 3707 libellum
3425 3652 3535 3706 hoc
3581 3651 3647 3706 de
3692 3653 3835 3707 Ora-

2189 3728 2339 3781 tione
2368 3724 2520 3796 quod
2571 3722 2987 3796 attinet,‘idem
3038 3723 3743 3796 Oberthurcontextum,
3775 3727 3835 3796 ut

2191 3794 2680 3859 aiunt,'editionis
2728 3794 2997 3849 Halensis
3057 3796 3185 3850 sine
3241 3794 3396 3851 notis
3445 3795 3496 3850 ei
3554 3794 3835 3863 subjectis

2190 3866 2477 3940 repetivit,
2528 3865 2690 3940 nulla
2720 3865 3065 3940 alia_pra=.ter
3110 3867 3262 3923 hanc
3310 3867 3712 3938 conjecturam
3745 3866 3837 3921 ob-

2190 3938 2515 3997 servatione
2545 3938 2786 4007 adjecta.
2823 3938 3044 3993 Rou'rn.

2264 4012 2375 4081 (28)
2406 4013 2575 4081 Nocte
2602 4010 2814 4081 vigiliae
2860 4011 3290 4081 meminerimus.
3323 4011 3531 4081 Actum
3583 4023 3836 4079 agerem,

2194 4084 2242 4139 si
2272 4079 2710 4153 de'vigiliarum
2746 4080 2817 4153 'in
2851 4080 3109 4136 Ecclesia
3156 4082 3258 4136 Dei
3282 4079 3635 4151 antiquitate
3674 4096 3837 4153 man-

2192 4156 2329 4211 dare
2361 4151 2568 4208 litteris
2615 4151 2835 4221 aliquid
2866 4152 3095 4208 vellem.
3131 4153 3216 4207 Ad
3267 4168 3393 4207 eam
3444 4158 3643 4205 tamen
3675 4151 3839 4205 lucu-

2191 4226 2406 4282 lentius
2440 4223 2802 4295 probandam
2836 4240 2951 4278 non
2982 4240 3189 4294 parum
3213 4224 3467 4278 conferet
3495 4222 3587 4278 hic
3618 4221 3840 4278 Tertul-

2190 4298 2332 4354 liani
2366 4296 2555 4351 locus.
2594 4300 2805 4350 Eorum
2840 4300 3036 4350 autem
3087 4296 3499 4351 conﬁdentiam
3547 4296 3841 4365 praeterire

2193 4387 2309 4426 non
2358 4383 2621 4438 possum,
2655 4367 2756 4436 qui
2802 4366 3134 4437 vigiliarum
3166 4366 3597 4422 institutionem
3640 4381 3709 4421 ex
3740 4382 3839 4438 ne-

2192 4436 2461 4497 cessitate
2482 4441 2730 4511 Afactam,
2764 4454 2828 4493 ac
2860 4436 3372 4511 servatamtribus
3402 4438 3612 4511 primis
3654 4436 3843 4493 Eccle-

442 4521 615 4574 modo
646 4508 777 4573 aliis
804 4508 1039 4588 angelis
1060 4517 1131 4572 ab
1165 4508 1363 4587 aliqua
1395 4533 1454 4570 re
1494 4520 1676 4586 gesta,
1734 4519 1836 4570 aut
1884 4516 2082 4587 aliquo
2113 4524 2160 4587 Ι)
2192 4515 2290 4588 sise
2324 4509 2553 4588 saeculis
2578 4510 2880 4588 scribunt;
2912 4527 3045 4588 cum
3078 4509 3231 4565 enim
3276 4508 3463 4588 (aiunt
3491 4508 3595 4579 illi)
3630 4526 3836 4564 conve-

442 4605 683 4645 munere
714 4580 925 4644 nomen
960 4580 1559 4659 imposuit.'Angelu7n
1607 4580 1873 4642 orationis
1904 4580 2084 4659 supra
2113 4580 2152 4587 ”
2194 4586 2318 4640 nire
2345 4581 2597 4659 interdiu
2621 4580 2937 4659 Christiani
2971 4598 3083 4637 non
3116 4586 3528 4659 possentprae
3578 4597 3839 4659 pagano-

442 4660 810 4727 nominavit;
865 4658 1094 4729 Angeias
1145 4658 1522 4714 matrimonio
1573 4660 1915 4729 prmpositos
1967 4658 2083 4715 me-

443 4738 633 4788 morat
663 4732 762 4787 lib.
799 4749 860 4800 ιι,
894 4734 962 4786 ad
1000 4732 1193 4792 Uxor..
1227 4748 1349 4801 cap.
1376 4730 1617 4793 ultimo;
1652 4731 1921 4799 Angelum
1952 4733 2081 4803 bap-

441 4807 597 4860 tismi
626 4804 729 4858 lib.
758 4803 822 4857 de
859 4807 1012 4872 Bapt.
1048 4820 1173 4873 cap.
1208 4805 1243 4858 5
1273 4808 1331 4858 et
1358 4804 1411 4855 6.
1446 4808 1502 4858 et
1534 4804 1820 4872 Angelum.
1856 4804 1949 4857 cui
1984 4804 2081 4857 ho-

443 4876 623 4930 minis
655 4875 714 4930 in
747 4882 910 4930 utero
967 4875 1258 4930 formandi
1307 4878 1397 4930 est
1444 4891 1606 4941 cura,
1655 4875 1922 4929 nominat
1952 4875 1988 4929 l.
2021 4874 2085 4930 de

439 4949 664 5004 Anima.
698 4963 745 5001 c.
780 4946 867 5001 37.
902 4950 1125 5001 MURAT.

515 5021 627 5091 (24)
660 5018 919 5091 Imbrium
950 5017 1116 5072 utilia
1146 5016 1484 5091 prohibebat.
1518 5017 1761 5082 Quando
1793 5016 2103 5091 hicgmen-.

442 5088 583 5147 dum
630 5108 744 5146 non
788 5089 988 5157 lateat,
1038 5090 1323 5159 explicare
1372 5105 1707 5160 possumus,
1760 5088 2079 5160 orationem

444 5165 500 5218 in
554 5179 754 5217 caussa
804 5161 1009 5225 fuisse,
1061 5158 1131 5216 ne
1164 5161 1337 5217 utiles
1376 5158 1603 5217 imbres
1652 5177 1682 5214 e
1714 5158 1855 5215 coelo
1886 5159 1943 5214 in
1980 5162 2079 5215 ho-

438 5236 616 5291 stium
648 5251 785 5290 arva
816 5233 1080 5289 ﬂuerent.
1116 5234 1340 5289 MURAT.

510 5307 624 5377 (25)
656 5307 853 5361 Mirum
883 5308 934 5359 si
962 5321 1131 5375 aquas
1156 5307 1444 5377 _ccelestes,
1474 5308 1603 5377 _etc.
1657 5305 1810 5359 [nter
1855 5303 1975 5377 haec
2008 5305 2081 5357 si-

439 5374 703 5450 gnificari
728 5374 1252 5458 yide_t_ur.liutholim
1288 5375 1489 5458 monui
1538 5376 1701 5458 ad_§.
1746 5374 2081 5458 ‘Appollina-

440 5446 558 5506 rem
594 5450 745 5520 apud
780 5449 1058 5518 Reliquias
1080 5447 1229 5502 Sacr.
1261 5446 1370 5520 vel.
1406 5448 1448 5511 Ι,
1482 5464 1540 5516 p.
1575 5446 2076 5520 i53,pluvia,qua3,

440 5517 672 5578 :umtore
703 5521 833 5591 ipso
865 5517 1096 5590 quoque
1125 5518 1481 5591 Tertulliano
1513 5520 1573 5572 in
1606 5517 1719 5591 alio
1748 5518 2075 5591 libro,imp.

446 5594 617 5647 Marci
649 5589 914 5648 Antonini
966 5590 1245 5645 exercitui
1292 5589 1562 5660 precibus
1615 5589 2076 5646 Christianorum

439 5665 751 5735 impetrata
780 5666 888 5735 est.
922 5662 1139 5735 Rou'ra.

512 5732 623 5806 (26)
653 5736 802 5790 Fort.
838 5733 949 5804 leg.
982 5732 1177 5789 voluit.
1209 5734 1429 5787 Rou'ra.

2194 4674 2325 4711 rum
2361 4654 2586 4719 timore,
2621 4651 2759 4706 hinc
2790 4653 3009 4708 factum
3041 4651 3142 4708 est,
3178 4657 3242 4707 ut
3272 4651 3442 4708 noctu
3484 4651 3840 4707 conventum

2192 4727 2569 4791 celebrarent,
2601 4723 2905 4793 vigilantes
2937 4726 2994 4779 in
3049 4725 3310 4780 oratione
3358 4730 3414 4778 et
3459 4724 3517 4778 in
3566 4723 3842 4779 laudibus

2192 4798 2423 4855 divinis.
2459 4799 2531 4850 At
2551 4795 2689 4865 quid
2716 4795 3041 4867 evidentius
3062 4812 3238 4866 quam
3263 4800 3318 4850 et
3338 4796 3548 4867 diurno
3578 4801 3842 4867 tempore

2193 4872 2264 4926 ad
2296 4867 2611 4924 Ecclesiam
2646 4865 2877 4939 colisseg
2900 4865 3265 4922 Christianos
3293 4866 3383 4922 vel
3411 4867 3559 4939 ipsis
3588 4865 3785 4922 tribus
3813 4885 3844 4921 a

2191 4942 2418 4997 Christo
2449 4942 2584 4994 nato
2616 4937 2879 4993 saeculis!
2918 4940 2977 4993 Id
3008 4939 3150 4994 satis
3182 4937 3589 5009 probant'quaa
3622 4942 3695 4994 de
3726 4944 3841 4993 sta-

2189 5013 2450 5071 tionibus
2478 5009 2727 5065 breviter
2756 5025 2883 5081 ego,
2916 5010 3107 5067 fusius
3151 5009 3270 5076 alii,
3304 5011 3682 5066 adnotarunt.
3717 5010 3841 5066 Mu-

2190 5104 2314 5143 BAT.

2261 5157 2372 5227 (29)
2405 5157 2527 5209 Non
2569 5154 2889 5227 otiosi_9re.
2924 5150 3310 5227 Scribendum
3362 5157 3453 5207 est
3494 5168 3607 5208 non
3653 5156 3840 5217 otioso,

2193 5222 2300 5285 aut
2356 5222 2466 5282 non
2509 5226 2706 5279 otiosze.
2740 5223 2966 5279 Muaa'r.
3001 5253 3068 5263 —
3097 5222 3285 5277 Velim
3319 5239 3423 5295 ego
3455 5240 3839 5295 reponas,non

2189 5305 2353 5358 otiose
2381 5314 2473 5354 ore
2500 5296 2807 5367 suspiciunt
2836 5295 3118 5357 vibrante,
3151 5297 3360 5365 spiritu
3388 5312 3485 5349 suo
3533 5300 3836 5367 movente;

2186 5375 2437 5428 vibrante
2468 5385 2571 5440 pro
2594 5365 2890 5423 ‘vibrantes
2920 5373 2977 5423 et
3006 5370 3251 5422 movente
3301 5384 3403 5437 pro
3436 5383 3653 5422 movere
3682 5365 3835 5439 posi-

2186 5447 2283 5500 tis.
2319 5444 2540 5497 Rou'rn.

2260 5514 2371 5582 (30)
2407 5511 2707 5582 Vibrantes.
2734 5507 2791 5562 Si
2820 5508 3056 5582 quidem
3084 5508 3170 5582 ita
3194 5508 3495 5582 scripserit
3535 5508 3835 5564 Tertullia-

2187 5579 2320 5649 nus,
2352 5585 2459 5639 hoc
2489 5580 2728 5637 verbum
2766 5579 3115 5650 explicarem
3156 5579 3266 5635 hac
3313 5580 3540 5635 ratione
3570 5598 3582 5645 ;
3617 5596 3834 5635 conan-

2185 5664 2271 5715 tes
2303 5654 2511 5725 spiritu
2571 5668 2678 5707 suo
2734 5668 2835 5725 ora
2892 5653 2961 5707 ad
3014 5651 3376 5708 laudandum
3424 5656 3605 5709 Deum
3661 5657 3834 5723 atque

2185 5723 2471 5789 orandum
2500 5740 2748 5783 movere.
2782 5723 3012 5781 Μυκη.
