4148 6194
310 308 466 370 1305

1583 314 1818 376 LIBER
1861 316 1965 375 DE
2007 312 2431 374 BAPTISMO.

3560 299 3715 363 i306

489 618 675 818 Ο.
811 621 1364 786 SEPT.
1490 623 2071 791 FLOR.
2200 615 3545 785 TERTULLIANI

1630 914 1774 996 DE
1834 910 2387 999 BAPTISMO

958 1120 1838 1226 anvnnsus
1951 1120 3071 1260 QUINTILLAM

1902 1348 2136 1410 LIBER

377 1685 579 1740 1197
615 1690 1045 1743 ARGUMENTUM.
1076 1718 1147 1728 —
1179 1688 1452 1756 Quintilla
1478 1688 1814 1758 Carthagine
1844 1689 2110 1747 haeresim
2140 1689 2526 1744 Caianitarum
2548 1687 3007 1743 disseminaverat
3036 1694 3087 1741 et
3116 1687 3477 1741 necessariam
3526 1686 3584 1741 in
3618 1686 3717 1742 ba-

305 1776 505 1845 ptismo
534 1792 737 1848 aquam
767 1792 876 1831 non
905 1793 1015 1832 esse
1044 1777 1328 1834 docuerat.
1361 1780 1515 1833 Hunc
1560 1795 1809 1834 errorem
1840 1781 1896 1834 in
1931 1781 2029 1834 hoc
2058 1784 2297 1834 tractatu
2330 1778 2701 1833 Tertullianus
2729 1775 3043 1831 adhucdum
3069 1774 3378 1830 catholicus
3405 1776 3719 1846 impugnat,

305 1864 403 1936 qui
433 1864 693 1935 bifariam
726 1864 937 1921 divisus
967 1875 1078 1922 est:
1108 1884 1245 1938 pars
1270 1869 1457 1938 prima
1501 1867 1573 1922 ad
1619 1868 1818 1939 dogma
1861 1868 1926 1922 de
1967 1870 2297 1924 necessitate
2342 1872 2397 1922 et
2423 1867 2678 1936 efﬁcacia
2710 1866 2973 1925 baptismi
2999 1868 3229 1935 spectat,
3258 1865 3320 1917 in
3348 1864 3521 1918 altera
3564 1872 3722 1935 parte

304 1953 490 2024 plures
518 1956 840 2024 quaestiones
868 1955 932 2010 de
964 1955 1239 2027 baptismo
1269 1956 1339 2010 ad
1368 1956 1727 2025 disciplinam
1755 1963 2059 2029 spectantes
2088 1961 2513 2027 pertractantur.
2548 1957 2589 2011 ι.
2624 1955 2966 2010 Excellentia
2996 1969 3152 2025 aqum
3187 1955 3474 2023 Baptismi,
3507 1969 3627 2025 cap.
3668 1952 3721 2024 l,

309 2043 376 2107 2,
408 2043 461 2096 3.
494 2043 733 2099 Materia
763 2045 1032 2114 Baptismi
1068 2049 1121 2101 et
1176 2047 1367 2113 virtus,
1428 2047 1479 2099 4.
1529 2047 1761 2118 Effectus
1818 2048 2111 2117 Baptismi,
2154 2048 2210 2111 5,
2254 2048 2311 2100 6.
2365 2046 2553 2102 Unctio
2598 2053 2717 2116 post
2763 2045 3095 2115 baptismum
3154 2042 3404 2097 adhiberi
3448 2047 3723 2098 consueta-

318 2133 686 2204 7.1mpositio
732 2150 1000 2189 manuum
1042 2140 1170 2206 post
1214 2136 1546 2206 baptismum
1592 2138 1819 2207 ejusque
1869 2137 2223 2206 signiﬁcatio,
2275 2136 2329 2189 8.
2378 2135 2648 2206 Baptismi
2693 2134 2908 2203 ﬁgurae.
2954 2134 3006 2187 9.
3044 2134 3356 2203 Baptismus
3375 2133 3602 2188 Joannis
3650 2149 3730 2188 an

319 2219 576 2290 ccelestis,
607 2238 681 2277 an
710 2230 981 2278 terrenus.
1018 2224 1101 2278 10.
1135 2226 1442 2281 Necessitas
1473 2225 1741 2296 Baptismi
1771 2226 1841 2280 ad
1867 2225 2127 2292 salutem,
2163 2226 2248 2278 11.
2281 2254 2350 2263 -—
2383 2224 2453 2278 Il.
2498 2224 2580 2278 An
2626 2223 2865 2293 Apostoli
2912 2222 3193 2293 baptizati,
3224 2220 3311 2273 12.
3348 2220 3460 2287 Quo
3490 2229 3731 2292 tempore

319 2312 411 2366 leo:
442 2312 712 2382 Baptismi
739 2313 985 2381 obligare
1012 2316 1257 2385 coeperit,
1293 2314 1376 2368 13.
1407 2317 1468 2370 S.
1505 2315 1714 2371 Paulus
1744 2331 1815 2368 an
1849 2315 2235 2386 baptizauerit,
2266 2314 2351 2368 14.
2389 2313 2578 2369 Unitas
2611 2312 2901 2383 Baptismi,
2933 2312 3018 2365 15.
3049 2312 3363 2379 Baptismus
3408 2311 3726 2381 sanguinis,

317 2399 405 2454 16.
429 2401 706 2471 Baptismi
734 2402 975 2457 minister
1000 2420 1021 2464 ;
1052 2420 1124 2457 an
1152 2404 1486 2458 mulieribus
1518 2404 1799 2475 baptizare
1830 2404 2011 2470 liceat,
2048 2404 2133 2458 17.
2161 2404 2477 2472 Baptismus
2509 2403 2565 2456 in
2598 2419 2705 2474 qua
2734 2403 2860 2457 vita:
2888 2404 3053 2459 aetate
3078 2400 3553 2472 conferendus.18.
3579 2402 3728 2467 Bap-

312 2487 467 2544 tismi
493 2489 808 2559 conferendi
837 2499 1070 2564 tempus,
1106 2492 1192 2547 19.
1226 2492 1621 2564 Dispositiones
1648 2493 1723 2549 ad
1748 2495 2119 2565 Baptismum,
2147 2494 2238 2548 20.
2269 2496 2526 2547 Samum.

854 2839 1079 2896 CAPUT
1116 2841 1406 2899 PRIMUM

393 2926 551 2981 Felix
581 2934 1017 2984 sacramentum
1048 2932 1125 3001 (1)
1158 2948 1320 3002 aqua:
1366 2936 1577 2987 nostrae
1617 2933 1690 3002 (2)
1724 2947 1843 3003 qua
1872 2931 1973 2987 ab-

326 3015 435 3070 luti
470 3018 486 3051 ¹
536 3016 767 3072 delictis
816 3018 1074 3090 pristinae
1127 3021 1427 3088 caecitatis,
1477 3020 1537 3074 in
1589 3021 1767 3075 vitam
1810 3026 1974 3075 seter~

326 3121 458 3158 nam
506 3105 583 3177 (3)
626 3105 969 3163 liberamur.
1036 3108 1158 3163 Non
1212 3108 1321 3163 erit
1373 3109 1627 3164 otiosum
1683 3109 1975 3180 digestum

323 3193 505 3262 istud,
536 3193 835 3251 instruens
866 3200 985 3251 tam
1017 3213 1115 3252 eos
1147 3198 1243 3268 qui
1275 3214 1408 3253 cum
1441 3197 1693 3253 maxime
1719 3198 1975 3253 forman-

323 3286 437 3351 tur,
465 3299 644 3354 quam
696 3288 753 3338 et
798 3283 929 3340 illos
974 3285 1073 3356 qui
1110 3285 1455 3358 simpliciter
1485 3287 1806 3343 credidisse
1836 3304 1974 3342 con-

320 3371 487 3439 tenti,
540 3389 656 3427 non
706 3371 1020 3443 exploratis
1082 3375 1408 3431 rationibus
1448 3376 1855 3442 traditionum,
1885 3375 1975 3429 in-

318 3464 605 3516 tentatam
632 3462 835 3517 1198
870 3462 1232 3534 probabilem
1265 3464 1437 3520 ﬁdem
1479 3482 1581 3536 per
1618 3464 1972 3536 imperitiam

1996 2843 2051 2909 Α
2085 2846 2318 2913 portant
2359 2844 2435 2914 (4)
2484 2861 2497 2899 :

2550 2847 2727 2914 atque
2778 2843 2920 2898 adeo
2982 2858 3159 2914 nuper
3205 2844 3544 2896 conversata
3599 2839 3734 2896 istic

2084 2932 2351 3003 quaedam
2384 2933 2456 2987 de
2503 2932 2682 2987 Caina
2708 2932 2913 2987 heresi
2944 2931 3139 3002 vipera
3168 2931 3243 3001 (5)
3274 2929 3731 2985 venenatissima

2085 3020 2349 3075 doctrina
2374 3038 2480 3075 sua
2502 3021 2810 3092 plerosque
2835 3019 3347 3091 rapuit,imprimis
3370 3016 3731 3088 baptismum

2086 3110 2414 3164 destruens.
2450 3109 2623 3164 Plane
2672 3110 2999 3164 secundum
3044 3112 3314 3162 naturam
3352 3124 3364 3161 :
3398 3123 3534 3161 nam
3566 3106 3683 3161 fere
3712 3107 3734 3140 ⁸

2084 3198 2316 3267 viperae,
2350 3202 2407 3253 et
2436 3197 2690 3269 aspidas,
2724 3198 2956 3269 ipsique
3006 3196 3190 3267 reguli
3241 3200 3540 3266 serpentes
3571 3195 3735 3250 arida

2085 3290 2143 3342 et
2170 3287 2458 3357 inaquosa
2486 3291 2800 3342 sectantur.
2827 3287 2935 3341 Sed
2969 3302 3076 3341 nos
3105 3284 3380 3357 discipuli
3409 3285 3734 3340 secundum

2084 3379 2294 3430 ΙΧΘΥΝ
2325 3379 2591 3431 nostrum
2622 3379 2825 3431 Jesum
2857 3374 3156 3430 Christum
3197 3374 3270 3444 (ὃ)
3303 3373 3362 3427 in
3395 3388 3512 3444 qua
3543 3373 3737 3428 nasci-

2086 3481 2221 3520 mur
2251 3466 2291 3530 3,
2328 3480 2431 3520 nec
2463 3464 2633 3520 aliter
2683 3481 2860 3535 quam
2911 3463 2971 3518 in
3030 3462 3235 3519 1199
3294 3478 3450 3534 aqua
3502 3478 3737 3536 perma-

1736 3598 1939 3659 Variae
1969 3598 2291 3659 lectiones.

402 3704 418 3738 ¹
451 3703 559 3768 Qui
591 3703 811 3762 ablutis
846 3706 1010 3761 Fran.
1088 3707 1109 3740 ²
1138 3707 1278 3761 Fere
1308 3707 1431 3761 alii.
1508 3707 1530 3739 ³
1559 3710 1882 3762 Nascamur
1911 3707 2095 3761 Paris.

1765 3823 1913 3881 Com
1925 3822 2293 3883 mentarius.

398 3925 443 3995 (l
458 3927 470 3993 )
488 3926 1285 3999 Felixsacramentum£aput
1297 3927 1406 3982 hoc
1420 3926 1569 3997 prim
1582 3944 1677 3982 um
1696 3944 1805 3982 non
1822 3927 1982 3982 aliud

326 4012 500 4067 quam
529 4001 787 4070 prce/alio
836 4004 927 4054 est
971 3999 1153 4054 totius
1194 3999 1406 4070 operis.
1434 3999 1845 4053 Sacramentum
1879 4017 1981 4053 au-

322 4073 441 4123 tem
473 4086 600 4124 esse
634 4073 982 4140 Baptismum
1013 4088 1146 4125 cum
1183 4088 1351 4125 nemo
1384 4088 1645 4140 unquam
1680 4072 1981 4126 dubitave-

746 4148 989 4197 untaxat
1040 4142 1199 4199 locos
1242 4142 1586 4198 Tertulliani
1620 4143 1933 4198 afferemus
1966 4161 1979 4199 :

324 4142 401 4212 rit
426 4157 646 4212 paucos

2164 3930 2241 3999 (3)
2299 3932 2355 3985 In
2410 3932 2575 3985 vitam
2651 3939 2938 3987 aeternam.
3000 3930 3281 4002 Baptismi
3356 3930 3580 4002 fructus
3651 3932 3741 3984 est

2092 4006 2463 4074 peccatorum
2515 4002 2804 4070 remissio,
2836 4020 2952 4074 qua
3008 4001 3117 4057 Deo
3149 4002 3367 4072 accepti
3418 4001 3737 4067 reddimur,

2090 4077 2147 4127 et
2180 4072 2308 4126 vita;
2340 4079 2570 4129 aeternae
2600 4072 2933 4145 participes.
2968 4075 3044 4128 LE
3074 4074 3172 4127 Pa.

2163 4144 2239 4213 (4)
2270 4142 2616 4200 Ιηιεηταιαηὶ
2663 4142 3005 4217 probabilem
3055 4146 3213 4215 ﬁdem
3262 4160 3359 4215 per
3404 4142 3743 4217 imperitiam

325 4211 637 4296 idquenon
656 4213 848 4296 solum
871 4232 938 4270 ea
964 4215 1388 4296 significatione
1413 4232 1528 4296 qua
1550 4219 1980 4296 sacramentum
2087 4211 2331 4296 portant.
2380 4217 2631 4296 frustra
2663 4211 2957 4296 'Septimii
3033 4211 3198 4296 mens
3262 4211 3565 4296 quaeritur,
3624 4214 3739 4268 nisi

323 4301 429 4370 pro
452 4286 860 4370 liurejurandc
903 4287 1213 4370 accipitur,
1264 4287 1758 4370 quemadmodum
1811 4288 1983 4370 debet
2015 4358 2058 4370 _
2090 4287 2268 4370 verba
2297 4289 2621 4370 reddimus,
2655 4286 2807 4359 quod
2861 4290 3045 4370 facere
3076 4289 3360 4370 videmur
3384 4286 3492 4341 hac
3543 4302 3742 4367 emen-

324 4356 575 4432 i‘ntelligi
607 4356 749 4432 illud
786 4357 915 4412 libri
948 4358 1014 4413 de
1040 4356 1239 4414 Coron.
1282 4356 1452 4414 milit.
1485 4375 1613 4432 cap.
1646 4359 1702 4413 ll
1747 4375 1759 4414 :
1796 4381 1824 4409 «
1852 4362 1983 4432 Cref
2015 4358 2062 4422 Β
2094 4359 2329 4413 datione
2359 4377 2371 4413 :
2410 4380 2435 4411 α
2469 4366 2530 4414 ln
2563 4356 2851 4417 tentatum
2900 4359 3253 4432 probabilem
3289 4359 3459 4413 {idem
3496 4373 3596 4432 per
3624 4356 3739 4411 im-

322 4428 600 4502 dimusne
622 4428 947 4484 humanum
972 4435 1401 4486 sacramentum
1437 4428 1631 4485 divino
1663 4430 1982 4502 superduci

2095 4432 2361 4500 peritiam
2409 4437 2661 4503 portant.
2699 4456 2726 4482 ››
2756 4430 3067 4487 Tentatum
3123 4431 3285 4495 dicit,
3337 4430 3737 4503 tentationem.

326 4500 552 4574 lice_re_?
584 4518 843 4574 »_verum
876 4501 1046 4556 etiam
1083 4503 1313 4574 proprie
1346 4520 1449 4572 pro
1470 4500 1756 4574 mysterio
1787 4503 1981 4557 divino
2093 4503 2199 4567 Qui
2230 4500 2576 4573 simpliciter
2605 4506 2924 4560 credidisse
2949 4504 3207 4559 contenti
3231 4506 3510 4574 sunt,non
3546 4500 3739 4572 explo-

323 4576 382 4625 et
414 4571 680 4627 Ecclesia:
713 4571 1101 4641 sacramento,
1125 4571 1294 4644 quale
1323 4571 1415 4628 est
1446 4571 1613 4639 illud,
1638 4573 1739 4629 lib.
1774 4591 1826 4627 1v
1856 4574 1978 4629 adu.

326 4644 587 4699 Marcion.
619 4663 640 4697 .·
675 4665 700 4697 α
726 4646 839 4700 Nec
870 4645 1007 4701 alibi
1057 4647 1405 4715 conjunctos
1444 4646 1513 4699 ad
1547 4651 1975 4702 sacramentum

1200 4721 1257 4772 et
1288 4716 1429 4771 illud
1473 4716 1606 4772 libr.
1639 4718 1705 4773 de
1732 4719 1927 4772 Anima
1962 4736 1979 4771 :

324 4811 353 4835 ‹‹
388 4788 757 4843 Securissimi
790 4793 964 4859 atque
994 4788 1279 4845 tutissimi
1312 4790 1685 4844 sacramenti.
1719 4812 1746 4838 »
1778 4789 1850 4844 Ut
1876 4788 1975 4844 lib.

323 4859 390 4913 de
436 4859 687 4915 vetandis
721 4862 877 4931 Virg.
912 4877 1037 4932 cap.
1081 4864 1136 4916 2.
1186 4884 1214 4911 «
1262 4862 1475 4917 Eadem
1526 4861 1737 4916 lavacri
1790 4877 1978 4916 sacra-

326 4935 615 5004 menta,»
646 4935 703 4986 et
722 4931 886 5004 infra
915 4931 1171 5003 de’Bapt.
1206 4933 1263 4987 in
1298 4950 1424 5004 cap.
1452 4934 1487 4985 5
1520 4950 1532 4988 :
1588 4956 1615 4982 «
1664 4934 1869 4987 Annon
1920 4937 1978 5004 et

325 5001 476 5075 alias
524 5002 650 5058 sine
680 5002 799 5059 ullo
830 5001 1196 5061 sacramento
1226 5001 1517 5059 imm—undi
1559 5004 1781 5075 spritus
1808 5003 1976 5074 aquis

790 5076 870 5131 Cf.
932 5076 1033 5131 lib.
1096 5078 1165 5131 de
1224 5076 1498 5132 Idololatr.
1560 5092 1688 5146 cap.
1736 5078 1790 5141 6,
1850 5075 1972 5129 adv.

322 5145 487 5200 Marc.
523 5146 623 5200 lib.
657 5163 695 5214 ι,
729 5150 784 5203 et
815 5147 965 5204 intra
994 5148 1060 5203 de
1092 5151 1362 5219 Baptism.
1411 5165 1460 5203 c.
1495 5148 1547 5215 4,
1584 5145 1669 5214 12,
1716 5148 1799 5201 13.
1833 5148 1972 5201 Enn.

326 4714 703 4784 baptismatis
735 4717 1042 4772 admittere
1071 4736 1083 4783 ;
1121 4739 1148 4765 ››

321 5073 655 5129 incubant?
705 5098 732 5125 »

322 5234 399 5271 ex
432 5222 565 5271 Pam
574 5219 622 5271 el
629 5220 699 5273 io.

395 5289 471 5357 (‘2)
505 5289 665 5358 Aquae
712 5295 936 5347 nostrae.
972 5292 1267 5346 Adversus
1300 5289 1639 5356 Quintillam
1673 5288 1975 5344 necessita-

320 5364 441 5414 tem
475 5376 639 5430 aqua:
670 5360 728 5415 in
762 5363 1057 5434 Baptismo
1107 5368 1416 5432 negantem
1468 5362 1576 5418 hac
1625 5362 1813 5434 prima
1836 5377 1975 5434 voce

1368 5434 1614 5505 roﬂigat,
1633 5433 1638 5434 ⁷
1657 5438 1858 5505 postea
1912 5433 1973 5489 in

319 5502 686 5559 Seleucianis
716 5502 772 5560 et
803 5502 1204 5561 Herminianis
1248 5502 1559 5561 redivivam
1594 5502 1712 5561 et'a
1746 5512 1805 5560 Β.
1840 5506 1974 5560 Phi-

320 5575 550 5648 lastrio,
586 5576 665 5648 AD.
715 5578 1040 5648 Augustino
1094 5595 1196 5635 sus
1249 5578 1438 5648 deque
1480 5594 1728 5643 versam,
1760 5578 1970 5634 iterum

326 5646 715 5702 nihilominus
746 5646 1135 5717 quorumdam
1161 5646 1382 5705 Calvini
1414 5649 1768 5705 asseclarum
1798 5651 1972 5706 cervi-

324 5435 548 5517 nAu'ctor'
584 5433 861 5517 erumpit,
902 5434 1282 5517 haeresimque

2092 4574 2237 4628 ratis
2269 4576 2595 4630 rationibus
2645 4577 3051 4643 traditionum,
3084 4592 3185 4645 per
3215 4573 3572 4644 imperitiam
3605 4589 3738 4643 por-

2091 4649 2216 4717 tant
2239 4647 2294 4701 in
2316 4649 2669 4702 tcntationes
2698 4649 2868 4703 fidem
2893 4665 3004 4703 non
3040 4644 3165 4702 sine
3182 4645 3437 4717 periculo
3464 4644 3737 4715 probabi-

2090 4716 2228 4783 lem,
2260 4717 2370 4773 hoc
2401 4724 2509 4785 est,
2543 4718 2721 4774 dubio
2752 4725 2957 4775 eventu
2992 4716 3375 4790 probandam.
3412 4716 3537 4771 Bia.

2160 4789 2235 4859 (5)
2267 4792 2341 4844 De
2378 4793 2588 4845 Gaiana
2640 4792 2842 4848 haeresi
2883 4787 3090 4860 vipera.
3125 4790 3530 4860 Hieronymus,
3554 4787 3732 4860 epist.

2087 4860 2176 4933 43,
2209 4858 2278 4916 ad
2308 4865 2618 4919 Oceanum:
2652 4883 2672 4909 ι
2698 4868 2770 4918 Bt
2800 4858 3102 4933 consurgit
3133 4859 3278 4916 mihi
3307 4860 3522 4917 Gaiana
3552 4858 3735 4913 haere-

2088 4932 2192 5004 sis,
2224 4938 2398 5004 atque
2428 4934 2565 4989 olim
2619 4940 2887 4989 emortua
2932 4932 3130 5004 vipera
3186 4933 3503 5004 contritum
3558 4935 3735 5001 caput

2085 5002 2257 5058 levat.
2306 5002 2336 5053 Β)
2405 5006 2525 5060 Rm.
2574 5037 2641 5045 —-
2700 5006 2962 5074 Quaedam
2994 5002 3069 5061 de
3115 5004 3331 5059 Gaiana
3378 5003 3595 5074 haeresi.
3657 5007 3733 5074 De

2086 5074 2367 5140 Quintilla
2394 5076 2673 5149 loquitur,
2718 5072 2755 5131 a
2784 5094 2901 5149 qua
2930 5076 3181 5149 haeretici
3212 5072 3595 5141 Quintilliani,
3631 5073 3732 5143 qui

2085 5152 2141 5200 et
2170 5148 2483 5220 Pepuziani
2533 5150 2694 5213 dicti,
2728 5148 3006 5220 quoniam
3054 5148 3214 5204 virus
3264 5164 3437 5202 suum
3490 5150 3729 5220 Pepucae

2084 5216 2456 5287 potissimum
2531 5216 2837 5292 sparserit.
2896 5221 3155 5293 Negabat
3210 5220 3449 5274 omnino
3507 5216 3729 5293 baptis-

2085 5290 2629 5367 mum__antequam
2661 5293 2753 5367 _ad
2805 5290 3062 5367 Montani
3122 5296 3316 5363 partes
3372 5290 3726 5367 accederet_;

2084 5378 2219 5416 nam
2252 5358 2524 5419 Montano
2566 5365 2799 5419 addicta
2840 5363 3005 5419 illum
3038 5368 3101 5419 ut
3125 5358 3437 5419 Montanus
3466 5358 3725 5416 admisit.

2082 5437 2156 5487 LE
2190 5437 2288 5487 Pa.

2154 5505 2229 5575 (6)
2259 5505 2362 5578 Sed
2416 5522 2525 5561 non
2581 5508 2842 5578 pisciculi
2883 5504 3184 5561 secundum
3224 5507 3438 5578 1X91“th
3480 5507 3728 5557 nostrum

2080 5574 2263 5631 Iesum
2291 5574 2591 5633 Christum:
2622 5578 2829 5635 Confer
2859 5595 2927 5633 ea
2970 5594 3097 5647 quae
3130 5580 3299 5631 antea
3327 5576 3407 5647 de
3428 5574 3533 5647 hoc
3564 5588 3726 5643 sym-

2080 5647 2214 5720 bolo
2255 5649 2689 5719 praelibavimus
2722 5652 2778 5706 in
2812 5644 3022 5720 praevia
3053 5650 3111 5702 D.
3144 5644 3413 5720 Lamperi
3444 5644 3723 5720 disserta-

322 5734 389 5795 c_e
418 5718 579 5795 gravi
610 5723 667 5774 et
696 5714 862 5776 tardo
884 5723 1066 5795 corde
1094 5722 1232 5778 trita
1252 5720 1637 5778 deliramenta
1656 5738 1970 5793 recoquen-
2000 5728 2044 5795 ο
2081 5714 2270 5795 tione,"
2294 5739 2348 5793 p.
2384 5724 2504 5795 150.
2545 5723 2712 5779 Nunc
2758 5714 2895 5795 cum
2941 5720 3117 5792 paulo
3142 5714 3403 5795 liberius
3444 5716 3504 5771 in
3544 5714 3725 5795 altum

322 5790 497 5847 tium.
528 5790 668 5848 Enn.
700 5807 770 5849 ex
795 5794 916 5853 eod.

2080 5787 2388 5850 ducere'ao
2417 5793 2611 5853 laxare
2652 5798 2775 5852 rete
2803 5787 3039 5849 animus
3068 5792 3179 5859 est,
3209 5789 3377 5846 duos
3402 5787 3725 5862 pracipuos
