4148 6194
298 429 453 489 1313
1574 427 1804 489 LIBER
1848 428 1949 490 DE

2093 425 2410 490 PTISMO.
3484 390 3487 395 ί
3548 436 3702 498 13M

293 560 404 629 las,
439 561 667 627 domos,
696 558 897 619 1205
949 554 1172 631 templa
1221 562 1494 632 totasque
1524 561 1699 617 urbes
1749 576 1941 631 aspsr-
1968 563 2025 629 Α
2052 562 2135 614 tet
2161 560 2226 615 ’³.
2257 559 2543 630 Angelum
2595 559 2763 633 aquis
2809 554 3155 619 intervenire
3201 561 3249 619 si
3283 582 3495 623 novum
3535 569 3700 625 vide-

294 651 431 723 gine
460 649 816 706 circumlata
865 666 1028 721 aqua
1058 650 1295 722 expiant
1332 649 1577 721 passim,
1610 654 1761 706 certe
1790 649 1945 705 ludis
2057 652 2174 718 tur,
2240 648 2572 720 exemplum
2657 650 2837 706 futuri
2922 653 3321 724 praecucurrit.
3409 657 3696 716 Piscinam

295 739 733 813 Apollinaribus
762 744 820 795 et
848 739 1159 797 Eleusiniis
1194 741 1236 776 1°
1266 741 1372 810 (18;
1416 739 1739 811 tinguntur.
1766 740 1946 810 ldque
2057 738 2430 794 Bethsaidam
2460 739 2704 812 angelus
2736 740 2917 812 (Joan.
2940 744 2991 811 ν)
3026 742 3415 801 interveniens
3443 764 3699 806 commo-

297 844 360 885 se
385 828 446 883 in
478 828 973 901 regenerationem
1021 832 1079 884 et
1106 828 1519 900 impunitatem
1555 827 1948 900 perjuriorum
2055 828 2225 882 vehat
2298 828 2684 884 observabant
2714 830 2813 901 qui
2858 829 3250 887 valetudinem
3283 837 3698 905 querebantur.

298 934 542 975 suorum
605 934 775 990 agere
833 922 1216 989 praesumunt.
1276 922 1419 973 Item
1493 933 1671 989 penes
1730 922 1949 973 veteres
2056 916 2202 972 Nam
2262 916 2311 971 si
2370 916 2502 987 quis
2559 925 2915 989 praevenerat
2965 922 3316 978 descendere
3347 923 3505 992 illuc,
3539 929 3704 999 queri

300 1005 575 1080 quisquis
614 1022 675 1062 se
723 1006 1038 1062 homicidio
1081 1006 1381 1073 infecerat,
1429 1007 1757 1077 purgatrice
1800 1022 1952 1077 aqua
2061 1009 2191 1077 post
2246 1004 2542 1061 lavacrum
2601 1008 2918 1064 desinebat.
2962 1010 3176 1082 Figura
3232 1011 3347 1067 ista
3405 1015 3706 1073 medicinae

302 1113 364 1153 se
394 1095 665 1168 expiabat
689 1095 821 1166 (19).
859 1094 1045 1166 Igitur
1075 1094 1123 1150 si
1173 1096 1243 1150 de
1274 1095 1398 1150 sola
1447 1101 1658 1151 natura
1681 1095 1851 1166 aquis
1882 1095 1948 1165 ³ο,

303 1186 458 1258 quod
518 1184 754 1256 propria
810 1184 1059 1239 materia
1114 1184 1190 1239 sit
1245 1183 1521 1240 abluendi
1577 1183 1637 1239 in
1694 1183 1956 1255 auspicia

304 1271 758 1337 emundationis,
789 1270 1194 1338 blandiuntur,
1229 1276 1445 1342 quanto
1475 1270 1532 1325 id
1575 1271 1760 1326 lterius
1791 1287 1953 1342 aqua:

304 1362 667 1434 prastabunt
723 1377 825 1431 per
881 1359 982 1415 Dei
1038 1360 1531 1429 auctoritatem,a
1591 1377 1706 1431 quo
1763 1359 1955 1415 omnis

304 1458 516 1507 natura
564 1466 767 1505 earum
813 1448 1135 1505 constituta
1164 1452 1298 1505 est?
1326 1449 1382 1503 Si
1432 1448 1711 1521 religione
1741 1465 1954 1521 aquam

305 1540 585 1597 medicari
642 1543 873 1613 putant,
908 1555 1034 1610 quae
1093 1538 1286 1611 potior
1342 1538 1565 1611 religio,
1627 1555 1801 1609 quam
1860 1537 1955 1593 Dei

302 1628 466 1687 vivi?
499 1646 614 1699 quo
661 1628 879 1701 agnito,
914 1627 1009 1682 hic
1058 1644 1290 1699 quoque
1316 1628 1581 1683 studium
1613 1626 1831 1683 diaboli
1864 1642 1957 1682 re-

305 1717 715 1792 cognoscimus
739 1717 783 1750 ²¹
829 1732 922 1772 res
979 1716 1080 1772 Dei
1141 1717 1498 1786 aemulantis,
1534 1734 1668 1773 cum
1720 1721 1777 1771 et
1834 1716 1959 1787 ipse

306 1807 668 1879 baptismum
696 1806 757 1861 in
806 1805 931 1861 suis
960 1811 1205 1861 exercet.
1240 1806 1388 1871 Quid
1431 1806 1667 1862 simile?
1698 1810 1955 1861 Immun-

309 1898 421 1952 dus
452 1896 752 1962 emundat,
785 1894 1046 1966 perditor
1076 1894 1303 1960 liberat,
1340 1896 1655 1951 damnatus
1686 1892 1954 1950 absolvit.

308 1990 488 2041 Suam
519 1983 784 2039 videlicet
815 1999 1051 2055 operam
1086 1984 1366 2049 destruet,
1411 1983 1641 2039 diluens
1674 1984 1718 2017 ³2
1749 1982 1963 2038 delicta

312 2092 441 2146 quis
492 2073 744 2146 inspirat
788 2072 935 2145 ipse.
971 2076 1099 2126 Haec
1158 2073 1387 2143 quidem
1439 2072 1497 2127 in
1557 2072 1960 2127 testimonium

311 2162 507 2233 posita
539 2164 679 2215 sunt
708 2158 1132 2230 repellentibus
1165 2158 1415 2229 fidem,si
1452 2159 1693 2214 minime
1724 2160 1963 2214 credant

314 2250 489 2305 rebus
518 2248 640 2319 Dei,
674 2265 924 2321 quarum
965 2248 1434 2303 alfectationibus
1478 2249 1633 2320 apud
1682 2247 1960 2303 aemulum

313 2340 415 2396 Dei
447 2339 712 2395 credunt.
744 2341 949 2393 Annon
997 2342 1053 2392 et
1082 2337 1227 2393 alias
1259 2337 1385 2392 sine
1429 2336 1548 2392 ullo
1597 2342 1962 2393 sacramento

315 2428 607 2484 immundi
643 2426 888 2499 spiritus
919 2426 1089 2497 aquis
1122 2425 1771 2493 incubant,aﬂ‘ectantes
1800 2425 1961 2480 illam

315 2518 374 2572 in
408 2516 727 2589 primordio
759 2515 941 2571 divini
994 2515 1238 2588 spiritus
1269 2514 1657 2587 gestationem
1690 2516 1841 2585 (Gen.
1877 2515 1964 2585 1)?

314 2607 521 2664 Sciunt
541 2607 586 2640 ³³
608 2605 774 2678 opaci
805 2603 1022 2675 quique
1047 2604 1257 2671 fontes,
1283 2608 1339 2659 et
1361 2603 1471 2658 avii
1499 2604 1717 2675 quique
1749 2604 1876 2673 rivi,
1908 2606 1966 2658 et

312 2697 375 2752 in
410 2694 636 2751 balneis
658 2694 919 2765 piscium,
952 2698 1008 2748 et
1040 2692 1228 2764 euripi
1254 2692 1314 2747 in
1337 2692 1613 2748 domibus
1642 2692 1729 2748 vel
1761 2692 1964 2748 cister-

318 2804 426 2853 nae,
459 2790 516 2841 et
546 2783 726 2856 putei,
755 2782 857 2853 qui
891 2798 1092 2853 rapere
1138 2782 1435 2847 dicuntur,
1468 2781 1689 2837 scilicet
1721 2798 1822 2853 per
1845 2781 1963 2836 vim

318 2874 562 2948 spiritus
613 2872 896 2927 nocentis.
929 2870 1075 2925 Nam
1122 2874 1180 2926 et
1204 2875 1439 2926 enectos
1468 2871 1513 2905 ²⁴
1549 2875 1604 2925 et
1633 2868 1966 2942 lymphatos

321 2970 378 3021 et
403 2961 817 3035 hydrophobos
848 2964 1079 3027 vocant,
1111 2977 1259 3030 quos
1290 2977 1455 3031 aqua:
1486 2962 1971 3029 necaverunt,aut

321 3051 583 3109 amentia
610 3049 697 3105 vel
751 3050 1062 3105 formidine
1100 3055 1502 3105 exercuerunt.
1537 3050 1825 3115 Quorsum
1859 3051 1973 3105 ista

321 3138 796 3198 retulimus?Ne
842 3138 977 3210 quis
1033 3138 1240 3193 durius
1300 3139 1497 3194 credat
1545 3138 1815 3209 angelum
1874 3139 1973 3194 Dei

319 3236 593 3288 sanctum
644 3228 810 3299 aquis
862 3229 919 3282 in
972 3226 1220 3283 salutem
1266 3227 1525 3283 hominis
1572 3229 1971 3299 temperandis

2060 1093 2379 1164 corporalis
2419 1095 2624 1151 I206
2668 1096 2987 1167 spiritalem
3041 1099 3391 1157 medicinam
3442 1106 3707 1177 canebat,

2061 1199 2129 1237 ea
2158 1182 2364 1251 forma,
2401 1199 2519 1255 qua
2566 1201 2796 1256 semper
2843 1185 3100 1242 carnalia
3130 1188 3190 1244 in
3230 1190 3418 1261 ﬁgura
3466 1194 3709 1264 spirita-

2061 1271 2206 1325 lium
2241 1274 2612 1328 antecedunt.
2642 1274 2984 1329 Proficiente
3036 1275 3230 1348 itaque
3261 1278 3319 1333 in
3370 1280 3709 1340 hominibus

2064 1361 2252 1433 gratia
2309 1360 2431 1431 Dei,
2490 1364 2625 1433 plus
2670 1364 2842 1433 aquis
2902 1369 2960 1418 et
3017 1365 3224 1436 angelo
3283 1371 3529 1426 accessit
3562 1388 3575 1427 :
3609 1372 3711 1443 qui

2062 1449 2207 1505 vitia
2280 1450 2541 1521 corporis
2613 1450 3043 1522 remediabant,
3103 1471 3261 1509 nunc
3332 1456 3607 1527 spiritum
3668 1460 3713 1494 ²⁶

2068 1538 2377 1593 medentur
2429 1556 2443 1596 :
2505 1539 2608 1610 qui
2664 1540 3046 1611 temporalem
3106 1544 3500 1613 operabantur
3556 1548 3715 1605 salu-

2065 1631 2207 1694 tem,
2240 1644 2396 1682 nunc
2436 1632 2713 1683 aeternam
2763 1628 3082 1685 reformant
3114 1647 3126 1685 :
3162 1633 3263 1703 qui
3317 1651 3502 1691 unum
3533 1637 3716 1695 semel

2067 1732 2221 1771 anno
2269 1714 2620 1784 liberabant,
2668 1734 2824 1773 nunc
2873 1718 3132 1789 quotidie
3188 1723 3432 1793 populos
3478 1742 3717 1785 conser-

2066 1808 2226 1875 vant,
2275 1803 2466 1860 deleta
2516 1810 2705 1861 morte
2762 1822 2864 1877 per
2922 1806 3284 1865 ablutionem
3344 1812 3714 1871 delictorum.

1990 1919 2039 1983 B
2070 1896 2345 1983 Exempto
2377 1892 2602 1983 scilicet
2651 1898 2841 1962 reatu,
2870 1894 3150 1951 eximitur
3177 1903 3233 1952 et
3265 1916 3434 1970 paena
3465 1902 3595 1974 (20).
3632 1906 3719 1961 Ita

2071 1981 2401 2037 restituitur
2446 1982 2490 2016 ²⁷
2549 1982 2725 2038 homo
2785 1984 2898 2038 Deo
2957 1985 3028 2039 ad
3089 1985 3537 2046 similitudinem
3595 1994 3721 2063 ejus

2070 2071 2222 2142 (Gen.
2260 2074 2317 2140 ι),
2360 2071 2461 2141 qui
2491 2076 2645 2127 retro
2675 2072 2747 2127 ad
2780 2073 3090 2143 imaginem
3121 2074 3223 2130 Dei
3264 2078 3489 2148 fuerat;
3528 2082 3722 2154 imago

2071 2160 2131 2214 in
2209 2160 2419 2232 effigie,
2481 2160 2811 2216 similitudo
2888 2162 2947 2216 in
3025 2164 3350 2221 aeternitate
3429 2177 3721 2227 censetur.

2072 2248 2298 2319 Recipit
2342 2248 2498 2304 enim
2557 2248 2723 2303 illum
2777 2248 2877 2305 Dei
2929 2251 3224 2323 spiritum,
3257 2271 3430 2324 quem
3484 2262 3622 2314 tunc
3652 2261 3723 2315 de

2071 2338 2271 2392 afflatu
2306 2339 2433 2409 ejus
2481 2350 2802 2411 acceperat,
2837 2339 2938 2394 sed
2987 2345 3119 2412 post
3149 2342 3429 2400 amiserat
3480 2363 3583 2417 per
3623 2347 3722 2404 de-

2072 2425 2299 2481 lictum.

2715 2561 2947 2618 CAPUT
2986 2562 3080 2618 VI.

2146 2692 2271 2747 Non
2304 2692 2459 2763 quod
2492 2693 2549 2747 in
2580 2692 2751 2764 aquis
2778 2694 3061 2765 Spiritum
3102 2704 3373 2757 sanctum
3406 2719 3731 2779 consequa-

2079 2798 2248 2848 mur;
2282 2781 2382 2836 sed
2414 2781 2473 2835 in
2513 2798 2666 2853 aqua
2713 2784 3017 2839 emundati
3066 2787 3178 2841 sub
3224 2791 3451 2862 angelo,
3483 2796 3729 2866 Spiritui

2078 2875 2283 2927 sancto
2333 2886 2732 2941 praeparamur
2762 2872 2891 2942 (21).
2926 2872 3028 2928 Hic
3077 2892 3313 2949 quoque
3345 2881 3535 2952 figura
3585 2902 3731 2955 pra).-

2080 2960 2253 3016 cessit
2282 2958 2486 3030 (Matth.
2518 2960 2625 3031 Ill).
2660 2959 2753 3015 Sic
2778 2960 2931 3016 enim
2953 2965 3211 3022 Joannes
3242 2974 3376 3024 ante
3407 2986 3731 3041 praecursor

2082 3048 2312 3104 Domini
2345 3048 2475 3118 fuit,
2509 3065 2842 3120 praeparans
2888 3050 3012 3106 vias
3062 3054 3191 3124 ejus
3228 3071 3240 3109 :
3274 3055 3355 3112 ita
3384 3064 3441 3113 et
3487 3062 3732 3134 angelus

2082 3136 2362 3209 baptismi
2394 3137 2612 3192 arbiter
2640 3136 2748 3207 (22)
2780 3147 3205 3210 superventuro
3257 3144 3498 3217 Spiritui
3530 3158 3732 3206 sancto

2082 3227 2206 3282 vias
2237 3226 2436 3297 dirigit
2487 3226 2786 3281 ablutione
2830 3227 3195 3297 delictorum,
3230 3251 3406 3304 quam
3445 3238 3591 3295 ﬁdes
3620 3240 3734 3295 im-

318 3321 689 3383 adesse,cum
722 3316 967 3389 angelus
1000 3315 1191 3371 malus
1216 3316 1523 3388 profanum
1554 3317 1971 3373 commercium
2004 3282 2046 3348 Ο
2084 3319 2296 3387 petrat,
2329 3314 2638 3386 obsignata
2686 3316 2905 3387 (Matth.
2939 3321 3136 3390 xxvm)
3172 3282 3448 3393 ianatre,
3482 3331 3539 3381 et
3569 3327 3734 3397 Filio,

317 3409 586 3480 ejusdem
634 3405 905 3462 elementi
941 3406 999 3460 in
1055 3404 1372 3477 perniciem
1405 3404 1662 3461 hominis
1702 3405 1972 3477 frequen-

2082 3410 2139 3460 et
2169 3404 2390 3476 Spiritu
2439 3410 2640 3460 sancto
2691 3405 2896 3477 (illatt/i.
2930 3412 3113 3478 xvm).
3146 3410 3291 3467 Nam
3338 3413 3387 3469 si
3438 3414 3498 3471 in
3548 3417 3737 3475 tribus

1768 3566 1973 3629 Varia:
2002 3567 2321 3628 lectiones.

399 3708 443 3744 ¹⁹
475 3702 722 3760 Pelusiis
753 3703 917 3759 Fran.
954 3699 1275 3756 Corbim'an.

324 3780 373 3815 ²³
402 3780 552 3835 Sunt
578 3779 705 3833 Jun.
786 3776 832 3809 ³⁸
864 3772 1220 3845 Apopnictos
1262 3773 1467 3845 Wouw.

1367 3701 1412 3737 3°
1444 3701 1672 3757 Naturae
1699 3718 1852 3772 aqua
1882 3703 2046 3757 Fran.
2084 3701 2403 3756 Corbinian.

1562 3774 1607 3807 ²⁸
1640 3773 1925 3828 Profanus
1957 3803 2023 3814 —
2054 3773 2387 3844 frequentat
2411 3775 2577 3828 Fran.
2614 3775 2931 3831 Corliinian.

323 3868 376 3906 c.
411 3869 459 3906 r.
493 3868 550 3905 n.
581 3847 813 3921 spiritu,
846 3844 957 3901 etc.
998 3847 1218 3900 Wouw.
1294 3844 1337 3879 ³⁷
1368 3844 1730 3901 Restituetur
1758 3846 1926 3900 Fran.
1963 3844 2283 3901 Corbi-nian.

2502 3702 2543 3735 ²¹
2576 3703 2996 3772 Cognoscimus
3029 3707 3151 3775 Rig.
3251 3708 3297 3743 ²¹
3326 3709 3579 3769 Deluens
3606 3715 3738 3771 Jun.

3027 3779 3071 3813 ²⁶
3102 3780 3284 3851 Aquis
3315 3784 3562 3841 accessit
3591 3804 3648 3859 q.
3680 3804 3739 3844 v.

1770 3988 2293 4049 Commentarius.

322 4128 411 4183 dit
461 4127 515 4181 Β.
567 4128 815 4195 August.
866 4121 986 4193 (lib.
1034 4139 1074 4176 ιι
1121 4122 1190 4195 de
1228 4121 1813 4195 CiuitaﬁteﬂDeiLeap.
1866 4121 1967 4191 4):

330 4222 358 4249 α
396 4197 594 4261 Ludis,
643 4194 859 4267 inquit,
910 4194 1294 4264 turpissimis,
1324 4194 1421 4267 qui
1472 4194 1595 4267 diis
1632 4194 1972 4267 deabusque

324 4265 773 4337 exhibebantur,
803 4266 1263 4321 oblectabamur.
1311 4265 1539 4321 Caelesti
1569 4266 1687 4321 deae
1718 4271 1775 4321 et
1806 4266 1974 4320 Bere-

324 4341 574 4413 cynthize
608 4340 780 4413 Matri
803 4340 1045 4413 deorum
1074 4339 1504 4413 oinnium,ante
1534 4341 1663 4413 ejus
1682 4337 1971 4404 lecticam,

323 4409 415 4490 die
441 4412 682 4490 solemni
716 4410 1017 4490 lavationi;
1042 4411 1181 4489 ejus,
1203 4409 1341 4490 talia
1370 4426 1472 4490 per
1502 4409 1804 4490 publicum
1835 4426 1975 4490 can-

324 4484 649 4537 titabantur
680 4500 713 4537 a
744 4481 1126 4553 aequissimis
1171 4480 1442 4546 scenicis,
1474 4481 1671 4551 Qualia
1701 4499 1814 4537 non
1848 4481 1976 4553 dico

330 4556 574 4610 Matrem
606 4552 871 4622 deorum,
904 4554 1000 4606 sed
1054 4568 1157 4608 nec
1191 4558 1436 4608 matrem
1482 4553 1746 4622 ipsorum
1787 4552 1976 4608 sceni-

326 4642 531 4681 corum
586 4628 816 4679 deceret
866 4624 1090 4679 audire.
1131 4646 1156 4671 η
1201 4626 1279 4678 Ac
1340 4622 1514 4693 paulo
1578 4631 1751 4694 post:
1789 4645 1815 4674 «
1844 4625 1978 4687 Quae

325 4704 471 4753 sunt
501 4697 825 4765 sacrilegia,
864 4696 913 4750 si
945 4695 1044 4749 illa
1076 4701 1243 4749 erant
1272 4694 1482 4750 sacra?
1510 4700 1607 4749 aut
1637 4711 1761 4765 quae
1789 4695 1977 4765 inqui-

328 4713 471 4753 sunt
501 4713 707 4752 sacrue
754 4714 825 4759 ia,
864 4713 913 4750 si
945 4713 1044 4749 ma
1076 4713 1243 4749 erant
1272 4713 1481 4750 sacra’t
1510 4713 1607 4749 aut
1637 4713 1761 4765 quae
1789 4713 1847 4749 ῑη
1893 4713 1975 4748 ια-

328 4772 507 4836 natio,
554 4770 608 4822 si
666 4713 770 4821 ἱιῗα
818 4768 1066 4821 lavatio?
1099 4790 1120 4816 ι
1177 4768 1521 4838 δυρθιὴῳιο
1579 4770 1699 4820 loco
1762 4713 1975 4820 Lugov.

328 4841 502 4895 Vives
552 4839 733 4894 tradit
783 4839 969 4907 pridie
1018 4838 1152 4891 Idus
1202 4836 1439 4907 Aprilis
1465 4842 1708 4892 Matrem
1737 4837 1979 4892 deorum

332 4885 1984 4984 [H.ga."gaap;'g_‘¢nista'jzigs'ang‘ahgqiga',‘
2017 4885 2059 4948 υ

330 4978 466 5039 non“
484 4978 685 5054 procul
736 4978 806 5035 ab
840 4980 990 5035 Urbe
1019 4978 1231 5054 _Tiberi
1271 4981 1571 5054 miscetur,
1605 4980 1839 5054 deferri,
1870 4979 1985 5054 ibi-

330 5071 445 5127 que
478 5051 549 5127 ad
580 5056 969 5127 conﬂuentem
1001 5051 1769 5127 duorum_amnium_ablui_
1800 5052 1985 5127 solere

330 5122 462 5197 ejus
494 5124 903 5197 simulacrum,
936 5122 1115 5197 inque
1147 5139 1214 5197 ei;
1268 5124 1484 5197 Lucan.
1518 5124 1620 5178 lib.
1655 5141 1673 5178 ι
1702 5122 1985 5187 Pharsal.,

331 5193 718 5254 Ovid.Fastor.
751 5194 953 5265 lib.1v,
980 5198 1037 5247 et
1055 5193 1328 5265 Prudent.
1352 5196 1411 5249 in
1438 5198 1683 5252 Romano
1714 5199 1984 5265 martyre.

332 5272 487 5325 (litat
507 5270 680 5324 etiam
713 5264 1027 5338 Girald.,de
1054 5264 1161 5338 diis
1188 5268 1759 5338 gentium,syntagm.
1794 5268 1825 5320 4
1851 5264 1875 5331 ;⁷
1899 5264 1990 5319 Vi-

334 5342 501 5397 bium
546 5341 924 5410 Sequestrum
947 5335 1017 5410 a_d
1068 5337 1451 5410 Virgilianum
1471 5335 1691 5408 ﬁlium}
1722 5338 1991 5392 Ammia—

337 5429 505 5478 num,
540 5406 853 5475 libfxxm;
888 5406 1187 5479 Valerium
1222 5406 1513 5477 Flaccum,
1545 5411 1647 5465 lib.
1688 5426 1790 5465 VIII
1816 5409 1993 5479 Arga-

338 5490 497 5540 naut.
533 5489 589 5537 et
616 5480 1027 5537 Claudianum.
1065 5478 1201 5531 Eon.
1234 5496 1305 5535 ea:
1327 5482 1538 5536 Pamel.

411 5556 524 5626 (18)
558 5554 716 5626 Ludis
746 5550 1161 5626 Apollinaribus
1192 5560 1263 5626 et_
1291 5554 1620 5626 h‘leusiniis.
1656 5554 1749 5608 Sic
1778 5552 1998 5621 legitur

2081 4120 2388 4192 pitolinus.
2428 4118 2555 4176 Rm.

2152 4193 2267 4261 (19)
2300 4192 2557 4273 Quisquis
2611 4192 3014 4273 se__homicidio
3071 4195 3368 4273 infecerat,
3419 4204 3741 4273 purgatrice

2081 4280 2226 4335 aqua
2248 4280 2314 4338 pse
2361 4264 2820 4338 expiabatrNota
2850 4272 2938 4321 est
2986 4264 3158 4337 (teste
3205 4264 3471 4338 Geraldo,
3507 4264 3605 4328 u'bi
3638 4291 3742 4329 su-

2086 4336 2509 4417 pra).hist_oria,
2542 4335 2685 4417 nihil
2716 4335 3207 4417 .o_m_nino_‘notius
3256 4344 3410 4417 apud
3446 4335 3747 4414 auctores,

2086 4408 2240 4478 quod
2274 4408 2546 4489 quisquis
2570 4407 2884 4489 homicidio
2904 4426 2963 4463 se
2990 4407 3405 4489 infeceratf‘bis
3427 4417 3644 4488 septies
3681 4407 3747 4472 se

2089 4484 2419 4561 purgatrice
2467 4495 2621 4549 aqua
2666 4484 2972 4561 vestesque
3023 4500 3179 4561 aqua
3221 4484 3512 4561 abluebat
3539 4494 3597 4544 et
3647 4504 3750 4561 eit-

2090 4552 2286 4676 giabat
2326 4550 2698 4632 plerumque
2743 4552 3028 4633 flumina.
3076 4550 3270 4635 Loqui
3328 4565 3527 4614 autem
3589 4559 3752 4614 addit

2133 4639 2460 4676 ausamam.
2494 4639 2551 4675 in
2584 4626 2813 4676 Attims.
2846 4623 2915 4675 de
2949 4626 3126 4676 Slmlll
3165 4632 3510 4676 numatinnp
3540 4629 3748 4676 Thesei

2133 4623 2460 4699 ausauiam,
2494 4623 2813 4699 iniAtticis,
2846 4623 3126 4699 desimili
3164 4623 3510 4699 purgatione
3540 4629 3752 4686 Thesei

2088 4695 2162 4749 ob
2190 4694 2533 4769 interfectos
2565 4693 2857 4769 Pallantis
2881 4693 3031 4769 filios
3060 4714 3074 4763 ;
3106 4693 3181 4761 et,
3214 4693 3648 4769 inVCorinthiis,
3680 4703 3753 4757 de

2090 4765 2379 4847 {apollinis
2408 4764 2737 4847 expiatione
2753 4772 2809 4819 et
2827 4765 3022 4847 Dianai
3039 4775 3189 4847 post
3208 4773 3424 4829 caedem
3449 4764 3749 4847 Pythonis.

2091 4838 2232 4893 Item
2268 4837 2646 4903 Herodotum,
2680 4836 2780 4889 lib.
2818 4853 2883 4899 Il,
2917 4838 2988 4891 de
3022 4841 3293 4896 Adrasto.

2163 4910 2275 4990 (29)
2334 4909 2602 4990 Exempto
2657 4906 2868 4990 scilicet
2900 4914 3088 4990 .reatu
3135 4915 3420 4990 eximitur
3476 4925 3529 4990 et
3582 4933 3744 4990 paena

2095 4980 2397 5046 Paulinus,
2432 4979 2557 5034 loco
2611 4979 2975 5051 supradicto,
3008 4981 3078 5035 de
3135 4984 3434 5056 baptismo
3465 4979 3717 5044 Joannis

2189 5095 2351 5163 Diluit
2381 5094 2573 5163 infusis
2600 5074 2917 5163 credentum
2946 5096 3175 5147 crimina
3208 5101 3461 5163 lymphis,

2196 5157 2542 5229 Absolvitque
2574 5162 2745 5229 metus
2778 5157 3073 5229 hominum,
3106 5157 3398 5229 pelea-asque
3428 5157 3666 5217 remittit.

2190 5221 2360 5282 Atque
2392 5222 2569 5281 ignem
2602 5221 2888 5281 restinguit
2923 5221 3119 5284 aquis.‘
3150 5223 3264 5274 Βιο.

2172 5335 2283 5405 (21)
2315 5334 2417 5389 Sed
2449 5336 2507 5388 in
2540 5350 2685 5406 aqua
2714 5335 2992 5414 eineizdali
3018 5340 3121 5414 sub
3150 5343 3344 5414 angelo
3373 5343 3610 5414 Spiritui
3632 5358 3763 5414 san-

2102 5404 2628 5487 ato'prmparamui'.
2675 5404 2984 5487 angelum
3018 5404 3298 5487 baptismi
3348 5404 3511 5485 dicit,
3545 5419 3608 5470 ut
3658 5412 3762 5468 lib.

2104 5479 2175 5533 de
2204 5478 2495 5547 Oratione,
2532 5478 2807 5548 Angtlum
2838 5478 3124 5535 orationis.
3156 5484 3280 5539 R10.

2178 5548 2290 5631 (22)
2322 5548 2576 5631 Ιηρᾳθνεξ
2604 5550 2857 5631 ,νὶᾀθὶυιι
2907 5553 3231 5631 ministrum
3291 5557 3647 5631 baptismatis
3702 5554 3761 5609 in

339 5620 640 5682 in'Ursini
694 5624 889 5679 codice
917 5643 930 5690 ;
965 5620 1200 5692 vulgata
1253 5621 1443 5691 lectio,
1496 5626 1737 5680 Pelusii:
1767 5641 1784 5677 :
1818 5620 1998 5693 atque
2107 5620 2278 5693 cujus
2306 5620 2461 5693 velut
2488 5622 2737 5693 arbitrio
2757 5634 2824 5693 ac
2853 5625 3117 5689 potestate
3146 5620 3580 5681 administratio
3611 5630 3766 5692 Bap-

340 5698 440 5754 hic
471 5703 624 5753 certe
674 5696 994 5766 significari
1041 5694 1316 5766 videntur
1346 5712 1514 5749 sacra
1563 5697 1724 5765 solis,
1759 5711 1863 5750 seu
1897 5696 1998 5750 Mi-

338 5771 490 5849 thrae
522 5775 579 5824 et
607 5763 2000 5849 Serapidistqu'aa‘quidemiScrapidis_M.‘§n’to-

340 5843 553 5899 ninum
584 5858 618 5897 a
646 5835 990 5915 vulgaritate
1022 5835 1252 5895 Pelusia
1282 5835 1655 5896 submovisse
1681 5837 1863 5896 tradit
1892 5838 2003 5901 Ca-

2110 5690 2274 5773 tismi
2308 5692 2632 5773 positaest,
2668 5691 2937 5773 alludens
2965 5694 3036 5747 ad
3064 5697 3339 5773 angelum
3378 5698 3547 5753 illum
3579 5698 3639 5753 in
3671 5690 3766 5770 pi-

2111 5764 2276 5821 scina
2305 5766 2637 5835 Bet/isaidw,
2672 5764 2744 5820 de
2773 5779 2889 5835 quo
2921 5779 3049 5836 cap.
3086 5764 3328 5837 prieced.
3364 5774 3503 5827 Enn.
