4148 6194
464 370 617 434 1315

1015 370 1536 434 TERTULLIANI
1581 370 1899 433 OPERUM
1946 370 2146 433 PARS
2194 373 2237 431 Ι.
2274 403 2351 417 -
2394 372 2668 434 SERIES
2714 374 2791 451 ll,
2841 373 3309 436 DOGMATICA.

3708 376 3859 437 1316

461 503 711 560 testibus
740 503 921 559 stabit
948 520 1123 559 omne
1167 503 1430 574 verbum,
1463 507 1684 575 quanto
1717 502 1926 575 magis,
1962 504 2102 558 dum
2134 507 2189 574 Α
2220 504 2579 575 mergimur;
2614 504 2898 577 spiritalis
2947 506 3212 571 effectus,
3246 507 3400 579 quod
3451 506 3683 563 delictis
3726 506 3864 563 libe-

459 594 747 649 habemus
781 610 883 666 per
911 592 1378 648 benedictionem
1404 593 1640 647 eosdem
1670 592 1918 647 arbitros
1948 592 2104 658 ﬁdei,

459 699 607 755 quos
637 686 695 738 et
725 699 1040 754 sponsores
1068 681 1297 752 salutis,
1323 681 1541 736 sufﬁcit
1570 681 1640 735 ad
1676 681 1949 735 ﬁduciam
1982 680 2105 752 spei

459 777 671 828 nostris
706 771 882 827 etiam
914 787 1195 827 numerus
1241 773 1547 825 nominum
1582 769 1908 824 divinorum
1949 769 2105 840 (23)?

453 859 601 916 Cum
631 864 828 915 autem
855 861 964 915 sub
996 860 1209 926 tribus,
1244 864 1299 914 et
1330 858 1558 913 testatio
1592 858 1749 925 ﬁdei,
1780 862 1837 912 et
1867 858 2104 929 sponsio

454 948 663 1005 salutis
712 949 1111 1021 pignerentur,
1149 947 1476 1003 necessario
1526 946 1802 1017 adjicitur
1838 946 2103 1001 Ecclesiae

454 1039 714 1106 mentio;
746 1038 1024 1110 quoniam
1071 1038 1166 1093 ubi
1204 1042 1341 1103 tres,
1378 1036 1432 1091 id
1466 1041 1554 1091 est
1585 1036 1771 1104 Pater,
1804 1040 1860 1091 et
1898 1036 2102 1101 Filius,

448 1133 507 1183 et
536 1127 789 1200 Spiritus
820 1132 1083 1197 sanctus,
1117 1126 1196 1181 ibi
1234 1124 1644 1196 Ecclesia,quae
1679 1126 1856 1179 trium
1891 1140 2103 1196 corpus

450 1221 559 1273 est.

1084 1321 1311 1377 CAPUT
1342 1321 1459 1375 VII.

521 1446 757 1511 Exinde,
791 1444 1011 1517 egressi
1042 1445 1113 1499 de
1161 1442 1410 1508 lavacro,
1445 1442 1831 1513 perungimur
1862 1442 1968 1512 (24)
2002 1442 2101 1495 be-

448 1535 681 1590 nedicta
728 1534 1003 1588 unctione
1053 1534 1123 1587 de
1175 1532 1423 1603 pristina
1474 1531 1785 1601 disciplina
1816 1531 1948 1600 (25),
1986 1547 2101 1601 qua

450 1623 594 1695 ungi
643 1623 768 1678 oleo
816 1622 886 1677 de
934 1638 1113 1676 cornu
1161 1622 1219 1675 in
1260 1620 1647 1675 sacerdotium
1700 1618 1984 1673 solebant.
2024 1620 2101 1671 Ex

450 1713 652 1769 I207
707 1728 822 1783 quo
872 1713 1061 1764 Aaron
1110 1726 1143 1765 a
1175 1709 1370 1780 Moyse
1421 1709 1619 1779 (Levii.
1679 1711 1839 1775 xvni)
1887 1712 2100 1761 unctus

447 1807 535 1859 est
564 1817 578 1856 :
611 1802 766 1857 unde
811 1799 1079 1854 Christus
1131 1798 1365 1863 dicitur,
1394 1814 1427 1852 a
1457 1796 1776 1851 chrismate
1829 1796 1981 1865 quod
2012 1801 2101 1850 est

2216 608 2437 648 ramur.

2830 710 3057 765 CAPUT
3098 710 3246 766 VIII.

2292 823 2508 878 Dehinc
2559 840 2770 879 manus
2823 825 3147 897 imponitur
3194 827 3331 898 (28),
3364 843 3466 897 per
3517 828 3867 883 benedictio-

2216 929 2346 968 nem
2379 914 2669 967 advocans
2700 920 2757 968 et
2788 914 3041 967 invitans
3072 916 3351 985 Spiritum
3388 922 3689 971 sanctum.
3720 922 3865 972 Sane

2212 1000 2471 1056 humano
2504 1001 2735 1070 ingenio
2786 1002 2983 1056 licebit
3017 1004 3293 1072 spiritum
3338 1006 3394 1058 in
3429 1021 3642 1074 aquam
3677 1022 3864 1060 arces-

2214 1106 2338 1145 sere
2388 1090 2500 1161 (29)
2530 1096 2586 1144 et
2634 1092 3212 1162 concorporationem
3262 1109 3487 1158 eorum,
3541 1110 3863 1150 accommo-

2212 1179 2366 1233 datis
2404 1179 2608 1234 1208
2668 1181 2921 1249 desuper
2970 1181 3245 1234 manibus
3302 1181 3436 1250 (30),
3486 1181 3599 1236 alio
3657 1184 3864 1253 spiritu

2210 1270 2385 1323 tantas
2434 1267 2719 1322 claritatis
2762 1269 3024 1323 animare
3055 1270 3209 1336 (31);
3244 1268 3358 1323 Deo
3410 1276 3604 1324 autem
3652 1273 3711 1325 in
3762 1288 3863 1327 suo

2211 1372 2429 1427 organo
2460 1356 2573 1426 (32)
2606 1372 2721 1409 non
2776 1354 2975 1410 licebit
3021 1373 3122 1427 per
3152 1373 3364 1411 manus
3413 1364 3649 1413 sanctas
3681 1360 3863 1415 subli-

2210 1444 2472 1499 mitatem
2504 1444 2795 1499 modulari
2828 1444 3155 1515 spiritalem
3178 1445 3206 1498 ‘?
3237 1446 3349 1500 Sed
3371 1452 3459 1500 est
3489 1447 3599 1501 hoc
3632 1465 3864 1519 quoque

2209 1533 2280 1586 de
2311 1533 2485 1587 veteri
2520 1538 2909 1599 sacramento,
2945 1550 3059 1604 quo
3100 1542 3340 1605 nepotes
3371 1552 3511 1590 suos
3550 1552 3620 1590 ex
3648 1537 3863 1609 Joseph

2210 1620 2485 1690 Ephraim
2518 1622 2564 1654 ²⁸
2592 1625 2648 1675 et
2690 1622 3019 1675 Manassem
3066 1621 3246 1676 Jaoob
3296 1623 3447 1693 (Gen.
3503 1642 3699 1692 xnvm,
3757 1628 3861 1694 14),

2208 1710 2499 1779 capitibus
2528 1710 2821 1781 impositis
2851 1720 2905 1765 et
2932 1710 3330 1766 intermutatis
3363 1712 3658 1781 manibus,
3696 1717 3864 1770 bene-

2207 1797 2419 1852 dixerit
2448 1798 2511 1864 ’9,
2545 1803 2603 1851 et
2633 1798 2871 1867 quidem
2925 1798 3006 1852 ita
3036 1799 3415 1855 transversim
3456 1801 3777 1873 obliquatis
3808 1804 3861 1858 in

449 1891 650 1947 unctio
682 1889 796 1959 (26)
826 1890 874 1959 (I
904 1889 1026 1959 Reg.
1060 1889 1176 1957 xv),
1198 1903 1337 1958 quin
1361 1887 1605 1941 Domino
1628 1902 1835 1940 nomen
1869 1902 2100 1940 accom-
2132 1875 2179 1939 B
2211 1903 2293 1951 se,
2326 1890 2411 1953 ut,
2445 1885 2740 1941 Christum
2795 1887 3190 1943 deformantes
3220 1889 3354 1959 (33),
3381 1891 3506 1959 jam
3559 1896 3702 1945 tunc
3734 1909 3861 1964 por-

452 1979 890 2047 modavit,facta
919 1976 1262 2047 spiritualis,
1296 1976 1434 2047 quia
1463 1975 1670 2045 spiritu
1704 1980 1918 2030 unctus
1948 1981 2038 2029 est
2067 1991 2099 2028 a

448 2072 563 2123 Deo
595 2072 784 2133 Patre,
817 2067 972 2121 sicut
1017 2064 1075 2119 in
1108 2065 1265 2119 Actis
1299 2082 1311 2118 :
1346 2063 1575 2120 Collecti
1614 2077 1740 2119 sunt
1781 2068 1932 2118 enim
1978 2080 2099 2118 vero

447 2158 513 2212 in
542 2157 648 2212 ista
677 2157 895 2211 civitate
924 2155 1189 2210 adversus
1217 2156 1467 2208 sanctum
1500 2154 1705 2207 Filium
1733 2157 1910 2222 tuum,
1943 2169 2100 2223 quem

445 2248 661 2302 tinxisti
709 2246 845 2317 (Act.
877 2261 954 2313 Iv,
984 2245 1097 2313 27).
1130 2243 1223 2298 Sic
1253 2248 1308 2298 et
1339 2243 1397 2297 in
1448 2242 1617 2297 nobis
1646 2242 1959 2297 carnaliter
1985 2242 2099 2313 (27)

445 2335 629 2392 currit
678 2334 901 2403 unctio,
955 2334 1054 2389 sed
1105 2331 1447 2404 spiritaliter
1494 2332 1767 2402 proﬁcit:
1804 2333 2097 2402 quomodo

445 2431 502 2482 et
552 2424 740 2497 ipsius
787 2422 1063 2495 baptismi
1108 2420 1360 2477 carnalis
1410 2429 1594 2489 actus,
1639 2421 1793 2491 quod
1845 2422 1903 2475 in
1953 2438 2101 2491 aqua

2208 1976 2515 2030 tenderent
2573 1975 3040 2031 benedictionem
3100 1977 3157 2030 in
3212 1976 3513 2032 Christum
3583 1980 3861 2037 futuram.

2206 2065 2370 2119 Tunc
2400 2063 2496 2118 ille
2528 2064 2941 2118 sanctissimus
2970 2064 3221 2135 Spiritus
3253 2082 3431 2137 super
3460 2070 3783 2124 emundata
3812 2078 3864 2125 et

2208 2153 2515 2207 benedicta
2543 2169 2787 2223 corpora
2834 2152 3023 2207 libens
3054 2170 3087 2207 a
3119 2158 3285 2209 Patre
3316 2156 3620 2210 descendit
3650 2159 3862 2227 (Matth.

2210 2259 2294 2307 ιιι,
2331 2242 2435 2311 16),
2484 2258 2661 2312 super
2690 2241 2735 2275 ⁸ο
2766 2242 3045 2313 baptismi
3098 2259 3308 2313 aquas,
3341 2249 3622 2315 tanquam
3677 2247 3867 2318 pristi-

2209 2348 2342 2386 nam
2401 2331 2599 2386 ssdem
2658 2346 3107 2402 recognoscens,
3147 2334 3528 2402 conquiescit,
3581 2335 3865 2391 columba:

2210 2422 2398 2492 ﬁgura
2428 2419 2708 2491 delapsus
2740 2420 2797 2474 in
2839 2420 3152 2474 Dominum
3186 2421 3319 2493 (34),
3346 2427 3409 2476 ut
3438 2430 3648 2480 natura
3679 2426 3867 2497 Spiri-

1875 2538 2077 2598 Variae
2108 2537 2429 2599 lectiones.

525 2650 570 2684 ³³
601 2651 792 2705 Elrem
824 2652 988 2704 Iv‘ran.
1025 2647 1341 2703 Corbinian.
1420 2648 1462 2681 ’9
1495 2646 1792 2701 Benedixit
1821 2647 1929 2702 alii
1953 2648 2110 2715 mal.,
2145 2646 2292 2701 haud
2322 2647 2494 2701 invito
2527 2644 2847 2701 Corbinian.
2926 2646 2973 2678 ³ο
3003 2646 3069 2700 Et
3099 2663 3274 2717 super
3301 2648 3428 2703 Jun.
3465 2648 3780 2705 Corbinian.

1891 2764 2413 2824 Commentarius.

519 2874 630 2946 (23)
662 2874 739 2929 Ad
776 2875 1043 2944 ﬁduciam
1095 2875 1216 2944 spci
1256 2881 1458 2928 nostra?
1508 2888 1782 2946 numerus
1811 2874 2097 2946 nominum

442 2946 775 3001 divinorum.
809 2947 1033 3000 Etenim
1058 2946 1509 2998 benediccbatur
1540 2948 1595 2997 in
1631 2945 1864 2998 nomine
1890 2945 2095 3009 Patris,

444 3024 502 3073 et
538 3019 662 3072 Filii
695 3024 750 3073 et
780 3018 1029 3088 Spiritus
1066 3016 1272 3071 sancti.
1310 3017 1435 3070 ltic.

513 3090 623 3161 (24)
657 3087 882 3162 Egressi
923 3091 987 3144 de
1018 3090 1246 3162 lavacro
1286 3089 1665 3162 pel-angimur.
1705 3088 1763 3141 in
1800 3087 2003 3153 fronte,
2037 3092 2098 3139 ut

442 3160 725 3216 discimus
754 3179 822 3216 ex
855 3160 1147 3215 Prudentii
1182 3160 1636 3230 Psychomachia
1670 3175 1682 3213 :

503 3275 622 3325 Post
656 3277 911 3339 inscripta
942 3276 1061 3324 oleo
1098 3276 1260 3323 fronti
1297 3275 1591 3339 signacula,
1626 3288 1720 3335 per
1749 3286 1867 3335 quae

504 3334 852 3401 Unguentum
886 3339 1058 3399 regale
1077 3338 1257 3386 datum
1286 3334 1371 3385 est
1394 3343 1445 3386 et
1465 3334 1695 3385 chrisma
1720 3334 2090 3398 pérenneltic.

535 3448 623 3515 25)
653 3448 725 3500 De
752 3448 990 3517 pristina
1035 3446 1349 3515 disciplina.
1385 3444 1501 3517 Hoc
1549 3449 1637 3497 est
1666 3442 1929 3517 .ludaica.
1965 3445 2088 3517 Bia.

536 3513 626 3586 26)
660 3513 807 3585 Quod
837 3522 915 3572 est
947 3518 1149 3571 unctio.
1173 3513 1531 3571 Chrismalis
1582 3514 1886 3584 multiplex
1935 3513 2091 3567 notio

441 3586 957 3659 in'scriptoribus,
991 3588 1085 3641 alii
1132 3589 1603 3659 confirmationem
1653 3602 1775 3659 qua:
1824 3586 1896 3638 ab
1942 3586 2092 3659 episf

428 3675 584 3730 (c0po
616 3656 845 3713 tantum
879 3660 1331 3712 administratur
1364 3659 1421 3711 in
1456 3656 1709 3730 Ecclesia
1744 3658 1966 3720 Latina,
1993 3656 2086 3730 alii

438 3728 822 3785 defunctione
869 3747 999 3801 quae
1048 3732 1111 3784 ﬁt
1162 3730 1256 3784 ubi
1311 3728 1584 3801 parvulus
1628 3729 1974 3801 baptizatur.
2012 3728 2091 3801 De

434 3801 745 3872 posteriori
778 3799 1192 3857 hac—unctione
1223 3799 1387 3857 locus
1418 3800 1511 3855 hic
1543 3800 1845 3871 accipitur,
1871 3817 1996 3870 quzc
2028 3799 2090 3852 ﬁt

430 3890 464 3928 a
495 3874 796 3929 sacerdote
829 3874 885 3927 in
919 3875 1149 3942 vertice,
1175 3891 1307 3929 cum
1342 3873 1453 3927 alia
1485 3889 1588 3927 seu
1620 3872 1984 3926 conﬁrmatio
2016 3872 2087 3924 ab

431 3945 705 4016 episcopo
758 3947 847 3999 ﬁat
904 3946 961 3999 in
1016 3946 1219 4001 fronte.
1258 3944 1508 3999 lllustris
1542 3943 1693 3998 hanc
1725 3946 1796 3997 ob
1842 3960 1961 3997 rem
2000 3944 2083 3995 ni-

430 4018 649 4072 mirum
682 4019 752 4071 de
781 4018 1035 4089 ungendi
1071 4019 1181 4071 ritu
1214 4018 1621 4089 episcoporum
1646 4021 1702 4089 et
1725 4017 2086 4089 presbytero-

430 4106 561 4143 rum
590 4088 984 4144 controversia
1013 4090 1256 4153 exstitit,
1281 4088 1416 4142 licet
1447 4088 1636 4141 obiter
1668 4088 1820 4140 inter
1854 4088 2081 4141 Petrum

429 4160 752 4230 Aurelium,
785 4166 842 4215 et
888 4160 1171 4216 Jacobum
1203 4162 1581 4215 Sirmondum
1614 4160 1672 4213 S.
1707 4159 1758 4213 J.
1792 4159 1863 4212 ad
1905 4176 2081 4230 quam

429 4234 644 4305 poterit
671 4232 918 4304 quilibet
963 4235 1297 4305 confugere.
1332 4237 1397 4286 ut
1444 4248 1567 4286 rem
1617 4230 1960 4300 plenissime
1994 4231 2082 4284 in-

427 4303 673 4371 telligat.
692 4303 786 4358 Ls
815 4309 919 4361 Pa.

500 4376 615 4447 (27)
648 4381 713 4431 In
744 4377 899 4429 nobis
929 4376 1250 4429 carnaliter.
1284 4372 1421 4428 Oleo
1452 4389 1684 4427 carnem
1719 4372 1836 4428 sive
1870 4389 2082 4443 corpus

427 4450 687 4501 suaviter
718 4449 1063 4517 pervadente
1088 4464 1154 4501 ac
1187 4451 1543 4517 permeante.
1576 4448 1703 4517 Rm.

497 4519 609 4589 (28)
643 4513 836 4574 Man
882 4513 1204 4589 imponitur:
1236 4520 1442 4589 Manus
1491 4513 1787 4589 impositio
1840 4513 2082 4589 familia-

430 4585 513 4643 ris
546 4585 670 4644 erat
717 4590 855 4644 olim
899 4585 971 4643 in'
1009 4589 1281 4645 Ecclesiae
1329 4588 1559 4653 ritibus,
1585 4585 1857 4656 nihilque
1907 4588 2081 4641 ﬁebat

2209 2869 2638 2941 multiplicibus
2697 2871 3066 2925 modulorum
3129 2874 3526 2943 varietatibus,
3581 2882 3862 2931 sonantes

2207 2945 2459 2998 excitant
2487 2959 2673 2996 voces.
2707 2962 2732 2991 η
2773 2945 2897 2998 llic.

2277 3016 2390 3084 (3t)
2432 3015 2550 3068 Alio
2596 3016 2796 3083 spiritu
2851 3018 3022 3070 tantas
3073 3014 3353 3070 claritatis
3402 3020 3680 3072 animare.
3732 3018 3859 3071 Ani.

2207 3086 2353 3139 mari
2389 3087 2602 3139 dicitur
2634 3086 2903 3140 machina
2940 3086 3138 3157 digitis
3175 3088 3379 3142 musici
3416 3088 3863 3144 modulantibus

2207 3157 2481 3228 spiritum
2515 3158 2571 3210 in
2608 3174 2822 3227 aquam
2859 3159 3261 3228 pressionibus
3292 3160 3603 3214 densatum
3637 3169 3697 3215 et
3729 3178 3863 3215 con-

2207 3236 2603 3297 corporatum,
2639 3231 2717 3281 ita
2771 3235 2835 3283 ut
2882 3231 2941 3283 in
2991 3230 3384 3285 clarissimum
3436 3239 3600 3286 exeat
3646 3250 3858 3287 sonum

2125 3307 2165 3372 C
2208 3301 2517 3373 multiplici
2554 3301 2829 3354 varietate
2877 3302 3242 3356 distinctum.
3280 3302 3626 3373 Hujusmodi
3661 3313 3859 3359 autem

2204 3372 2525 3446 Septimius
2574 3373 3080 3446 aliuni_spiritum
3128 3372 3445 3446 nuncupat,
3482 3392 3691 3446 nempe
3733 3394 3859 3432 eru-

2204 3443 2388 3498 ditum
2423 3451 2479 3497 et
2509 3443 2976 3499 exarticulatum.
3013 3446 3139 3500 RIG.

2273 3516 2385 3585 (32)
2417 3517 2517 3569 Deo
2550 3518 2733 3569 autem
2762 3518 2819 3571 in
2851 3532 2951 3573 suo
2980 3532 3207 3586 organo.
3234 3516 3525 3588 Organum
3564 3517 3667 3571 Dei
3701 3523 3859 3573 vocat

2201 3586 2523 3640 hominem.
2560 3588 2685 3641 RIG.

2270 3660 2383 3726 (33)
2416 3660 2477 3711 Et
2506 3659 2726 3728 quidem
2756 3658 2836 3712 ita
2866 3661 3227 3713 transversi":
3270 3659 3567 3728 obliquatis
3608 3662 3668 3713 in
3702 3677 3778 3725 se,
3802 3670 3856 3714 ut

2202 3728 2478 3802 Christum
2509 3732 3508 3802 deformarentManus,transversiin
3537 3733 3695 3802 obliq
3708 3738 3851 3786 uatis

2198 3799 2578 3873 Chiasmum'
2622 3800 2867 3869 faciunt,
2935 3802 3045 3857 hoc
3116 3799 3238 3872 est,
3302 3802 3568 3873 ﬁguram
3649 3799 3851 3858 litteras

2199 3871 2263 3936 Χ,
2301 3890 2426 3942 qua:
2467 3874 2619 3999 apud
2653 3873 2879 3928 Graecos
2911 3875 3145 3945 quidem
3181 3871 3390 3928 Christi
3424 3890 3635 3929 nomen
3670 3875 3849 3947 signi-

2200 3943 2471 3999 ﬁcaverit.
2551 3946 2616 3997 ed
2669 3962 2801 3998 cum
2856 3947 3120 3999 nationes
3168 3950 3429 3999 cunctas.
3464 3962 3579 3999 non
3624 3946 3849 3999 Graecos

2200 3943 2471 3999 ﬁcaverit.
2508 3943 2616 3999 Sed
2669 3962 2801 3998 cum
2856 3943 3120 4001 nationes
3168 3950 3429 4009 cunctas,
3464 3962 3579 3999 non
3624 3943 3849 4001 Graicos

2195 4020 2447 4079 tantum,
2482 4032 2511 4067 a
2544 4017 2773 4071 Christo
2824 4018 3005 4071 vocari
3058 4019 3129 4071 ad
3182 4018 3645 4072 benedictionem
3684 4036 3847 4073 cons-

2195 4091 2325 4161 tﬂet,‘
2366 4094 2520 4161 certe
2588 4104 2802 4161 manus
2866 4088 3245 4161 transversim
3313 4090 3627 4161 obliquata?
3702 4090 3843 4144 nihil

2194 4156 2510 4231 Christiani
2545 4158 2805 4231 mysterii
2827 4160 3198 4231 potenderint
3224 4156 3559 4217 nationibus
3602 4164 3847 4231 caeteris,

2195 4230 2411 4302 quibus
2442 4230 2499 4284 in
2551 4230 2662 4285 usu
2696 4230 2944 4286 nonest
2986 4233 3112 4302 ejus
3165 4232 3371 4286 litteris
3421 4234 3627 4301 ﬁgura.
3664 4230 3852 4298 Quare

2193 4301 2277 4355 sic
2306 4302 2646 4371 accipienda
2676 4308 2816 4357 sunt
2845 4304 3191 4358 Tertulliani
3241 4307 3436 4369 verba,
3471 4312 3533 4358 ut
3567 4308 3845 4360 manibus

2192 4373 2574 4445 transversim
2624 4374 2965 4445 obliquatis,
2998 4392 3253 4440 crucem,
3287 4375 3405 4430 sive
3453 4377 3635 4430 ﬁxum
3692 4378 3849 4431 cruci

2191 4444 2490 4518 Christum
2541 4444 2854 4518 deformari
2893 4446 3315 4517 intelligamus,
3350 4463 3466 4501 non
3499 4447 3851 4518 simpliciter

2190 4516 2510 4581 Christum,
2555 4516 2661 4572 hoc
2694 4523 2804 4579 est,
2848 4535 3057 4573 nomen
3092 4516 3335 4573 Christi.
3370 4519 3595 4573 Etenim
3622 4516 3845 4575 crucis

2190 4588 2379 4657 ﬁgura
2436 4588 2623 4657 potuit
2669 4589 2825 4659 apud
2878 4590 3181 4645 universas
3232 4591 3497 4645 nationes
3544 4590 3846 4646 Christum

428 4660 611 4714 ferme
637 4662 765 4716 sine
799 4678 1080 4715 manuum
1127 4657 2075 4741 impositione,Certissimum‘ta-
2111 4679 2157 4741 D
2191 4659 2559 4741 portendere,
2592 4657 2809 4731 quibus
2857 4665 2981 4716 erat
3033 4661 3229 4716 futura
3276 4678 3379 4732 per
3425 4664 3559 4733 ejus
3609 4678 3845 4718 crucem

429 4747 561 4802 men
596 4748 696 4802 per
725 4739 1156 4787 sacramentum
1187 4729 1461 4786 "ianuam
1504 4732 1875 4802 impositionis
1905 4729 2077 4783 intel-

428 4801 527 4875 liigi
582 4801 1084 4875 Conﬁrmationem
1132 4821 1231 4859 seu
1292 4801 1657 4875 χειροτονίᾳν,
1692 4807 2078 4875 quassancto

421 4869 698 4929 Clementi
731 4881 819 4929 est
855 4869 1143 4946 βιϐαίωετις
1171 4878 1269 4940 τῆς
1296 4869 1685 4944 {Scito/toﬁna,
1711 4869 2079 4946 confessionis

420 4946 782 5071 cIfm/Iifmalio.
818 4945 895 5000 De
947 4949 1051 5003 hac
1107 4948 1480 5018 impositione
1528 4946 1619 4998 hic
1672 4950 1757 4997 est
1810 4945 2073 5012 (μιωειὶο.

472 5034 502 5071 E
582 5035 637 5071 ιι.

472 5034 502 5071 E
533 5021 637 5072 Pa.

498 5090 610 5159 (29)
636 5088 778 5159 Sane
795 5088 1033 5143 humano
1055 5092 1276 5155 ingenio
1302 5086 1487 5142 licebit
1506 5088 1769 5155 spiritum
1795 5087 1854 5159 in
1877 5102 2078 5156 aquam

424 5157 712 5215 umescere.
748 5158 978 5231 Organa
1011 5161 1345 5231 hydraulica
1380 5158 1694 5227 signiﬁcat,
1725 5157 1922 5231 qualia
1952 5158 2075 5211 dos-

423 5232 732 5286 cribuntur
763 5229 843 5285 ab;
866 5229 1147 5297 Vitruvio,
1174 5233 1322 5286 libro
1357 5248 1386 5284 x
1418 5230 1727 5285 Architect.
1765 5235 1822 5283 et
1853 5229 2075 5284 Herone

423 5304 484 5358 in
518 5308 670 5358 Pneu
683 5304 932 5359 maticis.
970 5310 1094 5359 tuo.

492 5376 862 5445 —-Spiritum
920 5379 980 5428 in
1037 5392 1237 5446 aquam
1292 5388 1587 5446 arcessere.
1641 5371 1974 5446 Vitruvius,
2010 5371 2076 5426 de

421 5444 669 5501 Machina
717 5448 998 5501 Ctesibii:
1062 5444 1205 5499 «‘Ab
1263 5461 1329 5499 eo
1390 5444 1613 5514 liquore
1674 5444 2073 5513 pressionibus

420 5524 620 5574 coacto
652 5518 881 5583 Spiritu.
920 5540 947 5567 »
982 5518 1058 5571 LE
1088 5518 1187 5571 Pn.

518 5590 608 5660 30)
642 5588 1063 5644 Accommodatis
1112 5589 1339 5654 desuper
1385 5584 1664 5660 manibus:
1715 5585 2013 5660 Vitruvius
2056 5603 2068 5641 :

428 5683 448 5707 ιι
486 5654 629 5714 Cum
666 5663 855 5731 pinnae
908 5659 1184 5731 manibus
1231 5661 1398 5731 tactae
1452 5654 1780 5731 propellunt
1809 5659 2069 5731 etfredu-

422 5736 563 5784 cunt
611 5725 980 5787 continenter
1032 5730 1281 5798 regulas,
1310 5725 1549 5782 alternis
1607 5728 1933 5798 obturando
1995 5731 2071 5784 fo-

426 5800 676 5871 ramina,
708 5801 949 5859 alternis
1005 5796 1351 5875 aperiundo,
1400 5815 1469 5855 ex
1526 5796 1766 5853 musicis
1823 5800 2070 5871 artibus,

2190 4729 2371 4786 salus.
2410 4730 2534 4784 Rio.

2259 4801 2370 4871 (34)
2405 4800 2681 4857 σοιιιηιὺιϊ
2726 4802 2909 4871 ﬁgura
2939 4802 3188 4872 delapsus
3226 4803 3285 4855 in
3335 4803 3649 4858 Dominum.
3686 4803 3843 4859 Non-

2190 4871 2331 4927 nihil
2350 4889 2415 4927 eo
2439 4872 2548 4926 loci
2572 4874 2655 4927 rei
2678 4873 3009 4944 symbolice:
3033 4871 3589 4944 confertSeptimius
3613 4880 3844 4941 Noster,

2189 4947 2431 5028 nec-abs
2464 4960 2522 5028 re
2553 4944 2663 5027 erit
2696 4944 2943 5028 singula
2980 4944 3273 5028 Columbae
3305 4946 3744 5028 delineamcnta
3772 4949 3841 5028 ab

2188 5019 2427 5070 Auctore
2459 5015 2753 5085 descripta
2782 5015 3083 5088 sigillatim
3118 5018 3526 5087 perstringere,
3559 5035 3627 5071 ac
3658 5016 3837 5072 simul

2187 5102 2322 5141 cum
2354 5094 2611 5141 veterum
2634 5088 3101 5143 Christianorum
3136 5090 3534 5143 monumentis
3555 5090 3837 5143 conferre.

2189 5158 2243 5211 1ο
2270 5159 2567 5231 Scriptura
2599 5175 2764 5214 sacra
2794 5159 3026 5224 teste,in
3058 5159 3350 5214 Columbae
3379 5160 3563 5225 ﬁgura
3584 5161 3841 5231 Spiritus

2186 5230 2372 5284 sancti
2406 5234 2616 5284 natura
2646 5230 2973 5286 declaratur
3014 5232 3165 5299 (Luc.
3201 5247 3286 5288 ιιι.
3316 5233 3424 5297 22;
3462 5230 3701 5294 Μανεζι,
3736 5234 3835 5295 10;

2185 5302 2382 5356 Matth.
2417 5318 2503 5367 ιιι,
2539 5302 2641 5367 ίὸς
2689 5304 2845 5357 Joan.
2881 5320 2920 5368 ι,
2953 5302 3062 5373 32).
3114 5302 3195 5354 Cf.
3235 5303 3374 5357 Bott.
3417 5303 3669 5373 δρᾶσθαι.
3702 5304 3839 5358 delia

2182 5374 2309 5443 pitt.
2361 5374 2411 5427 el
2458 5374 2617 5427 sculi.
2664 5373 2809 5428 delia
2860 5375 3022 5428 Roma
3068 5377 3286 5428 sotterr.
3340 5378 3454 5427 tav.
3489 5391 3581 5438 xv,
3614 5380 3761 5428 tnm.
3796 5375 3834 5442 Ι,

2186 5462 2239 5525 p.
2369 5444 2657 5525 paringh.
2694 5446 2843 5500 Rom.
2877 5446 3114 5525 subtcfr.
3140 5443 3261 5525 _lib..
3285 5446 3382 5525 Ill,
3415 5447 3587 5525 0:22,
3625 5464 3677 5513 p.
3710 5446 3831 5525 517.

2181 5514 2241 5569 2°
2270 5514 2533 5570 Christus
2570 5514 2827 5585 ipsemet
2856 5520 2962 5571 sub
3015 5516 3416 5571 Eucliaristico
3460 5519 3834 5572 Sacramento

2182 5586 2656 5660 absconditusin
2689 5589 2970 5643 Columba
2995 5587 3475 5653 adumbratur,eo
3507 5591 3660 5660 quod
3698 5588 3834 5643 olim

2182 5674 2394 5728 corpus
2451 5657 2661 5712 Christi
2718 5662 2776 5714 in
2833 5677 2967 5715 vase
3018 5661 3235 5714 servari
3296 5657 3697 5721 consueverat,
3730 5664 3833 5714 Co-

2183 5729 2687 5803 lumbasgﬁguram,
2711 5748 2827 5803 pris
2857 5748 2919 5787 se
2969 5731 3205 5786 ferente.
3256 5731 3339 5786 Cf.
3393 5733 3566 5788 Basil.
3627 5732 3833 5803 Vitam,

2179 5818 2214 5858 a
2240 5801 2846 5874 pseudo-Amphilochia
2876 5804 3166 5874 scriptam,
3200 5818 3327 5878 cap.
3349 5804 3407 5875 2,
3435 5822 3492 5860 n.
3525 5804 3580 5873 3,
3613 5821 3669 5878 p.
3703 5802 3830 5872 943,
