4148 6194
456 354 612 415 1319

999 348 1527 411 TERTULLIANI
1571 346 1894 410 OPERUM
1939 346 2137 407 PARS
2183 348 2230 407 l.
2266 378 2344 390 —
2376 344 2649 407 SERIES
2694 343 2772 419 Il,
2821 332 3295 406 DOGMATICA.

3699 342 3853 402 1320

455 502 638 557 aquas
692 483 969 557 baptismi
1027 484 1091 550 ³⁸,
1148 480 1392 547 scilicet,
1456 495 1526 535 ex
1581 496 1710 536 sese
1768 478 2100 534 remedians
2127 478 2568 550 prnitentiaa
2619 476 2842 533 scilicet
2898 476 3245 548 praepositus
3296 475 3431 547 (41),
3481 491 3610 547 quae
3660 477 3749 529 est
3800 473 3858 527 in

456 573 655 647 (Exod.
708 590 827 641 vn;
877 578 1043 630 Num.
1078 588 1189 638 xx;
1237 572 1261 625 I
1303 571 1424 624 Cor.
1470 572 1552 640 Χ).
1610 574 1741 623 Haec
1789 573 1877 623 est
1926 584 2100 637 aqua,

455 679 583 735 quae
629 663 701 717 de
748 661 959 717 comite
1007 665 1171 731 petra
1223 657 1436 730 populo
1484 657 1798 712 deﬂuebat.
1848 656 1903 710 Si
1944 655 2099 709 enim

455 758 619 825 petra
645 750 935 818 Christus,
966 749 1090 804 sine
1139 747 1317 803 dubio
1350 748 1565 817 aqua“
1596 747 1654 800 in
1696 746 1925 800 Christo
1956 744 2098 815 bap-

453 841 696 896 tismum
752 839 1018 895 videmus
1066 836 1350 892 benedici.
1412 837 1639 901 Quanta
1692 851 1855 905 aqua
1915 832 2102 905 gratia

455 946 636 1003 penes
689 933 870 984 Deum
919 935 973 982 et
1019 926 1315 982 Christum
1371 926 1499 996 ejus
1556 929 1643 979 est
1688 924 1760 978 ad
1819 921 2099 993 baptismi

454 1016 981 1076 conﬁrmationem.
1041 1014 1358 1085 Nunquam
1418 1013 1544 1068 siue
1599 1029 1748 1083 aqua
1809 1011 2096 1078 Christus,

452 1107 747 1181 siquidem
778 1112 836 1161 et
866 1106 990 1176 ipse
1019 1121 1171 1175 aqua
1201 1102 1492 1173 tinguitur
1522 1101 1740 1172 (Matth.
1775 1118 1859 1170 III,
1894 1118 1948 1169 x,
1982 1116 2095 1167 xw,

450 1213 642 1265 xxvu;
692 1199 859 1251 Joan.
913 1210 1000 1260 III,
1052 1209 1128 1259 iv,
1178 1208 1279 1258 νιι,
1330 1208 1456 1257 x111,
1499 1195 1638 1259 χιχ).
1693 1190 1889 1245 Prima
1938 1189 2097 1243 rudi-

451 1290 653 1341 menta
700 1282 1006 1355 potestatis
1054 1298 1193 1346 suae,
1240 1286 1478 1334 vocatus
1525 1281 1595 1334 ad
1643 1280 1899 1351 nuptias,
1946 1295 2099 1348 aqua

451 1375 813 1446 auspicatur.
888 1371 1033 1425 Cum
1092 1386 1423 1424 sermonem
1497 1368 1654 1438 facit,
1713 1368 1975 1422 sitientes
2028 1367 2097 1422 ad

452 1478 665 1534 aquam
684 1477 853 1516 suam
870 1459 1076 1515 invitat
1089 1458 1527 1529 sempiternam.
1545 1457 1689 1512 Cum
1704 1457 1774 1512 de
1796 1472 1979 1527 agape
1996 1455 2095 1510 do-

451 1557 562 1619 cet,
605 1568 771 1623 aquaa
817 1549 1080 1615 calicem,
1132 1547 1298 1601 fratri
1318 1548 1361 1581 ³⁷
1410 1546 1692 1611 oblatum,
1725 1546 1877 1600 inter
1922 1561 2097 1616 opera

448 1640 781 1697 dilectionis
825 1637 1053 1710 probat.
1100 1636 1267 1707 Apud
1324 1641 1567 1707 puteum
1617 1634 1767 1689 vires
1808 1632 2094 1699 resumit;

448 1746 626 1802 super
654 1744 871 1800 aquam
903 1725 1121 1780 incedit
1163 1723 1432 1794 libenter,
1463 1724 1844 1791 transfretat;
1880 1738 2093 1793 aquam

447 1818 813 1875 discentibus
832 1814 1159 1881 ministrat;
1180 1818 1511 1885 perseverat
1525 1812 1931 1868 testimonium
1952 1811 2093 1883 bap-

445 1908 613 1963 tismi
644 1922 832 1977 usque
850 1905 921 1960 ad
941 1903 1273 1975 passionem
1304 1920 1317 1969 ;
1349 1918 1484 1957 cum
1508 1902 1743 1957 deditur
1762 1900 1819 1953 in
1840 1915 2095 1965 crucem,

448 2014 601 2069 aqua
633 1993 960 2058 intervenit,
980 1992 1175 2046 sciunt
1194 1991 1358 2046 Pilati
1382 2008 1625 2058 manus;
1661 2006 1793 2044 cum
1822 1988 2091 2043 vulnera-

450 2089 564 2152 tur,
599 2099 753 2153 aqua
783 2082 852 2136 de
884 2080 1060 2135 latere
1092 2078 1444 2150 prorumpit,
1495 2077 1605 2132 scit
1632 2076 1835 2131 lancea
1867 2074 2090 2130 militis.

1104 2219 1333 2279 CAPUT
1370 2220 1435 2275 X.

519 2348 803 2417 Diximus,
862 2350 1153 2418 quantum
1205 2341 1589 2399 mediocritati
1649 2345 1859 2397 nostra:
1908 2339 2090 2409 licuit,

446 2440 517 2496 de
561 2435 849 2493 universis
905 2451 1032 2506 quae
1082 2431 1361 2504 baptismi
1416 2430 1751 2502 religionem
1814 2436 2091 2497 struunt;

447 2544 604 2585 nunc
645 2526 718 2582 ad
769 2524 1061 2596 reliquum
1114 2526 1334 2577 statum
1384 2521 1532 2591 ejus,
1564 2536 1725 2591 aeque
1775 2524 1837 2574 ut
1870 2523 2091 2590 potero,

446 2614 788 2690 progrediar
805 2615 874 2669 de
891 2608 1335 2683 quaestiunculis
1353 2609 1730 2681 quibusdam.
1758 2608 2093 2679 Baptismus

446 2706 518 2761 ab
551 2706 776 2760 Joanne
807 2701 1192 2757 denuntiatus
1224 2698 1332 2769 (39)
1366 2700 1483 2769 iam
1518 2703 1657 2752 tunc
1694 2697 1900 2751 habuit
1930 2713 2093 2767 qua:-

447 2795 701 2851 stionem
741 2792 812 2845 ab
842 2790 967 2861 ipso
999 2789 1233 2861 quidem
1266 2789 1508 2842 Domine
1550 2786 1907 2858 propositam
1940 2786 2091 2840 Pha-

446 2882 655 2946 risazis,
687 2879 1013 2936 cmlestisue
1043 2878 1092 2932 is
1123 2875 1450 2947 baptismus
1502 2881 1675 2944 esset,
1709 2893 1781 2929 an
1814 2892 1946 2929 vero
1976 2881 2090 2930 ter-

445 2989 623 3028 renus
680 2969 888 3041 (Matth.
952 2966 1119 3038 XXI)?
1176 2970 1252 3020 De
1309 2981 1423 3036 quo
1483 2964 1566 3018 illi
1626 2981 1741 3019 non
1784 2963 2090 3020 valuerunt

443 3065 777 3118 constanter
820 3056 1189 3128 respondere,
1225 3058 1424 3125 utpote
1471 3055 1671 3109 12“
1731 3071 1843 3108 non
1876 3052 2087 3108 intelli-

440 3148 818 3222 gentes,quia
838 3162 951 3200 non
966 3145 1399 3213 eredentes(lsa
1433 3146 1554 3209 vn).
1576 3142 1688 3199 Nos
1712 3158 1882 3213 porro
1900 3160 2085 3214 quan-

436 3243 563 3294 tula
581 3239 692 3292 {ide
710 3252 938 3301 sumus,
956 3232 1187 3289 tantulo
1204 3238 1259 3287 et
1286 3232 1578 3286 intellectu
1600 3248 1911 3302 possumus
1932 3232 2085 3286 eesti-
2118 3241 2159 3306 ί]
2200 3239 2444 3295 dicendo
2497 3257 2509 3294 ε

441 3344 622 3397 mare,
637 3325 899 3382 divinum
919 3323 1157 3394 quidem
1175 3338 1310 3377 eum
1331 3321 1686 3392 baptismum
1714 3321 1914 3390 fuisse,
1929 3338 2091 3376 man-

439 3418 579 3473 datu
611 3422 830 3486 tamen,
866 3432 979 3470 non
1011 3419 1067 3469 et
1097 3418 1405 3484 potestate,
1438 3413 1592 3483 quod
1638 3417 1695 3467 et
1737 3413 2023 3467 Joannem
2056 3429 2089 3467 a

438 3509 685 3564 Domino
729 3507 978 3562 missum
1021 3504 1272 3574 legimus
1302 3501 1361 3555 in
1412 3502 1517 3557 hoc
1550 3518 1765 3557 munus
1813 3508 2085 3558 caeterum

436 3597 767 3651 humanum
825 3591 1179 3649 conditione.
1239 3589 1396 3645 Nihil
1440 3592 1595 3645 enim
1654 3591 1886 3647 caeleste
1936 3609 2085 3663 prie-

435 3686 633 3741 stabat
672 3684 804 3755 (40),
854 3683 956 3738 sed
1015 3679 1353 3736 coelestibus
1403 3679 1897 3751 prwministrabat
1946 3682 2082 3754 (40),

2211 566 2470 622 hominis
2500 570 2786 639 potestate
2818 567 2951 633 (42).
3001 566 3264 637 Denique
3312 564 3457 634 legis
3507 566 3773 619 doctores
3805 568 3860 617 et

2212 655 2507 723 Pharisaei,
2542 656 2643 727 qui
2670 656 2905 712 credere
2938 654 3270 723 noluerunt,
3302 670 3407 709 nec
3449 652 3849 725 paenitentiam

2212 746 2457 815 egere”.
2520 746 2682 811 Quod
2741 744 2789 799 si
2850 743 3193 815 poenitentia
3248 743 3572 798 humanum
3631 747 3745 809 est,
3806 748 3860 795 et

2209 834 2541 906 baptismus
2588 833 2774 906 ipsius
2828 833 3090 904 ejusdem
3144 831 3496 887 conditionis
3549 830 3723 885 fuerit
3756 847 3855 885 ne-

2210 939 2372 979 cesse
2401 929 2529 991 est;
2579 928 2680 978 aut
2726 923 2889 978 daret
2936 928 2993 977 et
3030 922 3312 993 Spiritum
3364 926 3634 978 sanctum
3667 924 3726 974 et
3769 936 3861 974 re-

2210 1011 2551 1068 missionem
2576 1012 2944 1082 delictorum,
2963 1011 3011 1065 si
3036 1010 3285 1066 caelestis
3309 1010 3535 1064 fuisset.
3550 1009 3657 1063 Sed
3676 1024 3863 1079 neque

2208 1109 2508 1173 peccatum
2555 1103 2823 1172 dimittit,
2856 1119 3045 1174 neque
3094 1101 3380 1173 Spiritum
3429 1100 3715 1173 indulget,
3746 1098 3864 1153 nisi

2208 1194 2364 1249 Deus
2395 1193 2558 1249 solus
2580 1192 2766 1265 (Marc.
2790 1196 2866 1260 v).
2893 1191 3082 1247 Etiam
3107 1192 3233 1263 ipse
3255 1191 3563 1259 Dominus,
3595 1188 3708 1244 nisi
3732 1190 3860 1260 ipse

2208 1283 2370 1354 prius
2393 1283 2735 1338 ascenderet
2754 1283 2824 1337 ad
2840 1282 3091 1348 Patrem,
3106 1280 3271 1336 aliter
3288 1280 3513 1351 negavit
3527 1280 3702 1350 (Joan.
3720 1281 3861 1349 xw),

2207 1372 2491 1443 Spiritum
2521 1372 2966 1427 descensurum.
3000 1371 3060 1425 Id
3093 1371 3248 1441 quod
3284 1370 3563 1425 Dominus
3594 1369 3858 1424 nondum

2207 1461 2559 1527 conferebat,
2582 1476 2783 1515 servus
2808 1459 3012 1531 utique
3030 1464 3305 1531 praestare
3328 1475 3441 1514 non
3462 1462 3684 1531 posset.
3705 1459 3865 1514 Adeo

2206 1554 2409 1622 postea
2447 1550 2507 1605 in
2555 1550 2714 1605 Actis
2764 1548 3165 1621 apostolorum
3200 1548 3311 1619 (43)
3360 1547 3694 1603 invenimus
3727 1549 3869 1617 (Act.

2206 1644 2344 1708 χιχ),
2375 1638 2653 1710 quoniam
2685 1638 2784 1709 qui
2832 1636 3081 1692 Joannis
3129 1637 3491 1708 baptismum
3539 1636 3862 1706 habebant,

2206 1745 2320 1783 non
2354 1726 2716 1797 accepissent
2760 1726 3044 1798 Spiritum
3095 1732 3389 1794 sanctum,
3421 1741 3598 1797 quem
3649 1742 3721 1781 ne
3753 1742 3861 1781 au-

2204 1817 2328 1871 ditu
2381 1816 2620 1888 quidem
2670 1819 2952 1870 noverant
3004 1831 3017 1868 ;
3080 1830 3216 1885 ergo
3262 1831 3375 1870 non
3426 1819 3551 1869 erat
3604 1813 3860 1885 cmleste,

2204 1906 2358 1977 quod
2390 1905 2646 1960 coelestia
2687 1921 2799 1959 non
2830 1903 3138 1959 exhibebat
3168 1904 3345 1975 (Joan.
3378 1903 3414 1974 ι)
3450 1920 3463 1957 :
3497 1920 3630 1959 cum
3663 1905 3861 1976 ipsum

2204 1995 2359 2065 quod
2411 1994 2643 2049 caeleste
2693 1994 2750 2048 in
2780 1994 3007 2048 Joanne
3059 1994 3266 2062 fuerat,
3319 1991 3576 2064 Spiritus
3608 1994 3859 2065 prophe-

2202 2084 2315 2151 tiae,
2353 2089 2483 2153 post
2534 2082 2714 2137 totius
2763 2082 3011 2154 spiritus
3061 2083 3119 2137 in
3165 2082 3475 2137 Dominum
3528 2083 3865 2138 translatio-

2204 2189 2337 2228 nem
2371 2190 2559 2245 usque
2596 2173 2737 2227 adeo
2787 2172 3082 2237 defecerit,
3117 2177 3182 2226 ut
3210 2189 3383 2243 quem
3418 2173 3859 2243 praedicaverat,

2204 2278 2376 2331 quem
2427 2261 2828 2317 advenientem
2879 2261 3302 2331 designaverat,
3348 2262 3757 2332 postmodum,
3791 2278 3861 2316 an

2200 2350 2327 2422 ipse
2357 2356 2512 2406 esset
2556 2350 2781 2405 miserit
2830 2349 3197 2405 sciscitatum
3227 2350 3446 2421 (Matth.
3485 2351 3570 2420 ιι).
3628 2351 3859 2420 Ageba-

2203 2442 2299 2493 tur
2328 2438 2529 2510 itaque
2550 2438 2883 2509 baptismus
2907 2438 3280 2509 poenitentiae,
3310 2438 3480 2509 quasi
3506 2438 3861 2493 candidatus

2202 2528 2569 2583 remissionis
2616 2533 2673 2581 et
2720 2526 3201 2582 sanctificationis
3254 2527 3312 2581 in
3364 2527 3597 2583 Christo
3648 2528 3857 2583 subsc-

2202 2622 2443 2672 cuturaa.
2487 2617 2631 2671 Nam
2680 2617 2836 2687 quod
2890 2616 3241 2687 prazdicabat
3288 2615 3621 2687 baptismus
3674 2616 3856 2687 poeni-

2199 2705 2394 2761 tentiae
2457 2706 2516 2759 in
2576 2705 2983 2761 remissionem
3046 2704 3417 2771 delictorum,
3476 2704 3536 2758 in
3593 2704 3853 2759 futuram

2202 2794 2607 2850 remissionem
2640 2795 3009 2849 enuntiatum
3042 2798 3150 2848 est.
3174 2794 3477 2865 Siquidem
3510 2793 3855 2865 pmnitentia

2199 2884 2507 2950 antecedit,
2562 2882 2833 2938 remissio
2882 2884 3283 2954 subsequitur,
3332 2882 3528 2937 ethoc
3577 2888 3670 2937 est
3700 2882 3851 2937 viam

2198 2988 2521 3043 prmparare
2558 2990 2569 3027 :
2604 2971 2705 3043 qui
2757 2976 2954 3027 autem
3005 2977 3315 3043 praeparat,
3367 2988 3480 3026 non
3531 2970 3689 3025 idem
3730 2972 3853 3042 ipse

2196 3060 2441 3132 perlicit,
2497 3062 2700 3117 l2l2
2761 3062 2861 3116 sed
2914 3060 3010 3115 alii
3072 3060 3490 3131 perficiendum
3558 3066 3852 3131 procurat.

2198 3150 2325 3221 Ipse
2358 3150 2664 3222 proﬁtetur
2693 3167 2802 3205 sua
2832 3167 2948 3203 non
2998 3166 3127 3205 esse
3161 3148 3440 3219 cmlestia,
3474 3150 3572 3203 sed
3606 3149 3850 3216 Christi,

2565 3240 2668 3307 Qui
2723 3239 2788 3293 de
2846 3244 3000 3293 terra
3054 3242 3153 3305 est,
3214 3238 3278 3292 de
3335 3247 3478 3293 terra
3539 3238 3793 3309 loquitur
3832 3256 3851 3294 .'

2198 3331 2296 3399 qui
2340 3330 2405 3384 de
2451 3331 2702 3400 superuis
2751 3330 2920 3394 venit,
2973 3345 3135 3398 super
3180 3343 3366 3383 omnes
3412 3332 3491 3381 est
3543 3328 3724 3397 (Joan.
3769 3343 3846 3395 ιιι,

2195 3418 2307 3489 31).
2360 3423 2523 3483 Item,
2583 3417 2643 3471 in
2698 3416 2824 3473 sola
2875 3415 3218 3488 poenitentia
3246 3417 3291 3450 39
3349 3416 3656 3487 tinguere;
3717 3432 3847 3470 ven-

2195 3511 2393 3562 turum
2454 3524 2606 3570 mox,
2665 3508 2762 3577 qui
2845 3507 3141 3578 tingueret
3212 3506 3271 3559 in
3347 3505 3558 3577 spiritu
3617 3511 3679 3561 et
3734 3504 3846 3576 igni

2195 3598 2344 3665 (Luc.
2403 3613 2484 3664 ιιι,
2545 3596 2655 3667 16).
2735 3595 2987 3662 Scilicet,
3066 3595 3201 3665 quia
3277 3609 3412 3648 vera
3486 3599 3546 3648 et
3623 3594 3846 3649 stabilis

2193 3703 2357 3757 aquae
2418 3687 2563 3742 ﬁdes
2621 3703 2732 3757 qua
2790 3686 3080 3757 tinguitur
3132 3686 3191 3739 in
3250 3683 3500 3739 salutem
3563 3685 3720 3755 (lict);
3772 3684 3844 3738 si-

1862 3826 2063 3886 Variae
2092 3826 2415 3889 lectiones.

505 3943 550 3978 ³³
578 3937 1304 4015 Venas,_insulaberrimas
1333 3955 1516 4015 aquas
1548 3940 1829 4015 baptismi
1868 3941 2125 3998 Wouwer.
2157 3944 2469 4014 distinguit.
2547 3945 2591 3980 ³⁸
2620 3946 2795 4015 Aquae
2829 3944 2949 4000 cod.
2990 3944 3188 4000 Wouw.
3222 3945 3387 4015 Aqua
3413 3944 3543 3999 Jun.
3623 3943 3669 3976 ³⁷
3699 3941 3845 3997 Patri

433 4016 618 4072 Paris.
650 4015 753 4070 alii
782 4011 1026 4085 Pauperi
1063 4013 1115 4069 V.
1147 4028 1193 4069 c.
1236 4014 1430 4069 Wouw.
1464 4013 1584 4082 Rig.

1686 4013 1730 4047 ³³
1764 4020 1948 4084 Agere
1999 4015 2177 4071 Geten.
2211 4018 2436 4089 aliique.

2540 4017 2585 4052 39
2614 4021 2759 4072 Item
2809 4015 2935 4072 sola
2962 4033 3025 4072 se
3075 4016 3275 4087 peenit.
3323 4016 3489 4070 Fran.
3526 4015 3844 4071 Corbinian.

1874 4139 2400 4204 Commentarius.

504 4264 618 4338 (39)
648 4264 967 4338 Baptismus
1009 4280 1048 4317 a
1094 4263 1309 4338 laenae
1345 4261 1723 4338 denuntiatus.
1764 4263 2083 4338 Discrimen

436 4334 567 4394 esea
602 4334 766 4391 inter
810 4335 1174 4407 baptismum
1223 4334 1433 4389 Christi
1486 4340 1543 4389 et
1571 4335 1819 4391 Joannis
1869 4342 2088 4391 norunt

435 4408 781 4476 orthodoxi;
832 4405 984 4462 unde
1030 4405 1189 4461 Trid.
1241 4408 1523 4478 synodus,
1573 4423 1720 4462 sese.
1769 4408 1822 4463 7.
1876 4425 2002 4463 can.
2056 4410 2081 4464 1

437 4482 806 4622 Μᾶοῗίνίιιίι
833 4549 981 4605 enim
1014 4548 1231 4622 caeleste
1274 4549 1604 4622 praestabat,
1634 4552 1730 4605 sed
1775 4551 2086 4605 caelestibus

2198 4268 2504 4339 quaestioni
2550 4266 2814 4323 omnium
2865 4266 3142 4337 utrinque
3190 4266 3531 4321 fortissimo.
3586 4264 3667 4320 Eo
3712 4280 3844 4339 vero

2196 4337 2382 4422 utitur
2414 4339 2795 4422 Hieronymus
2835 4339 3115 4394 adversus
3163 4339 3578 4406 Luciferianos,
3611 4342 3673 4392 et
3702 4337 3848 4392 favet

2196 4412 2517 4482 interpreti.
2552 4411 2672 4466 RIG.

2266 4483 2377 4553 (41)
2408 4484 2759 4539 Pwnitentiw
2804 4481 3009 4537 sczlicet
3059 4483 3408 4553 prepositus.
3461 4478 3847 4553 Praedicandze

2197 4552 2547 4637 paenitentia:
2565 4554 2925 4637 .destinatus,
2946 4570 3049 4623 per
3065 4552 3541 4637 commissionem
3568 4552 3846 4637 baptismi

428 4619 946 4714 pfmr‘uincistrqoat‘.‘
969 4619 1351 4714 Siclamfn,‘
1369 4626 1447 4714 ‘ut
1476 4620 1610 4714 licet
1640 4640 1811 4714 aqua‘
1836 4624 2086 4714 Joannis
2116 4651 2164 4714 D
2197 4619 2377 4707 illius,
2411 4643 2524 4708 quo
2565 4626 2832 4706 homines
2882 4619 2982 4694 per
3013 4623 3429 4714 .pcenitentiam
3461 4619 3848 4694 impetrarent

438 4694 608 4749 tincti
668 4693 959 4764 Spiritum,
1002 4699 1271 4764 sanctum
1310 4708 1435 4764 _non
1487 4695 1836 4764 acciperent,
1889 4700 2087 4750 tamen

481 4761 911 4836 repararentur
946 4763 1007 4836 in
1039 4763 1189 4836 viam
1241 4761 1449 4836 salutis
1500 4764 1557 4819 in
1592 4761 1829 4821 nomine
1859 4767 2085 4821 venturi

481 4783 911 4836 repararentur
946 4783 1005 4817 ιιι
1039 4783 1189 4817 Viam
1241 4783 1449 4819 saluus
1500 4783 1557 4819 ID
1592 4783 1829 4821 nomine
1859 4783 2084 4821 venturi

436 4783 910 4907 Bomininostri.
946 4834 1041 4907 Ait
1065 4835 1226 4907 enim
1258 4834 1472 4907 Paulus
1500 4840 1669 4907 apud
1704 4838 1942 4907 Lucam,
1968 4840 2084 4894 Act.

435 4925 558 4980 XIX,
585 4909 654 4980 [ις
688 4904 962 4980 "linat/vna
992 4903 1087 4980 μὶγ
1136 4898 1391 4980 egistis:
1443 4898 1721 4980 βάπῖτισμᾳ
1780 4898 2085 4979 μεταῦοίας,

435 4973 664 5051 rip).an
697 4973 1000 5051 λὲγωνθνιεῗξ
1025 4973 1452 5051 meatum;
1499 4983 1613 5051 μετ’
1649 4973 1814 5033 "aerei.
1866 4981 1951 5036 ἶνα
1995 4973 2082 5034 πιέ

439 5045 721 5123 assuetos},
770 5045 1049 5123 ἰτρρτὲςικιξιν⁸
1094 5045 1186 5109 εἰς’
1216 5045 1308 5123 ἶὸῇ
1356 5045 1592 5123 Χρισίςὸν
1633 5054 1864 5122 Ἰησοῦν,
1899 5053 2088 5105 Ἀκοό-

438 5142 623 5198 caves;
803 5115 1195 5198 ξϐᾳπτίσβησαγ
1264 5118 1338 5181 εἰς
1389 5115 1451 5175 ἑὸ
1505 5115 2085 5198 ὄμνομαξτοῖΚυρίου

436 5195 640 5265 Ἰησοῦ.
676 5196 769 5250 Sic
811 5193 992 5263 igitur
1040 5193 1362 5263 baptizatos
1411 5193 1650 5265 perfecit
1681 5195 1893 5251 Paulus
1926 5193 2083 5250 :im-

437 5267 631 5338 posuit
662 5266 735 5322 iis
768 5282 1002 5339 manus,
1034 5270 1091 5318 et
1138 5265 1414 5320 continuo
1448 5270 1783 5339 supervenit
1828 5268 2086 5338 Spiritus

436 5336 698 5395 sanctus.
759 5337 911 5392 Sane
968 5336 1124 5390 hunc
1202 5351 1442 5392 sensum
1501 5336 1799 5395 insinuare
1856 5336 2087 5394 videtur

434 5413 641 5467 Lucas.
677 5414 748 5463 At
780 5407 1343 5480 Latinus__interprcs
1386 5408 1469 5462 sic
1500 5412 1763 5480 tradidit,
1798 5416 1862 5466 ut
1892 5411 2083 5466 denuo

431 5482 598 5539 tincti
658 5480 839 5535 fuisse
891 5477 1316 5554 intelliguntur,
1392 5481 1491 5554 qui
1537 5484 1663 5552 jam
1723 5477 2083 5554 baptismum

430 5553 683 5634 Joannis
718 5547 1114 5634 susceperant.
1169 5547 1331 5634 Unde
1362 5547 1426 5634 et
1465 5547 1572 5634 hos
1621 5547 1857 5634 quidem
1890 5556 2083 5634 denuo

434 5620 994 5696 baptizatos__fui_sse
1043 5620 1431 5696 consentiunt
1485 5620 1810 5696 Cyprianus
1864 5630 1920 5680 et
1961 5633 2086 5679 Au-

435 5690 728 5761 gustinus.
758 5693 939 5749 Nobis
987 5690 1179 5766 adhuc
1210 5691 1496 5766 suspicari
1531 5690 1656 5751 non
1683 5697 1943 5766 contigit,
1980 5714 2084 5752 cur

438 5768 551 5823 hoc
596 5769 940 5839 argumento
996 5762 1347 5821 abstinuerit
1395 5764 1712 5842 Septimus,
1770 5762 2081 5841 propositae

2196 4699 2606 4754 remissionem
2638 4697 2971 4752 criminum.
3012 4697 3139 4750 Lac.

2266 4771 2379 4841 (42)
2419 4773 2476 4825 In
2529 4770 2762 4826 hominis
2792 4771 3100 4841 _potestate.
3128 4768 3221 4841 Et
3276 4766 3412 4841 ideo
3455 4782 3572 4819 non
3627 4764 3845 4819 condu-

2194 4838 2369 4896 cebat
2406 4842 2737 4912 baptismus
2781 4839 3022 4895 Joannis
3073 4840 3142 4912 ad
3188 4838 3596 4912 remissionem
3646 4853 3845 4912 pecca-

2195 4918 2426 4979 torum;
2478 4908 2615 4968 nam
2661 4912 2720 4966 in
2771 4916 3056 4981 potestate
3106 4910 3531 4980 baptizatorum
3579 4914 3709 4963 erat
3738 4908 3846 4981 im-

2196 4991 2423 5054 petrare
2454 4980 2856 5039 remissionem
2909 5000 3008 5055 per
3058 4982 3457 5055 paenitentiam
3490 4980 3753 5052 (tametsi
3781 4995 3843 5055 ex

2194 5050 2557 5129 gratiaiDei),
2589 5056 2722 5113 licet
2746 5050 3103 5126 baptismum
3136 5054 3383 5109 Joannis
3414 5050 3530 5107 non
3562 5050 3846 5120 suscepis-

2197 5128 2667 5269 ΒΘῗὲὲῢῒῗἈσιὶδ
2725 5198 3117 5269 apostolorum,
3176 5200 3287 5269 etc.
3338 5197 3617 5269 Actorum
3677 5194 3842 5269 caput

2194 5264 2633 5342 xurii'ntelligit,
2686 5264 3214 5342 quod__mu_ltorum
3275 5266 3509 5342 ingen_ia
3566 5264 3837 5342 exercuit.

2198 5342 2269 5395 Ls
2301 5341 2401 5396 Pa.
2434 5341 2500 5397 V.
2533 5337 2792 5397 'Cursum
2842 5338 3167 5407 Theotogiaz,
3217 5344 3371 5392 auct.
3422 5337 3743 5407 Tournely,
3776 5338 3839 5389 de

2198 5412 2481 5482 baptismo,
2512 5431 2567 5483 q.
2604 5414 2653 5481 1,
2690 5417 2798 5465 art.
2830 5411 2885 5464 5.
2919 5411 3057 5465 Eoo.

2268 5477 2371 5551 l4!“
2412 5477 2545 5540 νένᾶ
2571 5477 2875 5538 et'stabitis
2924 5496 3089 5552 aquae
3115 5480 3269 5551 ﬁdes,
3316 5496 3423 5549 qua
3453 5477 3834 5552 tinguitur-“in

2192 5546 2448 5612 salutem.
2500 5555 2751 5610 Omnino
2798 5546 3198 5617 scribendum,
3248 5574 3275 5602 ‹‹
3326 5546 3477 5606 Vera
3520 5557 3578 5605 et
3619 5546 3838 5604 stabilis

2193 5626 2339 5698 fides
2371 5644 2523 5697 aqua
2556 5626 2840 5698 tinguitur
2871 5625 2943 5698 in;
2980 5624 3308 5698 salutem.)
3344 5624 3439 5678 Sic
3470 5621 3631 5677 enim
3652 5620 3837 5698 scrip-

2194 5696 2343 5752 sisse
2371 5694 2799 5771 Tertullianum
2838 5696 2984 5752 ratio
3030 5696 3364 5771 persuadet,
3397 5694 3704 5766 sequentia
3732 5698 3838 5746 tes-

2192 5773 2411 5829 tantur.
2445 5769 2572 5828 Rm.
