4148 6194
276 289 429 350 1321

1582 284 1818 348 LIBER
1856 286 1961 347 DE
2001 285 2423 348 BAPTISMO.

3524 268 3702 345 iss:

279 421 509 477 mulata
534 427 729 476 autem
781 422 839 474 et
883 418 1140 484 inﬁrma,
1174 416 1297 489 igni
1341 416 1644 489 tinguitur
1688 418 1747 473 in
1772 418 1935 488 judi-
1962 422 2019 488 Α
2046 419 2207 475 habet
2258 422 2430 475 vitam
2485 422 2663 489 (Joan.
2726 422 2831 489 ιιι),
2889 420 3277 479 suboriuntur
3337 416 3697 488 scrupulosi,

276 510 434 565 cium
465 509 599 582 (45).

916 657 1147 713 CAPUT
1193 658 1291 712 XI.

349 814 459 869 Sed
491 828 642 881 ecce,
680 810 873 882 inquit
902 810 967 879 ‘0,
993 808 1150 863 venit
1182 808 1562 877 Dominus,et
1593 824 1706 862 non
1739 806 1929 862 tinxit.

280 906 552 969 Legimus
604 900 759 955 enim
799 901 907 955 :El
934 902 1119 953 tamen
1164 899 1210 951 is
1256 914 1362 950 non
1412 897 1709 966 tinguebat,
1744 914 1934 951 verum

276 994 545 1060 discipuli
603 991 719 1061 ejus
776 991 953 1059 (Joan.
1017 992 1111 1055 iv),
1174 985 1312 1055 quia
1342 986 1403 1054 ‘l,
1455 1002 1673 1047 revera,
1736 987 1930 1055 ipsum

278 1083 404 1138 suis
440 1080 716 1135 manibus
752 1078 1072 1132 tincturum
1100 1074 1929 1145 Joannes,praedicasset(Luc.

276 1176 381 1238 ιιι).
418 1174 542 1223 Non
577 1167 781 1236 utique
811 1165 895 1221 sic
949 1162 1394 1234 intelligendum
1426 1166 1535 1230 est,
1569 1163 1667 1217 sed
1702 1162 1931 1234 simpli-

274 1259 420 1315 citer
449 1259 669 1312 dictum
705 1271 861 1309 more
892 1250 1209 1308 communi.
1233 1251 1392 1306 Sicut
1422 1252 1695 1319 est,verbi
1724 1252 1927 1320 gratia,

276 1351 604 1420 Imperator
654 1342 958 1415 proposuit
989 1342 1268 1408 edictum,
1294 1345 1391 1395 aut
1426 1342 1732 1411 praefectus
1764 1340 1929 1395 fusti-

273 1439 386 1493 bus
417 1436 684 1498 csecidit;
719 1432 985 1502 nunquid
1034 1433 1159 1501 ipse
1203 1429 1493 1501 proponit,
1527 1435 1630 1484 aut
1660 1430 1926 1499 nunquid

270 1528 398 1598 ipse
428 1524 644 1579 caedit?
680 1538 913 1592 semper
957 1521 1008 1575 is
1058 1518 1273 1595 dicitur
1322 1520 1533 1585 facere,
1566 1518 1661 1574 cui
1698 1518 1926 1590 praemi-

270 1617 579 1671 nistratur.
617 1614 703 1667 Ita
754 1611 863 1664 erit
913 1609 1343 1679 accipiendum.
1376 1607 1506 1678 Ipse
1553 1624 1654 1661 vos
1701 1606 1929 1675 tinguet

270 1721 378 1778 pro
408 1721 474 1758 eo
509 1702 663 1774 quod
698 1706 918 1769 est,per
938 1700 1123 1767 ipsum
1138 1695 1606 1767 tinguemini,vel
1640 1696 1696 1749 in
1719 1696 1922 1765 ipsum.

266 1794 380 1849 Sed
415 1810 487 1847 ne
518 1796 744 1845 moveat
794 1787 1105 1859 quosdam,
1140 1786 1293 1855 quod
1350 1801 1465 1839 non
1518 1786 1644 1855 ipse
1693 1785 1925 1854 tingue-
1958 1802 2004 1867 Β

265 1881 462 1937 bat.ln
492 1895 666 1950 quem
698 1878 852 1932 enim
886 1874 1226 1946 tingueret?
1249 1875 1306 1927 in
1332 1873 1732 1943 paenitentiam
1759 1873 1785 1926 ?
1812 1889 1926 1943 quo

265 1986 408 2042 ergo
426 1969 511 2022 illi
537 1964 994 2038 praecursorem?
1016 1965 1074 2017 in
1101 1966 1472 2033 peccatorum
1497 1962 1924 2027 remissionem,

267 2074 449 2131 quam
501 2055 674 2109 verbo
722 2053 946 2107 dabat?
978 2052 1035 2105 in
1069 2050 1476 2121 semetipsum,
1509 2066 1682 2120 quem
1730 2050 1925 2103 humi-

261 2146 429 2202 litate
480 2142 750 2200 celabat?
782 2142 838 2195 in
881 2140 1164 2208 Spiritum
1212 2144 1502 2205 sanctum,
1536 2139 1629 2207 qui
1664 2139 1927 2192 nondum

268 2253 306 2291 a
335 2236 502 2289 Patre
533 2230 954 2287 descenderat?
989 2230 1044 2282 in
1081 2228 1419 2293 Ecclesiam,
1454 2243 1628 2298 quam
1663 2227 1925 2281 nondum

271 2322 526 2395 apostoli
573 2316 957 2377 struxerant?
994 2318 1194 2386 itaque
1250 2316 1604 2387 tinguebant
1652 2314 1926 2385 discipuli

274 2415 427 2484 ejus,
462 2419 526 2466 ut
572 2409 851 2471 ministri,
886 2413 948 2460 ut
974 2406 1231 2461 Joannes
1276 2413 1408 2459 ante
1460 2421 1798 2475 praecursor,
1831 2420 1928 2459 eo-

272 2503 407 2557 dem
470 2500 763 2571 baptismo
818 2495 1083 2557 Joannis,
1118 2510 1190 2548 ne
1250 2494 1344 2561 qui
1406 2493 1519 2547 alio
1576 2499 1761 2563 putet,
1792 2493 1931 2563 quia

280 2606 388 2645 nec
419 2592 608 2645 exstat
660 2585 811 2640 alius
843 2584 955 2638 nisi
1013 2588 1215 2652 postea
1244 2582 1481 2651 Christi,
1515 2581 1614 2651 qui
1646 2589 1785 2635 tunc
1818 2581 1928 2635 uti-

274 2695 391 2752 que
422 2696 456 2733 a
495 2675 859 2732 discentibus
909 2673 1035 2727 dari
1093 2688 1207 2726 non
1257 2676 1502 2742 poterat,
1534 2675 1728 2741 utpote
1777 2686 1927 2725 non-

268 2769 411 2823 dum
463 2764 779 2836 adimpleta
809 2761 993 2831 gloria
1050 2759 1299 2823 Domini,
1334 2775 1439 2814 nec
1487 2759 1773 2814 instructa
1801 2759 1925 2813 effi-

268 2857 428 2911 cacia
484 2852 696 2910 lavacri
757 2866 861 2923 per
908 2849 1240 2920 passionem
1292 2857 1345 2903 et
1390 2849 1924 2903 resurrectionem:

268 2946 410 3017 quia
440 2960 546 2998 nec
575 2958 735 2998 mors
785 2946 985 2994 nostra
1016 2937 1256 2993 dissolvi
1308 2943 1505 3008 posset
1548 2937 1659 2993 nisi
1690 2937 1925 3008 Domini

264 3035 541 3106 passione
573 3033 746 3099 (Rom.
780 3033 879 3097 v1),
914 3044 1019 3083 nec
1051 3028 1168 3081 vita
1198 3027 1426 3082 restitui
1462 3026 1587 3083 sine
1632 3042 1925 3082 resurrec-

263 3123 426 3178 tione
456 3120 647 3193 ipsius
679 3120 744 3173 ⁸³.

781 3286 988 3343 1213
1020 3285 1245 3341 CAPUT
1282 3285 1396 3342 XII.

336 3443 483 3498 Cum
540 3456 675 3496 vero
730 3436 1127 3510 praescribitur
1175 3436 1396 3491 nemini
1451 3437 1578 3493 sine
1624 3438 1918 3511 baptismo

261 3535 596 3603 competere
625 3527 899 3594 salutem,
933 3543 1001 3581 ex
1031 3525 1131 3581 illa
1162 3526 1414 3582 maxime
1444 3528 1919 3599 pronuntiatione

262 3619 523 3688 Domini,
557 3617 658 3691 qui
689 3616 772 3673 ait
804 3632 817 3672 :
849 3615 969 3671 Nisi
996 3619 1161 3670 natus
1207 3631 1279 3672 ex
1323 3632 1472 3688 aqua
1500 3619 1619 3689 quis
1650 3620 1777 3685 erit,
1808 3635 1920 3675 non

2042 508 2161 563 imo
2208 509 2499 564 temerarii
2556 514 2907 565 retractatus
2949 510 3360 581 quorumdam,
3393 507 3689 577 quomodo

2041 614 2110 653 ex
2165 598 2277 653 ista
2325 599 2763 670 praescriptione
2818 597 3101 670 apostolis
3159 597 3320 653 salus
3378 600 3692 667 competat,

2043 704 2192 757 quos
2247 689 2452 742 tinctos
2509 705 2625 742 non
2682 688 3015 743 invenimus
3064 688 3123 741 in
3178 686 3440 754 Domino,
3486 689 3696 755 praeter

2048 776 2441 830 Paulum.Imo
2473 793 2605 830 cum
2640 776 2859 830 Paulus
2892 776 3053 830 solus
3084 792 3150 830 ex
3179 775 3295 829 illis
3328 773 3689 844 baptismum

2042 864 2254 919 Christi
2288 865 2562 933 induerit,
2588 871 2687 919 aut
2718 864 3158 935 praajudicatum
3193 880 3321 919 esse
3353 864 3424 917 de
3454 867 3690 917 caetero-

2044 971 2171 1008 rum
2207 954 2483 1024 periculo,
2516 954 2610 1023 qui
2660 961 2895 1009 careant
2944 970 3096 1024 aqua
3142 952 3375 1020 Christi,
3410 957 3475 1006 ut
3511 968 3689 1022 praas-
3768 952 3771 953 ⁷

2042 1042 2218 1113 ciptio
2272 1042 2432 1097 salva
2486 1043 2582 1107 sit,
2634 1049 2733 1097 aut
2783 1044 3035 1097 rescindi
3090 1041 3605 1113 praescriptionem,
3641 1040 3685 1093 si

2041 1135 2213 1187 etiam
2247 1149 2360 1185 non
2393 1132 2597 1185 tinctis
2628 1131 2787 1185 salus
2818 1137 3039 1187 statuta
3068 1130 3408 1195 est.Audivi,
3444 1130 3689 1183 Domino

2039 1226 2209 1282 teste.
2238 1220 2550 1291 ejusmodi,
2586 1237 2656 1275 ne
2704 1221 2833 1288 quis
2864 1237 2957 1275 me
2987 1228 3109 1274 tam
3158 1218 3452 1289 perditum
3486 1219 3687 1273 existi-

2042 1316 2178 1379 met,
2214 1315 2277 1364 ut
2316 1309 2467 1363 ultro
2511 1310 2794 1380 exagitem
2846 1309 3088 1363 libidine
3121 1309 3164 1343 ⁴³
3195 1307 3350 1379 styli,
3385 1324 3511 1377 quae
3560 1307 3691 1361 aliis

2040 1398 2383 1470 scrupulum
2431 1398 2721 1452 incutiant
2752 1398 2813 1451 “.
2844 1398 2914 1451 Et
2961 1414 3119 1450 nunc
3168 1396 3307 1460 illis,
3350 1400 3416 1449 ut
3466 1400 3686 1465 potero.

2040 1488 2424 1557 respondebo.
2455 1486 2553 1557 qui
2586 1491 2802 1555 negant
2852 1486 3148 1555 apostolos
3194 1485 3431 1538 tinctos.
3462 1484 3603 1538 Nam
3637 1484 3687 1539 si

2038 1576 2362 1631 humanum
2396 1575 2642 1630 Joannis
2668 1575 3023 1645 baptismum
3056 1573 3329 1641 inierant,
3354 1578 3411 1628 et
3432 1572 3686 1627 Domini-

2036 1681 2168 1720 cum
2204 1664 2615 1719 desiderabant
2644 1664 2754 1733 (46)
2787 1668 3077 1734 quatenus
3107 1679 3288 1717 unum
3323 1662 3685 1733 baptismum

2036 1754 2341 1808 dctinicrat
2369 1752 2564 1822 “ipse
2612 1752 2918 1819 Dominus,
2951 1753 3151 1806 dicens
3202 1755 3371 1806 Petro
3413 1751 3686 1821 perfundi

2038 1841 2257 1896 nolenti
2288 1841 2333 1876 ⁸⁸
2366 1857 2378 1895 :
2414 1842 2521 1908 Qui
2565 1842 2729 1894 semel
2774 1841 2907 1895 lavit
2938 1841 3073 1911 (47),
3116 1856 3224 1895 non
3272 1840 3434 1895 habet
3474 1856 3686 1896 necesse

2036 1947 2261 1985 rursum
2314 1931 2493 1995 (Joan.
2554 1946 2677 1993 xm,
2717 1930 2772 1993 6)
2807 1947 2819 1984 :
2852 1931 3007 1999 quod
3070 1928 3272 1999 utique
3326 1945 3442 1983 non
3502 1928 3683 1984 tincto

2037 2037 2151 2074 non
2182 2019 2420 2073 omnino
2464 2018 2746 2083 dixisset;
2779 2022 2836 2072 et
2866 2017 3017 2072 hanc
3046 2021 3135 2072 est
3164 2017 3425 2087 probatio
3457 2023 3687 2073 exserta

2038 2112 2318 2164 adversus
2352 2106 2505 2173 illos,
2538 2106 2635 2176 qui
2668 2106 2938 2160 adimunt
2984 2105 3264 2176 apostolis
3294 2104 3470 2161 etiam
3510 2106 3686 2162 Joan-

2038 2197 2128 2251 nis
2163 2198 2540 2267 baptismum,
2576 2199 2642 2251 ut
2671 2196 2977 2251 destruant
3017 2212 3179 2266 aquae
3229 2200 3688 2252 sacramentum.

2038 2288 2116 2341 An
2170 2285 2447 2341 credibile
2494 2285 2676 2339 videri
2727 2290 2938 2355 potest,
2972 2285 3029 2339 in
3086 2284 3178 2339 his
3227 2284 3492 2355 personis
3539 2284 3689 2340 viam

2038 2378 2178 2429 tunc
2216 2373 2441 2429 Domini
2474 2378 2874 2445 praeparatam,
2909 2373 2967 2428 id
3000 2378 3089 2428 est
3120 2374 3480 2445 baptismum
3510 2374 3691 2430 Joan-

2038 2465 2151 2529 nis,
2184 2480 2312 2534 ques
2360 2464 2431 2519 ad
2461 2464 2615 2518 viam
2665 2462 2894 2518 Domini
2925 2479 3027 2534 per
3076 2466 3265 2518 totum
3315 2463 3515 2519 orbem
3548 2480 3689 2535 ape-

2038 2553 2302 2608 rieudam
2361 2552 2859 2608 destinabantur?
2916 2553 3047 2624 Ipse
3098 2552 3404 2623 Dominus,
3466 2552 3686 2609 nullius

2037 2641 2388 2714 poenitentiae
2438 2642 2683 2709 debitor,
2716 2643 2936 2696 tinctus
2988 2645 3096 2707 est,
3132 2642 3538 2712 peccatoribus
3568 2659 3687 2698 non

2036 2730 2149 2785 fuit
2196 2729 2477 2786 necesse?
2506 2730 2651 2795 Quid
2702 2745 2837 2801 ergo
2860 2730 2887 2783 ?
2917 2729 3014 2784 alii
3059 2730 3225 2784 tincti
3259 2746 3374 2785 non
3424 2736 3563 2786 sunt
3594 2732 3638 2768 ‘7
3661 2732 3689 2788 ?

2037 2836 2151 2874 non
2185 2826 2379 2875 tamen
2428 2819 2669 2874 comites
2717 2818 2951 2884 Christi,
2985 2820 3087 2875 sed
3128 2819 3322 2875 aemuli
3355 2820 3511 2891 ﬁdei,
3541 2820 3685 2893 legis

2036 2909 2300 2964 doctores
2358 2914 2414 2964 et
2470 2908 2768 2963 Pharisaei.
2804 2908 2964 2963 Unde
3022 2913 3079 2963 et
3134 2909 3488 2979 suggeritur,
3552 2926 3685 2965 cum

2035 2997 2409 3052 adversantes
2440 2998 2681 3051 Domino
2728 2996 2920 3067 tingui
2968 2996 3280 3065 noluerint,
3310 3014 3410 3053 eos
3441 2997 3539 3069 qui
3570 2998 3687 3053 Do-

2037 3087 2266 3140 minum
2298 3086 2718 3157 sequebantur,
2750 3085 2964 3141 tinctos
2996 3086 3307 3152 fuisse,nec
3337 3103 3469 3142 cum
3501 3103 3689 3143 aemu-

1950 3176 1991 3241 C
2033 3173 2106 3229 lis
2161 3176 2285 3230 suis
2345 3175 2638 3246 sapuisse,
2679 3175 2931 3230 maxime
2982 3176 3215 3246 quando
3261 3176 3548 3232 Dominus
3595 3176 3690 3231 cui

2030 3263 2644 3331 adhmrebant,l214
2675 3263 3015 3320 testimonio
3044 3264 3328 3320 Joannem
3361 3264 3687 3332 extulisset,

2027 3353 2213 3421 Nemo,
2254 3352 2453 3409 dicens
2504 3353 2715 3421 (Matth.
2750 3369 2812 3417 ιι,
2847 3354 2953 3425 11),
2986 3355 3169 3424 major
3216 3356 3362 3409 inter
3402 3359 3558 3411 natos
3590 3358 3686 3425 fe-

2027 3442 2313 3497 minarum
2339 3444 2550 3498 Joanne
2581 3442 2933 3513 baplizalore.
2967 3442 3075 3496 Alii
3112 3442 3283 3514 plane
3315 3443 3459 3499 satis
3488 3449 3687 3500 coacte

2027 3528 2302 3601 injiciunt
2332 3535 2471 3586 tunc
2503 3530 2798 3602 apostolos
2848 3529 3126 3602 baptismi
3171 3530 3355 3587 vicem
3403 3531 3686 3604 implesse

2028 3635 2165 3676 cum
2223 3620 2283 3676 in
2342 3620 2616 3677 navicula
2671 3620 2947 3677 ﬂuctibus
3018 3620 3243 3693 aspersi
3301 3622 3489 3693 operti
3545 3628 3687 3680 sunt

1683 3761 1885 3822 Varias
1922 3762 2245 3824 lectiones.

331 3894 376 3928 ⁸ο
406 3892 683 3963 Inquiunt
710 3892 891 3946 Paris.
969 3889 1008 3924 “
1043 3889 1219 3963 Quasi
1250 3891 1435 3963 Paris.
1467 3893 1594 3947 Jun.
1631 3891 1947 3948 Corbinian.

2052 3893 2501 3970 f’__Surrecti_one
2532 3891 2719 3970 ipsius
2749 3892 2972 3970 _Paris.__
3016 3893 3083 3970 _“
3116 3893 3442 3970 Libidinem
3474 3897 3679 3970 Rigalt.

255 3968 426 4022 Fran.
494 3962 548 3997 7“
578 3963 830 4037 Incutiat
874 3963 1041 4037 Frugi.
1120 3962 1163 3995 ⁸⁸
1194 3962 1538 4019 Definiebat.
1570 3980 1620 4019 υ.
1653 3981 1700 4019 c.
1743 3963 1942 4018 Wouw.
2020 3964 2065 3999 ‘°
2094 3964 2323 4020 Volenti
2365 3966 2495 4021 Jun.
2533 3964 2852 4020 Corbinian.
2929 3965 2972 3998 ‘7
3003 3967 3167 4028 Quod
3215 3978 3350 4037 ergo
3402 3962 3560 4037 lum,
3586 3969 3689 4025 alii

255 4037 429 4094 tincti
460 4052 575 4091 non
605 4035 727 4090 sint
758 4051 807 4089 v.
842 4050 890 4088 ο.
934 4034 1135 4090 Wouw.

1710 4132 2228 4194 Commentarius.

336 4257 450 4327 (45)
484 4258 602 4326 lgm‘
647 4256 928 4325 tinguitur
978 4258 1038 4310 in
1068 4255 1359 4323 judicium.
1394 4255 1487 4311 Sic
1537 4254 1763 4311 adsolet
1792 4260 1931 4310 Ter-

268 4330 556 4383 tullianus
617 4344 629 4381 :
690 4328 919 4397 quoties
978 4330 1043 4381 lit
1096 4328 1312 4387 mentio
1388 4327 1563 4399 ignis,
1625 4329 1930 4382 confestim

266 4399 633 4457 occasionem
671 4401 844 4468 rapit,
878 4398 1245 4469 intenditque
1294 4399 1350 4453 in
1404 4398 1749 4470 supremum
1790 4400 1930 4454 illud

2045 4255 2532 4331 resurrectionem
2564 4254 2791 4331 Christi
2813 4255 3043 4331 negavit
3072 4255 3514 4331 apostoliscap.
3550 4277 3693 4331 pra-

2042 4329 2306 4401 cedenti;
2341 4345 2477 4382 nam
2528 4344 2632 4382 nec
2665 4328 2931 4383 Christus
2976 4329 3292 4398 baptizavit
3341 4328 3493 4397 illos,
3524 4328 3695 4401 juxta

2042 4399 2492 4468 Tertullianum,
2522 4416 2705 4470 neque
2739 4401 3074 4455 institutum
3111 4406 3231 4455 erat
3258 4399 3693 4460 sacramentum

266 4471 503 4529 Domini
528 4470 844 4541 judicium.
880 4470 1010 4543 Alii
1042 4487 1173 4525 vero
1223 4470 1444 4543 dictum
1480 4469 1626 4543 illud
1658 4472 1925 4540 Joannis,
1960 4480 2004 4543 ι)
2037 4472 2338 4543 baptismi,
2372 4473 2524 4542 quod
2561 4469 2801 4542 possent
2831 4472 3167 4526 ministrare
3196 4471 3331 4542 ipsi,
3368 4473 3521 4527 idem
3555 4480 3693 4531 Ter-

266 4549 583 4621 venturum
614 4541 913 4621 _mox_qui
973 4541 1267 4621 tingueret
1315 4542 1373 4595 in
1424 4541 1743 4621 spiritu__et
1785 4543 1928 4621 igni,

268 4617 568 4686 accipiunt
598 4614 667 4667 de
696 4612 950 4686 Spiritus
975 4614 1161 4668 sancti
1192 4613 1252 4666 in
1282 4614 1579 4683 apostolos
1612 4612 1833 4683 illapsu
1858 4618 1929 4669 ad

270 4684 426 4743 diem
466 4688 851 4739 Pentecostes.
889 4684 1016 4738 R16.

343 4760 458 4829 (46)
500 4759 573 4829 Et;
624 4756 968 4829 Dogminicum
1024 4753 1464 4829 desiderabanl._
1495 4753 1569 4808 Ut
1626 4755 1809 4809 renati
1869 4770 1938 4809 ex

276 4826 523 4899 aq'ua'et
551 4826 772 4899 Spiritu
827 4831 1053 4899 sancto,
1090 4826 1367 4899 haberent
1415 4826 1596 4879 vitam
1638 4831 1933 4880 aeternam.

275 4896 423 4956 Nam
460 4896 779 4953 necessitas
829 4898 934 4951 illa
960 4898 1127 4952 Joan.
1164 4915 1226 4951 ιιι
1257 4896 1447 4951 edicta
1481 4914 1493 4949 ε
1529 4898 1647 4952 Nisi
1693 4900 1815 4967 quis
1855 4914 1936 4952 re-

275 4983 455 5052 natus.
487 4972 665 5052 fuerit
713 4985 786 5023 ea:
836 4970 1323 5052 aquaet‘Spirit‘u
1372 4976 1579 5052 sancio.
1614 4986 1724 5052 non
1769 4974 1941 5052 potest

277 5040 516 5099 introire
548 5044 609 5095 in
640 5055 871 5109 regnum
902 5042 1023 5104 Dei,
1056 5041 1125 5095 de
1157 5040 1714 5111 baptismoﬂChristi
1766 5040 1937 5095 intel-

281 5114 520 5187 ligenda
549 5110 1423 5187 est.Res_pondetigiturauctor
1456 5110 1527 5165 iis
1560 5112 1657 5181 qui
1688 5113 1937 5187 eo‘quod

282 5182 580 5259 apostolos
614 5184 1085 5259 non_baptizato_s
1135 5184 1414 5259 dicerent,
1450 5197 1649 5259 eorum
1685 5182 1935 5259 salutem

281 5253 341 5314 in
397 5253 855 5327 controversiam
907 5256 1210 5320 vocabant,
1250 5254 1337 5309 vel
1387 5254 1627 5308 omnino
1682 5255 1941 5327 ambige-

284 5332 451 5393 bant,
483 5333 541 5381 et
589 5326 848 5397 primum
900 5342 1071 5397 agere
1124 5328 1297 5395 οωρῆ
1344 5327 1628 5397 adversus
1676 5342 1797 5393 eos,
1843 5326 1942 5396 qui

282 5402 538 5473 sigmate
568 5396 865 5470 negabant
895 5397 1175 5473 apostolis
1206 5397 1565 5473 bapti_smum
1599 5396 1834 5473 Christi,
1857 5398 1943 5473 iq-

285 5467 492 5545 qﬁein
525 5467 812 5545 hoc'cap.
844 5467 957 5524 non
1010 5468 1304 5545 inﬁciatur
1346 5467 1588 5545 Tertull.
1622 5470 1727 5523 Sed
1763 5470 1942 5525 absti-

287 5539 391 5601 net
422 5544 531 5597 bac
587 5539 934 5611 quaestione,
967 5544 1022 5595 et
1070 5544 1298 5594 tantum
1348 5539 1618 5603 intendit,
1655 5557 1768 5595 non
1818 5559 1946 5598 esse

292 5614 691 5687 dubitandum
718 5614 810 5687 de
845 5612 1079 5687 illorum
1114 5611 1302 5687 salute
1338 5627 1350 5665 :
1384 5611 1515 5687 licet
1546 5611 1774 5687 Christi
1806 5615 1945 5687 bap-

294 5691 478 5746 tismo
508 5699 626 5741 non
668 5682 884 5739 fuerint
933 5684 1169 5756 initiati,
1201 5698 1376 5756 quem
1420 5682 1782 5754 baptismum
1814 5682 1949 5743 ante

622 5813 886 5876 Panos.
934 5812 984 5873 Ι.

2043 4544 2426 4613 tull.probat;
2462 4545 2751 4598 t'uerintne
2781 4548 2913 4613 post
2961 4543 3446 4599 resurrectionem
3479 4546 3695 4603 Christi

2043 4616 2343 4686 baptizati,
2377 4632 2487 4668 non
2520 4615 2802 4686 disputat,
2838 4632 2939 4671 nec
2984 4616 3230 4669 inclinat
3260 4614 3559 4684 alterutro,
3594 4622 3695 4675 sed

2044 4686 2205 4741 illius
2262 4692 2492 4740 tantum
2549 4687 2873 4761 scopus_in
2932 4687 3040 4741 hoc
3092 4702 3219 4761 cap.
3255 4694 3699 4761 est.Aapostolie

2045 4764 2373 4834 competere
2428 4760 2665 4834 omnino
2723 4758 2996 4834 salutem,
3057 4758 3176 4834 sive
3234 4758 3403 4834 tincti
3456 4758 3698 4834 iuerint,

2047 4832 2166 4885 sive
2200 4828 2368 4895 illoti,
2404 4829 2499 4881 ubi
2534 4836 2761 4900 arrepta
2795 4830 3100 4883 occasione
3130 4830 3424 4900 baptisma
3454 4828 3700 4891 Joannis

2048 4900 2342 4974 accepisse
2378 4902 2652 4974 prohat:
2704 4906 2762 4957 at
2822 4902 2897 4974 de
2936 4902 3246 4974 Dominico
3306 4910 3473 4961 caute
3530 4908 3699 4974 silet;

2049 4989 2229 5045 quare
2260 4972 2488 5045 titulus,
2523 4988 2695 5042 quem
2727 4973 2901 5041 capiti
2935 4972 3069 5026 huic
3104 4974 3348 5044 prtsfixit
3379 4972 3694 5045 Pamelius,

2050 5044 2202 5127 quod
2268 5044 2499 5125 apostoli
2557 5044 2825 5127 baptizali
2892 5045 3064 5127 [uisse
3114 5045 3422 5127 uideantur,
3482 5044 3703 5127 indicat

2048 5117 2221 5199 plane
2253 5117 2493 5197 minime
2545 5117 2877 5171 collimasse
2925 5117 3177 5170 auctoris
3226 5124 3501 5174 mentem.
3540 5122 3701 5180 Unde

2050 5188 2457 5242 illustrissimo
2490 5186 2757 5253 Baronio,
2791 5205 2884 5241 an.
2914 5188 3000 5254 31,
3034 5205 3198 5243 num.
3232 5189 3282 5253 4,
3316 5190 3449 5245 licet
3494 5211 3607 5249 non
3642 5214 3702 5251 se

2051 5259 2297 5337 explicgt
2352 5260 2613 5337 omnino,
2675 5265 2731 5337 et
2783 5259 3152 5337 Bellarmino,
3216 5260 3367 5337 lib.I
3419 5262 3483 5337 de
3540 5271 3697 5337 Bapl.

2053 5348 2181 5401 cap.
2212 5330 2283 5382 25
2314 5330 2512 5383 minus
2547 5330 2737 5385 illuxit
2765 5332 2884 5385 At’ri
2934 5334 3115 5385 nostri
3159 5332 3560 5389 testimonium
3596 5330 3703 5393 hoc

2053 5408 2279 5475 cap._ut
2310 5401 2624 5475 probarent
2657 5402 2953 5473 apostolos
2987 5402 3169 5459 fuisse
3207 5404 3501 5475 baptismo
3533 5408 3703 5463 Chri-

2055 5474 2129 5529 sti
2164 5472 2393 5527 tinctos.
2434 5472 2563 5527 Lac.

2128 5546 2241 5615 (47)
2274 5545 2379 5611 Qui
2424 5546 2595 5599 semel
2626 5544 2777 5599 lavit.
2812 5545 2891 5600 De
2940 5544 3234 5615 baptismo
3274 5562 3387 5601 non
3436 5546 3702 5605 iterando

2060 5616 2174 5671 haec
2205 5618 2378 5672 verba
2407 5615 2563 5689 loqui
2598 5618 2883 5672 videntur.
2920 5618 2997 5672 Ls
3026 5617 3127 5671 Pa.

3308 5815 3389 5879 42
