4148 6194
433 275 589 335 {383

997 267 1523 331 TERTULLIANI
1566 265 1889 328 OPERUM
1936 264 2135 325 PARS
2178 265 2224 324 Ι.
2267 299 2338 309 -
2370 265 2643 331 SERIES
2687 271 2767 342 II,
2812 271 3289 333 DOGMATICA.

3692 276 3853 336 1324

428 408 641 481 (Matth.
671 406 836 478 VIII);
870 408 1067 478 ipsum
1113 418 1343 474 quoque
1373 402 1607 455 Petrum
1657 416 1759 471 per
1798 415 1957 454 mare
1987 399 2074 452 in-
2105 400 2161 465 Α
2193 402 2551 473 praescripta.
2599 406 2689 473 Ite,
2734 404 2957 476 inquit,
3004 405 3183 462 docete
3227 409 3494 478 nationes,
3541 411 3858 479 tinguentes

433 498 792 571 gredientem
842 495 987 549 satis
1040 509 1294 547 mersum
1345 491 1541 561 (Matth
1600 490 1740 561 xw).
1778 490 1847 545 Ut
1878 490 2088 561 Opinor

432 592 650 652 autem,
681 583 840 639 aliud
871 582 1103 654 aspergi
1152 580 1241 634 vel
1275 580 1542 649 intercipi
1574 578 1849 634 violentia
1887 577 2088 655 maris.

434 676 592 731 aliud
625 673 834 745 itingui
884 669 1194 741 disciplina
1248 668 1566 739 religionis.
1601 669 1883 723 Caeterum
1928 667 2085 721 navi-

434 764 567 819 cula
604 762 705 817 illa
760 763 1009 833 figuram
1071 758 1334 813 Ecclesiae
1395 758 1757 828 praeferebat,
1812 757 1966 826 quod
2028 757 2084 810 in

435 854 606 917 mari,
640 852 697 905 id
728 856 817 906 est
843 848 1075 915 saeculo,
1116 846 1414 911 ﬂuctibus,
1452 846 1506 899 id
1542 851 1630 900 est
1663 845 2083 916 persecutioni-

433 943 541 997 bus
575 945 632 995 et
662 938 1089 994 tentationibus
1140 935 1521 1005 inquietator,
1554 933 1825 1003 Domino,~
1850 950 1951 1004 per
1983 952 2082 1004 pa-

433 1031 578 1085 tiam
612 1028 769 1083 velut
800 1027 1123 1082 dormiente
1164 1024 1374 1096 (Matth.
1410 1025 1554 1094 vm),
1591 1024 1770 1077 donec
1801 1023 2081 1077 orationi-

431 1120 542 1174 bus
601 1123 940 1172 sanctorum
991 1116 1045 1168 in
1100 1113 1323 1167 ultimis
1374 1113 1714 1178 suscitatus,
1749 1116 2084 1179 compescat

430 1207 712 1263 saeculum
742 1206 853 1276 (48)
884 1212 940 1259 et
970 1202 1461 1273 tranquillitatem
1502 1202 1627 1255 suis
1661 1201 1882 1255 reddat.
1917 1201 2083 1254 Nunc

430 1296 548 1352 sive
580 1294 747 1350 tincti
779 1308 1013 1365 quoquc
1048 1292 1216 1345 modo
1251 1291 1504 1357 fuerunt,
1539 1289 1659 1343 sive
1692 1289 1837 1343 illoti
1885 1305 2079 1359 perse-

430 1387 796 1447 veraverunt,
834 1388 896 1436 ut
930 1385 985 1435 et
1016 1380 1157 1433 illud
1192 1380 1412 1433 dictum
1454 1378 1676 1433 Domini
1718 1380 1897 1447 (Joan.
1930 1377 2077 1446 χιιι),

433 1475 504 1529 de
535 1490 649 1527 uno
683 1472 908 1526 lavacro
963 1470 1070 1524 sub
1106 1468 1254 1523 Petri
1290 1484 1538 1539 persona
1569 1467 1681 1537 (49)
1715 1468 1784 1521 ad
1816 1484 1921 1521 nos
1953 1474 2079 1522 tan-

432 1562 740 1617 tummodo
798 1562 1041 1631 spectet,
1082 1558 1152 1613 de
1199 1556 1389 1613 salute
1436 1562 1631 1611 tamen
1681 1556 2080 1627 apostolorum

434 1652 577 1707 satis
635 1649 1015 1705 temerarium
1065 1651 1121 1701 ct
1179 1646 1487 1712 aestimare,
1524 1645 1664 1716 quia
1720 1645 1763 1679 ’⁸⁸
1814 1644 1934 1699 illis
1992 1644 2080 1698 vel

434 1739 634 1812 primis
666 1737 1009 1803 allectionis,
1045 1740 1101 1791 et
1129 1734 1335 1789 exinde
1366 1733 1678 1788 individuae
1726 1733 2084 1788 familiarita-

431 1829 507 1884 tis
535 1828 645 1899 (50)
679 1826 1053 1899 praerogativa
1079 1822 1489 1895 compendium
1514 1822 1791 1893 baptismi
1823 1824 2083 1877 conferre

434 1921 632 1988 posset
692 1918 825 1984 (51).
886 1916 1029 1969 Cum
1101 1913 1223 1979 illo,
1296 1912 1504 1983 Opinor
1558 1912 1622 1974 ‘9,
1683 1913 2082 1982 sequebantur

431 2007 616 2072 illum,
651 2006 749 2075 qui
798 2004 1051 2058 credenti
1086 2002 1294 2070 cuique
1345 2002 1594 2054 salutem
1650 2000 2078 2071 pollicebatur:

431 2094 591 2150 Fides
621 2098 718 2148 tua
747 2097 815 2160 te,
866 2092 1076 2159 aiebat,
1128 2091 1342 2145 salvum
1385 2091 1538 2159 fecit,
1568 2092 1625 2143 et
1659 2105 1671 2142 :
1707 2090 2085 2143 Remittuntur

431 2185 537 2239 tibi
558 2191 784 2254 peccata
831 2182 1016 2251 (Marc.
1049 2181 1128 2249 x),
1163 2178 1420 2233 credenti
1473 2178 1694 2248 utique,
1728 2194 1833 2232 nec
1883 2184 2080 2233 tamen

429 2272 702 2327 tincto.ld
737 2270 784 2326 si
818 2267 1097 2341 apostolis
1128 2266 1336 2331 defuit,
1371 2266 1567 2321 nescio
1599 2283 1849 2336 quorum
1886 2267 2031 2321 fides
2065 2284 2078 2322 :

432 2379 549 2417 uno
598 2360 772 2416 verbo
822 2358 1048 2414 Domini
1104 2357 1426 2412 suscitatus
1456 2356 1499 2390 ⁵ο
1532 2355 1821 2410 teloneum
1878 2356 2083 2411 dereli-

434 2451 564 2523 quit
591 2449 798 2518 (Matth.
833 2448 947 2519 1x):
988 2450 1234 2519 patrem,
1267 2450 1323 2500 et
1370 2461 1599 2511 navem,
1630 2450 1687 2500 et
1735 2450 1916 2499 artem
1967 2461 2083 2516 qua

431 2540 615 2594 vitam
644 2536 1036 2603 sustentabat,
1070 2534 1331 2590 deseruit
1352 2534 1418 2600 ⁸¹ς
1448 2533 1631 2605 patris
1660 2533 1967 2604 exsequias
1989 2535 2085 2588 de-

434 2628 663 2700 spexit:
699 2641 998 2681 summum
1029 2622 1175 2677 illud
1207 2623 1251 2656 ⁵²
1282 2620 1509 2677 Domini
1542 2626 1895 2692 praeceptum
1931 2638 1943 2675 :
1979 2623 2085 2690 Qui

428 2720 645 2789 patrem
673 2716 775 2770 aut
794 2716 1022 2768 matrem
1050 2711 1192 2766 mihi
1205 2708 1652 2782 praetuleritmon
1677 2718 1755 2765 est
1779 2726 1866 2766 me
1884 2710 2083 2781 dignus

432 2804 645 2879 (Matth.
676 2821 732 2870 x,
763 2802 876 2873 37),
910 2806 1043 2857 ante
1076 2799 1316 2873 perfecit
1347 2816 1522 2871 quam
1552 2797 1792 2853 audivit.

1046 2942 1276 3000 CAPUT
1314 2942 1461 2997 XIII.

498 3072 602 3128 Hic
632 3086 770 3143 ergo
801 3067 1205 3125 scelestissimi
1239 3065 1323 3120 illi
1356 3068 1674 3137 provocant
1704 3065 2075 3136 quaestiones.

427 3163 607 3225 Adeo,
640 3160 865 3226 dicunt,
902 3156 1233 3229 baptismus
1265 3171 1379 3209 non
1413 3158 1501 3209 est
1533 3154 1917 3222 necessarius,
1943 3155 2077 3227 qui-

426 3253 540 3307 bus
570 3249 771 3306 I215
802 3248 944 3302 fides
966 3246 1109 3302 satis
1130 3250 1256 3301 est:
1282 3259 1419 3299 nam
1452 3248 1509 3298 et
1537 3244 1831 3299 Abraham
1856 3243 2077 3300 nullius

430 3356 595 3411 aquas
627 3338 739 3393 nisi
791 3336 925 3391 ﬁdei
974 3337 1344 3391 sacramento
1379 3334 1490 3387 Deo
1523 3332 1742 3404 placuit
1778 3333 1931 3405 (Gen.
1964 3337 2078 3402 xv).

430 3428 539 3484 Sed
571 3427 629 3482 in
662 3425 938 3481 omnibus
970 3423 1293 3495 posteriora
1334 3421 1714 3487 concludunt,
1745 3426 1802 3475 at
1832 3439 2080 3493 sequen-

431 3518 515 3573 tia
570 3514 1050 3571 antecedentibus
1111 3509 1443 3583 praavalent.
1477 3510 1673 3565 Fuerit
1715 3509 1875 3565 salus
1932 3514 2083 3567 retro

436 3623 538 3678 per
568 3605 742 3659 fidem
775 3603 994 3657 nudam
1026 3605 1161 3655 ante
1188 3598 1423 3654 Domini
1456 3598 1786 3670 passionem
1809 3605 1866 3653 et
1888 3614 2082 3655 resur-

435 3693 771 3749 rectionem.
809 3694 873 3744 At
905 3689 1002 3743 ubi
1038 3690 1182 3743 ﬁdes
1213 3693 1385 3741 aucta
1433 3691 1523 3741 est
1551 3687 1809 3741 credenti
1840 3690 1897 3742 in
1932 3690 2085 3745 nati-

432 3782 695 3851 vitatem,
740 3779 1094 3851 passionem,
1143 3775 1747 3847 resurrectionemque
1789 3779 1939 3849 ejus,
1977 3781 2082 3834 ad-

431 3872 553 3927 dita
584 3874 673 3926 est
724 3866 1027 3939 ampliatio
1074 3869 1463 3933 sacramento,
1497 3865 1824 3936 obsignatis
1856 3867 2082 3939 baptis-

430 3961 510 4016 mi
569 3960 702 4032 (52),
758 3956 1171 4012 vestimentum
1251 3956 1682 4025 quodammodo
1739 3957 1895 4025 ﬁdei,
1956 3975 2081 4028 qua)

424 4056 579 4107 retro
628 4052 753 4105 erat
797 4046 974 4112 nuda,
1018 4060 1123 4099 nec
1173 4042 1493 4115 potentiam
1547 4043 1752 4098 habuit
1799 4045 1925 4100 sine
1976 4064 2084 4102 sua

424 4140 571 4213 lege.
606 4139 715 4193 Lex
759 4136 916 4192 enim
964 4134 1272 4207 tinguendi
1323 4131 1601 4205 imposita
1647 4137 1754 4200 est,
1789 4138 1845 4188 et
1896 4135 2083 4191 forma

2203 504 2297 543 eas
2356 492 2414 544 in
2470 495 2692 547 nomine
2749 495 2930 549 Patris
2992 500 3044 549 et
3097 496 3229 551 Filii
3282 505 3332 551 et
3392 496 3631 567 Spiritus
3686 506 3862 553 sancti

2202 576 2418 648 (Matth.
2454 597 2645 646 xxvm,
2682 582 2790 651 19).
2832 582 2979 636 Huic
3029 582 3142 655 legi
3182 584 3389 639 collata
3420 584 3682 641 definitio
3710 586 3814 641 illa
3847 605 3861 641 ε

2206 667 2324 721 Nisi
2352 671 2470 738 quis
2502 680 2727 725 renatus
2757 673 2927 739 fuerit
2956 688 3025 727 ea:
3053 690 3201 743 aqua
3230 683 3281 728 et
3296 676 3521 745 spiritu,
3545 691 3657 730 non
3686 678 3862 730 intra-

2205 755 2281 810 bit
2336 759 2395 810 in
2451 775 2683 826 regnum
2740 762 3004 815 cwlorum
3060 765 3239 829 (Joan.
3292 780 3378 829 ιιι,
3410 764 3488 831 5),
3543 765 3864 821 obstrinxit

2204 845 2378 900 ﬁdem
2436 849 2505 901 ad
2566 848 2832 920 baptismi
2895 852 3329 907 necessitatem.
3393 854 3596 924 Itaque
3655 871 3857 909 omnes

2203 936 2409 990 exinde
2439 945 2742 1007 crepentes
2772 940 3213 1011 tinguebantur.
3233 941 3397 996 Tunc
3424 947 3481 997 et
3510 942 3727 997 Paulus
3757 943 3857 997 ubi

2203 1024 2469 1091 credidit,
2504 1026 2724 1083 tinctus
2771 1033 2860 1083 est
2910 1030 3051 1100 (Act.
3085 1046 3162 1095 Ix,
3194 1030 3272 1101 6).
3306 1031 3372 1085 Et
3419 1030 3527 1086 hoc
3560 1036 3649 1085 est
3697 1032 3852 1101 quod

2207 1114 2485 1168 Dominus
2518 1114 2573 1168 in
2609 1115 2704 1169 illa
2737 1116 2907 1187 plaga
2955 1118 3278 1195 o‘rbationis
3322 1124 3673 1190 praeceperat
3702 1138 3715 1173 :
3750 1122 3855 1174 Ea:-

2195 1217 2379 1272 surge,
2412 1204 2632 1273 dicens,
2664 1209 2717 1260 et
2766 1208 2942 1261 ἰηινοί
2970 1206 3299 1263 Damascum
3348 1208 3557 1278 (ibid),
3594 1209 3723 1263 illic
3752 1209 3855 1263 tibi

2198 1290 2672 1347 demonstrabitur
2717 1295 2847 1365 quid
2894 1295 3084 1350 debeas
3135 1313 3321 1367 agere,
3355 1296 3579 1351 scilicet
3636 1296 3855 1369 tingui,

2200 1382 2355 1450 quod
2414 1381 2602 1436 solum
2664 1382 2715 1437 ei
2774 1384 2991 1438 deerat.
3032 1383 3305 1455 Alioquin
3360 1387 3503 1441 satis
3560 1387 3856 1441 dedicerat

2198 1475 2373 1539 atque
2416 1472 2741 1527 crediderat
2788 1472 3155 1528 Nazarenum
3206 1490 3335 1529 esse
3392 1476 3701 1531 Dominum
3753 1474 3855 1530 Dei

2200 1558 2434 1614 Filium.

2819 1677 3046 1732 CAPUT
3084 1677 3227 1733 XIV.

2114 1768 2160 1832 B
2262 1780 2372 1835 Sed
2404 1781 2475 1837 de
2509 1781 2636 1853 ipso
2684 1782 2964 1853 Apostolc
3019 1783 3342 1851 revolvunt,
3376 1786 3531 1855 quod
3585 1785 3848 1841 dixerit:

2190 1873 2308 1925 Non
2338 1872 2488 1924 enim
2535 1888 2622 1925 me
2652 1872 2721 1925 ad
2765 1872 3129 1939 tinguendum
3174 1872 3419 1927 Christus
3467 1874 3619 1927 misit
3651 1873 3691 1939 (l
3725 1874 3847 1928 Cor.

2192 1975 2231 2025 ι,
2266 1960 2372 2029 17),
2409 1961 2573 2029 quasi
2626 1960 2735 2015 hoc
2766 1967 3114 2032 argumento
3161 1962 3490 2033 baptismus
3533 1963 3847 2017 adimatur.

2191 2047 2307 2102 Cur
2353 2049 2507 2101 enim
2555 2048 2727 2102 tinxit
2773 2049 2982 2103 Gaium
3029 2053 3085 2103 et
3132 2049 3403 2121 Crispum
3454 2054 3512 2105 et
3540 2050 3847 2121 Stephants

2193 2136 2433 2190 domum
2469 2137 2695 2205 (ibid)?
2726 2139 3070 2209 Quanquam
3127 2138 3235 2193 etsi
3280 2155 3393 2193 non
3429 2154 3563 2193 eum
3608 2138 3851 2193 miserat

2192 2224 2551 2293 Christus;ad
2587 2226 3197 2295 tinguendum,tamen
3234 2227 3366 2282 aliis
3399 2228 3682 2299 apostolis
3714 2246 3851 2298 prai-

2192 2320 2426 2385 ceperat
2472 2314 2759 2387 tinguere.
2794 2317 3000 2372 1218
3050 2315 3264 2370 Verum
3312 2316 3434 2371 haec
3493 2333 3591 2385 pro
3640 2316 3849 2371 condi-

2193 2403 2349 2457 tione
2380 2407 2521 2457 tunc
2579 2403 2864 2474 temporis
2921 2405 2992 2457 ad
3054 2404 3386 2459 Corinthios
3445 2404 3664 2475 scripta
3712 2410 3854 2459 sunt

2193 2491 2395 2563 (ibid.),
2430 2492 2707 2563 quoniam
2760 2491 3082 2547 schismata
3130 2498 3187 2547 et
3242 2493 3645 2548 dissensiones
3698 2494 3855 2548 inter

2192 2580 2323 2635 illos
2375 2581 2778 2645 movebantur,
2810 2582 2952 2636 dum
3002 2580 3155 2637 alius
3187 2581 3363 2637 Paulo
3395 2583 3661 2653 deputat,
3694 2583 3848 2637 alius

2191 2669 2415 2741 Apollo.
2446 2670 2688 2741 Propter
2716 2671 2870 2741 quod
2921 2670 3201 2741 pacificus
3256 2670 3589 2742 Apostolus,
3624 2688 3699 2726 ne
3728 2672 3842 2727 sibi

2192 2758 2385 2813 omnia
2415 2759 2726 2813 defendere
2755 2758 3200 2826 videretur,non
3231 2759 3303 2814 ad
3335 2758 3727 2832 tinguendum
3760 2760 3846 2815 ait

2191 2863 2253 2903 se
2286 2848 2559 2915 missum,
2590 2848 2691 2902 sed
2724 2848 2793 2903 ad
2828 2849 3440 2919 praedicandumﬁam
3473 2854 3529 2903 et
3558 2848 3726 2920 prius
3754 2854 3843 2905 est

2190 2937 2527 3009 pradicare,
2578 2936 2869 3009 posterius
2918 2937 3207 3009 tinguere.
3240 2937 3299 2993 Si
3347 2937 3509 3008 prius
3559 2938 3843 3009 praedica-

2190 3030 2317 3081 tum
2353 3043 2366 3082 :
2401 3029 2541 3097 puto
2572 3026 2617 3061 ⁵³
2649 3030 2846 3081 autem
2897 3025 3064 3081 licuit
3108 3030 3165 3081 et
3211 3026 3475 3099 tinguere
3505 3026 3617 3099 (53)
3648 3026 3744 3081 cui
3772 3026 3845 3081 li-

2110 3135 2152 3202 C
2193 3115 2314 3171 cuit
2340 3116 2677 3187 praedicare.

2819 3229 3048 3286 CAPUT
3085 3229 3206 3285 XV.

2269 3336 2476 3393 Nescio
2507 3336 2558 3392 si
2608 3337 2747 3408 quid
2798 3336 3055 3407 amplius
3085 3337 3154 3391 ad
3205 3335 3661 3393 controversiam
3714 3337 3852 3409 bap-

2192 3428 2356 3483 tismi
2388 3426 2724 3482 ventilatur.
2756 3431 2907 3481 Sane
2939 3433 3221 3496 retexam,
3252 3427 3408 3497 quod
3448 3442 3629 3496 supra
3658 3424 3852 3491 omisi,

2194 3534 2266 3572 ne
2322 3516 2699 3571 imminentes
2757 3531 2967 3571 sensus
3022 3516 3223 3570 videar
3280 3515 3648 3570 intercidere.
3685 3512 3846 3569 Unus

2193 3605 2433 3661 omnino
2461 3604 2793 3676 baptismus
2825 3610 2916 3659 est
2946 3604 3261 3670 nobis,tam
3294 3620 3362 3659 ex
3395 3603 3629 3658 Domini
3661 3604 3847 3657 Evan-

2193 3694 2342 3766 gelio
2372 3696 2557 3765 (Joan.
2592 3694 2700 3763 ιιι),
2736 3709 2911 3763 quam
2964 3708 3033 3747 ex
3079 3693 3337 3764 Apostoli
3371 3692 3582 3746 litteris
3613 3692 3845 3763 (Ephes.

2194 3784 2308 3854 1v);
2345 3782 2621 3855 quoniam
2655 3799 2810 3836 unus
2859 3782 3146 3837 Dominus
3175 3786 3233 3837 et
3262 3797 3448 3835 unum
3481 3782 3846 3851 baptismum

2193 3876 2250 3927 et
2279 3889 2397 3926 una
2426 3871 2679 3927 Ecclesia
2708 3873 2765 3925 in
2799 3869 2979 3925 oculis.
3014 3871 3124 3925 Sed
3158 3870 3312 3925 circa
3361 3868 3667 3925 haereticos
3712 3884 3850 3924 sane

2192 3962 2335 4032 quid
2388 3961 2835 4015 custodiendum
2890 3963 2985 4024 sit,
3029 3961 3201 4029 digne
3248 3960 3379 4030 quis
3432 3964 3748 4024 retractet;
3778 3958 3845 4012 ad

2193 4066 2299 4105 nos
2330 4050 2483 4104 enim
2533 4048 2753 4103 editum
2787 4057 2873 4102 est
2902 4048 3036 4118 (54).
3066 4048 3329 4102 Haaretici
3381 4052 3581 4101 autem
3616 4045 3845 4101 nullum

2192 4137 2411 4193 habent
2440 4136 2801 4192 consortium
2852 4140 3061 4192 nostris
3094 4135 3440 4207 disciplinae,
3473 4151 3623 4205 quos
3653 4140 3846 4189 extra-

1855 4278 2057 4339 Variaa
2087 4280 2410 4343 lectiones.

492 4408 535 4441 ⁸⁸
564 4405 711 4469 Quia
742 4418 855 4456 non
882 4399 1000 4454 illis
1025 4416 1076 4453 v.
1110 4415 1156 4454 c.
1195 4399 1402 4453 Wouw.
1478 4398 1522 4431 ⁴⁰
1547 4400 1758 4453 Junius
1786 4400 2000 4455 emend.
2034 4402 2254 4457 Exinde
2301 4403 2616 4458 individuis
2665 4401 3084 4457 familiaritatis
3120 4416 3253 4456 cum
3303 4398 3405 4454 illo
3459 4398 3840 4469 praerogativa

422 4495 613 4548 comp.
648 4479 811 4544 Bapt.
846 4472 999 4548 cpnf.
1034 4473 1248 4541 posset.
1282 4471 1520 4548 Opinor,
1552 4473 2017 4548 δαψίλεια-ΒΨ.
2054 4481 2268 4545 pesset,
2300 4474 2582 4548 cumiilli,
2616 4476 2845 4548 opinor,
2877 4474 3437 4548 sequ_ebantur,_etc.
3472 4472 3637 4548 ιςορἶ
3668 4475 3837 4548 Bapt.

422 4543 576 4604 conf:
609 4543 824 4618 posset.
860 4543 1095 4618 Opinor,
1120 4543 1548 4618 sequebantur.

1652 4542 1696 4575 ⁵ο
1724 4542 2015 4600 Suscitata
2054 4542 2256 4602 Wouw.

2358 4546 2398 4580 ⁸¹
2432 4546 2541 4610 Qui
2572 4541 2697 4600 add.
2744 4548 2910 4601 Fran.
2966 4541 2974 4545 ’
3013 4545 3057 4579 ⁵³
3089 4544 3250 4599 illius
3288 4545 3461 4598 Fran.
3512 4541 3836 4597 Corbinian.

419 4622 461 4655 ⁸³
494 4612 761 4689 Tingere.
791 4612 1014 4672 Sed’sit
1044 4613 1208 4685 prius
1240 4612 1642 4683 pradicatum.
1678 4613 1841 4680 Puto,
1873 4620 1985 4670 etc.
2021 4616 2153 4674 Cod.
2199 4619 2392 4674 Wouw.

1867 4762 2394 4824 Commentarius.

485 4890 598 4959 (48)
632 4882 983 4959 Orationibus
1029 4885 1347 4959 sanctorum
1394 4884 1451 4959 in
1514 4883 1721 4959 ultimis
1776 4885 2070 4959 suscitatus
2101 4891 2145 4953 Β

414 4954 717 5033 compescat
764 4955 1061 5033 saeculum:
1100 4954 1385 5008 Petitione
1433 4954 1546 5010 ista
1593 4954 1859 5010 scilicet:
1894 4955 2061 5011 Adve-

411 5029 547 5092 niat'
562 5046 791 5103 regnum
820 5037 994 5103 tuum.
1030 5029 1154 5080 Bis.

484 5107 596 5179 (49)
621 5097 699 5179 De
738 5114 847 5155 uno
889 5099 1101 5179 lauacro
1147 5097 1243 5151 sub
1267 5098 1444 5179 “Petri
1466 5112 1742 5179 lperso-na.
1778 5097 2060 5179 Historiae

412 5167 557 5234 illud
582 5167 829 5229 'dictum
879 5176 970 5223 est
1007 5169 1175 5223 Petro
1212 5186 1224 5223 :
1257 5170 1366 5236 Qui
1401 5167 1546 5223 totus
1586 5173 1663 5223 est
1692 5185 1799 5223 non
1830 5170 2060 5240 indiget,

410 5258 520 5307 etc.
556 5255 631 5303 Ls
665 5251 763 5299 Pa.

481 5321 595 5395 (50)
625 5313 926 5395 lndividuze
971 5308 1653 5395 [amitz’aritqtis‘._Christi
1699 5310 1931 5395 Domini
1963 5327 2056 5366 so-

408 5381 496 5449 cii‘
517 5381 1053 5457 et'contubernales
1086 5381 1331 5457 apostoli
1366 5382 1642 5457 dicuntur
1669 5382 2054 5457 ειὸμωρόφιοι

409 5454 1142 5537 ἑταῖροιζΝοιιιιοκΡᾳῐιορ.
1176 5452 1233 5506 in
1265 5454 1432 5537 Joan.
1468 5455 1544 5507 Ls
1570 5456 1670 5508 Pa.

483 5523 591 5603 (5‘1)
622 5526 1059 5586 Familiaritatis
1101 5528 1478 5603 praerogativa
1516 5525 1894 5603 compendium
1924 5523 2051 5603 bap:

410 5594 839 5672 tismi'con/erre
883 5605 1073 5672 posset.
1108 5596 1184 5649 Eo
1224 5594 1459 5672 scilicet
1510 5602 1701 5657 modo,
1735 5594 1886 5664 quod
1916 5595 2052 5672 ipsi

409 5677 585 5731 etiam
609 5664 764 5743 juris
814 5670 1084 5724 auctores
1114 5668 1356 5721 tradunt
1397 5682 1817 5734 nonnunquam
1848 5664 2043 5721 celeri-

2182 4890 2297 4941 tate
2360 4886 2905 4956 conjungendarum
2967 4883 3118 4940 inter
3173 4901 3236 4940 se
3292 4882 3613 4947 actionum,
3655 4896 3836 4936 unam

2178 4959 2467 5012 actionem
2501 4956 2805 5011 occultari.
2840 4957 2966 5010 Rm.

2244 5030 2353 5098 (52)
2388 5029 2701 5098 Obsignatio
2733 5027 2989 5098 baptismi
3016 5028 3401 5098 vestimentum
3429 5023 3834 5098 quodammodo

2171 5095 2348 5172 βάσις
2388 5095 2607 5155 Fideles
2670 5095 2865 5172 perfici
2931 5099 3224 5172 baptismo
3281 5096 3607 5172 _scieba_r_1t~
3647 5095 3828 5172 etiam

2170 5164 2363 5226 Stoici.
2400 5173 2492 5227 Sic
2522 5164 2683 5227 enim
2711 5164 3133 5225 dissertissime
3168 5168 3473 5228 Arrianus,
3506 5164 3695 5235 Epict.
3731 5164 3826 5228 XI,

2170 5243 2203 5295 9
2236 5261 2248 5297 :
2281 5247 2437 5295 Ὅταν
2488 5238 2547 5313 δὶ
2596 5235 2839 5313 ἀναλᾴϐῃ
2891 5238 2952 5313 τᾲ
2990 5240 3171 5313 Δτιιτειὶθος
3200 5240 3386 5313 τὸλτοῦ
3446 5232 3820 5313 βετξὰμεέᾶἳου,

2168 5312 2620 5386 καὶὲᾐρημὲνου,
2680 5305 2823 5364 τότέ
2852 5310 2941 5363 καὶ
2988 5308 3097 5364 ἔστι
3142 5314 3223 5383 τῷ
3267 5305 3405 5375 ὄντι,
3447 5305 3543 5361 ’καὶ
3574 5305 3823 5359 καλεῖται

2167 5380 2451 5445 Ἰουδὰῗοζζ
2486 5386 2609 5440 RIG.

2239 5457 2349 5528 (53)
2384 5458 2523 5513 Puto
2551 5464 2733 5510 autem
2780 5454 2933 5528 licuit
2958 5457 3010 5528 et
3050 5455 3324 5521 tinguere,
3355 5453 3448 5528 cui
3477 5450 3641 5528 licuit
3666 5462 3819 5528 pray-

2166 5520 2370 5583 dicare.
2407 5528 2759 5583 Praedicatur
2806 5526 2926 5579 sive
2956 5520 3197 5580 docetur
3245 5522 3446 5597 regula
3488 5522 3644 5578 ﬁdei.
3680 5520 3817 5576 Dein

2164 5599 2837 5674 baptismo_obsignatur
2870 5598 3035 5674 ﬁdes.
3068 5597 3192 5652 Rm.
3315 5666 3370 5674 Δ.
3543 5664 3552 5673 η
3632 5663 3643 5674 ο

2234 5666 2346 5741 (54)
2408 5671 2485 5725 Ad
2543 5666 2653 5727 nos
2697 5668 2846 5725 enim
2903 5672 3113 5725 editum
3169 5676 3267 5725 est.
3309 5666 3810 5723 Obscurissimum
