4148 6194
278 345 433 407 1325

275 565 473 621 tionis.
508 564 630 618 Non
663 562 843 617 debeo
904 562 961 615 in
1012 562 1129 617 illis
1160 578 1474 632 agnoscere
1495 563 1542 596 5‘
1569 564 1725 632 quod
1786 561 1931 616 mihi

280 657 769 725 estpraeceptum,
803 652 942 721 quia
974 667 1089 705 non
1124 652 1274 705 idem
1307 651 1463 705 Deus
1502 654 1591 705 est
1650 649 1818 704 nobis
1877 653 1933 703 et

278 744 416 813 illis,
454 759 556 797 nec
590 758 743 796 unus
773 740 1066 806 Christus,
1097 740 1153 794 id
1187 746 1276 794 est
1309 740 1485 794 idem.
1542 739 1795 809 Ideoque
1828 756 1930 793 nec

282 834 610 904 baptismus
646 847 797 884 unus
828 830 963 899 (55),
998 828 1137 899 quia
1172 844 1283 882 non
1330 829 1505 882 idem.
1575 830 1754 890 Quem
1799 843 1930 881 cum

284 924 393 977 rite
427 937 543 975 non
576 920 850 983 habeant,
886 917 1011 971 sine
1037 917 1214 971 dubio
1249 934 1361 970 non
1396 917 1637 982 habent,
1688 933 1791 971 nec
1844 933 1931 969 οε·

286 1013 371 1083 pit
396 1008 717 1075 numerari,
749 1008 905 1077 quod
941 1024 1052 1061 non
1089 1005 1336 1059 habetur
1366 1006 1512 1075 (56):
1549 1006 1630 1059 ita
1659 1023 1764 1059 nec
1807 1023 1934 1077 pos-

285 1106 426 1153 sunt
453 1100 735 1168 accipere,
769 1096 910 1165 quia
940 1112 1054 1149 non
1087 1095 1307 1148 habent
1338 1094 1472 1164 (57).
1530 1095 1641 1149 Sed
1692 1096 1762 1149 de
1822 1095 1933 1148 isto

287 1188 519 1260 plenius
571 1189 695 1255 jam
750 1183 1005 1238 nobisin
1039 1183 1236 1238 Graeco
1288 1184 1580 1255 digestum
1641 1189 1729 1238 est
1787 1184 1924 1255 (58).

285 1276 472 1331 Semel
506 1290 642 1345 ergo
675 1274 971 1327 lavacrum
1002 1271 1666 1337 inimus,semeldelicta
1696 1272 1931 1329 diluun-

285 1372 401 1433 tur,
432 1364 571 1436 quia
602 1379 671 1418 ea
702 1362 921 1417 literari
958 1378 1072 1415 non
1105 1366 1352 1432 oportet.
1415 1365 1696 1415 Caeterum
1758 1361 1934 1417 Israel

286 1456 479 1525 (Marc.
542 1460 633 1519 vu)
697 1453 938 1506 Judaeus
997 1451 1198 1505 I217
1254 1449 1515 1521 quotidie
1564 1449 1737 1517 lavat,
1801 1451 1937 1522 quia

290 1542 553 1616 quotidie
604 1540 951 1611 inquinatur
1002 1539 1115 1610 (59)
1159 1538 1335 1604 (Hebr.
1380 1538 1481 1609 v1).
1541 1538 1702 1602 Quod
1758 1557 1828 1595 ne
1877 1543 1935 1595 in

289 1632 459 1689 nobis
493 1645 725 1702 quoque
760 1628 1141 1693 factitaretur,
1183 1631 1485 1699 propterea
1516 1629 1587 1683 de
1627 1645 1743 1684 uno
1776 1629 1936 1685 lava-

290 1738 384 1777 cro
410 1719 717 1776 deﬁnitum
750 1724 854 1773 est.
888 1716 1045 1772 Felix
1098 1733 1251 1787 aqua
1313 1733 1443 1787 quae
1498 1717 1676 1773 semel
1729 1719 1934 1787 abluit,

1565 340 1797 400 LIBER
1841 340 1943 400 DE
1986 341 2412 404 BAPTISMO.

275 494 418 533 neos
468 476 673 546 utique
708 477 960 529 testatur
1004 473 1130 545 ipsa
1185 472 1481 544 ademptio
1537 473 1936 528 communica-
1965 476 2021 542 Α

3532 342 3694 403 1326

2662 476 2892 532 CAPUT
2937 476 3082 532 XVI.

2112 566 2209 620 Est
2240 565 2478 637 quidem
2513 565 2679 620 nobis
2732 566 2905 620 etiam
2987 567 3312 621 secundum
3369 565 3691 634 lavacrum,

2043 670 2225 708 unum
2256 662 2313 709 et
2347 657 2565 725 ipsum,
2602 655 2902 725 sanguinis
2938 655 3161 710 scilicet
3195 655 3303 709 :de
3344 672 3460 726 quo
3497 655 3695 711 Domi-

2042 759 2154 795 nus
2191 761 2203 797 :
2236 743 2433 805 Habeo,
2469 742 2679 813 inquit,
2715 744 2984 813 baptismo
3015 744 3199 814 tingui
3242 746 3393 813 (Luc.
3442 760 3543 809 xu,
3577 744 3692 814 50),

2042 848 2173 886 cum
2201 832 2324 899 jam
2354 832 2573 886 tinctus
2608 834 2830 887 fuisset.
2857 832 3105 887 Venerat
3134 832 3290 885 enim
3346 848 3447 903 per
3495 849 3692 902 aquam

2041 925 2093 974 et
2118 922 2445 988 sanguinem
2480 922 2523 992 (I
2550 923 2705 976 Joan.
2741 939 2796 987 v,
2826 922 2900 992 6),
2944 922 3096 975 sicut
3133 925 3388 976 Joannes
3438 920 3693 991 scripsit,

2044 1015 2106 1063 ut
2136 1025 2289 1078 aqua
2318 1008 2702 1079 tingueretur,
2750 1010 3037 1079 sanguine
3088 1009 3538 1080 gloriﬁcaretur,
3564 1025 3692 1080 pro-

2041 1098 2177 1153 inde
2204 1114 2309 1151 nos
2347 1098 2558 1152 faceret
2585 1116 2738 1169 aqua
2767 1104 3004 1153 vocatos
3040 1100 3222 1169 (Joan.
3257 1099 3694 1170 x1x),sanguine

2042 1186 2275 1243 electos.
2302 1188 2418 1241 Hos
2439 1188 2586 1241 duos
2614 1187 2938 1256 baptismos
2990 1189 3102 1258 (60)
3134 1189 3205 1241 de
3265 1187 3499 1242 vulnere
3558 1204 3693 1258 per-

2047 1277 2182 1331 l‘ossi
2218 1276 2414 1330 lateris
2444 1275 2641 1330 emisit
2670 1276 2735 1343 ⁵⁵,
2777 1275 2916 1344 quia
2948 1276 3047 1346 qui
3080 1277 3133 1329 in
3171 1275 3517 1346 sanguinem
3563 1277 3694 1345 ejus

2043 1366 2367 1429 crederent,
2400 1382 2552 1435 aqua
2585 1364 2962 1418 lavarentur:
3016 1365 3112 1433 qui
3180 1381 3333 1434 aqua
3390 1364 3691 1432 lavissent,

2044 1455 2219 1510 etiam
2254 1456 2604 1525 sanguinem
2641 1457 2908 1522 potarent
2933 1453 3059 1520 (61).
3091 1452 3192 1507 Hic
3223 1457 3311 1507 est
3341 1452 3697 1524 baptismus,

2047 1543 2145 1613 qui
2186 1542 2480 1597 lavacrum
2514 1546 2571 1596 et
2594 1558 2707 1596 non
2735 1546 3038 1611 acceptum
3074 1545 3535 1612 repraesentat,“
3568 1556 3699 1613 per-

2048 1631 2236 1686 ditum
2272 1630 2484 1685 reddit.

2657 1717 2891 1773 CAPUT
2930 1717 3102 1774 XVII.

292 1829 419 1882 quae
461 1808 716 1865 ludibrio
750 1806 1155 1879 peccatoribus
1189 1823 1301 1861 non
1338 1812 1447 1875 est,
1483 1823 1609 1877 qua:
1643 1824 1757 1861 non
1791 1807 1937 1862 assi-
1975 1848 2017 1910 Β
2121 1809 2400 1879 Superest
2425 1808 2493 1862 ad
2519 1807 2981 1862 concludendam
3006 1806 3370 1862 materiolam
3403 1808 3473 1862 de
3500 1808 3699 1863 obser-

291 1902 514 1956 duitate
547 1898 810 1954 sordium
847 1896 1082 1966 infecta,
1115 1912 1344 1963 rursus,
1412 1912 1557 1966 quos
1599 1894 1791 1963 diluit,
1854 1898 1939 1952 in-

292 1991 520 2062 quinat.

2054 1900 2280 1953 vatione
2303 1898 2506 1953 I218
2566 1912 2801 1967 quoque
2834 1897 2995 1951 danti
3033 1904 3089 1952 et
3120 1896 3445 1968 accipiendi
3505 1897 3698 1969 bapti-

2052 2003 2249 2041 smum
2282 1989 2799 2041 commonefacere.
2856 1986 3037 2040 Dandi
3093 1985 3333 2057 quidem
3374 1986 3551 2041 habet
3600 1988 3702 2057 jus

2053 2091 2325 2130 summus
2357 2073 2649 2141 sacerdos,
2684 2073 2784 2144 qui
2816 2078 2901 2127 est
2930 2074 3237 2145 episcopus
3271 2075 3401 2146 (62).
3439 2076 3515 2129 De
3563 2074 3699 2130 hinc

1721 2192 1926 2252 Variae
1976 2192 2298 2254 lectiones.

371 2300 957 2371 “Cognoscereiltig.
1034 2297 1077 2332 ⁵⁵
1132 2297 1479 2371 Legitur_in
1536 2296 1706 2371 codd:
1771 2296 2014 2371 proinde
2074 2314 2180 2353 nos
2252 2298 2436 2352 facere
2494 2311 2588 2367 aq.
2634 2295 2865 2352 Semler.
2888 2304 2948 2371 et
2975 2296 3057 2352 ed.
3089 2298 3298 2371 From:
3333 2297 3581 2353 Proinde
3642 2301 3705 2353 ut

303 2390 409 2428 nos
442 2367 655 2427 Iaceret
684 2402 750 2411 —
783 2367 1018 2433 electos,
1052 2370 1158 2422 hos
1187 2398 1258 2408 —
1286 2367 1501 2422 emisit.
1547 2369 1708 2441 iQuia
1765 2370 1887 2440 qui,
1959 2375 2068 2425 etc.
2147 2371 2458 2440 Recepimus
2513 2384 2669 2441 cum,
2710 2368 2966 2441 Leopoldo
3019 2385 3060 2423 a
3118 2370 3356 2438 Rigaltio
3410 2372 3702 2441 probatam

308 2446 553 2501 Wowerii
581 2441 1032 2498 emendationem.
1070 2441 1212 2495 Idem
1247 2442 1305 2494 in
1333 2456 1444 2511 .sqq.
1472 2456 1483 2493 :
1544 2440 1646 2495 Hic
1676 2446 1764 2495 est
1785 2439 1797 2440 ί
1820 2442 2172 2514 baptismus,
2223 2439 2434 2513 nempe
2466 2439 2789 2512 sanguinis,
2814 2440 2933 2496 sive
2965 2442 3333 2512 martyrium,
3386 2439 3488 2513 qui
3545 2441 3701 2498 lava-

300 2533 464 2572 crum
497 2545 565 2555 --
606 2514 812 2570 reddit.

1753 2602 2275 2665 Commentarius.

298 2711 531 2766 videtur
579 2707 833 2763 Pamelio
869 2724 881 2761 :
935 2710 1133 2760 tamen
1197 2720 1310 2761 non
1342 2704 1423 2759 ita
1455 2705 1676 2772 nimis;
1737 2723 1948 2764 sensus

302 2789 394 2838 est
428 2798 440 2835 :
474 2782 537 2835 In
569 2777 880 2850 Evangelio
911 2785 968 2832 et
1002 2776 1178 2850 Paulo
1217 2794 1401 2832 unum
1449 2778 1743 2848 baptisma
1806 2796 1947 2848 prae-

300 2854 617 2918 scribitur;
652 2849 753 2905 sed
794 2852 925 2919 quis
953 2849 1199 2913 decidet,
1232 2866 1305 2903 an
1340 2850 1446 2903 hoc
1498 2852 1949 2906 custodiendum

303 2930 383 2983 sit
413 2926 566 2979 circa
598 2922 917 2984 hereticos,
950 2937 1085 2976 cum
1117 2922 1187 2974 ad
1216 2938 1323 2974 nos
1360 2921 1674 2976 catholicos
1733 2923 1949 2993 diriga-

304 3006 423 3063 tur,
454 2997 609 3068 quod
642 2995 827 3050 sacris
863 2993 1096 3068 Litteris
1127 2993 1817 3068 editum_promulgat_um
1843 2995 1950 3049 sit?

305 3078 423 3125 hec
445 3064 577 3124 vero
610 3074 717 3133 est,
754 3068 904 3137 quod
936 3065 1149 3119 haereat
1176 3064 1488 3129 Pamelius,
1518 3083 1590 3119 an
1626 3064 1778 3120 “velit
1817 3068 1951 3121 Ter-

307 3142 596 3196 tullianus
630 3140 699 3193 ab
730 3138 1018 3192 haereticis
1048 3153 1163 3191 non
1195 3152 1366 3209 posse
1390 3138 1660 3209 conferri,
1694 3155 1767 3192 an
1820 3154 1950 3193 vero

306 3212 488 3282 accipi
525 3213 908 3281 baptismum,
944 3225 1078 3264 cum
1112 3212 1429 3279 utrumque
1460 3208 1592 3263 velli
1650 3209 1727 3264 sit
1781 3225 1948 3279 opus,

311 3281 448 3340 cum
482 3284 638 3336 dicat
665 3299 777 3337 non
812 3281 1026 3336 habere
1053 3281 1434 3351 baptismum.

381 3386 449 3395 —
481 3356 558 3409 Ad
586 3369 684 3408 nos
728 3355 878 3408 enim
908 3350 1260 3408 editum'est.
1314 3350 1460 3405 Illud

311 3425 657 3499 praecedenti
690 3430 976 3499 commate
1006 3423 1195 3499 dixit_:
1237 3447 1257 3472 ι
1296 3422 1459 3499 Unus
1485 3425 1726 3499 omnino
1762 3424 1956 3494 bapti-

312 3494 480 3554 smus
510 3505 600 3552 est
632 3497 820 3550 nobis.
859 3495 983 3549 Ηωο
1019 3494 1220 3565 regula
1250 3496 1320 3549 ad
1354 3511 1458 3549 nos
1489 3495 1645 3550 edita
1694 3501 1799 3561 est,
1838 3502 1955 3550 tam

311 3588 381 3626 ex
414 3569 640 3624 Domini
674 3568 1003 3631 Evangelio,
1038 3582 1212 3636 quam
1248 3581 1316 3619 ex
1364 3567 1610 3636 apostoli
1662 3566 1891 3633 litteris,
1928 3589 1952 3615 η

315 3660 430 3697 non
464 3642 535 3696 ad
595 3640 912 3694 haereticos.
970 3638 1127 3707 Apud
1157 3654 1281 3704 nos,
1335 3637 1441 3691 hoc
1471 3643 1560 3691 est
1616 3638 1955 3704 catholicos,

309 3716 538 3771 editum
570 3719 679 3775 est,
724 3710 1099 3766 manifestum
1131 3715 1187 3763 et
1244 3717 1512 3777 apertum
1573 3710 1709 3778 quid
1768 3718 1959 3765 custo-

310 3787 593 3840 diendum
630 3784 704 3837 sit
729 3782 977 3839 nobisin
1010 3780 1327 3851 disciplina
1351 3780 1625 3850 baptismi
1656 3796 1669 3836 :
1702 3781 1957 3835 haeretici

312 3864 513 3913 autem
539 3854 764 3910 nullum
813 3853 1172 3909 consortium
1234 3853 1451 3907 habent
1510 3858 1718 3907 nostra:
1778 3852 1958 3907 disci-

310 3930 507 4001 plinaa.
573 3932 696 3980 Non
759 3925 1037 4001 debemus
1098 3924 1157 4001 in
1222 3924 1741 4001 illis_cognoscere,
1806 3924 1959 3993 quod

312 3996 540 4057 editum
594 4004 682 4052 est
755 3997 941 4062 nobis,
1004 3996 1156 4065 quod
1215 3996 1386 4050 nobis
1435 4002 1523 4049 est
1580 4002 1957 4066 prmeeptum.

312 4073 597 4125 Videatur
622 4069 930 4131 Baronios,
959 4084 1049 4119 nn.
1084 4066 1219 4120 Chr.
1255 4068 1385 4129 217,
1419 4084 1587 4120 num.
1627 4066 1661 4120 8
1699 4067 1819 4121 Lac.

390 4145 504 4214 (55)
539 4142 762 4211 Ideoque
790 4156 888 4214 nec
920 4140 1225 4214 baptisma:
1272 4155 1435 4214 unus,
1469 4143 1604 4214 etc._
1648 4142 1813 4214 Hunc
1861 4155 1961 4214 er-

318 4210 531 4278 rorem,
574 4214 644 4267 de
674 4210 1046 4282 baptizandis
1080 4210 1294 4265 iterum
1322 4210 1393 4265 iis
1426 4210 1627 4282 quiab
1677 4210 1964 4264 hiereticis

318 4286 604 4356 baptizati
627 4281 785 4349 sunt,
828 4301 860 4338 a
891 4281 1179 4356 discipulo
1210 4281 1549 4356 Tertulliani
1582 4282 1866 4354 Cypriano
1897 4298 1967 4356 ei;

318 4352 427 4411 hoc
478 4357 793 4409 deductum
853 4354 1217 4408 arbitrantur
1276 4353 1541 4407 nonnulli
1584 4352 1856 4414 {verum
1917 4352 1966 4405 si

323 4434 478 4484 recte
502 4427 596 4481 hic
625 4432 831 4481 auctor
885 4426 1223 4495 explicetur,
1280 4424 1493 4479 erroris
1550 4424 1712 4478 nulla
1768 4424 1965 4495 suspi-

319 4500 409 4555 cio
444 4500 640 4553 forsan
673 4498 1049 4566 relinquetur.
1103 4496 1245 4550 Nam
1278 4495 1567 4550 defectum
1600 4497 1658 4547 in
1704 4494 1966 4555 materia.

323 4579 389 4626 ut
416 4578 645 4638 vocant,
677 4570 1004 4623 admissum
1039 4567 1279 4633 intelligi
1308 4566 1694 4638 posseqmulta
1727 4583 1964 4636 persua-

325 4647 488 4711 dent,
520 4642 605 4697 vel
633 4636 815 4695 etiain
848 4641 907 4694 in
960 4641 1163 4711 forma,
1197 4655 1328 4691 cum
1384 4636 1563 4711 nihil“
1590 4636 1710 4711 tale
1759 4644 1810 4691 S.
1869 4640 1967 4707 Cy-

326 4696 570 4787 prianus
627 4714 909 4787 docuerit.
972 4696 1162 4787 _Unde'
1199 4726 1329 4787 can.
1384 4708 1713 4787 lilNicaani
1802 4696 1964 4787 conc.
1999 4696 2043 4759 D

327 4780 622 4843 sancitum
659 4790 747 4837 est
777 4789 840 4835 ut
870 4784 939 4837 de
969 4783 1195 4850 integro
1255 4780 1752 4849 rebaptizarentur
1810 4780 1906 4851 qui
1942 4797 1972 4834 e

331 4857 710 4913 Paulianistis
744 4855 813 4908 ad
850 4852 1164 4909 Ecclesium
1198 4853 1597 4922 confugerent.
1636 4853 1712 4905 Le
1744 4852 1842 4906 Pa.

403 4929 515 5001 (56)
548 4928 653 5001 Nec
681 4925 1156 5001 capienumerari
1185 4926 1329 4993 quod
1355 4941 1471 5001 non.
1499 4925 1754 4978 habetur.
1780 4924 1970 4979 Unum

330 4994 421 5055 est
454 4999 606 5070 apud
643 4997 957 5052 Ecclesiam
992 4994 1304 5070 baptisma.
1355 4996 1556 5070 Unitas
1604 5001 1810 5070 autem
1859 5011 1972 5070 non

332 5076 422 5127 est
454 5067 757 5129 numerus,
792 5070 888 5122 sed
926 5068 1276 5139 principium
1312 5067 1559 5121 numeri.
1621 5072 1761 5121 Cum
1797 5067 1978 5134 igitur

333 5147 498 5196 extra
532 5140 847 5195 Ecclesium
880 5138 998 5192 sint
1020 5138 1294 5209 hieretici,
1324 5140 1547 5194 nullum
1582 5151 1660 5194 est
1694 5140 1847 5210 apud
1880 5155 1977 5192 eos

332 5214 631 5280 baptisma
660 5230 679 5266 :
709 5227 889 5280 quare
922 5226 1025 5263 nec
1061 5228 1264 5275 unum,
1304 5212 1442 5280 quia
1473 5212 1624 5282 quod
1696 5228 1810 5265 non
1868 5216 1975 5271 est,

336 5284 542 5354 nequit
592 5283 910 5345 numerari,
966 5298 1070 5354 nec
1103 5285 1453 5353 principium
1506 5285 1643 5337 dare
1703 5298 1968 5336 numero.

339 5353 467 5410 Hac
499 5357 608 5411 fuit
656 5353 1001 5410 Tertulliani
1051 5358 1356 5425 senlentia,
1409 5373 1584 5426 quam
1653 5354 1979 5426 discipulus

335 5432 471 5496 ejus
499 5428 820 5500 Cyprianus
879 5426 1158 5500 adversus
1216 5425 1573 5500 Stephanum
1622 5425 1979 5498 pertinacius

337 5497 594 5556 asseruit
622 5498 1028 5566 compluribus
1059 5497 1471 5566 epistolisNisi
1509 5497 1701 5553 tamen
1737 5514 1981 5551 excusa-

341 5573 388 5627 ri
422 5573 509 5627 vel
551 5576 857 5641 propterea
900 5568 1151 5623 maxime
1197 5570 1479 5624 debuerit.
1515 5571 1667 5640 quod
1728 5586 1795 5623 ea
1842 5574 1982 5622 tunc

343 5644 624 5716 temporis
670 5642 1073 5716 luereticorum
1134 5648 1301 5716 erant
1357 5644 1617 5716 crimina
1672 5648 1751 5716 ‘ut
1783 5642 1984 5716 capite

344 5712 542 5787 aliquo
564 5719 904 5787 tenerentur
935 5712 1082 5767 laesae
1107 5712 1850 5787 sanctissimze__'l‘rinilatis;
1871 5728 1987 5787 qua

348 5783 528 5861 penes
555 5804 653 5844 eos
686 5802 803 5843 non
836 5785 1077 5855 integra,
1113 5784 1373 5856 adeoque
1415 5784 1596 5849 nulla,
1634 5783 1779 5839 nihil
1812 5786 1987 5839 etiam

1521 3351 1741 3407 scilicet
1800 3350 1954 3421 quod
1985 3320 2027 3387 θ

2060 2708 2272 2763 habere
2307 2710 2413 2779 aut
2446 2707 2584 2762 dare
2613 2710 2901 2777 poterant,
2933 2707 3089 2778 quod
3122 2707 3490 2779 baptismum
3517 2708 3709 2764 Chris-

2060 2781 2102 2836 ti
2131 2795 2335 2850 sapere
2367 2778 2678 2834 videretur.
2714 2779 2839 2834 Bis.

2131 2849 2242 2921 (57)
2276 2855 2359 2905 Ita
2388 2866 2487 2905 nec
2540 2855 2764 2921 possunt
2817 2851 3063 2920 aetipere
3128 2849 3261 2920 quia
3315 2867 3427 2905 non
3478 2850 3702 2907 habent.

2058 2924 2361 2994 Apertiora
2391 2923 2700 2992 suntapud
2734 2923 3119 2993 Cyprianum:
3150 2923 3264 2978 Nos
3309 2926 3505 2977 autem
3565 2923 3705 2977 dici-

2061 3012 2193 3049 mus
2216 3012 2320 3049 eos
2346 2995 2446 3065 qui
2473 2994 2607 3048 inde
2628 2995 2871 3048 veniunt
2889 3011 3002 3049 non
3027 2994 3373 3064 rebaptizari
3398 2995 3553 3066 apud
3574 3011 3701 3064 nos,

2061 3069 2162 3122 sed
2198 3067 2532 3138 baptizari:
2551 3065 2750 3137 Neque
2781 3068 2936 3119 enim
2986 3066 3289 3137 accipiunt
3314 3065 3703 3138 illic’aliquid,

2062 3139 2157 3194 ubi
2189 3136 2333 3191 nihil
2365 3143 2472 3191 est.
2510 3137 2635 3191 Rro.

2131 3210 2246 3280 (58)
2276 3210 2336 3262 In
2367 3208 2547 3263 erro
2578 3208 2845 3280 digestum
2894 3212 2989 3262 est.
3048 3207 3223 3263 Vides
3282 3208 3707 3280 Terrtullianum

2067 3278 2259 3337 Graece
2291 3281 2613 3350 prolusisso
2646 3280 2713 3354 in_
2738 3278 2845 3354 ha_c
2870 3279 3130 3349 materia,
3167 3284 3232 3334 ut
3262 3280 3320 3335 in
3353 3279 3505 3349 aliis,
3551 3283 3706 3354 quod

2069 3354 2237 3407 multi
2259 3355 2666 3406 observarunt.
2696 3352 2772 3404 LE
2801 3351 2900 3404 Pa.

2137 3426 2247 3495 (59)
2283 3425 2453 3479 Israel
2481 3425 2707 3479 Iudaeus
2734 3421 2987 3495 quotidie
3043 3422 3208 3489 lavat,

3265 3426 3402 3494 quia
3458 3424 3713 3494 quotidie

2067 3493 2416 3568 inquinatur.
2451 3496 2544 3550 Sic
2576 3497 2676 3550 lib.
2708 3494 2772 3568 de
2802 3493 3110 3568 _(_)ratione_:
3146 3517 3173 3543 ‹‹

3233 3496 3523 3550 Omnibus
3578 3496 3711 3549 licet

2070 3565 2347 3623 membris
2408 3567 2559 3622 lavet
2617 3566 2875 3636 quotidie
2910 3565 3107 3638 Israel,
3149 3583 3453 3638 nunquam
3511 3572 3709 3621 tamen

2069 3642 2323 3695 mundus
2356 3645 2462 3693 est.
2497 3640 2660 3694 Certe
2692 3653 2901 3690 manus
2933 3637 3068 3710 ejus,
3102 3637 3334 3710 semper
3388 3639 3708 3694 immunda:

2067 3712 2350 3782 sanguine
2384 3711 2822 3782 prophetarum,
2851 3730 2877 3756 »
2900 3715 3009 3782 etc.
3047 3709 3169 3764 Rm.

2139 3780 2207 3823 ἑ
2240 3780 2406 3837 Israel
2434 3780 2813 3837 Judwusdam
2837 3781 2990 3835 enim
3027 3787 3115 3835 est
3144 3780 3318 3837 Israel
3360 3781 3707 3847 catholicus,

2069 3855 2568 3924 quemadmodum
2601 3858 2658 3905 et
2686 3852 2973 3906 catholica
3002 3853 3353 3907 Jerusalem.
3390 3854 3468 3908 LE
3498 3853 3595 3907 Pa.

2138 3926 2250 3996 (60)
2287 3928 2385 3979 Hos
2414 3926 2545 3978 duos
2594 3924 2902 3996 baptismos.
2966 3928 3039 3978 Ea
3090 3942 3252 3996 mens
3305 3930 3395 3978 est
3460 3923 3705 3985 auctori,

2071 3994 2328 4067 utprius
2376 4013 2537 4065 aquae
2572 3994 2920 4067 baptismate
2952 4012 3054 4049 nos
3104 3995 3364 4065 indigere
3413 3996 3586 4067 dicat,
3650 3999 3715 4047 ut

2071 4065 2417 4137 sanguinem
2455 4071 2655 4137 postea
2686 4066 2959 4120 bibamus
3001 4066 3152 4136 quis
3218 4067 3478 4136 perfosso
3535 4065 3714 4119 latere

2073 4138 2347 4265 ganpavit,
2382 4138 2491 4193 hoc
2548 4143 2659 4203 est,
2693 4137 3058 4193 eucharistiaa
3110 4138 3423 4210 participes
3477 4138 3713 4203 ﬁamus,

2120 4230 2149 4265 ε
2234 4229 2287 4264 n.

2073 4213 2149 4266 LE
2189 4213 2287 4265 Pu.

2144 4283 2256 4352 (61)
2290 4282 2395 4349 Qui
2427 4296 2571 4349 aqua
2620 4280 2903 4352 lavissent,
2962 4282 3126 4352 etiam
3171 4282 3505 4349 sanguinem
3558 4285 3717 4350 pota-

2073 4358 2213 4407 rent.
2240 4350 2366 4409 Hoc
2390 4353 2512 4405 loco
2544 4351 2738 4422 agitur
2768 4352 2839 4404 de
2869 4350 3084 4422 duplici
3117 4352 3433 4424 baptismo,
3468 4367 3629 4424 aquae
3662 4354 3719 4424 et

2075 4425 2401 4495 sanguinis.
2438 4421 2763 4492 Utrumque
2795 4421 2987 4476 autem
3050 4424 3119 4477 de
3177 4421 3415 4477 vulnere
3472 4421 3717 4494 perfossi

2076 4494 2273 4550 lateris
2305 4495 2541 4550 ﬂuxisse
2575 4496 2654 4550 ait
2683 4495 3022 4565 Septimius.
3048 4502 3112 4549 ut
3144 4497 3245 4566 qui
3275 4496 3331 4548 in
3367 4494 3716 4566 sanguinem

2077 4568 2289 4622 Christi
2320 4567 2614 4621 credimus
2646 4569 2796 4634 ejus,
2831 4583 2981 4635 aqua
3014 4568 3311 4622 lavemur:
3361 4574 3600 4637 tamque
3622 4582 3719 4620 sa-

2077 4639 2285 4694 lutaris
2318 4655 2478 4708 aqua:
2504 4637 2784 4691 beneﬁcio
2825 4637 3028 4704 abluti,
3063 4639 3236 4693 etiam
3270 4638 3508 4693 calicem
3561 4655 3720 4692 mar‘

2076 4712 2205 4781 tyrii
2243 4727 2345 4781 pro
2370 4708 2870 4781 Christinomine,
2907 4710 3132 4779 quoties
3155 4712 3381 4767 occasio
3430 4710 3722 4777 inciderit,

2083 4780 2356 4837 bibamus
2387 4780 2676 4851 intrepide
2698 4784 2755 4832 et
2784 4786 3136 4836 constanter.
3171 4783 3337 4837 llunc
3380 4784 3538 4837 enim
3596 4797 3725 4836 esse

2081 4860 2198 4908 tam
2234 4855 2525 4907 efﬁcacem
2560 4851 2943 4917 baptismum,
2977 4858 3040 4904 ut
3069 4852 3361 4909 lavacrum
3396 4860 3451 4909 et
3482 4870 3597 4908 non
3630 4870 3724 4908 ao-

2083 4931 2317 4996 ceptum
2351 4928 2747 4996 repraesentet,
2771 4927 2828 4996 et
2860 4924 3148 4996 perditum
3183 4927 3545 4989 reddatQum
3568 4925 3723 4980 haud

2086 4994 2264 5053 dubie
2286 5004 2421 5069 sunt
2453 4994 2827 5069 intelligenda
2858 4995 2927 5049 de
2953 4999 3257 5069 martyrio.
3292 5002 3415 5052 Βία.

2154 5070 2266 5139 (6‘3)
2298 5068 2550 5121 Summus
2579 5065 2835 5140 sacerdos
2866 5068 2960 5137 qui
3004 5077 3083 5121 est
3119 5065 3436 5140 episcopus.
3493 5096 3562 5107 -—
3595 5071 3727 5120 Pro-

2083 5146 2210 5213 pter
2266 5140 2518 5193 Ecclesia)
2571 5139 2849 5213 honorem,
2909 5154 3012 5208 quo
3040 5139 3211 5213 salva.
3263 5139 3422 5195 salva
3454 5155 3579 5213 pars
3628 5140 3725 5192 est.

2089 5209 2353 5281 Alioquin
2385 5213 2551 5266 etiam
2582 5209 2852 5275 laicisjus
2897 5220 2995 5265 est.
3036 5212 3370 5269 Consimilis
3423 5216 3513 5266 est
3569 5209 3731 5263 locus

2090 5284 2190 5337 lib.
2223 5284 2287 5338 de
2345 5284 2567 5337 Exhort.
2632 5281 2815 5354 Gestit.
2851 5281 2927 5354 Ex
2978 5288 3224 5354 utroque
3256 5290 3450 5341 autem
3502 5281 3734 5354 collegit

2092 5355 2502 5425 Hieronymus,
2537 5352 2695 5425 quod
2714 5350 2794 5425 ait
2816 5353 3095 5409 adversus
3130 5349 3734 5420 l.ucil‘erianos,bapti-

2094 5443 2285 5481 smum
2315 5423 2449 5481 esse
2500 5423 2908 5479 sacerdotium.
2974 5426 3196 5482 Etenim
3252 5430 3540 5499 scriptum
3588 5426 3731 5499 est;

2097 5500 2334 5567 Regnum
2396 5499 2593 5567 quippe
2650 5511 2745 5550 nos
2799 5504 2849 5550 et
2903 5500 3210 5554 sacerdote:
3272 5494 3389 5555 Deo'
3448 5500 3501 5550 et
3576 5494 3736 5567 Patri

2093 5564 2189 5626 suo
2249 5571 2378 5629 fecit
2408 5564 2429 5624 ἐ
2485 5564 2540 5621 et
2596 5566 2805 5621 iterum
2855 5584 2866 5621 :
2928 5576 3141 5637 gentem
3198 5580 3463 5631 sanctam,
3549 5564 3737 5635 regale

2093 5644 2483 5695 suem-(lotium.
2545 5640 2740 5708 quue
2798 5640 2970 5693 etiam
3044 5648 3266 5711 spectat
3350 5638 3505 5711 quod
3592 5652 3735 5711 opu-

2097 5714 2243 5769 sculi
2272 5711 2666 5785 bujus,initio
2689 5710 3013 5785 ﬁeptimius
3043 5709 3282 5785 notavit,
3341 5709 3612 5785 egressos
3669 5709 3739 5785 de

2096 5785 2324 5843 lavacro
2351 5781 2490 5857 ungi
2522 5781 2829 5840 benedicta
2860 5784 3153 5848 unctione,
3189 5781 3276 5841 de
3306 5787 3501 5857 prisca
3556 5781 3740 5840 disci-
