4148 6194
345 240 501 303 1329

1621 238 1856 299 LIBER
1901 238 2003 298 DE
2048 235 2469 298 BAPTISMO.

3598 234 3752 296 1330

340 371 699 435 defendunt;
736 368 925 424 sciant
954 367 1013 423 in
1046 367 1183 423 Asia
1235 368 1658 440 presbyterum,
1710 370 1808 441 qui
1858 386 1985 424 eam
2019 373 2071 438 Α
2103 367 2519 440 orandigratia
2576 367 2868 438 profectus
2924 366 3233 439 Scripturaa
3265 366 3471 421 divinae
3496 366 3750 439 impres-

320 462 697 531 seripturam
730 458 1113 526 construcxit,
1147 460 1314 527 quasi
1364 457 1532 513 titulo
1573 458 1737 514 Pauli
1787 460 1856 513 de
1886 475 1992 514 suo

340 547 653 604 cumulans
684 548 817 619 (71),
850 546 1182 602 convictum
1214 552 1393 618 atque
1420 548 1748 601 confessum
1786 546 1900 617 (72)
1934 545 1988 600 id

341 654 406 694 se
435 652 633 693 amore
664 634 827 690 Pauli
846 636 1072 701 fecisse,
1100 634 1225 691 loco
1248 635 1589 691 decessisse.
1625 634 1810 698 Quam
1832 635 1989 690 enim

342 728 475 782 fidei
509 726 843 799 proximum
872 725 1190 793 videretur,
1233 730 1298 779 ut
1352 723 1403 779 is
1463 724 1706 780 docendi
1759 729 1815 779 et
1874 724 1988 779 tiu-

338 816 557 889 guendi
600 816 807 871 I220
840 816 1004 869 daret
1056 814 1282 869 feminae
1334 819 1704 886 potestatem,
1756 814 1857 884 qui
1917 829 1989 869 ne

339 906 563 961 discere
587 906 633 940 ⁶²
655 904 891 975 quidem
914 909 1252 959 constanter
1281 902 1513 958 mulieri
1536 902 1801 974 permisit
1821 902 1930 971 (73)
1961 901 1989 956 ?

340 996 596 1061 Taceant,
657 1002 708 1050 et
761 993 909 1049 domi
962 996 1198 1049 maritos
1244 1008 1370 1048 suos
1414 993 1704 1049 consulant
1745 993 1818 1061 (II
1863 991 1982 1047 Cor.

336 1085 476 1156 xxv).

933 1170 1167 1226 CAPUT
1198 1171 1392 1226 XVIII.

406 1261 692 1315 Caeterum
712 1259 1075 1331 baptismum
1100 1276 1213 1314 non
1233 1264 1453 1314 temere
1473 1258 1829 1313 credendum
1854 1274 1984 1314 esse

334 1348 553 1418 sciunt,
590 1366 841 1419 quorum
874 1348 1132 1403 officium
1165 1352 1271 1403 est.
1304 1347 1475 1403 Omni
1509 1347 1723 1418 petenti
1748 1352 1803 1401 te
1825 1348 1981 1417 dato,

333 1453 508 1492 suum
541 1437 718 1493 habet
759 1435 997 1491 titulum
1051 1436 1292 1508 perinde
1346 1436 1392 1471 ⁵³
1441 1436 1511 1490 ad
1546 1436 1980 1507 eleemosyuam

334 1525 741 1597 pertinentem.
777 1526 899 1579 Imo
929 1524 1075 1579 illud
1111 1524 1306 1595 potius
1350 1524 1849 1596 perspiciendum:
1876 1526 1983 1579 Νο-

330 1614 434 1668 lite
457 1614 596 1668 dare
632 1617 883 1669 sanctum
908 1614 1135 1668 canibus
1193 1614 1346 1685 (Luc.
1379 1613 1478 1684 v1),
1511 1618 1568 1668 et
1595 1614 1780 1684 porcis
1807 1612 1979 1684 proji-

331 1720 453 1760 cere
481 1706 822 1775 margaritas
870 1708 1079 1758 vestras
1110 1703 1155 1737 “
1184 1703 1405 1774 (Matth.
1444 1719 1545 1771 vn,
1576 1704 1653 1772 6),
1686 1709 1742 1756 et
1787 1704 1977 1757 Manus

329 1810 397 1849 ne
440 1795 607 1865 facile
655 1794 1002 1863 imposueris,
1061 1807 1130 1847 ne
1186 1794 1485 1862 participes
1537 1792 1728 1846 aliena
1776 1791 1975 1846 delicta

330 1884 377 1952 (I
411 1883 544 1937 Tim.
577 1897 633 1951 ν,
664 1883 774 1947 22;
841 1889 961 1935 Act.
995 1881 1143 1951 vui).
1179 1881 1374 1935 I221
1426 1880 1481 1934 Si
1519 1879 1823 1950 Philippus
1856 1886 1977 1934 tam

331 1969 499 2025 facile
530 1970 704 2024 tinxit
732 1969 1085 2034 eunuchum,
1105 1968 1496 2040 recogitemus
1527 1968 1899 2023 manifestam
1925 1974 1981 2024 et

325 2066 613 2114 exsertam
646 2059 1047 2131 dignationem
1082 2057 1314 2113 Domini
1344 2057 1766 2112 intercessisse.
1792 2057 1978 2129 Spiri-

324 2151 422 2203 tus
449 2148 711 2219 Philippo
744 2156 1095 2218 praeceperat
1120 2147 1178 2201 in
1200 2162 1327 2201 eam
1346 2146 1499 2201 viam
1526 2146 1883 2216 praetendere
1899 2146 1974 2214 ‘5;

326 2237 509 2307 spado
569 2241 626 2290 et
682 2235 810 2306 ipse
866 2235 1137 2290 iuventus
1168 2242 1258 2289 est
1316 2251 1431 2289 non
1463 2235 1710 2299 otiosus,
1744 2250 1849 2289 uec
1878 2235 1978 2305 qui

325 2325 522 2380 subito
589 2323 782 2397 tingui
842 2325 1327 2396 concupisceret:
1388 2323 1490 2379 sed
1552 2323 1625 2377 ad
1685 2322 1975 2394 templum

2103 475 2227 514 sus.
2258 458 2347 512 Sic
2389 458 2692 527 oportebat
2724 456 3025 527 deprendi,
3074 456 3164 511 cui
3211 455 3360 512 ultro
3419 456 3572 511 Deus
3607 473 3747 527 apo-

2102 548 2319 602 stolum
2358 545 2614 611 miserat,
2676 548 2746 601 ad
2782 562 2955 617 quem
3014 563 3220 601 rursus
3279 546 3555 616 Spiritus,
3589 551 3654 601 ut
3685 561 3748 600 se

2100 635 2389 691 curriculo
2448 636 2705 690 eunuchi
2763 636 3126 707 adjungeret,
3180 635 3383 706 jussit,
3442 635 3747 706 Scriptura

2099 725 2286 797 ipsius
2317 725 2450 781 lidei
2482 725 2735 780 occurrit
2765 725 2825 780 iu
2878 732 3159 795 tempore,
3200 725 3540 779 exhortatus
3571 742 3743 780 assu-

2100 815 2296 879 mitur,
2348 815 2634 870 Dominus
2690 814 3040 879 ostenditur,
3091 814 3234 869 ﬁdes
3292 830 3405 869 uon
3458 819 3741 882 moratur,

2097 918 2251 974 aqua
2300 920 2415 959 non
2465 906 2857 975 exspectatur,
2892 902 3193 975 apostolus
3224 903 3477 974 perfecto
3510 904 3740 967 negotio

2093 992 2361 1063 eripitur.
2416 992 2524 1047 Sed
2584 996 2641 1048 et
2687 992 2902 1047 Paulus
2954 1008 3151 1048 revera
3202 993 3314 1047 cito
3372 993 3595 1048 tinctus
3652 996 3742 1048 est

2095 1080 2231 1152 (Act.
2286 1082 2385 1153 ιι).
2446 1082 2567 1138 Cito
2629 1082 2784 1137 enim
2838 1087 3193 1154 cognoverat
3241 1082 3440 1138 Simon
3499 1083 3543 1118 ⁵⁸
3607 1082 3741 1137 hos-

2094 1185 2195 1240 pes
2211 1188 2311 1226 vas
2329 1187 2461 1226 eum
2493 1188 2623 1226 esse
2643 1171 2942 1227 electionis
2970 1171 3376 1227 constitutum.
3401 1171 3502 1226 Dei
3531 1172 3737 1243 digna-

2091 1258 2169 1314 tio
2228 1277 2366 1315 suas
2425 1260 2719 1332 praemittit
2770 1260 3218 1332 praerogativas;
3282 1262 3475 1315 omnis
3536 1260 3737 1332 petitio

2091 1351 2147 1401 et
2191 1348 2456 1420 decipere
2513 1353 2570 1403 et
2627 1348 2813 1418 decipi
2876 1353 3083 1421 potest.
3144 1352 3344 1419 Itaque
3393 1366 3497 1420 pro
3537 1351 3736 1419 cujus-

2091 1452 2205 1507 que
2264 1454 2523 1508 personae
2575 1438 2907 1492 conditione
2972 1454 3037 1492 ae
3094 1436 3501 1507 dispositione,
3556 1437 3733 1493 etiam

2089 1528 2254 1579 aetate
2329 1525 2622 1579 cunctatio
2699 1524 2977 1595 baptismi
3046 1524 3248 1579 utilior
3335 1530 3470 1581 est:
3539 1526 3734 1596 praeci-

2090 1629 2202 1684 pue
2258 1618 2453 1667 tamen
2528 1614 2683 1667 circa
2748 1611 3042 1684 parvulos.
3103 1613 3252 1677 Quid
3284 1613 3439 1668 enim
3496 1631 3734 1670 necesse

2088 1708 2179 1757 est
2206 1702 2271 1766 ⁸⁷,
2304 1718 2617 1771 sponsores
2648 1703 2822 1756 etiam
2877 1701 3132 1772 periculo
3182 1702 3369 1774 ingeri
3396 1704 3504 1773 (74)
3536 1704 3563 1757 ?
3594 1702 3734 1774 quia

2088 1794 2145 1845 et
2166 1790 2277 1859 ipsi
2304 1791 2347 1824 ⁸⁸
2381 1807 2483 1861 per
2516 1790 2929 1845 mortalitatem
2963 1790 3279 1845 destituere
3310 1790 3731 1861 promissiones

2089 1896 2228 1934 suas
2264 1884 2531 1951 possunt,
2563 1884 2619 1934 et
2666 1884 2945 1950 proventu
3005 1878 3172 1934 malm
3221 1880 3435 1934 indolis
3467 1879 3609 1935 falli.
3640 1880 3734 1935 Ait

2088 1968 2323 2037 quidem
2380 1967 2704 2021 Dominus:
2765 1967 2953 2023 Nolite
3008 1969 3129 2021 illos
3195 1968 3449 2022 rohibere
3504 1969 3590 2022 ad
3643 1983 3733 2022 me

2086 2058 2276 2112 venire
2309 2051 2481 2126 (Matt.
2513 2073 2632 2121 xxx,
2688 2056 2794 2127 14).
2853 2056 3102 2111 Veniant
3156 2072 3292 2128 ergo
3341 2057 3481 2111 dum
3536 2055 3733 2111 adole-

2087 2149 2280 2215 scunt,
2311 2146 2549 2201 veniant
2598 2146 2736 2200 dum
2795 2146 3049 2211 discunt,
3112 2146 3251 2200 dum
3310 2161 3426 2216 quo
3474 2145 3731 2212 veniant,

2086 2235 2409 2302 docentur;
2468 2234 2614 2289 ﬂant
2669 2233 3008 2302 Christiani,
3060 2249 3194 2288 cum
3230 2232 3524 2289 Christum
3559 2249 3733 2289 nosse

2086 2324 2407 2395 potuerint.
2451 2324 2599 2391 Quid
2634 2324 2870 2378 festinat
2905 2323 3187 2378 innocens
3218 2327 3356 2378 aetas
3393 2323 3506 2395 (75)
3538 2324 3609 2379 ad
3642 2338 3732 2378 re-

1745 2476 1946 2537 Variae
1988 2475 2307 2537 lectiones.

384 2599 431 2633 ⁶²
461 2597 677 2654 Docere
698 2598 827 2654 alii.
919 2599 965 2634 ⁵³
998 2598 1246 2654 Proinde
1276 2615 1327 2653 υ.
1358 2616 1407 2654 c.
1448 2599 1627 2655 Wouv.

1720 2598 1766 2632 ⁶⁴
1798 2597 2168 2671 Margaritam
2218 2603 2470 2655 vestram
2506 2601 2693 2656 Paris.
2736 2602 2791 2654 et
2842 2598 3033 2670 porcis
3083 2600 3361 2671 projicere
3403 2596 3726 2670 margarita

315 2676 510 2726 vestra
538 2687 588 2725 υ.
609 2687 656 2725 c.
696 2671 881 2742 unv.
955 2670 999 2705 ⁵⁵
1028 2670 1377 2725 Perteudere
1430 2688 1481 2725 υ.
1514 2687 1561 2725 c.
1599 2672 1810 2728 Wouw.
1885 2671 1929 2704 ⁶⁶
1956 2670 2140 2726 Judas
2184 2674 2410 2742 Franeq.
2446 2674 2700 2726 Ananiae
2730 2673 2912 2726 Latin.
2986 2672 3028 2706 ⁸⁷
3078 2670 3135 2725 Si
3184 2688 3300 2727 nou
3331 2676 3451 2727 tam
3485 2684 3722 2726 necesse

314 2743 441 2798 add.
478 2746 713 2814 Franeq.
747 2740 797 2797 si
829 2758 943 2797 non
976 2746 1096 2797 tam
1142 2759 1379 2798 necesse
1409 2746 1493 2798 est
1524 2759 1574 2797 v.
1600 2758 1648 2797 c.
1680 2747 1868 2799 Wouv.
1944 2742 1987 2778 ⁸⁸
2018 2743 2124 2808 Qui
2157 2748 2214 2798 et
2241 2740 2556 2815 ipsi—Fran.
2592 2743 2811 2799 Corbin.
2846 2748 3008 2814 Le0p.

1759 2885 2279 2948 Commentarius.

316 3039 449 3079 rum
482 3023 770 3097 stomachi
804 3023 974 3097 plena
1006 3025 1215 3097 potius
1245 3041 1422 3096 quam
1455 3023 1751 3097 suasionis
1783 3040 1962 3097 argu-

314 3100 511 3180 menta
542 3095 916 3180 recolens—vir
946 3095 1118 3180 frugi,
1150 3095 1467 3180 irigidique
1498 3113 1563 3151 ac
1597 3095 1961 3180 saniorisin-

312 3167 490 3236 genii,
542 3168 984 3223 doctissimuse
1036 3167 1491 3223 Protestantium
1554 3169 1785 3239 agmine
1819 3167 1960 3223 Gra-

311 3239 470 3312 bius,
505 3240 651 3312 base,
695 3240 887 3309 habet,
939 3256 1084 3310 quis,
1138 3242 1469 3312 usquedum
1524 3241 1777 3310 ipsemet
1820 3243 1961 3294 Acta

310 3309 477 3364 Pauli
508 3317 566 3366 et
591 3311 816 3366 Theclaa
840 3309 1349 3381 proferamus,'sat
1380 3314 1493 3367 erit
1540 3309 1823 3382 asperiori
1859 3328 1958 3366 no-

307 3386 561 3436 stratum
628 3384 958 3454 supercilio,
998 3400 1333 3454 opponere:
1397 3408 1424 3433 α
1491 3383 1637 3438 Hinc
1699 3385 1954 3454 profecto

2072 3023 2299 3078 Theclse
2332 3023 2603 3079 scribsit:
2636 3027 2692 3079 et
2748 3024 2819 3078 ob
2869 3022 2925 3077 id
2961 3023 3171 3078 merito
3193 3038 3228 3078 a
3258 3027 3463 3079 sancto
3493 3022 3722 3079 Joanne

2071 3096 2256 3162 gradu
2290 3114 2395 3151 suo
2429 3094 2688 3177 dejectus
2718 3101 2922 3178 es_t_,_ut
2948 3111 2981 3149 a
3032 3094 3393 3178 Ter‘t‘ulli‘auo
3433 3095 3721 3178 elinﬂiero-

2073 3184 2247 3238 uymo
2307 3165 2601 3223 memoriae
2662 3168 2973 3236 proditum.
3034 3188 3062 3215 ››
3114 3166 3388 3237 (Spicileg.
3450 3165 3543 3221 SS.
3601 3167 3718 3248 PP.

2072 3244 2211 3294 tom.
2251 3238 2290 3307 Ι,
2351 3256 2520 3309 pagg.
2576 3239 2664 3309 88,
2696 3239 2765 3291 94
2824 3242 2881 3292 et
2910 3237 3057 3309 334).
3118 3242 3414 3293 Hactenus
3449 3238 3716 3292 eruditus

2072 3256 2211 3294 tom.
2252 3256 2290 3307 ι,
2351 3256 2520 3312 pagg.
2576 3256 2664 3309 uc,
2696 3256 2765 3291 ws
2824 3256 2881 3292 et
2910 3256 3057 3309 σω).
3118 3256 3414 3293 uactenus
3449 3256 3716 3292 cruoitus

2069 3309 2380 3391 grabiusi
2419 3311 2523 3391 qui
2574 3315 2629 3365 et
2674 3309 3099 3391 animadvertit
3132 3311 3717 3391 .Hierouymumuon

2074 3380 2288 3437 Thecla
2343 3380 2933 3455 fabulamybaptimti
2971 3383 3167 3455 Leonis
3221 3380 3479 3455 fabulam
3518 3382 3717 3455 dixis-

305 3459 558 3525 eoustat,
592 3452 1283 3524 inquit,libellumlistum
1323 3456 1500 3509 fuisse
1526 3452 1953 3511 Pauli‘nomine
1986 3454 2028 3521 C
2066 3470 2161 3520 se;
2196 3470 2322 3524 quas
2344 3452 2589 3525 quidem
2624 3453 2820 3508 fabula
2851 3455 2909 3507 in
2943 3453 3159 3508 nostris
3191 3452 3345 3508 Actis
3377 3454 3532 3508 haud
3568 3452 3713 3523 legi-

305 3523 452 3578 falso
485 3523 855 3596 inscriptum.
891 3528 960 3581 At
990 3542 1120 3582 vero
1152 3526 1293 3580 illud
1328 3526 1518 3580 adhuc
1542 3528 1597 3580 in
1630 3528 1955 3596 quzestione

308 3600 508 3651 manet
540 3612 554 3652 :
589 3602 783 3652 utrum
818 3596 1061 3653 historia
1095 3597 1318 3652 Thecla:
1350 3597 1409 3651 in
1443 3614 1508 3651 eo
1540 3596 1689 3651 libro
1725 3604 1957 3655 narrata

305 3684 470 3722 mera
502 3669 673 3723 fuerit
703 3668 902 3723 fabula
933 3686 966 3723 a
998 3670 1334 3739 presbytero
1369 3670 1477 3722 isto
1510 3670 1756 3724 conficta
1781 3686 1793 3725 :
1819 3687 1954 3725 cum

310 3739 449 3811 talis
469 3739 629 3810 virgo
657 3744 714 3795 et
745 3741 1350 3811 martyrsanctissima
1372 3756 1697 3810 numquam
1712 3742 1955 3797 exstite-

306 3811 404 3878 rit,
439 3810 623 3864 istave
653 3812 836 3883 egerit
856 3810 913 3866 et
945 3828 1118 3883 passa
1150 3812 1323 3866 fuerit
1354 3827 1455 3883 pro
1491 3812 1600 3867 fide
1625 3812 1957 3867 Christiana

304 3898 486 3952 quam
518 3899 551 3937 a
603 3882 779 3939 Paulo
836 3883 1111 3937 didicisse
1164 3882 1362 3939 fertur.
1414 3883 1559 3938 Sane
1611 3884 1956 3939 Tertulliani

303 3954 482 4026 verba
530 3953 641 4008 hoc
689 3954 1173 4026 nongevincunt;
1237 3955 1337 4010 sed
1398 3953 1589 4008 solum
1634 3956 1955 4026 presbyteri

303 4023 481 4097 istius
512 4025 753 4080 Asiatici
780 4025 1044 4080 libellum
1072 4042 1372 4097 perperam
1396 4026 1575 4081 Paulo
1606 4023 1952 4095 ascriptum,

537 4098 592 4151 ui
625 4097 683 4151 in
705 4114 781 4170 eo
815 4097 1062 4152 relatum
1088 4169 1094 4170 γ
1122 4114 1251 4153 esse
1284 4098 1501 4162 volunt,
1557 4099 1708 4170 quod
1742 4099 1956 4154 Thecla

536 4169 739 4241 oceudi
801 4184 867 4241 ac
941 4169 1275 4241 baptizandi
1335 4186 1554 4224 munus
1611 4172 1950 4225 exercuerit.

308 4096 463 4152 male

302 4169 438 4238 ipsa

304 4239 454 4305 Quid
488 4241 644 4310 quod
676 4240 787 4295 hoc
817 4239 1092 4311 ipsumsi
1147 4242 1401 4312 penitius
1435 4240 1712 4312 inspicias
1745 4242 1953 4297 borum

296 4315 582 4395 Actorum
616 4313 1031 4395 antiquitatem
1065 4314 1302 4395 arguit?
1334 4313 1634 4395 Sequiori‘s
1668 4315 1823 4368 enim
1851 4315 1955 4370 aevi

298 4382 584 4456 scriptor“
613 4383 714 4456 vix,
758 4382 905 4438 illud
966 4382 1259 4456 posuisset
1290 4402 1303 4440 :
1340 4382 1525 4456 neque
1557 4385 1713 4439 ullus
1754 4403 1955 4441 recen-

298 4453 414 4508 tior
444 4454 719 4528 muliebri
771 4456 932 4528 sexui
966 4453 1081 4511 tale
1127 4457 1268 4527 quid
1310 4453 1719 4528 attribuisset,
1769 4474 1956 4528 neque

298 4528 403 4581 aut
439 4525 677 4581 Paulum
701 4527 1034 4600 apostolum
1054 4525 1275 4600 munus
1304 4527 1459 4582 istud
1492 4545 1723 4583 sacrum
1752 4525 1955 4600 injun-

300 4602 534 4667 geutem
566 4604 667 4652 aut
697 4598 975 4653 Thsclam
1010 4598 1151 4653 illud
1184 4604 1544 4654 exercentem
1592 4598 1954 4656 introduxis-

300 4672 409 4723 set.
468 4668 1093 4743 Primis‘temporibus
1154 4670 1272 4726 hac
1349 4671 1544 4743 magis
1593 4674 1954 4727 conveniunt

299 4745 477 4810 atque
510 4740 764 4795 historiae
808 4741 1199 4797 Eeclesiarum
1246 4744 1395 4797 Asiae
1440 4740 1583 4797 satis
1632 4749 1771 4797 sunt
1810 4760 1951 4799 con-

2066 3531 2198 3580 tur:
2246 3529 2309 3579 ut
2340 3527 2583 3596 proinde
2606 3527 2740 3595 jure
2771 3532 3077 3580 censeatur
3119 3530 3359 3581 sanctus
3412 3530 3582 3579 Pater
3613 3528 3714 3596 aut

2066 3598 2179 3653 ista
2207 3594 2959 3669 Acta—penitusiguorasse,
3006 3600 3108 3652 aut
3164 3597 3220 3651 iu
3274 3594 3716 3669 exemplariali-

2064 3669 2219 3741 quod
2253 3671 2595 3724 eorumdem
2639 3668 2918 3724 Actorum
2976 3669 3358 3740 depravatum
3412 3668 3711 3723 incidisse.

2066 3743 2245 3881 Ellgl)
2282 3810 2451 3876 Quasi
2480 3811 2649 3881 titulo,
2673 3812 2841 3864 Pauli
2870 3810 2934 3865 de
2962 3826 3057 3864 suo
3084 3811 3401 3866 cumulans.
3437 3815 3554 3866 Hoc
3584 3814 3710 3865 est:

2064 3882 2236 3945 Quasi
2271 3881 2493 3951 aliquid
2523 3880 2712 3953 titulis
2742 3886 2797 3936 et
2832 3882 3049 3953 gloria:
3070 3882 3264 3953 iPauli
3295 3882 3366 3937 de
3405 3898 3511 3937 suo
3544 3883 3717 3937 adde-

2065 3958 2173 4021 ret,
2206 3954 2359 4021 quod
2392 3952 2613 4006 cumoli
2647 3959 2797 4008 esset
2827 3952 3034 4008 instar.
3069 3952 3193 4006 Hie.

2135 3970 2173 4021 ι,
2250 3970 2359 4007 uon
2392 3970 2613 4006 cumun
2647 3970 2797 4008 esset
2827 3970 3034 4008 insuar.
3070 3970 3193 4006 me.

2135 3970 2249 4149 (72}
2310 4024 2628 4079 Convictum
2705 4030 2866 4096 atque
2944 4025 3268 4092 confessum.
3330 4022 3713 4092 Hieronymus

2146 4096 2202 4149 di
2251 4096 2314 4149 it.
2340 4096 2667 4149 convictum
2699 4096 2852 4149 anud
2884 4096 3191 4149 Joannem.
3226 4094 3355 4149 Pas.

2064 4094 2314 4157 addidit,
2340 4096 2667 4151 convictum
2699 4094 2852 4167 apud
2884 4096 3191 4151 Joannem.
3226 4094 3355 4149 Pus.

2135 4168 2242 4239 (73)
2274 4169 2350 4221 Ne
2368 4168 2574 4222 discere
2603 4164 2832 4237 quidem
2871 4174 3185 4222 constanter
3230 4166 3457 4220 mulieri
3500 4164 3712 4239 perlui-

2062 4235 2151 4294 sit;
2187 4239 2259 4295 Ut
2287 4239 2465 4293 etiam
2498 4235 2631 4294 eum
2650 4240 3002 4295 verecundia
3025 4240 3243 4295 discere
3265 4240 3568 4309 appetant.
3586 4235 3713 4309 Non

2062 4316 2401 4366 constanter
2429 4311 2672 4376 discere,
2707 4312 2814 4366 hoc
2864 4317 2972 4381 est,
3025 4328 3137 4364 non
3194 4307 3460 4364 absolute
3492 4307 3713 4381 scitari,

2063 4388 2164 4439 aut
2222 4384 2518 4454 praefracte
2571 4383 2950 4455 interrogare.
3012 4383 3106 4436 Sic
3155 4381 3257 4435 lib.
3303 4381 3372 4455 de
3430 4380 3712 4455 Patienta,

2063 4476 2092 4505 ‹‹
2127 4450 2487 4510 Proditorem
2542 4472 2716 4510 suum
2777 4450 2879 4509 nec
2933 4458 3271 4510 constanter
3321 4450 3637 4508 deuotovit.
3682 4472 3711 4501 »

2067 4528 2195 4583 Rm.

2137 4597 2247 4667 (74)
2277 4601 2575 4668 Sponsores
2605 4597 2776 4653 etiam
2829 4597 3075 4668 periculo
3129 4596 3358 4668 ingeris
3391 4595 3714 4668 Puerorum

2066 4665 2462 4740 susceptores,
2482 4670 2577 4739 qui
2602 4665 3123 4741 Gracis’ava‘i‘o‘oxm,
3143 4665 3311 4741 quasi
3335 4667 3713 4741 ﬁdejussores

2065 4745 2224 4807 sunt,
2248 4737 2460 4796 eorum
2483 4737 2743 4796 officium
2777 4746 2865 4796 est
2893 4737 3177 4797 infantem
3211 4737 3522 4808 instruere,
3554 4743 3611 4792 et
3640 4737 3713 4796 ad

298 4828 478 4886 grua.
505 4812 566 4865 In
598 4812 729 4886 istis
758 4813 914 4886 enim
976 4813 1251 4886 mulieres
1281 4814 1565 4886 quasdam
1601 4820 1949 4886 potestatem
1982 4821 2029 4884 Β
2058 4815 2205 4886 bene
2235 4812 2889 4886 vivendum‘adhortari,
2922 4816 2979 4868 et
3003 4812 3141 4869 hinc
3181 4828 3423 4867 sensum
3454 4810 3711 4867 auctoris

300 4883 664 4958 praedicandi
679 4884 749 4958 in
782 4885 1179 4958 Ecclesiasibi
1213 4883 1514 4958 arrogasse
1558 4883 1852 4958 colligitur
1884 4903 1953 4942 ex

296 4954 720 5027 verbisAPauli,
747 4957 815 5009 ad
860 4956 1252 5023 Timotheum,
1291 4957 1501 5027 Ephesi
1555 4958 1610 5011 in
1649 4954 1784 5013 Asia
1815 4959 1951 5013 reli-

297 5029 460 5083 ctum
499 5025 580 5080 ita
611 5026 960 5083 scribentis:
993 5027 1194 5083 Mulier
1224 5031 1281 5083 in
1333 5025 1552 5084 silentio
1602 5029 1782 5085 discat
1830 5047 1954 5085 cum

293 5098 456 5153 omni
483 5098 844 5169 subjectione.
868 5100 1064 5154 Docere
1094 5108 1276 5156 autem
1300 5101 1531 5156 mulieri
1562 5117 1665 5154 non
1698 5104 1952 5170 permitto

297 5169 349 5243 (ι
374 5170 510 5243 Tim:
553 5186 615 5237 ιι,
651 5171 736 5238 11,
787 5172 895 5236 12).
953 5170 1099 5233 Quid
1160 5190 1357 5243 quaso
1413 5171 1521 5228 hac
1568 5169 1953 5228 instructions

287 5240 602 5313 Timotheo
657 5246 1005 5313 opuserat,
1074 5240 1195 5297 nisi
1247 5244 1303 5298 in
1363 5243 1653 5313 Ephesina
1695 5244 1955 5301 Ecclesia

298 5312 525 5367 feminas
560 5328 793 5366 sacrum
820 5312 975 5367 istud
1012 5330 1229 5369 munus
1255 5312 1602 5370 ambussent
1628 5316 1655 5370 Ὺ
1696 5319 1775 5371 lta
1807 5323 1863 5371 et
1896 5318 1952 5370 in

294 5382 415 5457 alta
444 5382 716 5457 Asiatica
755 5384 1044 5451 Ecclesia,
1107 5387 1395 5457 Thyatira;
1445 5386 1696 5452 scilicet,
1748 5390 1957 5443 mulier

294 5455 519 5533 .[ezabet
567 5456 809 5533 docebat,
869 5455 1752 5533 dicerisse__‘1rpoeﬁuvgesse,_id
1800 5462 1953 5532 quod

297 5526 673 5600 improbatur
703 5530 885 5600 (Apoc.
918 5544 981 5590 ιι.
1012 5529 1125 5597 20).
1164 5526 1509 5599 Hujusmodi
1550 5526 1861 5587 mulierum
1896 5533 1955 5586 in

304 5598 581 5656 ecclesiis
610 5598 1055 5674 praedicaniium
1086 5598 1365 5674 patronus
1390 5603 1500 5674 iste
1522 5617 1757 5674 quoque
1789 5608 1832 5656 A
1866 5604 1959 5673 ja-

294 5687 450 5729 cuus
495 5673 800 5745 presbyter
842 5671 1024 5730 fuisse
1072 5671 1304 5730 videtur
1362 5671 1465 5746 qui
1532 5671 1678 5730 Acta
1706 5671 1883 5731 Pauli
1904 5679 1961 5731 et

2061 4884 2285 4941 edicere
2316 4890 2499 4941 notes.
2543 4884 2617 4938 Ls
2648 4886 2749 4939 Pa.

2136 4902 2285 4939 icere
2356 4902 2499 4939 etes.
2543 4902 2617 4938 LE
2650 4902 2749 4939 ra.

2133 4902 2444 5035 (75)Πόαῶ
2498 4957 2724 5035 festinat
2780 4958 3040 5035 innocens
3071 4958 3255 5035 “aetas.
3320 4953 3411 5035 Sic
3468 4953 3713 5035 putabat

2063 5026 2483 5095 Tertullianus,
2518 5029 2589 5082 ad
2634 5044 2845 5083 nomen
2895 5028 3293 5083 Christianum
3327 5026 3559 5082 admitti
3592 5042 3709 5080 non

2064 5100 2293 5165 debere,
2329 5099 2428 5171 qui
2487 5102 2748 5155 nondum
2809 5099 3048 5154 haberet
3106 5099 3288 5154 ullum
3352 5097 3711 5153 intellectum

2064 5171 2197 5225 ﬁdei
2230 5171 2593 5238 Christianae,
2654 5188 2760 5226 nec
2814 5172 3075 5242 indigere
3133 5173 3477 5225 delictorum
3511 5170 3716 5242 remis;

2065 5243 2251 5311 sione,
2285 5244 2383 5313 qui
2420 5244 2681 5298 nondum
2723 5248 2877 5298 esset
2927 5238 3105 5297 ullius
3163 5242 3281 5297 doli
3342 5244 3462 5297 sive
3518 5238 3711 5295 delicti

2067 5330 2267 5383 capax.
2304 5316 2500 5369 Visum
2524 5320 2715 5369 tamen
2748 5314 3015 5369 Ecclesiae
3046 5315 3365 5381 catholicae,
3386 5313 3711 5368 secundum

2066 5385 2331 5456 Cypriani
2353 5388 2727 5447 sententiam,
2749 5404 2781 5440 θ.
2806 5386 3097 5457 baptismo
3118 5392 3173 5441 et
3202 5387 3384 5453 gratia
3417 5383 3707 5457 neminem

2066 5453 2394 5530 prohibere,
2428 5476 2491 5514 ac
2526 5476 2595 5513 ne
2645 5453 2902 5513 infantes
2936 5460 3195 5530 quidem,
3225 5458 3322 5528 qui
3360 5472 3554 5530 recens
3588 5453 3710 5506 nati

2068 5527 2214 5601 nihil
2249 5546 2575 5600 peccavere,
2631 5531 2744 5585 nisi
2776 5532 2929 5601 quod
2952 5527 3310 5586 “secundum
3364 5527 3546 5601 Adam
3580 5542 3709 5581 car-

2069 5597 2283 5674 naliter
2313 5604 2456 5674 nati,
2486 5597 2824 5674 contagium
2864 5604 3039 5658 motis
3085 5602 3335 5674 antiquae
3388 5597 3578 5670 prima
3608 5614 3711 5652 na-

2070 5670 2301 5729 tivitate
2332 5670 2702 5731 contraxere?
2760 5674 2958 5745 itaque
2987 5674 3059 5729 ad
3110 5671 3418 5728 remissam
3450 5674 3711 5742 peccato-
