4148 6194
345 285 502 346 1333
1580 286 1809 347 LIBER
1852 286 1953 345 DE

2120 283 2533 346 ENITENTIA.
3603 274 3758 335 1334

349 420 616 475 ctissime
640 418 867 475 lavacro
913 420 1047 475 novi
1091 420 1306 478 natalis
1371 421 1711 489 ascenditis,
1764 425 1819 475 et
1875 420 1997 491 pri-
2030 433 2076 493 Α
2104 418 2425 489 jiciente",
2458 418 2635 473 Potite
2662 422 2717 470 et
2763 415 3045 486 accipietis
3106 412 3316 485 (Matth.
3379 427 3480 476 vn,
3537 411 3616 479 7),
3665 410 3754 463 in-

347 510 548 565 mas"
581 525 792 563 manus
844 511 997 582 apud
1058 510 1301 566 Matrem
1352 528 1487 566 cum
1548 511 1824 565 fratribus
1869 526 1999 580 ape-
2110 509 2256 574 quit.
2291 506 2592 573 Quaesistis
2624 505 2776 559 enim
2837 510 2893 559 et
2948 502 3297 568 invenistis;
3344 498 3649 572 pulsastis,
3700 502 3756 553 et

346 597 475 651 ritis
508 597 657 670 (82):
694 598 961 668 petitede
1001 599 1189 667 Patre,
1243 600 1416 671 petite
1466 599 1534 653 de
1574 599 1842 666 Domino,
1897 614 1999 669 pe-
2110 602 2375 669 apertum
2410 600 2500 651 est
2530 595 2712 649 vobis.
2769 595 3025 649 Tantum
3077 609 3200 656 oro,
3261 596 3324 644 ut
3374 606 3508 644 cum
3554 587 3753 661 petitis

344 685 519 752 culia,
552 685 797 757 gratias,
859 686 1308 744 distributiones
1353 687 1805 749 charismatum,
1857 687 1995 742 sub-
2109 686 2279 740 etiam
2310 684 2653 740 Tertulliani
2691 682 3008 755 peccatoris
3056 678 3465 735 memineritis.

1785 830 1987 892 Variae
2018 829 2340 891 lectiones.

404 961 450 995 ⁷⁸
491 963 618 1019 Haec
648 978 754 1018 vox
783 962 1016 1018 rodund.
1050 964 1169 1018 visa
1187 964 1299 1033 fuit
1317 966 1447 1020 Jun.
1523 964 1568 999 7'
1587 963 1940 1035 Subjscentc
1970 963 2150 1017 Paris.

1224 1189 1233 1197 _
1776 1104 2299 1168 Commentaries.

409 1238 520 1309 (82)
552 1241 770 1294 Prima:
812 1255 1013 1293 manu:
1061 1241 1318 1307 aperitis.
1393 1238 1655 1295 Orabant
1714 1239 1991 1294 manibus
2174 1268 2241 1279 --
2274 1236 2439 1308 Apud
2487 1236 2733 1309 Matrem.
2787 1235 2969 1309 Apud‘
3001 1235 3339 1309 Ecclesiam.
3393 1233 3485 1288 Sic
3540 1232 3641 1287 lib.
3693 1231 3757 1287 de

335 1305 631 1392 expansis.
669 1313 869 1392 Itaque
900 1305 1120 1381 primas
1151 1327 1367 1392 manus
1389 1312 1552 1378 dicit,
1574 1317 1697 1366 tum
1734 1311 1991 1392 primum
2101 1305 2490 1392 Ldolotatria.«
2525 1307 2801 1363 Attollere
2834 1305 2905 1362 ad
2937 1305 3117 1363 Deum
3175 1308 3400 1361 Patrem
3461 1320 3692 1358 manus.
3724 1324 3753 1352 »

335 1406 368 1443 a
400 1381 517 1441 fide
548 1384 620 1438 ad
650 1381 972 1439 orationem
1003 1388 1237 1453 apertas
1266 1382 1389 1438 sive
1430 1381 1881 1455 expansas’Rm.
2104 1381 2228 1435 Rm.

1225 1726 1258 1771 Γ

524 1724 710 1924 Q.
848 1724 1401 1889 SEPT.
1528 1720 2108 1888 FLOR.
2237 1718 3584 1883 TERTULLIANI

1939 2023 2170 2083 LIBER

1168 2233 1403 2360 DE
1570 2226 2931 2361 POENITENTIA.

409 2675 484 2729 De
528 2673 863 2728 Pa'nitentia
910 2672 1117 2728 librum
1175 2687 1242 2727 eo
1293 2679 1543 2740 tempore
1590 2670 1884 2740 scripsisse
1911 2668 2345 2735 Tertullianum,
2379 2684 2487 2739 quo
2527 2669 2784 2724 nondum
2818 2667 3075 2724 Montani
3107 2667 3369 2738 dogmata
3423 2673 3755 2739 sectaretur,

342 2762 477 2818 libri
535 2763 718 2834 ipsius
775 2765 1176 2832 argumentum
1229 2761 1464 2827 edocet;
1498 2760 1557 2815 in
1610 2775 1675 2815 eo
1724 2760 1877 2813 enim
1927 2766 2055 2830 post
2109 2758 2451 2829 baptismum
2482 2758 2623 2827 lapsi
2669 2759 2738 2812 ad
2784 2757 3176 2828 pcenitentiam
3209 2756 3547 2827 excitantur,
3579 2772 3753 2828 quam

347 2853 709 2910 Montanistte
758 2853 1003 2907 dandam
1052 2866 1178 2906 esse
1224 2849 1505 2918 negabant
1539 2866 1551 2903 :
1586 2871 1615 2900 «
1648 2848 1926 2903 Omnibus
1975 2864 2128 2917 ergo,
2162 2847 2368 2917 aiebat,
2402 2845 2644 2913 delictis,
2681 2862 2778 2902 seu
2827 2862 3019 2913 carne,
3056 2862 3148 2900 seu
3193 2848 3414 2916 Spiritu,
3448 2864 3549 2905 seu
3581 2850 3750 2919 facto,

344 2958 441 2998 seu
473 2942 765 2998 voluntate
804 2940 1146 3005 commissis,
1182 2939 1274 3009 qui
1311 2954 1534 3007 poenam
1570 2954 1665 3007 per
1691 2937 1973 3005 judicium
2014 2937 2334 3005 destinavit,
2373 2936 2517 2991 idem
2552 2943 2605 2991 et
2653 2938 2875 2991 veniam
2910 2951 3008 3006 per
3058 2936 3445 3004 ptenitenliam
3495 2954 3747 3008 Spapon-

353 3032 427 3087 dit
464 3030 661 3087 dicens
696 3047 708 3083 :
749 3031 874 3085 Vivo
904 3046 1023 3099 ego,
1047 3030 1178 3084 dicit
1206 3029 1893 3097 Dominus,pamitcntiam
1928 3026 2081 3081 malo
2115 3028 2289 3094 magis
2316 3043 2486 3096 quam
2520 3033 2765 3081 mortem.
2805 3046 2831 3073 ‹‹
2870 3024 3065 3095 (Infra,
3099 3041 3221 3095 cap.
3258 3026 3358 3094 4.).
3409 3026 3475 3080 Et
3525 3028 3756 3096 capite?

344 3120 548 3175 diserte
587 3136 760 3175 unum
793 3135 857 3174 ex
894 3118 1193 3187 praecipuis
1242 3117 1711 3172 Montanistarum
1747 3115 2029 3170 erroribus
2080 3120 2398 3186 impugnat,
2431 3114 2873 3168 demonstrando
2906 3130 3021 3179 eos,
3065 3113 3161 3182 qui
3224 3120 3350 3182 post
3410 3113 3755 3181 baptismum

345 3217 573 3276 peccata
628 3206 1157 3274 commiserunt,ab
1217 3205 1468 3260 Ecclesia
1526 3203 1937 3258 absolutionem
2007 3218 2202 3259 eorum
2258 3206 2559 3273 impetrare
2618 3219 2801 3272 posse,
2833 3204 2968 3256 dum
3020 3218 3114 3257 eos
3148 3202 3372 3257 illorum
3406 3204 3753 3272 pmnituerit.

345 3302 428 3351 An
492 3298 540 3352 is
591 3296 731 3352 liber
761 3296 829 3350 sit
861 3294 1221 3361 Tertulliani,
1256 3310 1421 3349 nemo
1456 3309 1636 3363 neque
1667 3293 1799 3346 olim
1833 3293 2127 3357 dubitavit,
2174 3308 2357 3362 neque
2392 3308 2544 3347 nunc
2571 3290 2810 3346 dubitat.
2848 3293 3002 3347 Unus
3058 3299 3175 3347 erat
3234 3293 3498 3348 Erasmus
3557 3293 3755 3349 Rotte-

345 3386 637 3450 rodamus,
673 3385 931 3440 eumdem
966 3382 1317 3438 Tertulliauo
1348 3382 1640 3437 detrahere
1679 3390 1941 3451 conatus,
1966 3397 2133 3451 quem
2165 3398 2281 3437 non
2335 3382 2444 3436 nisi
2497 3382 2694 3437 Beatus
2744 3381 3051 3435 Rhenanus
3100 3388 3326 3436 secutus
3384 3390 3485 3448 est,
3518 3390 3755 3454 uterque

346 3475 444 3529 uni
477 3475 609 3529 huic
643 3480 995 3544 argumento,
1030 3472 1163 3525 satis
1215 3470 1510 3531 imbecilli.
1568 3472 1819 3539 innixus,
1852 3470 1980 3541 styli
2039 3472 2401 3526 diversitatis.
2440 3477 2617 3541 Atque
2668 3471 2819 3525 hunc
2869 3470 3095 3541 quidem
3154 3486 3271 3525 non
3328 3486 3471 3540 nego
3529 3471 3587 3524 in
3646 3471 3752 3526 hoc

345 3562 489 3618 libro
549 3562 719 3634 paulo
774 3560 1115 3617 ﬂoridiorem
1169 3575 1310 3625 esse,
1345 3562 1444 3615 sed
1508 3576 1617 3614 non
1682 3575 1879 3628 magna
1913 3576 1943 3612 a
1974 3558 2347 3629 reliquorum,
2381 3560 2547 3614 etiam
2603 3575 2742 3629 quos
2795 3566 3047 3613 extrema
3078 3558 3254 3614 ferme
3293 3566 3451 3614 aelate
3498 3559 3751 3629 scripsit,

344 3651 690 3720 diversitate,
752 3658 804 3705 et
860 3649 1040 3703 solum
1104 3648 1161 3703 in
1214 3648 1553 3717 quibusdam
1617 3648 1902 3716 allegoriis
1958 3662 2026 3702 ac
2080 3647 2426 3717 metaphoris
2484 3648 2649 3717 paulo
2698 3647 3105 3702 illustrioribus
3161 3648 3283 3702 sila.
3345 3648 3557 3712 Quodsi
3628 3663 3755 3704 vero

344 3740 562 3795 similes
609 3738 874 3795 ﬂosculos
904 3754 972 3794 ex
1023 3738 1152 3793 aliis
1212 3738 1470 3806 ejusdem
1528 3736 1734 3791 areolis
1792 3738 2093 3809 decerpere
2143 3745 2385 3803 vacaret,
2420 3737 2584 3792 facile
2640 3737 2889 3801 integras
2945 3736 3189 3792 corollas
3235 3742 3460 3792 nectere
3507 3753 3751 3806 possem.

344 3829 621 3884 Caeterum
680 3844 745 3882 ex
804 3828 929 3882 sola
976 3834 1029 3881 et
1088 3842 1458 3896 quaecumque
1512 3825 1645 3896 styli
1700 3825 2100 3890 discordantia,
2136 3825 2250 3879 nisi
2308 3826 2551 3879 aliorum
2601 3832 2653 3878 et
2712 3825 3029 3894 graviorum
3065 3826 3295 3897 quidem
3351 3834 3752 3895 argumentum

343 3916 695 3971 adminicula
742 3922 1107 3981 concurrant,
1140 3916 1231 3969 vix
1288 3922 1570 3969 auctorem
1645 3920 1969 3983 suspectum
2027 3913 2169 3981 fieri,
2230 3930 2301 3969 ne
2360 3913 2568 3977 dicam,
2626 3911 2837 3982 aliquid
2915 3920 3115 3969 contra
3188 3914 3449 3969 eumdem
3520 3914 3755 3969 decerni

341 4021 533 4075 posse,
569 4006 785 4076 pridem
826 4020 1052 4059 sensere
1081 4005 1179 4059 alii
1231 4005 1463 4076 Optima:
1514 4011 1660 4058 notae
1707 4003 1911 4071 critici,
1946 4019 2009 4058 ex
2068 4002 2276 4073 quibus
2334 4001 2415 4056 vel
2466 4018 2647 4057 unum
2693 4003 2911 4057 adduco
2940 4002 3306 4058 Guillelmum
3358 4004 3619 4071 Caveum,
3655 3985 3755 4072 qui

339 4095 400 4149 in
458 4095 592 4149 Hist.
627 4109 740 4148 suae
800 4096 1036 4148 titterar.
1074 4092 1518 4162 Prolegomenis,
1558 4101 1693 4146 sect.
1752 4108 1826 4159 tv,
1881 4107 2039 4145 num.
2091 4092 2182 4157 64,
2242 4095 2366 4145 tum
2423 4091 2681 4157 demum,
2737 4107 2838 4146 ceu
2896 4091 3305 4161 suppositionis
3355 4098 3757 4162 argumentum

345 4183 573 4250 probari
630 4183 727 4251 ait,
761 4206 788 4233 «
826 4184 871 4237 si
900 4183 1079 4253 stylus
1138 4182 1427 4252 totiusque
1484 4181 2041 4249 rationiscoutextus,
2072 4179 2145 4235 sit
2201 4180 2366 4249 longe
2423 4181 2678 4234 diversus
2734 4179 2805 4233 ab
2862 4194 2927 4233 eo
2974 4181 3199 4236 dicendi
3253 4180 3596 4243 charactere,
3643 4193 3753 4248 quo

340 4272 399 4327 in
459 4273 724 4340 geuuinis
780 4272 897 4327 suis
954 4286 1089 4326 usus
1149 4278 1231 4326 est
1288 4274 1504 4325 auctor.
1544 4291 1570 4317 η
1598 4271 1768 4339 Atqui
1828 4285 1954 4324 vero
1984 4269 2125 4324 adeo
2157 4286 2271 4325 non
2306 4269 2471 4339 longe
2503 4268 2786 4323 diversum
2818 4268 2997 4337 quivis
3029 4268 3220 4337 legens
3250 4267 3656 4339 deprehendet,
3690 4274 3754 4321 ut

340 4362 528 4431 potius
559 4370 759 4432 praeter
790 4376 998 4432 paucas
1028 4360 1299 4431 quasdam
1335 4358 1587 4428 phrases,
1618 4359 1782 4428 paulo
1815 4358 2192 4427 exeitatiores,
2227 4365 2279 4412 et
2310 4358 2369 4413 in
2418 4357 2545 4413 aliis
2576 4356 2912 4413 Tertulliani
2962 4358 3188 4427 scriptis
3227 4358 3314 4414 vix
3363 4364 3751 4423 occurrentes,

339 4450 539 4505 Afrum
570 4451 710 4505 illud
744 4466 813 4505 ac
833 4450 1128 4505 concisum
1161 4448 1372 4517 eloquii
1402 4463 1602 4516 genus,
1639 4447 1736 4502 uni
1771 4447 1944 4502 ferme
1972 4446 2325 4502 Tertulliano
2370 4447 2686 4519 proprium,
2720 4444 2815 4501 illa
2858 4446 3063 4501 deinde
3115 4447 3243 4518 styli
3289 4447 3440 4503 velut
3499 4447 3755 4517 quasdam

340 4539 629 4608 majestas,
663 4553 1055 4606 sensuumque
1088 4538 1147 4591 in
1176 4536 1420 4606 singulis
1453 4552 1626 4606 prepe
1645 4535 1831 4590 verbis
1858 4535 2124 4603 ubertas;
2158 4535 2252 4591 illa
2280 4536 2508 4605 grandis
2539 4536 2883 4606 eloquentia,
2915 4551 3059 4606 quae,
3096 4542 3219 4590 utut
3245 4537 3384 4591 dura
3412 4536 3503 4604 sit,
3535 4535 3750 4602 nescio,

338 4630 623 4698 quomodo
656 4636 843 4683 tamen
877 4628 1147 4682 lectorem
1178 4624 1267 4681 vel
1292 4625 1530 4680 invitum
1563 4626 1630 4679 ad
1665 4642 1723 4681 se
1754 4641 1949 4693 rapere
1981 4632 2183 4694 potest,
2208 4641 2323 4680 non
2354 4624 2546 4679 minus
2578 4626 2634 4679 in
2671 4625 2775 4680 hoc
2809 4624 2951 4680 libro
2984 4625 3330 4695 triumphet:
3357 4629 3419 4681 ut
3449 4626 3529 4680 nil
3562 4625 3751 4680 dicam

337 4720 409 4772 de
438 4718 567 4771 aliis
600 4716 916 4786 phrasibus,
951 4733 1017 4773 ex
1052 4716 1178 4771 aliis
1212 4717 1466 4784 ejusdem
1501 4715 1662 4769 libris
1696 4724 1805 4769 tam
1838 4715 2038 4771 I225
2076 4714 2271 4770 sedulo
2303 4716 2602 4785 expressis.
2640 4717 2863 4770 Fatetur
2892 4716 3025 4770 dein
3062 4714 3181 4785 ipse
3212 4716 3412 4772 Beatus
3442 4716 3756 4771 Rhenanus

340 4826 369 4853 ‹‹
393 4814 685 4861 auctorem
720 4806 884 4875 hujus
917 4806 1043 4861 libri
1076 4805 1275 4860 verbis
1311 4812 1365 4858 et
1397 4804 1590 4875 ﬁguris
1621 4804 1823 4858 iisdem
1877 4804 1976 4873 uti,
1999 4808 2056 4859 et
2104 4805 2357 4874 quisquis
2413 4804 2598 4872 fuerit,
2631 4806 2754 4874 ejus
2812 4805 3046 4860 indubia
3104 4821 3229 4861 esse
3284 4805 3501 4874 saeculi,
3537 4813 3592 4861 et
3621 4807 3755 4861 Ter-

336 4894 566 4949 tulliani
599 4894 1119 4961 studiosissimum;
1157 4916 1183 4942 »
1216 4893 1485 4963 quidquid
1518 4892 2078 4947 veroTertullianum
2110 4892 2294 4963 ipsum
2323 4896 2344 4947 P
2374 4894 2509 4960 Quis
2539 4894 2692 4948 enim
2716 4893 2863 4948 alius
2911 4894 3117 4965 stylum
3150 4896 3293 4966 ejus,
3325 4905 3473 4952 certe
3505 4895 3759 4964 singula-

336 4997 459 5037 rem
507 4992 561 5037 et
619 4982 709 5037 vix
754 5000 786 5037 a
842 4983 1105 5053 quopiam
1168 4980 1529 5050 imitabilem,
1558 4988 1669 5035 tam
1730 4979 1870 5035 scite
1923 4980 2279 5049 expresserit,
2313 4989 2370 5036 ut
2405 4982 2552 5052 apud
2611 4982 2668 5037 S.
2724 4981 3051 5051 Pacianum,
3113 4998 3239 5038 saec.
3292 5001 3345 5041 tv
3394 4984 3753 5052 scriptorem,

337 5086 653 5142 omnesque
682 5072 824 5127 alios
855 5087 952 5141 per
984 5070 1280 5141 plusquam
1314 5070 1579 5126 undecim
1611 5067 1818 5125 saecula
1850 5069 1917 5123 ad
1950 5072 2001 5120 E‘
2031 5086 2242 5125 _.smum
2278 5086 2472 5141 usque,
2507 5088 2607 5142 pro
2640 5072 2763 5141 ipso
2793 5070 3138 5126 Tertulliano
3195 5071 3476 5139 fefellerit,
3510 5080 3564 5128 et
3604 5072 3750 5128 nulli

340 5174 592 5228 unquam
626 5175 692 5214 ex
726 5159 857 5229 styli
886 5158 1211 5214 diversitate
1240 5159 1527 5228 quidpiam
1560 5159 1629 5213 de
1674 5157 1785 5212 alio
1817 5157 1946 5211 libri
1998 5157 2163 5226 hujus
2209 5166 2438 5214 auctore
2484 5160 2837 5228 supoluerit?
2868 5160 3117 5214 Tandem
3166 5177 3297 5231 ergo
3344 5178 3412 5217 ex
3456 5162 3554 5217 illa
3610 5177 3754 5231 qua-

340 5248 629 5317 licumque
679 5250 907 5306 demum
968 5247 1098 5318 styli
1153 5246 1535 5304 discordantia
1596 5248 1721 5318 plus
1779 5246 1934 5313 argui
1993 5262 2107 5301 non
2167 5263 2332 5318 posse
2376 5263 2695 5313 censemus,
2730 5265 2898 5319 quam
2930 5249 3364 5320 Tertullianum,
3400 5266 3527 5306 cum
3559 5251 3748 5304 adhuc

338 5338 610 5407 vegetiori
659 5345 803 5394 esset
853 5346 1013 5393 aetate
1070 5336 1445 5406 vivaciorique
1490 5338 1741 5407 ingenio,
1777 5337 1924 5391 hanc
1982 5336 2351 5406 scriptionem
2404 5338 2736 5408 suscepisse.
2765 5336 2955 5393 Solent
2987 5339 3138 5393 enim
3189 5340 3417 5409 ingenia
3474 5336 3754 5407 ejusmodi

338 5424 552 5481 fervida
576 5443 641 5483 ac
682 5427 862 5497 tgilia,
896 5428 1073 5482 instar
1104 5441 1299 5496 apum,
1330 5442 1428 5495 per
1462 5428 1646 5481 varios
1676 5430 1843 5481 ﬂores
1900 5425 2377 5495 circumvolitare,
2410 5434 2576 5497 atque
2633 5444 2701 5483 ex
2761 5427 2963 5483 alienis
3023 5430 3190 5483 etiam
3239 5427 3405 5482 rebus
3456 5425 3754 5494 allegorias

338 5521 394 5569 et
453 5516 810 5586 metaphoras
869 5531 1161 5587 exsugere,
1214 5530 1490 5585 suumque
1559 5510 1619 5571 in
1675 5516 1894 5572 alveare
1950 5531 2042 5570 eas
2088 5522 2466 5583 comportare.
2529 5516 2681 5572 Solet
2741 5518 2875 5573 item
2932 5521 3095 5572 astate
3143 5521 3354 5571 sensim
3414 5515 3755 5586 provectiori

336 5601 631 5659 subsidere
674 5604 858 5672 stilus,
892 5602 1361 5673 temperatiorque
1392 5614 1444 5656 et
1475 5602 1756 5659 robustior
1809 5602 1952 5659 fieri.
1987 5605 2055 5657 Et
2110 5602 2354 5671 denique
2408 5604 2554 5660 haud
2614 5606 2779 5661 facile
2836 5605 3167 5675 scriptorem
3228 5603 3525 5675 quisquam
3594 5619 3750 5675 repe-

336 5690 469 5759 riet,
501 5692 597 5764 qui
651 5700 923 5766 perpetuo
980 5690 1090 5748 sibi
1144 5692 1389 5761 constet,
1422 5690 1738 5761 praesrtim
1793 5694 1841 5748 si
1897 5706 2015 5749 non
2048 5705 2162 5747 uno
2194 5690 2468 5750 continuo
2498 5709 2666 5766 Opere
2694 5692 3049 5765 protraxerit,
3082 5693 3178 5749 sed
3212 5707 3308 5765 per
3337 5690 3541 5764 varias,
3564 5708 3749 5764 neque
