4148 6194
410 244 565 307 1335
954 246 1479 310 TERTULLIANI
1526 246 1847 311 OPERUM
1892 246 2046 307 PAR

2177 291 2183 303 .
2216 280 2294 289 —
2322 245 2593 308 SERIES
2640 247 2717 318 II,
2764 244 3245 307 DOGMATICA.
3659 246 3815 307 1336

409 376 759 432 cohaerentes
815 377 1095 443 materias,
1129 379 1296 434 variis
1344 381 1698 451 temporibus
1743 380 2021 448 annisque
2067 379 2206 451 ipsis
2253 378 2635 449 interpolatas,
2679 378 3127 435 circumduxerit
3174 378 3478 433 calamum.
3514 379 3613 433 Est
3660 380 3813 433 enim

408 466 664 533 quaedam
728 469 928 534 suapte
985 474 1185 519 natura
1240 467 1452 522 tristior
1506 476 1603 521 aut
1660 468 1953 534 humilior,
1983 474 2149 537 atque
2191 482 2438 522 exsucca
2468 465 2664 535 magis,
2698 481 2821 536 quae
2847 466 3116 535 juvenilis
3150 481 3376 537 quoque
3406 466 3624 531 ingenii
3664 467 3814 536 vigo-

404 565 525 607 rem
582 550 716 606 satis
776 552 1041 606 retundat
1104 560 1269 621 atque
1326 552 1624 623 deprimat,
1660 561 1715 608 et
1771 563 1839 608 ad
1895 569 2061 623 quam
2116 554 2444 611 succulenta
2488 554 2834 621 caeteroquin
2867 554 3113 607 virorum
3163 551 3489 622 eloquentia
3510 554 3659 607 velut
3690 568 3815 608 exa-

403 646 590 695 rescat
624 647 744 695 :est
797 649 986 695 autem
1039 641 1151 704 alia
1198 656 1393 697 rursus
1448 644 1681 697 materia
1739 643 1961 697 suavior
2009 642 2416 710 ammniorque,
2453 646 2507 695 et
2538 640 2720 709 ipsius
2747 640 2991 695 auctoris
3042 641 3272 711 ingenio
3317 640 3816 708 accommodatior,

402 744 527 798 quas
585 728 911 799 languidius
967 732 1307 801 caeteroquin
1366 732 1662 800 ingenium
1723 732 1859 786 satis
1914 731 2153 785 excitare
2205 746 2270 784 ac
2328 732 2616 784 stimulare
2671 738 2839 798 queat
2887 744 2902 784 :
2952 737 3036 784 est
3087 730 3332 800 denique
3386 730 3461 783 ita
3520 731 3675 783 vivax
3731 746 3799 785 ac

404 817 697 872 radiosum
738 817 1027 887 quidpiam
1056 817 1401 889 dill‘undens,
1437 836 1559 889 quae
1590 820 1931 875 scribentem
1964 818 2192 888 penitus
2221 819 2527 873 incendere
2575 833 2641 873 ac
2671 820 3050 884 inﬂammare,
3081 833 3248 886 quem
3292 825 3343 873 et
3405 833 3473 872 ex
3521 826 3814 873 senectute

396 904 636 974 jamjam
683 905 953 961 cinericia
1012 907 1106 961 diu
1158 908 1480 977 consepitos
1535 908 1820 979 igniculos
1878 908 2217 978 quandoque
2275 908 2547 962 suscitare
2593 907 2794 961 valeat.
2822 910 2967 962 Sunt
3021 907 3228 962 deinde
3256 905 3369 961 alia
3395 922 3637 977 quoque,
3674 908 3819 962 scri-

405 993 560 1047 benti
589 993 840 1062 aliunde,
871 1010 937 1050 ac
973 995 1122 1049 velut
1156 1012 1252 1064 per
1284 995 1609 1066 obliquum,
1639 998 2018 1066 advenientia,
2054 1012 2174 1066 quae
2226 1003 2410 1050 tamen
2456 997 2525 1049 ad
2569 996 2689 1064 ejus
2737 997 3051 1064 ingenium,
3084 1002 3143 1049 ut
3192 996 3270 1049 ita
3316 995 3525 1060 dicam,
3573 996 3821 1049 alteraa-

397 1083 536 1136 dum
567 1084 907 1154 quandoque
950 1085 1189 1139 multum
1246 1092 1498 1155 possunt.
1527 1086 1671 1149 Quid
1712 1088 1919 1141 mirum
1973 1085 2167 1157 igitur.
2210 1085 2268 1139 si
2314 1100 2501 1154 neque
2548 1083 2932 1139 Tertullianus
2989 1084 3359 1155 undequaque
3410 1083 3518 1138 sibi
3575 1092 3818 1151 constet,

393 1172 512 1235 sed,
563 1187 697 1226 cum
747 1172 1033 1242 primitus,
1068 1174 1201 1229 licet
1242 1174 1367 1244 jam
1407 1175 1677 1249 adultiori
1721 1183 1904 1241 mtate,
1938 1190 1999 1229 se
2046 1175 2117 1228 ad
2169 1173 2530 1229 scribendum
2583 1174 2841 1240 contulit,
2874 1173 3139 1228 nonnihil
3170 1172 3428 1227 alacriori
3481 1172 3626 1240 stylo
3677 1187 3812 1226 usus

396 1260 583 1328 fuerit,
616 1262 885 1331 deinceps
936 1263 1065 1317 aliis
1114 1264 1173 1318 in
1222 1264 1344 1333 ejus
1394 1264 1662 1334 operibus
1713 1263 1978 1320 nonnihil
2015 1264 2193 1333 magis
2242 1262 2594 1329 subsidente,
2625 1262 2937 1332 majorique
2967 1262 3303 1318 eruditionis
3330 1268 3599 1332 apparatu
3653 1277 3819 1316 orna-

396 1356 521 1403 tum
551 1349 691 1403 velit
721 1365 1086 1420 compensare
1112 1351 1139 1404 ?

463 1438 522 1493 Si
546 1438 666 1507 jam
694 1455 827 1495 vero
858 1448 1080 1510 tempus
1109 1442 1316 1510 ipsum,
1351 1459 1460 1513 quo
1518 1444 1669 1499 hunc
1724 1451 2021 1498 tractatum
2077 1443 2404 1509 exaraverit,
2448 1442 2615 1512 paulo
2669 1441 3041 1512 pr0pinquius
3089 1441 3429 1510 (quanquam
3482 1439 3534 1494 id
3586 1440 3820 1509 praecise

396 1524 519 1582 ﬁeri
568 1529 829 1598 nequeat)
880 1529 1296 1601 designandum
1344 1532 1434 1598 sit,
1468 1533 1544 1587 ita
1588 1535 1815 1601 opinor,
1860 1533 2005 1587 hanc
2055 1533 2449 1587 tractationem
2493 1540 2645 1586 certo
2695 1539 2825 1586 ante
2872 1545 3089 1585 annum
3133 1530 3340 1585 Christi
3394 1529 3500 1583 200
3530 1536 3584 1583 et
3615 1531 3819 1584 verisi-

396 1616 605 1671 militer
646 1633 799 1672 anno
844 1618 945 1671 197
986 1627 1085 1673 aut
1129 1620 1363 1676 fortasse
1415 1624 1716 1686 maturius,
1750 1621 1953 1675 litteris
2002 1624 2392 1690 consignatam
2440 1620 2633 1688 fuisse,
2684 1627 2834 1675 certe
2890 1627 3078 1674 autem
3122 1626 3175 1674 et
3226 1619 3423 1688 hujus.
3473 1624 3525 1672 et
3584 1618 3822 1673 alterius

397 1704 466 1759 de
492 1703 771 1774 baptismo
802 1706 1024 1777 scripti,
1057 1714 1281 1777 tempus
1314 1708 1458 1763 haud
1492 1709 1687 1780 procul
1722 1710 1964 1764 invicem
1999 1709 2225 1763 distare.
2262 1711 2346 1762 An
2380 1724 2508 1763 vero
2558 1708 2765 1762 librum
2829 1713 2912 1763 De
2977 1709 3259 1775 Baptismo
3310 1706 3441 1761 huic
3486 1706 3561 1762 de
3621 1707 3815 1760 Paeni-

396 1795 594 1862 tentia,
634 1810 710 1849 an
742 1795 894 1850 hunc
925 1794 1035 1863 illi,
1069 1796 1358 1852 scribendi
1389 1797 1614 1867 ordine,
1644 1798 2031 1867 subjunxerit,
2067 1797 2153 1850 vix
2187 1797 2498 1868 quidquam
2531 1796 2903 1852 determinari
2946 1802 3151 1865 potest.
3183 1795 3567 1851 Verisimilius
3616 1802 3812 1849 tamen

396 1881 541 1935 mihi
599 1882 831 1950 quidem
889 1884 1129 1954 videtur,
1164 1886 1567 1955 subjunxisse;
1601 1886 1646 1940 si
1698 1886 1855 1941 enim
1915 1886 2070 1941 hunc
2127 1886 2199 1940 de
2235 1886 2567 1939 Pamitentta
2624 1883 3012 1954 praemisisset,
3042 1886 3233 1950 credo,
3293 1884 3354 1937 in
3411 1898 3535 1952 cap.
3592 1882 3700 1936 ult.
3748 1880 3815 1936 de

394 1970 697 2039 Baptismo,
732 1970 829 2025 ubi
877 1973 946 2027 de
1002 1973 1360 2042 paenitentia,
1395 1974 1676 2045 baptismo
1736 1977 1915 2029 instar
1974 1991 2086 2045 prae
2142 1974 2419 2030 orationis
2476 1974 3059 2043 praemittenda,agit,
3095 1972 3284 2041 hujus,
3335 1987 3435 2027 ceu
3489 1972 3610 2040 jam
3667 1970 3811 2025 alibi

391 2058 576 2114 fusius
632 2070 1004 2131 pertractatas,
1066 2064 1273 2119 I226
1332 2064 1676 2120 nonnullam
1734 2065 2084 2121 mentionem
2149 2065 2425 2120 facturum
2480 2064 2675 2119 fuisse.
2734 2063 2893 2119 Certe
2974 2070 3163 2118 autem
3243 2062 3302 2116 in
3360 2062 3486 2130 ipso
3543 2061 3690 2115 libro
3748 2061 3815 2117 de

389 2150 675 2218 Baptismo
727 2151 796 2204 ad
857 2151 1033 2206 ﬁnem
1092 2168 1218 2222 cap.
1253 2154 1322 2207 45
1376 2154 1615 2211 lectores
1644 2170 1774 2209 suos
1832 2155 1899 2209 ad
1961 2154 2135 2208 alium
2169 2155 2238 2208 de
2296 2155 2494 2208 eodem
2557 2158 2881 2219 tractatum,
2912 2153 3027 2222 iam
3090 2159 3258 2206 antea
3317 2150 3499 2207 Greco
3554 2165 3814 2205 sermone

390 2244 700 2305 exaratum,
734 2238 973 2295 solerter
1002 2242 1256 2297 remittit.
1283 2242 1419 2307 Quis
1449 2258 1579 2313 ergo
1612 2243 1760 2298 male
1792 2243 2010 2298 videtur
2053 2242 2297 2312 cpinari,
2326 2242 2373 2297 si
2434 2240 2728 2297 materiam
2789 2240 2938 2296 hanc
2995 2239 3061 2294 de
3117 2241 3474 2304 Pcenitencia,
3509 2254 3676 2308 quam
3738 2239 3811 2294 ad

389 2328 609 2384 calcem
670 2327 801 2384 libri
859 2329 922 2384 de
971 2331 1132 2402 Bapt.
1183 2331 1450 2388 nonnihil
1509 2332 1735 2389 brevius
1786 2332 2213 2403 perstrinxerat,
2248 2347 2394 2387 novo
2452 2330 2716 2396 consilio,
2750 2337 2802 2385 et
2862 2330 2923 2384 in
2956 2328 3225 2399 peculiari
3271 2327 3418 2384 libro
3466 2328 3809 2398 ampliorem

391 2417 516 2488 ejus
580 2418 974 2474 tractationem
1033 2426 1226 2488 postea
1283 2421 1600 2490 suscepisse
1654 2421 1898 2491 dicatur,
1931 2430 1985 2477 et
2037 2420 2268 2492 quidem
2328 2421 2532 2491 partim
2590 2419 2652 2474 in
2712 2419 3258 2475 catechumenorum
3313 2417 3576 2492 gratiam,
3635 2423 3700 2471 ut
3753 2410 3811 2470 hi

390 2520 456 2561 eo
519 2506 798 2576 majorem
857 2508 927 2563 de
987 2507 1251 2578 baptismi
1309 2510 1489 2581 pretio
1545 2510 1984 2565 aestimationem
2043 2510 2436 2580 conciperent,
2470 2524 2636 2578 quem
2695 2507 3076 2577 intelligerent
3133 2514 3244 2562 tam
3288 2504 3591 2561 laboriosis
3618 2504 3809 2575 paeni-

395 2596 594 2651 tentiae
624 2596 891 2667 cperibus
918 2600 1369 2668 comparandum
1403 2599 1572 2655 esse?
1603 2600 1811 2666 Quidni
1843 2616 1973 2669 ergo
2003 2600 2065 2655 in
2118 2600 2204 2655 his
2243 2615 2302 2654 se
2350 2614 2417 2653 eo
2459 2597 2767 2653 ardentiori
2807 2596 3078 2667 deinceps
3137 2595 3322 2651 studio
3356 2599 3711 2662 exercerent,
3747 2599 3812 2650 ut

392 2690 508 2739 tam
558 2684 785 2755 largiter
841 2688 1193 2757 propositum
1252 2688 1517 2759 baptismi
1576 2689 1896 2760 praemium,
1930 2689 2165 2761 ejusque
2221 2689 2485 2757 gratiam,
2515 2702 2581 2742 eo
2624 2686 2838 2742 certius
2866 2691 3371 2755 consequerentur,
3403 2700 3582 2754 eoque
3630 2684 3811 2739 tutius

393 2773 665 2844 deinceps
697 2784 1097 2832 conservarent
1120 2777 1146 2831 ‘I
1826 2763 1829 2765 ’
3375 2768 3379 2770 ν

463 2865 721 2936 Denique
774 2882 903 2924 vero
961 2869 1297 2939 praeclarum
1358 2870 1428 2926 de
1466 2870 1575 2926 hoc
1628 2869 1773 2925 libro
1825 2868 2107 2939 judicium
2168 2869 2520 2925 audiendum
2576 2875 2681 2933 est,
2712 2867 2861 2937 quod
2920 2867 3039 2937 ipse
3094 2865 3295 2922 Beatus
3356 2864 3692 2930 Rhenanus,
3725 2864 3815 2919 vir

394 2955 589 3025 magni
613 2955 839 3025 judicii,
873 2956 932 3011 in
969 2959 1259 3026 praemisso
1290 2959 1361 3013 ad
1412 2960 1671 3015 eumdem
1706 2967 2042 3029 argumento
2099 2958 2247 3028 tulit,
2272 2974 2480 3028 nempe
2516 2978 2537 3005 ι
2569 2959 3046 3014 commentarium
3107 2956 3259 3012 hunc
3312 2970 3435 3011 esse
3491 2954 3811 3025 ejusmodi,

399 3050 462 3099 ut
494 3043 740 3115 theologi
768 3060 896 3100 eum
928 3045 1173 3102 debeant
1204 3047 1271 3101 ad
1303 3062 1546 3117 unguem
1598 3048 1887 3114 ediscere;
1922 3064 2053 3103 nam
2086 3048 2395 3118 egregium,
2432 3068 2460 3097 »
2493 3047 2694 3118 pergit,
2729 3068 2757 3095 «
2793 3051 3230 3101 monumentum
3270 3052 3353 3099 est
3410 3042 3812 3113 antiquitatis;

395 3139 509 3188 tam
547 3140 744 3189 sancte
773 3134 961 3203 docet,
996 3143 1109 3189 tam
1142 3136 1232 3205 pie
1258 3138 1478 3205 suadet,
1512 3141 1627 3191 tam
1676 3137 1955 3192 instanter
1985 3144 2143 3205 urget
2205 3152 2324 3192 rem
2369 3137 2773 3193 ecclesiasticas
2815 3134 3139 3203 disciplinae
3181 3148 3542 3202 summopere
3600 3147 3810 3187 neces-

395 3222 621 3288 sariam,
657 3223 1098 3289 Exouosocssm,
1134 3225 1239 3281 hoc
1297 3233 1399 3291 est,
1428 3230 1622 3282 actum
1680 3234 1733 3281 et
1785 3227 2168 3281 ministerium
2228 3226 2597 3296 paenitentiae.
2629 3247 2649 3273 ι
2685 3224 2847 3279 Certe
2900 3231 3088 3279 autem
3141 3230 3199 3277 ut
3239 3222 3450 3292 passim
3482 3237 3550 3275 ex
3582 3220 3814 3275 Tertul-

392 3309 550 3365 liano
606 3312 814 3367 veteris
867 3312 1137 3369 Ecclesiae
1195 3315 1530 3371 traditiones
1581 3323 1635 3370 ct
1692 3315 2057 3386 disciplinam
2115 3316 2485 3385 addiscimus,
2519 3316 2595 3369 ita
2626 3313 2798 3369 etiam
2833 3313 2947 3382 hic,
2982 3311 3193 3380 insigni
3246 3319 3442 3367 contra
3497 3318 3803 3366 novatores

393 3406 621 3455 nostros
655 3399 915 3473 utilitate,
952 3404 1181 3458 modum
1208 3404 1445 3474 agendae
1477 3405 1851 3474 pmnitentiae,
1883 3413 2051 3475 prout
2082 3420 2144 3460 ea
2178 3404 2376 3474 primis
2409 3420 2537 3459 mox
2560 3403 2784 3459 saeculis
2815 3410 2871 3458 et
2903 3402 3095 3473 utique
3123 3418 3192 3457 ex
3221 3397 3532 3471 apostolica
3564 3398 3808 3454 institu-

395 3487 570 3553 tione,
601 3488 690 3557 agi
722 3498 1114 3557 consueverat,
1148 3491 1386 3560 pulchre
1416 3493 1708 3563 solidaque
1738 3494 2030 3548 docemur.
2063 3492 2232 3549 Laur.

466 3597 871 3648 Aacumswrusr.
912 3595 1201 3667 Principio
1241 3599 1557 3663 generatim
1589 3601 1657 3654 de
1689 3600 2029 3670 paenitentia
2060 3606 2359 3669 pertractat
2393 3599 2540 3669 (cap.
2576 3597 2627 3669 1)
2660 3613 2901 3668 eamque
2959 3597 3343 3653 necessariam
3402 3593 3645 3650 adstruit
3704 3610 3809 3663 pro

396 3680 663 3736 omnibus
722 3683 967 3751 peccatis
1015 3694 1070 3739 et
1125 3685 1368 3753 delictis,
1401 3703 1498 3743 seu
1555 3704 1750 3753 carne,
1784 3705 1881 3745 seu
1922 3688 2152 3758 spiritu,
2184 3703 2281 3743 seu
2314 3687 2485 3751 facto,
2515 3703 2612 3743 seu
2646 3686 2933 3742 voluntate
2962 3685 3288 3742 commissis
3343 3685 3489 3757 (cap.
3526 3683 3602 3753 4).
3664 3683 3809 3738 Dein

394 3768 508 3824 duo
550 3769 846 3839 distinguit
901 3773 1251 3842 pmnitentiae
1299 3792 1526 3846 genera.
1560 3778 1720 3832 Prior
1755 3785 1860 3845 est,
1909 3794 2033 3848 quae
2084 3777 2370 3847 baptismo
2418 3777 2588 3831 debet
2633 3776 2900 3847 praemitti
2952 3794 2986 3831 a
3040 3775 3488 3840 catechumenis,
3531 3788 3628 3828 seu
3680 3788 3809 3842 quas

395 3857 581 3926 agitur
627 3868 763 3915 ante
812 3859 1156 3931 baptismum
1204 3868 1349 3934 (cap.
1400 3867 1491 3935 6);
1540 3868 1817 3936 posterior
1865 3882 2087 3936 eorum,
2140 3867 2237 3937 qui
2285 3866 2343 3921 in
2397 3873 2625 3935 peccata
2674 3866 2868 3930 gravia
2917 3873 3043 3935 post
3109 3864 3453 3934 baptismum
3502 3862 3810 3918 infeliciter

396 3946 563 4016 lapsi,
594 3962 661 4002 ex
713 3948 783 4003 iis
839 3959 1150 4021 exsurgunt
1208 3969 1443 4022 operosa
1500 3956 1851 4026 paenitentia.
1893 3955 1955 4009 In
2017 3955 2187 4024 priori
2249 3968 2404 4024 parte
2434 3953 2831 4009 necessitatem
2863 3969 2987 4008 sese
3016 3953 3296 4024 prodendi
3351 3959 3534 4021 urget.
3567 3959 3620 4006 et
3680 3966 3808 4007 sese

397 4036 754 4104 praeparandi
800 4038 869 4091 ad
922 4036 1187 4107 baptismi
1236 4041 1471 4109 gratiam
1531 4058 1658 4096 vera
1698 4042 2055 4112 poenitentia.
2091 4041 2440 4112 Baptismum
2492 4040 2723 4095 inanem
2777 4056 2900 4097 esse
2931 4056 3048 4096 non
3090 4048 3310 4096 veretur
3366 4054 3639 4107 asserere,
3674 4054 3806 4094 cum

392 4123 640 4193 aliquem
673 4132 1035 4195 peccatorum
1088 4144 1321 4184 suorum
1373 4147 1489 4185 non
1536 4132 1823 4199 paenituit,
1857 4146 1965 4187 nec
2015 4130 2131 4187 vita
2178 4130 2523 4195 emendavit,
2555 4138 2609 4185 et
2656 4145 2860 4185 vanam
2911 4145 3033 4185 esse
3080 4128 3370 4199 ﬁduciam,
3402 4128 3512 4184 sibi
3569 4127 3806 4198 ﬁngere,

393 4227 521 4268 cum
554 4215 681 4283 quis
713 4231 880 4285 prave
909 4218 975 4271 ad
1013 4216 1277 4286 baptismi
1310 4235 1485 4289 usque
1516 4221 1670 4275 diem
1706 4221 1927 4285 vixerit,
1960 4236 2088 4275 eum
2122 4226 2354 4290 repente
2383 4219 2441 4274 in
2489 4220 2681 4275 virum
2722 4222 2985 4276 sanctum
3038 4234 3358 4289 evasurum,
3390 4225 3446 4274 et
3489 4235 3522 4272 ιι
3571 4224 3803 4289 peccato

392 4300 729 4373 desiturum,
763 4303 860 4358 ubi
905 4304 1157 4375 primum
1216 4305 1357 4362 illud
1428 4316 1850 4363 sacramentum
1916 4309 2192 4379 receperit
2222 4312 2372 4379 (cap.
2404 4308 2482 4379 6).
2517 4308 2812 4364 Tractatus
2856 4309 3022 4378 hujus
3080 4324 3207 4378 pars
3260 4305 3538 4378 posterior
3596 4312 3679 4362 est
3736 4306 3805 4361 de

392 4390 738 4459 paenitencia
785 4400 913 4461 post
968 4392 1332 4463 baptismum,
1369 4412 1492 4465 quae
1546 4397 1971 4467 Exomologesis
2023 4398 2251 4453 dicitur.
2286 4396 2546 4451 Testatur
2592 4411 2717 4466 cap.
2769 4396 2827 4462 7)
2872 4395 3029 4452 illico
3078 4412 3137 4452 se
3168 4412 3317 4466 aegre
3343 4396 3414 4451 de
3444 4395 3550 4450 hac
3608 4401 3796 4464 poste-

391 4478 539 4534 riore
576 4482 913 4553 poenitentia
960 4482 1134 4551 loqui,
1169 4499 1292 4553 quae
1337 4495 1625 4554 postrema
1673 4502 1802 4555 spes
1849 4494 1933 4541 est
1980 4486 2052 4541 iis
2103 4485 2338 4555 reliqua,
2389 4485 2487 4555 qui
2551 4484 2915 4552 criminibus,
2967 4484 3028 4541 h.
3079 4500 3130 4540 e.
3192 4484 3440 4555 peccatis
3515 4482 3803 4539 atrocibus

389 4572 520 4638 post
549 4568 897 4640 baptismum
926 4587 985 4627 se
1006 4572 1457 4641 obstrinxerunt,
1488 4592 1579 4641 ne,
1613 4576 1822 4647 inquit,
1856 4578 1926 4631 de
1967 4577 2072 4633 hac
2123 4591 2269 4631 nova
2307 4592 2339 4629 a
2379 4576 2626 4644 peccatis
2677 4575 3016 4645 exsurgendi
3074 4575 3297 4631 ratione
3334 4574 3572 4643 agendo,
3604 4591 3639 4627 a
3692 4574 3800 4628 Deo

390 4657 557 4713 nobis
594 4658 800 4728 oblata,
833 4660 902 4716 de
950 4678 1096 4717 novo
1136 4664 1411 4732 peccandi
1466 4665 1611 4719 viam
1653 4665 1873 4735 aperire
1922 4664 2193 4719 videatur.
2238 4662 2400 4718 Illius
2445 4670 2644 4735 postea
2690 4664 3041 4734 poenitentiae
3092 4663 3335 4733 publica;
3374 4660 3801 4730 Exomologesis

386 4746 552 4804 dictae
582 4765 816 4820 operosa
845 4749 1099 4820 depingit
1129 4753 1396 4807 exercitia
1430 4758 1573 4823 (cap.
1610 4753 1689 4823 9),
1721 4755 1842 4822 ejus
1873 4753 2273 4809 necessitatem
2302 4753 2653 4809 demonstrat
2681 4756 2827 4824 (cap.
2867 4754 2980 4823 11),
3011 4768 3077 4809 ac
3110 4752 3340 4808 tandem
3371 4767 3467 4808 eos
3518 4751 3798 4821 objurgat,

385 4853 527 4909 quos
555 4854 681 4895 eam
710 4839 978 4909 amplecti
1008 4840 1276 4911 pudebat,
1311 4843 1649 4899 criminibus
1681 4850 1805 4913 post
1839 4842 2187 4915 baptismum
2218 4841 2487 4899 admissis
2512 4843 2664 4915 (cap.
2698 4842 2810 4913 10).

801 5213 1004 5270 1227
1040 5214 1267 5271 CAPUT
1309 5215 1619 5273 PRIMUM.
2144 5215 2258 5288 ipsi
2291 5221 2443 5271 retro
2475 5214 2716 5279 fuimus,
2743 5212 2901 5278 caeci,
2933 5212 3059 5268 sine
3079 5211 3310 5268 Domini
3334 5210 3796 5277 lumine,natura

455 5301 856 5358 Paenitentiam
890 5302 968 5374 (1)
997 5303 1107 5359 hoc
1146 5319 1334 5375 genus
1383 5304 1713 5373 hominum,
1778 5306 1932 5377 quod
1978 5310 2035 5362 et
2142 5309 2315 5362 tenus
2340 5308 2556 5360 norunt
2586 5302 2923 5376 passionem
2955 5301 3139 5358 animi
3173 5300 3469 5374 quandam
3504 5316 3639 5356 esse
3671 5315 3795 5372 qua:

1818 5453 1964 5513 Com
1976 5451 2341 5512 mentarius.

450 5571 528 5642 (1)
557 5572 740 5647 multa
771 5571 1099 5647 fuereolim
1128 5575 1185 5627 et
1214 5572 1507 5647 recentius
1563 5573 1729 5630 docte
1788 5575 2019 5647 sapien-
2130 5574 2309 5647 simul
2339 5573 2410 5629 de
2445 5572 2754 5647 multiplici
2780 5575 3042 5647 veterum
3072 5570 3541 5647 Christianorum
3602 5565 3782 5647 posui-

383 5638 585 5715 terque
617 5645 772 5701 dicta
817 5646 888 5701 de
932 5644 1177 5715 hujusce
1226 5641 1361 5699 libri
1418 5649 1783 5718 argumento,
1841 5638 2027 5712 multa
2136 5645 2338 5716 tentia,
2361 5661 2426 5704 ac
2456 5638 2780 5721 praesertim
2810 5644 2882 5702 de
2909 5659 2979 5702 ea
3006 5659 3133 5716 qua
3162 5647 3398 5702 vocatur
3424 5638 3777 5709 Exombload-
