4148 6194
356 343 503 401 1341

1586 348 1818 409 LIBER
1859 348 1961 408 DE
2004 348 2542 413 PGENITENTIA.

3576 319 3763 415 .1342

355 475 509 541 ciat;
544 474 933 531 dubitandum
968 482 1079 543 est,
1114 480 1268 535 sicut
1314 481 1372 535 in
1422 482 1712 537 universis
1769 481 1999 537 actibus
2030 483 2082 549 Α
2111 482 2170 536 in
2192 482 2480 551 judicium
2522 487 2915 541 suscitentur:
2951 486 3088 557 quia
3128 485 3350 542 scilicet
3407 486 3624 557 pariter
3670 490 3770 541 aut

358 569 600 633 nostris,
634 564 715 620 ita
747 566 804 619 in
838 569 1189 639 pmnitentiaa
1211 587 1444 641 quoque
1476 588 1673 637 causa,
1711 574 2007 642 justitiam

354 653 470 708 Deo
505 656 897 724 praestandam
932 659 1106 712 esse?
1149 660 1305 730 quod
1338 661 1577 730 quidem
1637 661 1720 715 ita
1774 660 2006 730 impleri

356 742 577 810 licebit,
611 744 660 799 si
692 748 947 816 peccatis
981 748 1353 803 solummodo
1395 750 1763 804 adhibeatur.
1832 751 2006 805 Porro

353 837 690 903 peccatum,
724 833 836 888 nisi
870 835 1089 890 malum
1127 838 1367 906 factum,
1401 838 1516 892 dici
1550 856 1661 893 non
1706 845 2001 908 meretur;

354 937 461 976 nec
491 920 803 992 quisquam
834 924 1251 980 benefaciendo
1273 926 1583 997 delinquit.
1617 928 1777 990 Quod
1805 928 1853 982 si
1888 944 2003 983 non

351 1008 663 1080 delinquit,
696 1012 893 1067 1231
936 1028 1041 1067 cur
1072 1014 1471 1085 pmnitentiam
1514 1016 1758 1078 invadit.
1815 1016 2003 1072 delin-

351 1100 657 1169 quentium
692 1100 732 1134 ¹⁶
777 1102 1069 1172 privatum
1115 1104 1249 1175 (20),
1305 1120 1411 1160 cur
1446 1106 1684 1160 malitiae
1740 1107 1999 1162 officium

353 1187 601 1243 bonitati
635 1206 756 1245 suae
784 1191 1077 1261 imponit?
1109 1191 1190 1246 ita
1218 1194 1429 1262 evenit,
1482 1200 1545 1248 ut
1601 1211 1734 1250 cum
1778 1194 2001 1265 aliquid

353 1276 452 1331 ubi
484 1294 599 1332 non
632 1285 859 1349 oportet
878 1280 1214 1351 adhibetur,
1264 1281 1389 1338 illic
1420 1284 1519 1338 ubi
1553 1290 1782 1354 oportet
1816 1285 1999 1355 negli-

352 1369 544 1436 gatur.

986 1458 1221 1515 CAPUT
1280 1461 1376 1516 III.

426 1548 684 1609 Quorum
714 1560 850 1616 ergo
885 1547 1412 1620 pcsnitentiajusto
1442 1555 1499 1605 et
1558 1551 1749 1606 debita
1805 1550 1998 1606 videa-

350 1636 465 1697 tur,
501 1633 558 1686 id
583 1638 691 1704 est,
726 1651 856 1704 qua;
885 1635 1096 1692 delicto
1127 1639 1464 1709 deputanda
1496 1641 1635 1705 sint,
1659 1639 1820 1696 locus
1864 1641 2001 1711 qui-

351 1722 484 1775 dem
521 1722 851 1792 expostulat
893 1725 1191 1793 denotare,
1234 1728 1333 1782 sed
1362 1730 1617 1784 otiosum
1651 1729 1833 1784 videri
1896 1746 1997 1800 po-

2119 573 2602 643 deliquorint,aut
2630 577 2671 610 ¹⁷
2705 578 3047 630 innocenter
3063 576 3512 647 egerint.Hoceo
3538 576 3766 646 praemi-

2118 663 2466 725 serimus,ut
2497 681 2607 717 non
2642 667 2923 719 minorem
2943 665 3105 718 alteri
3130 680 3306 734 quam
3332 664 3568 734 utrique
3592 664 3764 735 parti,

2117 750 2335 820 siquid
2383 751 2715 823 deliquerit,
2769 752 3123 824 poenitentia)
3181 753 3383 807 1232
3443 753 3767 808 necessita-

2114 842 2230 892 tem
2282 839 2681 910 intelligamus
2740 843 3095 911 impendere.
3158 842 3498 896 Communis
3567 845 3762 896 reatus

2114 927 2420 983 amborum
2441 937 2551 995 est,
2584 930 2917 985 communis
2948 935 3005 984 et
3044 930 3249 999 judex,
3300 930 3454 984 Deus
3505 929 3758 984 scilicet:

2113 1018 2445 1072 communis
2476 1018 2655 1084 igitur
2686 1026 2741 1075 et
2760 1019 3115 1091 paenitentia)
3136 1017 3380 1074 medela.
3405 1019 3624 1073 Exinde
3647 1017 3767 1089 spi-

2112 1103 2303 1159 ritalia
2334 1110 2392 1160 et
2424 1108 2749 1177 corporalia
2802 1108 3203 1172 nominantur,
3264 1108 3421 1178 quod
3481 1106 3765 1161 delictum

2111 1208 2303 1263 omne,
2335 1202 2437 1250 aut
2467 1197 2680 1268 agitur,
2715 1204 2816 1251 aut
2866 1198 3180 1267 cogitatur,
3216 1202 3280 1250 ut
3322 1196 3618 1266 corporale
3668 1198 3764 1256 sit.

2110 1284 2263 1352 quod
2297 1283 2355 1337 in
2390 1283 2541 1339 facto
2573 1290 2702 1341 est:
2736 1286 2874 1353 quia
2906 1286 3149 1351 factum,
3187 1290 3248 1339 ut
3279 1302 3514 1355 corpus,
3564 1290 3621 1339 et
3679 1285 3765 1337 vi-

2110 1372 2236 1425 deri
2268 1378 2327 1426 et
2348 1373 2609 1445 contingi
2642 1374 2834 1428 habet.
2872 1373 3146 1444 Spiritale
3177 1390 3311 1428 vero
3366 1374 3599 1443 quodin
3634 1372 3764 1427 ani-

2109 1465 2329 1523 moest,
2384 1461 2524 1531 quia
2554 1463 2797 1531 spiritus
2848 1478 3039 1532 neque
3088 1460 3336 1529 videtur,
3388 1476 3575 1531 neque
3608 1466 3765 1514 tene-

2106 1564 2243 1618 tur;
2282 1565 2385 1619 per
2409 1551 2561 1620 quod
2587 1551 2918 1605 ostenditur
2941 1566 3055 1604 non
3088 1550 3246 1618 :facti
3290 1550 3504 1611 solum,
3561 1564 3767 1603 verum

2108 1641 2164 1689 et
2193 1637 2511 1692 voluntatis
2559 1637 2772 1692 delicta
2820 1638 3059 1692 vitanda
3114 1643 3172 1693 et
3230 1637 3571 1708 poenitentia
3627 1652 3767 1707 pur-

2103 1726 2298 1795 ganda
2332 1742 2483 1782 esse.
2516 1727 2716 1798 Neque
2740 1728 2897 1781 enim
2951 1728 2998 1781 si
3060 1726 3429 1781 mediocritas
3485 1725 3767 1789 humana,

350 1814 467 1864 test
495 1810 632 1882 (21),
669 1813 910 1868 Domino
940 1815 1098 1869 enim
1145 1817 1398 1886 cognito,
1462 1817 1612 1872 ultro
1663 1819 1905 1886 spiritus
1966 1834 1999 1873 a
2032 1855 2079 1918 Β
2111 1815 2245 1868 facti
2282 1815 2322 1850 ³⁸
2354 1815 2549 1870 solum
2576 1816 2807 1885 judicat
2827 1816 2969 1886 (22),
3003 1817 3143 1886 quia
3174 1815 3494 1870 voluntatis
3527 1814 3766 1868 latebris

354 1915 461 1953 suo
505 1906 745 1955 auctore
774 1907 1075 1973 respectus
1107 1906 1355 1975 emergit
1385 1906 1455 1960 ad
1491 1906 1761 1961 notitiam
1792 1907 2003 1962 verita-

356 1986 455 2055 tis,
489 1993 545 2041 et
569 1988 869 2044 admissus
900 1991 970 2045 ad
1017 1991 1321 2048 Dominica
1382 2001 1692 2066 praecepta,
1746 2012 1815 2051 ex
1864 1994 2013 2067 ipsis

367 2076 572 2131 statim
605 2078 888 2145 eruditur,
928 2079 983 2133 id
1047 2087 1283 2151 peccata
1321 2083 1747 2154 deputandum,
1811 2101 1844 2138 a
1896 2099 2011 2154 quo

366 2163 522 2219 Deus
558 2169 1067 2232 arceat.0uoniam
1100 2186 1231 2245 cum
1252 2171 1434 2225 Deum
1461 2173 1680 2243 grande
1703 2172 1843 2243 quid
1876 2171 2011 2227 boni

366 2259 594 2309 constet
624 2272 772 2318 eses,
809 2257 1013 2328 utique
1047 2258 1197 2313 bono
1230 2259 1343 2314 nisi
1372 2260 1593 2315 malum
1648 2279 1760 2317 non
1803 2262 2010 2334 displi-

366 2348 542 2411 ceret,
574 2345 727 2414 quod
752 2346 903 2400 inter
928 2348 1220 2402 contraria
1248 2348 1359 2403 sibi
1394 2349 1554 2405 nulla
1594 2351 1855 2407 amicitia
1898 2358 2009 2408 est.

365 2430 763 2504 Perstringere
799 2440 995 2490 tamen
1029 2453 1142 2491 non
1178 2438 1415 2508 pigebit,
1459 2438 1802 2494 delictorum
1860 2458 2010 2512 quaa-

365 2520 498 2574 dam
544 2537 674 2576 esse
734 2524 1014 2593 carnalia,
1076 2526 1131 2579 id
1192 2531 1281 2580 est
1337 2526 1683 2598 corporalia,
1744 2529 2010 2599 quaedam

364 2624 498 2663 vero
522 2609 829 2681 spiritalia.
859 2612 1003 2668 Nam
1038 2629 1169 2669 cum
1205 2631 1271 2669 ex
1303 2614 1411 2670 hoc
1444 2616 1695 2687 duplicis
1734 2618 2010 2673 substan-

365 2696 459 2750 tiae
485 2701 934 2771 congregatione
966 2703 1266 2758 confectus
1285 2703 1458 2759 homo
1490 2705 1586 2771 sit,
1646 2723 1762 2760 non
1820 2707 2011 2762 aliun-

367 2786 437 2839 de
471 2785 775 2857 delinquit,
810 2806 988 2859 quam
1022 2792 1174 2846 unde
1207 2793 1583 2849 constat.Sed
1620 2811 1732 2849 non
1766 2811 1830 2850 eo
1862 2797 2013 2851 inter

368 2890 429 2928 se
453 2874 756 2943 differunt,
800 2880 951 2948 quod
1014 2896 1226 2952 corpus
1290 2886 1347 2936 et
1386 2882 1634 2954 spiritus
1694 2884 1809 2939 duo
1834 2890 2011 2953 sunt;

367 2962 625 3034 alioquin
661 2982 726 3021 eo
761 2968 944 3038 magis
977 2969 1134 3040 patia
1166 2976 1327 3037 sunt,
1359 2970 1498 3040 quia
1528 2972 1643 3026 duo
1680 2990 1863 3028 unum
1896 2973 2014 3028 efﬁ-

367 3050 561 3107 ciunt:
594 3070 664 3109 ne
710 3056 843 3127 quis
897 3074 1000 3127 pro
1054 3058 1386 3114 diversitate
1445 3060 1821 3116 materiarum
1881 3079 2012 3134 pec-

368 3146 493 3194 cata
526 3158 725 3197 eorum
758 3144 1079 3211 discernat,
1112 3152 1173 3200 ut
1198 3147 1443 3203 alterum
1468 3149 1648 3204 altero
1696 3149 1880 3205 levius
1911 3156 2014 3206 aut

2123 1920 2227 1974 par
2250 1920 2362 1958 non
2396 1910 2503 1969 est,
2537 1905 2752 1959 idcirco
2784 1904 3032 1959 crimina
3074 1906 3202 1973 ejus
3242 1904 3419 1958 etiam
3480 1904 3589 1957 sub
3650 1902 3766 1957 Deo

2123 1991 2512 2063 negligemus,
2550 2000 2695 2048 Deus
2727 1994 2785 2047 in
2819 1994 3016 2049 omnia
3055 1994 3293 2048 sufﬁcit.
3354 1992 3507 2048 Nihil
3558 2009 3592 2046 a
3633 2008 3770 2046 con-

2123 2088 2325 2152 spectu
2359 2082 2486 2152 ejus
2511 2087 2820 2148 remotum,
2873 2083 3027 2137 unde
3088 2083 3327 2137 omnino
3385 2081 3769 2152 delinquitur.

2124 2170 2270 2235 Quia
2300 2187 2413 2225 non
2446 2171 2677 2243 ignorat
2696 2188 2798 2225 nes
2833 2172 3071 2237 omittit,
3136 2171 3452 2241 quominus
3501 2170 3561 2224 in
3619 2168 3772 2241 judi-

2122 2260 2277 2314 cium
2309 2262 2601 2315 decernat.
2633 2258 3049 2315 Dissimulator
3094 2264 3150 2314 et
3192 2259 3598 2330 praavaricator
3653 2258 3766 2329 (23)

2123 2344 2490 2419 perspicaciaa
2522 2366 2640 2403 suae
2673 2365 2787 2403 non
2820 2352 2925 2403 est.
2960 2348 3108 2411 Quid
3166 2348 3322 2418 quod
3369 2348 3639 2401 voluntas
3695 2347 3773 2401 fa-

2123 2437 2199 2492 cti
2229 2437 2389 2509 origo
2420 2436 2547 2493 est?
2578 2437 2843 2492 Viderint
2874 2437 3059 2504 enim,
3094 2436 3143 2491 si
3176 2453 3292 2507 qua
3322 2435 3506 2502 casui,
3539 2440 3641 2490 aut
3670 2450 3768 2489 ne-

2123 2526 2403 2591 cessitati,
2434 2531 2537 2581 aut
2566 2527 2912 2598 ignorantiae
2955 2526 3362 2597 imputantur:
3416 2524 3631 2595 quibus
3676 2539 3769 2580 ex-

2122 2614 2307 2685 ceptis
2332 2615 2458 2684 jam
2490 2631 2605 2669 non
2635 2615 2764 2687 [nisi
2822 2615 3122 2670 voluntate
3181 2613 3564 2685 delinquitur.
3625 2614 3770 2669 Cum

2121 2718 2257 2772 ergo
2289 2703 2424 2757 facti
2457 2703 2617 2775 origo
2649 2710 2756 2768 est,
2790 2720 2904 2758 non
2951 2710 3114 2758 tanto
3172 2703 3363 2775 potior
3415 2704 3485 2757 ad
3536 2718 3767 2773 poenam

2122 2795 2231 2855 est,
2254 2797 2471 2861 quanto
2503 2792 2843 2863 principalis
2876 2793 2946 2847 ad
2979 2791 3245 2863 culpam:
3310 2808 3441 2863 qum
3497 2807 3567 2845 ne
3626 2797 3769 2845 tunc

2123 2879 2360 2950 quidem
2386 2878 2688 2947 liberatur,
2722 2897 2854 2935 cum
2887 2879 3084 2951 aliqua
3113 2879 3436 2935 difficultas
3468 2883 3763 2951 perpetra-

2121 2968 2339 3023 tionem
2380 2970 2507 3039 ejus
2540 2968 2851 3040 intercipit.
2896 2969 3029 3040 Ipsa
3058 2968 3213 3024 enim
3246 2968 3356 3023 sibi
3415 2969 3764 3039 imputatur,

2123 3074 2228 3112 nec
2248 3057 2514 3113 excusari
2546 3058 2758 3128 poterit
2791 3075 2891 3128 per
2920 3058 3080 3112 illam
3136 3057 3473 3128 perficiendi
3531 3054 3775 3109 infelici-

2123 3152 2302 3200 tatem
2336 3148 2471 3217 (24),
2503 3152 2739 3218 operata
2788 3149 2941 3218 quod
3004 3163 3177 3201 suum
3239 3147 3445 3201 fuerat.
3508 3143 3769 3215 Denique

367 3228 604 3301 gravius
626 3233 938 3289 existimet.
975 3236 1277 3307 Siquidem
1337 3242 1393 3291 et
1448 3255 1581 3293 caro
1640 3243 1695 3293 et
1745 3240 2010 3311 spiritus,
2043 3219 2086 3287 (ἶ
2124 3236 2407 3290 Dominus
2439 3236 2936 3306 quemadmodum
2970 3252 3031 3289 se
3062 3234 3447 3305 adjectionem
3498 3232 3611 3305 legi
3672 3248 3772 3287 su-

366 3316 467 3372 Dei
498 3336 625 3376 res:
660 3320 797 3391 alia,
841 3341 1021 3380 manu
1071 3325 1198 3395 ejus
1255 3342 1567 3397 expressa;
1628 3327 1763 3398 alia,
1811 3328 2013 3383 afﬂatu

365 3406 494 3476 ejus
523 3417 932 3468 consummata
963 3412 1363 3484 (Gen.u).Cum
1389 3431 1525 3486 ergo
1556 3432 1625 3471 ex
1655 3416 1780 3487 pari
1812 3417 1882 3471 ad
1898 3417 2016 3472 Do—

370 3494 595 3550 minem
630 3498 960 3568 pertineant
986 3518 998 3558 :
1032 3503 1446 3574 quodcumque
1459 3521 1660 3559 eorum
1676 3505 2014 3576 deliquerit,

365 3597 435 3638 ex
460 3585 580 3653 pari
612 3585 926 3644 Dominum
952 3590 1215 3645 oﬁ‘endit.
1246 3593 1333 3646 An
1364 3596 1425 3646 tu
1485 3593 1787 3649 discernes
1848 3600 2017 3650 actus

368 3672 565 3727 carnis
595 3678 653 3729 et
676 3675 923 3747 spiritus
950 3680 973 3733 Ρ
1002 3695 1253 3749 quorum
1283 3684 1341 3734 et
1374 3680 1430 3735 in
1461 3680 1585 3735 vita
1616 3681 1749 3736 etin
1810 3686 2018 3747 morte,

366 3764 423 3815 et
440 3762 499 3816 in
532 3768 1213 3838 resurrectione,tantum
1232 3771 1667 3826 communionis
1690 3776 1867 3843 atque
1893 3789 2023 3827 con-

369 3850 536 3905 sortii
562 3856 653 3907 est
682 3855 864 3925 (Joan.
895 3861 975 3927 v),
1006 3861 1070 3913 ut
1095 3858 1314 3930 pariter
1335 3863 1474 3914 tunc
1506 3864 1607 3914 aut
1637 3861 1694 3914 in
1717 3860 1896 3915 vitam
1923 3863 2024 3915 aut

2123 3329 2451 3394 perstruere
2480 3324 2846 3379 demonstrat
2876 3324 3053 3395 (Matt.
3087 3323 3160 3394 v),
3220 3322 3331 3378 nisi
3380 3328 3438 3378 et
3492 3321 3764 3376 volunta-

2123 3412 2207 3467 tis
2228 3412 2628 3468 interdicendo
2659 3412 2874 3467 delicta
2893 3412 2920 3467 ?
2947 3412 3092 3467 Cum
3118 3411 3449 3466 adulterum
3480 3427 3595 3465 non
3630 3425 3762 3465 eum

2124 3501 2316 3557 solum
2340 3502 2564 3569 deﬁnit,
2606 3502 2704 3573 qui
2755 3503 3027 3556 cominus
3059 3500 3129 3554 in
3161 3500 3417 3555 alienum
3463 3499 3766 3555 matrimo-

2126 3591 2288 3646 nium
2324 3590 2630 3646 cecidisset
2651 3592 2784 3663 (25),
2816 3606 3018 3645 verum
3041 3590 3215 3644 etiam
3247 3588 3434 3654 illum,
3468 3587 3569 3660 qui
3601 3602 3773 3659 aspe-

2127 3684 2257 3735 ctus
2308 3680 2779 3750 concupiscentia
2830 3680 3338 3735 contaminasset:
3393 3678 3535 3733 adeo
3620 3677 3776 3748 quod

2130 3768 2473 3824 urobibetur
2498 3768 2937 3836 administrare,
2972 3769 3115 3823 satis
3138 3767 3463 3838 periculose
3505 3767 3618 3836 (26)
3650 3765 3777 3819 ani-

2134 3874 2266 3912 mus
2305 3858 2417 3912 sibi
2450 3861 2827 3928 repriesentat
2855 3858 2994 3928 (27),
3025 3862 3082 3911 et
3112 3862 3329 3911 temere
3359 3872 3462 3926 per
3509 3854 3777 3909 volunta-

1766 4016 1968 4078 Variee
1999 4014 2320 4077 lectiones.

447 4148 491 4182 ¹⁶
522 4144 816 4222 Brivatum
847 4150 1018 4205 abest.
1048 4150 1225 4205 Latin.
1261 4149 1729 4221 delinquentium
1790 4149 2083 4222 privatum
2107 4149 2135 4204 ?
2191 4149 2450 4203 Wouwer.
2512 4147 2584 4222 Ill.
2628 4146 2681 4202 S.
2738 4148 2870 4222 ηερ,
2898 4146 3359 4222 delinquentium
3423 4144 3775 4222 peccatum?

363 4214 495 4291 ζιιη.
530 4219 998 4291 delinquentium
1024 4222 1052 4276 ‘I
1078 4223 1370 4277 Privatum
1403 4214 1509 4279 cur
1540 4214 2039 4278 malitiae'Semler.

364 4286 527 4363 Leop.

2120 4222 2161 4257 1⁷
2189 4222 2531 4275 innocentes
2566 4221 2683 4290 Hig.
2765 4220 3023 4305 “‘l‘actis
3082 4216 3253 4274 'Pam.
3316 4216 3482 4274 Semt.
3523 4234 3553 4273 e
3607 4216 3776 4272 factis

1773 4397 2291 4463 Commentarius.

437 4532 551 4605 (20)
567 4534 677 4589 Cur
703 4532 1082 4606 paenitentiam
1129 4532 1356 4606 innectit,
1393 4533 1847 4606 delinquentium
1895 4537 2015 4606 pri-
2051 4543 2094 4606 ι)

362 4611 572 4661 vatum.
602 4606 696 4660 Sic
729 4604 940 4675 legitur
970 4604 1028 4657 in
1053 4606 1179 4658 cod.
1213 4604 1427 4658 Ursini.
1467 4604 1870 4661 Paenitentiam
1898 4604 2011 4660 7di-

362 4678 448 4732 cit
479 4693 606 4732 esse
635 4675 1113 4746 delinquentium
1150 4676 1462 4746 privatum,
1496 4676 1605 4730 hoc
1636 4684 1724 4731 est
1780 4694 1902 4731 rem
1963 4681 2018 4731 et

362 4764 567 4803 curam
600 4747 1023 4818 deliquentium
1053 4748 1346 4817 propriam
1362 4754 1418 4802 et
1449 4749 1754 4817 privatam.
1790 4748 2013 4817 Injuete

366 4824 565 4876 autem
599 4820 867 4890 facit,qui
904 4819 1143 4890 privatis
1178 4820 1360 4873 utitur
1405 4823 1687 4890 tanquam
1750 4836 2012 4874 commu-

368 4836 565 4876 aUtem
599 4836 867 4944 laOlt,Ciu1
904 4836 1143 4890 privatis
1178 4836 1360 4873 untur
1405 4836 1687 4890 tanquam
1750 4836 2012 4874 commu-

368 4892 546 4947 nibus
577 4897 633 4946 et
665 4892 780 4961 pub
811 4892 932 4945 icis.
966 4890 1261 4945 Privatum
1294 4890 1579 4956 absolute,
1606 4908 1708 4963 pro
1741 4908 1878 4962 agro
1903 4891 2015 4963 pri-

366 4969 528 5027 vato,
562 4963 699 5018 dicit
732 4962 992 5031 Ovidius,
1023 4978 1060 5015 v
1087 4964 1293 5018 Fastor.

502 5075 703 5121 Vindice
730 5075 955 5121 servabat
982 5074 1112 5121 nullo
1140 5087 1231 5120 sua
1260 5075 1447 5132 publica
1475 5074 1677 5131 Vulgus:

555 5138 755 5194 Jamque
782 5138 828 5181 in
858 5138 1041 5194 privato
1070 5148 1271 5194 pascere
1299 5138 1461 5183 inertis
1488 5149 1607 5183 erat.
1715 5139 1828 5183 Rm.

439 5247 554 5317 (21)
587 5247 840 5302 Oriosum
871 5244 1049 5301 videri
1076 5252 1265 5319 potest.
1318 5244 1823 5319 Supersedendum
1885 5258 2014 5299 esse

363 5323 569 5375 censet
602 5321 671 5374 de
720 5319 934 5389 pietate
991 5321 1047 5371 et
1098 5316 2012 5388 religione_catecbumenorum,

361 5389 467 5461 qui
500 5407 633 5461 cum
666 5388 762 5445 Dei
793 5390 981 5460 legem
1016 5393 1379 5461 perspectam
1410 5389 1710 5456 haberent,
1746 5388 2015 5461 ultroque

363 5460 769 5544 pmnitentiam
801 5463 1312 5530 amplecterentur,
1348 5460 1509 5516 illius
1538 5462 1727 5533 elogia
1785 5466 1885 5516 aut
1942 5460 2014 5515 ad

364 5532 531 5587 illam
567 5534 1003 5588 adhortationes
1035 5548 1147 5585 non
1173 5530 1569 5588 postulabant.
1604 5534 1681 5588 La
1707 5549 1799 5587 pn.

364 5548 531 5587 Illam
567 5548 1003 5588 (“100118110098
1035 5548 1147 5585 non
1173 5548 1569 5589 DOSLUIRDBDI.
1605 5548 1681 5588 LE
1707 5549 1799 5587 PR.

442 5550 531 5587 am
567 5549 1003 5588 adhortationes
1035 5549 1147 5585 non
1173 5549 1569 5603 postuxaoant.
1605 5549 1681 5588 LE
1707 5549 1799 5587 pa.

442 5604 551 5674 (22)
583 5606 749 5661 Facti
770 5605 953 5660 solum
972 5603 1213 5675 judicat.
1268 5602 1446 5675 Facti,
1508 5605 1730 5661 scilicet
1779 5602 2012 5659 delicta.

365 5676 601 5749 Etenim
633 5676 951 5749 praecessit.
980 5674 1015 5726 ⁷‹‹
1046 5674 1171 5749 Non
1205 5674 1338 5731 facti
1356 5675 1568 5744 solum,
1599 5692 1801 5732 verum
1834 5680 1891 5730 et
1917 5691 2018 5732 vo-

366 5746 619 5805 luntatis
634 5746 864 5806 delicta
888 5746 1148 5804 vitanda.
1183 5767 1205 5797 ι
1242 5751 1370 5805 Rxe.

2198 4530 2308 4602 (23)
2348 4531 2768 4586 Przvaricator.
2836 4529 3065 4600 Proprie
3123 4528 3230 4602 qui
3273 4526 3467 4598 prodit
3509 4540 3769 4602 causam.

2123 4597 2595 4676 Nausislossw
2632 4619 2743 4676 non
2792 4597 2981 4676 solum
3030 4597 3391 4676 συηὸφάγτηβ»
3444 4598 3550 4676 P.9d
3598 4597 3773 4676 θείω

2126 4665 2421 4746 προδιδοὺξ
2475 4674 2574 4740 τὴν
2632 4670 2768 4726 ἰδίαν
2823 4670 3003 4741 δίκην,
3049 4671 3133 4725 καὶ
3177 4665 3265 4741 ’τῷ
3317 4665 3578 4739 ἀν’τιδίκῳ
3630 4668 3769 4742 βοη-

2125 4749 2252 4808 θῶν.
2290 4751 2419 4800 LAC.

2171 4816 2665 4942 £(21.1)RPer/iciendi
2696 4816 3102 4886 infelicitatem.
3165 4814 3593 4869 Frustationem
3642 4810 3774 4865 ἀτυ-

2188 4909 2267 4941 αν.
2350 4905 2427 4942 IG.

2123 4905 2267 4943 'Itav.
2300 4905 2427 4943 HIG.

2128 4908 2267 5000 xw:
2289 4908 2616 5029 Il’gfficiendi
2638 4957 3043 5028 infelicitatem.
3070 4955 3407 5028 Metapbora
3440 4954 3539 5011 illa
3567 4955 3641 5010 ab
3686 4971 3774 5010 ar-

2124 5030 2365 5087 boribus
2397 5030 2651 5095 ducitur,
2685 5044 2965 5099 quaacum
3001 5029 3225 5085 fructus
3259 5045 3373 5083 non
3433 5030 3633 5099 ferant
3668 5043 3773 5099 seu

2123 5103 2402 5173 temporis
2433 5103 2669 5172 injuria,
2702 5098 2802 5155 seu
2836 5100 3132 5155 cultorum
3187 5099 3567 5171 negligentia,
3624 5098 3772 5154 infe-

2123 5173 2266 5231 lices
2297 5180 2595 5229 vocantur.
2634 5173 2709 5227 LE
2742 5189 2830 5226 pa.

2216 5246 2307 5313 25)
2341 5245 2600 5300 Cominus
2627 5245 2687 5297 in
2716 5243 2971 5299 alienum
3005 5246 3423 5299 matrimonium
3468 5240 3769 5296 cecidisset.

2127 5318 2403 5372 Adulter-0
2435 5318 2656 5371 scilicet
2678 5317 3012 5372 concubitu.
3044 5318 3171 5372 RIG.

2198 5390 2310 5458 (26)
2353 5390 2501 5463 Sate
2544 5388 2870 5463 periculose.
2934 5393 3065 5463 Ipse
3096 5386 3500 5463 Tertullianus
3529 5381 3650 5463 .lib.
3701 5380 3772 5461 4e

2125 5460 2309 5530 Μθηοθ
2344 5477 2357 5515 ε
2393 5483 2419 5510 ί(
2455 5458 2638 5515 Habet
2660 5475 2858 5515 secum
2892 5458 3070 5516 animi
3093 5458 3411 5523 licentiam,
3442 5458 3539 5523 qui
3573 5458 3773 5506 omnia

2126 5529 2371 5598 homini,
2406 5548 2530 5602 quae
2564 5549 2677 5589 non
2710 5531 2906 5601 habet,
2938 5531 3284 5604 imaginario
3318 5529 3507 5582 fructu
3556 5539 3768 5594 repue-

2126 5608 2337 5659 sentat.
2364 5625 2390 5653 ‹‹
2425 5608 2549 5659 Rm.

2198 5676 2310 5748 (27)
2342 5675 2460 5732 Sibi
2490 5680 2882 5748 repraesentat.
2912 5674 2992 5729 Ex
3022 5674 3131 5748 hoc
3178 5672 3302 5748 loco
3354 5669 3557 5724 Petrus
3617 5669 3767 5748 mar-

2128 5743 2221 5820 tyr
2250 5743 2307 5805 et
2327 5747 2516 5804 ceteri
2545 5743 2804 5805 haeretici
2833 5745 3000 5802 aiunt
3026 5744 3137 5802 hoc
3166 5743 3409 5801 verbum
3438 5744 3770 5813 presentem
