4148 6194
454 302 629 365 1343·

995 302 1522 365 TERTULLIANI
1567 300 1894 364 OPERUM
1936 299 2137 361 PARS
2184 298 2234 359 Ι.
2266 332 2344 344 -
2378 298 2649 361 SERIES
2696 300 2775 372 ΙΙ,
2823 296 3299 360 DOGMATICA.

3696 297 3857 357 1344

449 437 566 488 tem
597 433 704 503 (28)
738 432 1021 505 expungit
1044 434 1330 488 eﬁ‘ectum.
1364 435 1544 505 Cujus
1574 432 1892 487 voluntatis
1950 447 2085 487 cum
2117 433 2170 499 Α
2199 431 2381 500 ﬁguli,
2413 431 2587 486 arbor
2616 430 2823 486 exinde
2850 430 2957 487 fias
2978 428 3099 495 illa,
3135 446 3261 502 quae
3288 444 3459 501 penes
3478 444 3648 499 aquas
3702 430 3848 482 seri-

447 522 534 577 vis
564 527 728 577 tanta
759 523 856 591 sit,
882 523 1087 577 I233
1114 528 1178 577 ut
1214 522 1256 557 1°
1287 539 1403 576 non
1450 521 1723 578 solatium
1785 524 1877 576 sui
1936 526 2092 576 satu-

450 627 586 664 rans
605 627 709 681 pro
742 612 892 665 facto
926 612 1093 665 cedat
1121 610 1257 681 (29),
1290 627 1425 681 ergo
1470 611 1773 681 plectetur.
1838 608 2097 664 Vanissi-

448 714 610 753 mum
642 704 729 754 est
778 700 989 755 dicere.
1042 699 1225 766 Volui,
1287 716 1391 753 nec
1430 704 1625 753 tamen
1688 699 1815 753 feci.
1876 696 2095 768 Atquin

449 788 727 857 perficere
749 788 925 843 debes
959 788 1097 859 quia
1128 787 1248 842 vis:
1286 794 1386 841 aut
1420 805 1521 842 nec
1580 787 1746 853 velle,
1797 787 1934 858 quia
1989 801 2095 839 nec

447 875 699 946 perficis.
733 877 840 931 Sed
884 876 1009 948 ipse
1032 877 1397 931 conscientias
1430 882 1541 931 tuae
1565 876 1929 931 confessione
1964 890 2095 945 pro-

444 964 706 1021 nuntias.
733 965 879 1019 Nam
930 966 979 1020 si
1011 966 1232 1021 bonum
1292 965 1759 1037 concupisceres,
1821 964 2094 1035 perlicere

444 1053 762 1125 gestisses;
796 1071 964 1125 porro
1010 1055 1164 1109 sicut
1225 1054 1448 1109 malum
1500 1073 1616 1110 non
1659 1052 1909 1124 perficis,
1988 1067 2093 1109 nec

444 1141 857 1213 concupiscere
888 1144 1201 1200 debueras.
1236 1144 1481 1215 Quaque
1522 1149 1579 1199 te
1600 1144 1645 1178 2°
1694 1141 2091 1211 constitueris,

442 1230 684 1286 crimine
716 1232 1079 1303 astringeris,
1115 1235 1254 1303 quia
1277 1238 1379 1287 aut
1415 1231 1635 1287 malum
1672 1231 1944 1295 volueris,
1991 1233 2094 1285 aut

440 1319 661 1374 bonum
696 1336 809 1374 non
842 1320 1275 1391 adimpleveris.

1080 1410 1314 1465 CAPUT
1357 1412 1449 1465 IV.

512 1495 799 1552 Omnibus
822 1514 958 1569 ergo
992 1499 1223 1554 delictis
1254 1501 1364 1571 (30)
1397 1518 1497 1556 seu
1550 1516 1748 1565 carne,
1806 1516 1908 1554 seu
1969 1499 2091 1570 spi-

444 1583 584 1653 ritu,
641 1602 742 1639 seu
798 1587 968 1656 facto,
1024 1605 1123 1642 seu
1183 1587 1509 1658 voluntate,
1564 1588 1921 1654 commissis,
1992 1588 2091 1661 qui

446 1689 677 1743 poenam
713 1676 1130 1746 perjudicium
1184 1677 1514 1743 destinavit,
1550 1678 1699 1732 idem
1754 1682 1811 1730 et
1861 1677 2089 1732 veniam

435 1778 541 1832 per
572 1762 972 1833 paenitentiam
1005 1767 1341 1836 spopondit,
1388 1766 1586 1821 dicens
1647 1766 1717 1820 ad
1763 1765 2086 1836 populum:

437 1853 712 1907 Paenitere
742 1853 807 1919 ’1,
850 1863 903 1908 et
933 1855 1145 1909 salvum
1175 1856 1387 1924 facium
1419 1859 1470 1909 te
1513 1854 1726 1925 (Ezech.
1786 1870 1945 1922 xvm,
1994 1855 2082 1918 21,

433 1938 547 2009 23).
575 1941 644 1994 Et
675 1941 914 2011 iterum,
954 1944 1098 2009 Vivo,
1132 1943 1324 2013 inquit
1357 1943 1663 2008 Dominus,
1710 1947 1761 1997 et
1806 1946 2080 2012 pamzten-

434 2029 578 2082 tiam
627 2030 773 2085 malo
840 2046 1004 2101 quam
1078 2041 1324 2087 mortem.
1378 2033 1524 2104 Ergo
1566 2031 1908 2103 pcenitentia
1967 2030 2084 2087 vita

433 2118 680 2188 eet(31),
715 2136 847 2173 cum
882 2121 1240 2192 praaponitur
1270 2120 1465 2176 morti.
1498 2121 1635 2176 Eam
1670 2126 1730 2174 tu
1793 2124 2078 2191 peccator,

434 2206 545 2260 mei
574 2207 789 2263 similis
815 2208 956 2277 (imo
987 2226 1081 2264 me
1121 2210 1315 2265 minor
1375 2210 1511 2281 (32),
1561 2226 1666 2281 ego
1719 2211 1872 2263 enim
1936 2226 2077 2280 prta-

431 2295 707 2350 stantiam
740 2298 798 2351 in
831 2296 1058 2353 delictis
1091 2315 1280 2354 meam
1316 2298 1616 2371 agnosco),
1652 2297 1732 2352 ita
1757 2297 2078 2361 invade,ita

433 2383 1192 2459 amplexare,utnaufragus
1226 2388 1475 2459 alicujus
1505 2387 1717 2443 tabulae
1742 2386 1915 2440 fidem
1941 2386 2076 2457 (33).

431 2470 560 2526 Haec
593 2477 650 2528 te
710 2480 1083 2545 peccatorum
1145 2475 1423 2531 ﬂuctibus
1484 2491 1767 2545 mersum,
1816 2473 2073 2545 proleva-

432 2560 519 2616 bit
540 2562 585 2595 ²²
617 2563 727 2634 (34)
759 2568 815 2618 et
846 2563 904 2618 in
930 2569 1162 2635 portum
1197 2565 1408 2620 divinae
1447 2563 1769 2620 clementia
1820 2563 2075 2634 protela-

431 2649 533 2704 bit.
570 2650 727 2722 Rape
757 2653 1120 2708 occasionem
1153 2654 1468 2725 inopinata:
1500 2653 1813 2719 felicitatis,
1868 2657 1929 2707 ut
1978 2650 2076 2707 ille

431 2743 493 2792 tu
529 2739 670 2794 nihil
704 2743 1000 2811 quondam
1029 2759 1208 2813 penes
1239 2744 1447 2810 Deum,
1481 2744 1592 2799 nisi
1625 2744 1760 2814 (lsa.
1804 2758 1897 2810 XL,
1958 2740 2024 2793 15
2062 2761 2075 2808 ,

432 2845 576 2895 wa,
628 2831 707 2896 8;
770 2831 908 2885 Dan.
964 2847 1040 2886 ιιι
1101 2832 1240 2887 Ρεαι
1300 2850 1339 2899 ι,
1401 2833 1481 2899 3;
1533 2834 1731 2888 Jercm.
1789 2848 1904 2895 xxx,
1967 2829 2072 2897 il;

429 2917 615 2973 Matth.
650 2920 737 2987 ιιι)
767 2920 919 2975 stilla
940 2922 1143 2990 situlae,
1175 2930 1228 2977 et
1266 2939 1409 2977 area:
1448 2923 1631 2993 pulvis
1686 2930 1740 2977 et
1792 2919 2074 2975 vasculum

2206 527 2317 587 tur,
2339 524 2393 575 et
2423 521 2481 574 in
2508 521 2671 576 loliis
2686 536 2985 592 parennas,
3007 529 3056 574 et
3077 524 3321 589 tempora
3335 534 3432 573 suo
3461 521 3677 589 fructus
3706 518 3843 585 agit,

2206 625 2331 679 qua:
2356 626 2469 665 non
2492 611 2696 681 ignem,
2723 626 2835 664 non
2864 610 3105 664 securim
3133 608 3371 663 videbit.
3415 607 3697 662 Pceniteat
3753 622 3841 661 era

2206 714 2428 763 rorum,
2489 703 2719 771 reperta
2774 699 3056 767 veritate;
3110 699 3385 769 poeniteat
3433 713 3668 753 amasse
3724 712 3849 766 qua:

2206 787 2356 841 Deus
2388 804 2504 841 non
2537 793 2715 853 amat,
2747 788 2981 859 quando
3015 804 3086 842 ne
3118 805 3224 842 nos
3273 787 3509 857 quidem
3561 784 3673 857 ipsi
3726 800 3845 840 ser-

2201 875 2353 932 vulis
2378 876 2595 932 nostris
2626 893 2695 932 ea
2718 877 2927 932 1234
2954 876 3171 948 quibus
3230 875 3583 931 offendimur
3628 876 3676 909 ²³
3730 890 3841 928 non

2202 964 2396 1021 odisse
2432 966 2849 1037 permittimus.
2884 965 3161 1038 Obsequii
3194 966 3351 1021 enim
3381 964 3528 1020 ratio
3566 964 3625 1018 in
3680 963 3844 1019 simi-

2200 1052 2449 1109 litudine
2480 1055 2813 1110 animorum
2845 1055 3167 1111 constituta
3188 1059 3296 1111 est.
3325 1053 3405 1109 De
3453 1054 3605 1109 bono
3663 1051 3843 1124 poeni-

2201 1144 2399 1199 tentias
2430 1144 2854 1213 enumerando,
2889 1143 3108 1199 diffusa
3127 1150 3181 1197 et
3237 1157 3342 1212 per
3370 1140 3417 1173 "
3468 1139 3575 1195 hoc
3636 1156 3846 1210 magno

2200 1230 2432 1303 eloquio
2482 1232 2839 1288 comittenda
2878 1234 3123 1287 materia
3183 1236 3292 1287 est.
3351 1229 3468 1285 Nos
3548 1245 3681 1284 vero
3741 1244 3844 1298 pro

2202 1322 2418 1376 nostris
2441 1322 2735 1392 augustiis
2766 1337 2948 1376 unum
2976 1321 3381 1375 inculcamus:
3417 1318 3636 1373 bonum
3669 1322 3843 1386 atque

2200 1410 2486 1481 optimum
2522 1427 2671 1479 esse,
2705 1411 2856 1481 quod
2892 1410 3047 1465 Deus
3080 1409 3349 1481 pracepit
3390 1408 3456 1461 ³⁵.
3516 1405 3837 1461 Audaciam

2200 1499 2493 1563 existimo,
2546 1499 2617 1554 de
2701 1499 2853 1554 bono
2938 1498 3114 1553 divini
3181 1497 3450 1569 praecepti
3503 1496 3839 1567 (disputare.

2199 1586 2396 1657 Neque
2418 1587 2573 1642 enim
2600 1586 2738 1658 quia
2797 1588 3014 1642 bonum
3075 1592 3183 1654 est,
3234 1585 3451 1640 idcirco
3508 1583 3843 1639 auscultare

2199 1675 2503 1741 debemus,
2551 1676 2650 1730 sed
2685 1676 2824 1747 quia
2875 1676 3029 1731 Deus
3053 1675 3098 1709 ²⁶
3136 1674 3431 1746 praecepit.
3479 1674 3563 1727 Ad
3616 1672 3839 1728 exhibi-

2196 1764 2415 1817 tionem
2447 1763 2737 1834 obsequii,
2768 1765 2927 1834 prior
2958 1769 3048 1819 est
3083 1764 3362 1835 majestas
3415 1762 3622 1816 divinas
3682 1767 3839 1832 pote-

2198 1852 2402 1907 statis:
2440 1853 2598 1923 prior
2627 1857 2715 1907 est
2738 1854 3053 1907 auctoritas
3086 1850 3449 1922 imperantis,
3504 1866 3679 1920 quam
3729 1850 3841 1903 uti—

2195 1941 2327 1995 litas
2360 1941 2687 1996 servientis.
2711 1941 2936 1997 Bonum
2969 1946 3057 1996 est
3082 1944 3377 2012 poenitere,
3412 1955 3603 1994 annon
3626 1938 3653 1992 ‘I
3688 1938 3837 2001 Quid

2196 2029 2441 2085 revolvis
2471 2030 2498 2083 ‘I
2534 2032 2683 2084 Deus
2716 2030 2995 2101 praecipit.
3032 2032 3104 2084 At
3133 2029 3289 2084 enim
3322 2029 3366 2062 ⁸⁷
3392 2027 3488 2083 ille
3520 2044 3632 2082 non
3691 2043 3834 2097 pra:-

2190 2117 2333 2188 cipit
2361 2122 2612 2185 tantum,
2648 2120 2745 2173 sed
2796 2119 2971 2174 etiam
3025 2118 3315 2173 hortatur.
3362 2117 3569 2172 Invitat
3614 2115 3831 2187 (Bacch.

2190 2222 2387 2276 χχχιιι,
2424 2205 2771 2278 ll)praemio
2793 2205 3047 2261 salutem
3070 2206 3135 2276 ³⁸,
3190 2207 3418 2275 jurans,
3476 2205 3654 2259 etiam
3705 2205 3833 2259 Vivo

2187 2293 2409 2360 dicens,
2441 2296 2603 2365 cupit
2623 2294 2778 2349 credi
2822 2296 2955 2350 sibi.
3012 2295 3055 2352 Ο
3096 2296 3297 2350 beatos
3354 2310 3460 2349 nos
3480 2294 3525 2328 ²⁹
3578 2310 3831 2365 quorum

2187 2398 2366 2437 causa
2396 2383 2550 2438 Deus
2576 2383 2848 2453 jurath
2909 2383 3296 2450 miserrimos,
3356 2382 3406 2438 si
3461 2397 3567 2438 nec
3602 2382 3831 2452 juranti

2184 2471 2430 2526 Domino
2478 2471 2814 2527 credimus!
2868 2472 3029 2537 Quod
3079 2471 3262 2543 igitur
3325 2476 3477 2527 Deus
3524 2476 3832 2542 tantopere

2184 2560 2579 2627 commendat,
2606 2561 2759 2631 quod
2791 2560 2968 2616 etiam
2995 2560 3253 2615 humano
3291 2576 3452 2616 more
3507 2561 3614 2616 sub
3666 2561 3827 2631 deje-

2186 2649 2409 2703 ratione
2439 2652 2709 2715 testatur,
2745 2665 2977 2705 summa
3019 2648 3223 2720 utique
3279 2650 3562 2721 gravitate
3620 2652 3676 2704 et
3734 2666 3828 2720 ag-

2184 2738 2347 2809 gredi
2380 2740 2437 2791 et
2456 2737 2751 2793 custodire
2796 2738 3099 2810 debemus,
3151 2742 3216 2793 ut
3277 2738 3337 2793 in
3398 2738 3829 2794 asseveratione

2184 2826 2391 2881 divinas
2421 2826 2618 2897 gratias
2650 2832 3085 2897 permanentes,
3116 2828 3174 2883 in
3194 2827 3384 2883 fructu
3410 2845 3640 2899 quoque
3695 2828 3829 2898 ejus

2184 2920 2240 2971 et
2260 2912 2659 2969 emolumento
2691 2915 2935 2986 proinde
2961 2932 3329 2988 perseverare
3358 2917 3680 2989 possimus.

1815 3062 2018 3123 Variae
2049 3057 2375 3120 lectiones.

487 3175 557 3250 ‘°_
585 3175 699 3250 Cur
749 3179 958 3250 Franeq
972 3220 983 3233 .

415 3244 632 3321 iuvabit
658 3253 890 3321 Franeg.

412 3317 456 3351 ³⁷
486 3320 557 3373 At
577 3318 671 3373 ille
695 3321 811 3391 Rig.
839 3317 854 3321 ⁷
889 3321 933 3355 ²⁸
954 3320 1171 3377 Salutis
1199 3324 1311 3377 Pet.
1348 3323 1719 3390 Ciaconnius;
1759 3321 1950 3376 salute
1984 3318 2100 3388 Rig.

1049 3180 1229 3253 Raris.
1267 3180 1483 3253 Rigalt.
1558 3179 1608 3253 ἕο
1664 3176 2029 3253 Converteris
2079 3173 2280 3253 Latin;
2321 3172 2499 3253 Jun.“
2530 3171 2602 3253 εις-
2637 3169 2914 3253 Pceniteat
2968 3173 3399 3253 ten_Woutv.“M.
3595 3175 3823 3253 “{‘Per-

968 3250 1011 3284 ²³
1040 3250 1221 3305 Nosse
1255 3243 1420 3305 Rhe'n.
1456 3251 1619 3306 male.
1695 3251 1740 3285 ²⁴
1773 3253 1880 3303 Pro
1932 3250 2064 3303 Jun.
2140 3243 2510 3318 "__l?_raecipit_
2557 3246 2726 3318 Eran.
2771 3244 2959 3318 Paris.
3016 3245 3136 3316 Rig.
3212 3246 3257 3281 ⁸⁸
3296 3245 3567 3318 Praecipit
3613 3247 3822 3315 Rigalt.

2179 3315 2225 3349 ’θ
2254 3314 2367 3369 Nos
2397 3316 2603 3369 omittit
2631 3315 2800 3371 Seml.

1816 3430 2344 3497 Commentarius.

415 3543 850 3617 exhibere,apud
876 3547 1179 3600 Auctorem
1195 3563 1307 3601 non
1334 3546 1884 3617 signiﬁcare;atque
1908 3545 2049 3599 adeo
2082 3543 2125 3609 C
2163 3554 2267 3610 pro
2286 3536 2638 3617 particulari
2671 3536 3016 3617 paenitentia
3045 3540 3254 3617 facere,
3299 3545 3472 3613 atque
3503 3542 3649 3597 adeo
3710 3559 3817 3614 pro

417 3631 551 3668 cum
583 3616 665 3669 ait
697 3616 2053 3688 paneChristumcorpusSuumrepraasentasse,

418 3702 532 3739 non
570 3688 660 3761 ita
679 3687 1081 3761 accipiendum
1108 3694 1169 3742 ut
1201 3687 1455 3759 praesens
1487 3687 1696 3761 corpus
1723 3689 2055 3745 tradiderit:

421 3773 625 3811 verum
649 3757 784 3813 huic
811 3757 915 3813 uni
950 3757 1253 3815 sexcentos
1300 3757 1605 3832 opponere.
1647 3778 1901 3832 possem,
1959 3761 2060 3816 ubi

406 3835 737 3899 praesentem
757 3846 875 3884 rem
905 3833 1083 3901 ipsam
1128 3848 1399 3901 exponere
1435 3834 1746 3901 signiﬁcat.
1809 3840 2053 3889 ALBASP.

487 3901 605 3973 (28)
639 3906 706 3956 Es
737 3912 939 3957 temere
965 3919 1065 3973 per
1091 3906 1450 3961 voluntatem.
1486 3901 1548 3959 In
1603 3906 1870 3960 eamdem
1921 3921 2061 3960 sen-

418 3972 665 4027 tentiam
698 3974 922 4029 dixerat
940 3972 1206 4031 Juvenal.
1232 3982 1341 4031 sat.
1376 3978 1461 4031 13.

547 4086 649 4131 Has
680 4099 849 4143 pcenas
872 4089 1044 4144 patitur
1074 4089 1298 4145 peccandi
1318 4089 1426 4135 sola
1463 4090 1714 4136 voluntas:

547 4148 672 4192 Nam
701 4148 867 4193 scelus
894 4149 1019 4193 intra
1043 4162 1097 4193 se
1129 4150 1322 4194 tacitum
1351 4150 1429 4207 qui
1455 4152 1635 4208 cogitat
1672 4151 1819 4195 ullum

544 4208 675 4254 Facti
700 4210 884 4255 crimen
913 4211 1069 4256 habet.
1674 4214 1789 4260 R10.

489 4316 600 4387 (29)
629 4316 795 4388 Cujus
824 4319 1121 4374 voluntatis
1150 4336 1273 4374 cum
1303 4323 1384 4374 vis
1439 4324 1592 4375 tanta
1647 4322 1741 4390 sit,
1800 4338 1900 4376 cur
1948 4340 2057 4379 non

411 4388 667 4461 solatium
699 4392 815 4444 suis
844 4394 1121 4461 saturans,
1140 4408 1237 4461 pro
1282 4396 1428 4461 [acto
1476 4394 1682 4447 cedat?
1726 4388 1818 4447 Sic
1875 4396 2059 4450 edidit

410 4458 750 4537 Rhenanus.
795 4461 920 4537 sed,
938 4458 1300 4537 retinendam
1334 4480 1541 4537 censeo
1574 4463 1789 4537 codicis
1816 4467 2055 4537 antiqui

412 4531 763 4605 scripturam
822 4533 1194 4604 hujusmodi:
1256 4536 1492 4605 «Cujus
1542 4534 1862 4590 voluntatis
1922 4531 2055 4593 cum

407 4600 686 4679 visitanta
718 4605 816 4669 sit,
849 4600 919 4679 ut
946 4622 1060 4660 non
1094 4604 1371 4679 solatium
1393 4600 1487 4661 sui
1519 4611 1795 4662 saturans
1818 4624 1920 4679 pro
1968 4610 2055 4665 fa-

409 4676 499 4749 _cto
523 4675 709 4740 cedat,
736 4692 839 4747 pro
890 4675 1035 4731 facto
1092 4694 1231 4749 ergo
1290 4677 1593 4749 plectatur.
1623 4702 1643 4728 ι
1707 4675 2054 4737 Sic—autem

410 4742 794 4821 interpretor:
830 4748 935 4812 Qui
966 4742 1243 4803 feminam
1273 4742 1382 4804 rion
1418 4766 1584 4804 suam
1628 4755 1866 4821 aspectu
1915 4768 2051 4808 con-

404 4817 776 4895 cupiscentia;
808 4821 1543 4895 contaminat,imaginaria
1574 4817 1889 4895 voluptatis
1914 4841 2054 4895 prte-

406 4890 595 4962 sentia
628 4891 826 4945 animo
841 4894 989 4960 quod
1023 4890 1509 4962 concupivi’thjam
1538 4890 1862 4949 moechatus
1888 4890 2047 4950 estin

405 4961 578 5015 corde
602 4978 729 5016 suo.
760 4962 902 5016 Jure
936 4963 1113 5031 igitur
1140 4961 1410 5020 voluntas
1441 4966 1611 5034 cujus
1642 4966 1907 5022 tantavis
1938 4974 2045 5035 est,

405 5037 466 5109 ut
506 5035 821 5109 peripsam
865 5010 1099 5109 animus
1156 5010 1531 5109 imaginariod
1552 5036 1743 5093 fructu
1802 5010 2049 5095 delecte:
2081 5010 2129 5075 D

403 5106 519 5171 tur,
556 5121 657 5173 pro
691 5106 840 5159 facto
883 5105 1172 5174 plectitur.
1210 5105 1335 5164 Rud.

473 5176 841 5250 —Solalium
871 5181 960 5231 sui
999 5184 1279 5235 saturans.
1340 5181 1585 5233 Animus
1641 5196 1738 5250 per
1796 5180 2052 5237 volunta-

398 5248 509 5322 tem
543 5248 698 5322 apud
733 5249 997 5320 seipsum
1031 5251 1165 5322 fecit
1195 5257 1253 5306 et
1277 5252 1523 5321 adeptus
1552 5248 1825 5322 estquod
1848 5252 2047 5317 libuit;

402 5316 601 5389 itaque
633 5319 740 5374 hoc
764 5316 889 5390 jam
928 5321 1143 5377 fruitur
1173 5326 1229 5376 et
1261 5316 1557 5377 saturatur
1615 5316 1841 5378 solatio.
1902 5324 2048 5381 Nam

399 5392 549 5465 quod
577 5398 842 5465 superest
874 5409 988 5447 non
1021 5399 1110 5448 est
1139 5394 1349 5465 animi,
1378 5395 1475 5449 sed
1509 5396 1792 5465 corporis.
1846 5394 1971 5451 RIG.

469 5462 581 5538 (3Q)
613 5464 873 5538 Omnibus
902 5480 1033 5534 ergo
1063 5464 1301 5538 delictis.
1337 5464 1415 5519 De
1459 5462 1647 5536 prima
1706 5466 2047 5538 pcnnitentia

401 5528 688 5606 loquitur.
721 5536 875 5606 quod
908 5528 1023 5591 non
1058 5528 1532 5592 animadverteris
1564 5528 1883 5597 Pamelius.
1946 5556 2044 5595 ne-

401 5603 687 5680 scio_quid
714 5603 934 5675 turbat,
981 5612 1082 5662 aut
1131 5624 1236 5662 cur
1289 5610 1537 5680 primam
1579 5626 1746 5680 (cum,
1789 5613 2046 5667 secunda

402 5676 747 5747 confundit;
782 5696 915 5735 nam
968 5693 1207 5736 necesse
1242 5676 1330 5736 est
1374 5679 1519 5735 mihi
1560 5678 1679 5751 dei,
1738 5679 1846 5738 hoc
1893 5683 2045 5739 nihil

2168 3610 2532 3684 confessione
2571 3614 2627 3663 et
2679 3610 3028 3684 remissione
3080 3612 3345 3666 omnium
3379 3610 3815 3684 'peccatoru'm,

2167 3696 2298 3737 cum
2324 3681 2394 3758 de
2423 3683 2612 3758 prima
2642 3681 2719 3735 sit
2775 3683 3018 3758 mentio,
3086 3684 3236 3758 quia
3285 3681 3468 3758 nem—0,
3526 3681 3816 3758 inquam,

2168 3754 2631 3825 negiavitqomnia
2660 3754 2901 3808 omnino
2934 3760 3166 3825 peccata
3205 3754 3405 3810 deleri.
3470 3754 3711 3812 Annssp.

2242 3824 2354 3893 (31)
2385 3823 2528 3891 Ergo
2554 3826 2896 3895 paenitentia?
2926 3823 3041 3881 vita
3063 3837 3163 3881 est.
3192 3827 3288 3880 Ait
3325 3827 3627 3894 Dominus,
3688 3834 3821 3884 Pte-

2167 3895 2644 3977 nitentiaminalno
2675 3912 2835 3977 quam
2861 3902 3136 3977 mortem:
3164 3914 3507 3977 opponens__
3527 3900 3815 3977 pceniten:

2169 3967 2314 4020 tiam
2349 3966 2538 4041 morti:
2573 3966 2738 4041 _Quid
2769 3977 2971 4041 autem,
3021 3966 3592 4041 verius'opponitur
3642 3973 3819 4027 morti

2169 4037 2543 4163 qutanfiivita?
2573 4038 2723 4110 Ergo
2770 4040 3040 4110 opposita
3083 4041 3256 4096 morti
3301 4037 3644 4112 pmnitentia
3697 4045 3822 4099 vita

2169 4125 2234 4163 es
2270 4151 2282 4163 .
2367 4125 2445 4163 ια.

2168 4125 2282 4164 eat.
2320 4125 2445 4164 NIG.

2239 4180 2352 4251 (32)
2424 4181 2534 4235 Imo
2581 4196 2667 4234 me
2741 4182 2942 4237 minor.
2981 4181 3275 4252 Quidquid
3334 4186 3468 4238 ante
3511 4182 3812 4240 lavacrum

2167 4258 2643 4305 commeruerant
2674 4252 3078 4307 catechumeni
3112 4260 3213 4307 aut
3244 4254 3518 4319 fecerant,
3558 4256 3615 4310 id
3642 4274 3819 4312 omne

2168 4328 2393 4396 natura:
2430 4322 2620 4394 magis
2651 4322 2873 4392 impetu
2907 4340 3082 4396 quam
3116 4324 3415 4382 voluntate
3444 4326 3648 4383 fecisse
3690 4329 3816 4382 exi-

2164 4393 2673 4479 stimabanturzlut
2699 4393 3029 4479 Auctoere
3070 4396 3289 4479 P‘udic‘...
3340 4398 3408 4452 D.
3458 4398 3659 4479 Cypri
3710 4403 3819 4479 aut

2167 4415 2673 4475 sumebanturmt
2699 4415 2914 4450 aucwr
2963 4415 3029 4450 ae
3070 4415 3289 4457 ιἰιαιε..
3341 4415 3408 4452 u.
3458 4415 3649 4525 υέρνη
3710 4415 3818 4453 aut

2167 4465 2719 4536 quisquislibellum
2743 4465 2808 4519 de
2835 4466 3037 4522 Pedum
3085 4467 3373 4524 Ablutione
3420 4486 3493 4525 no
3537 4486 3585 4524 IS
3627 4471 3818 4535 dedit,

2166 4536 2407 4611 Hermes
2464 4542 2520 4593 et
2572 4536 2843 4611 Justinus
2902 4539 3235 4594 affirmant:
3278 4542 3663 4611 quamobrem
3729 4543 3817 4598 ait

2166 4608 2651 4681 catechumenum
2686 4609 2883 4681 minus
2906 4626 2968 4665 se
3005 4608 3557 4681 peccassefALsAsp.

2234 4678 2877 4755 (33)_Alicujustabulae.
2930 4678 3170 4744 Quando
3211 4683 3376 4738 aiunt
3432 4686 3631 4740 Patres
3688 4700 3816 4755 pce-

2165 4750 2471 4829 nitentiam
2504 4750 2633 4806 esse
2663 4752 3005 4829 secundam
3037 4757 3166 4829 post
3211 4756 3610 4829 naufragium,
3636 4750 3812 4829 tabu-

2163 4820 2301 4901 lam,
2350 4823 2427 4901 de
2484 4823 2739 4901 secunda
2770 4828 2827 4878 et
2868 4820 3814 4901 post:baptismumvpcnnitentia

2162 4893 2217 4947 id
2244 4894 2669 4968 accipiendum,
2705 4893 2921 4968 nonde
2952 4896 3163 4966 prima,
3191 4914 3318 4968 quas
3371 4893 3485 4955 non
3531 4905 3659 4955 erat
3725 4916 3819 4955 se-

2163 4965 2374 5031 cunda,
2411 4966 2509 5020 sed
2545 4965 2733 5037 prima
2761 4965 2981 5037 tabula.
3018 4974 3154 5022 ALn.
3210 4965 3226 4968 ’
3490 4986 3493 4989 ‘

2231 5066 2300 5125 f—
2328 5036 3081 5125 A‘licujus‘taoulw.v0ptime
3129 5038 3358 5125 monuit
3408 5041 3817 5125 Albas‘pineus

2162 5107 2489 5183 secundum
2514 5107 2776 5183 tabulam
2800 5107 2917 5183 dici
2945 5113 3169 5165 tantum
3193 5110 3265 5166 de
3310 5107 3659 5183 paenitentia
3716 5130 3813 5169 se-

2160 5180 2351 5255 cundo
2375 5197 2477 5235 seu
2514 5186 2645 5251 post
2678 5179 3036 5255 baptismum
3058 5179 3559 5255 _suscepta.Prima
3587 5186 3817 5255 quippe

2165 5250 2652 5326 pcsnitentiaqua
2682 5250 3257 5326 ﬁdelesaccedebant
3310 5255 3382 5310 ad
3442 5250 3813 5326 baptismum

2160 5324 2601 5397 suscipiendum
2634 5323 2798 5397 navis
2828 5323 3152 5397 dicebatur,
3193 5343 3309 5397 qua
3340 5323 3563 5382 scilicet
3600 5331 3813 5396 fracta,

2158 5394 2783 5471 secundapmnitentia
2806 5412 2908 5452 ceu
2962 5396 3160 5452 tabula
3211 5394 3283 5453 in
3343 5399 3653 5471 naufragio
3711 5394 3813 5453 re;

2158 5466 2371 5521 stabat.
2407 5467 2483 5520 La
2512 5472 2615 5522 PR.

2228 5537 2338 5614 (3(1)
2386 5539 2716 5614 Pr_olevabit.
2775 5541 2867 5597 Sic
2922 5538 3138 5612 legitur
3184 5543 3242 5598 in
3295 5540 3557 5614 antiquis
3616 5557 3816 5597 exem-

2157 5607 2419 5679 plaribus
2449 5610 2577 5667 Rm.
