4148 6194
342 371 498 430 1345

982 500 1220 557 CAPUT
1258 501 1328 555 V.

406 590 524 645 Hoc
548 587 703 644 enim
739 589 890 659 dico,
925 590 1334 662 pcenitentiam
1378 607 1504 654 quae
1554 605 1658 662 per
1710 589 1806 645 Dei
1856 605 1987 662 gra-

338 680 478 736 tiam
513 682 751 734 ostensa
780 684 837 734 et
868 679 1088 734 indicta
1125 679 1311 744 nobis,
1340 679 1397 733 in
1431 681 1679 750 gratiam
1716 696 1821 734 nos
1875 681 1983 734 Do-

338 768 498 823 mino
547 772 796 832 revocat,
848 767 1029 822 semel
1081 769 1373 837 cognitam
1425 772 1600 838 atque
1649 772 1981 839 susceptam

340 873 643 928 nunquam
677 860 809 927 post
868 856 973 910 hoc
1028 856 1331 910 iteratione
1381 855 1575 910 delicti
1626 857 1905 925 resignari
1939 858 1984 892 3°

338 951 622 1017 oportere.
654 948 786 999 Jam
822 944 1058 1015 quidem
1094 943 1320 998 nullum
1356 944 1696 1015 ignorantiae
1743 950 1983 1016 praetex-

340 1040 463 1089 tum
496 1034 607 1106 (35)
659 1032 767 1087 tibi
816 1033 1237 1103 patrocinatur,
1284 1035 1436 1103 quod
1490 1034 1736 1089 Domino
1784 1035 1982 1105 agnito

338 1124 755 1195 praeceptisque
812 1122 940 1191 ejus
988 1120 1289 1187 admissis,
1338 1122 1590 1192 denique
1642 1121 1983 1193 pmnitentia

339 1212 683 1269 delictorum
734 1212 993 1275 functus,
1046 1227 1253 1265 rursus
1319 1215 1375 1265 te
1432 1211 1491 1264 in
1547 1211 1758 1266 delicta
1816 1212 1981 1267 resti-

335 1302 456 1358 tuis
484 1301 527 1336 ³¹
584 1301 718 1371 (36).
774 1299 859 1354 Ita
908 1298 967 1353 in
1027 1304 1319 1370 quantum
1378 1299 1581 1356 I235
1644 1299 1985 1371 ignorantia

339 1390 691 1463 segregaris,
749 1388 806 1442 in
854 1393 1083 1442 tantum
1135 1390 1513 1443 contumacia:
1571 1388 1980 1461 agglutinaris.

336 1479 481 1535 Nam
514 1479 561 1533 si
595 1477 808 1532 idcirco
841 1482 898 1532 te
928 1477 1250 1548 deliquisse
1283 1478 1654 1548 pcenituerat,
1689 1478 1824 1547 quia
1877 1480 1982 1533 Do-

338 1568 567 1624 minum
613 1582 877 1639 cmperao
928 1566 1156 1632 timere,
1208 1581 1314 1620 cur
1362 1567 1516 1637 quod
1559 1570 1754 1622 metus
1798 1567 1985 1639 gratia

339 1655 569 1730 gessisti
625 1655 958 1710 rescindere
1017 1653 1299 1721 maluisti,
1363 1654 1474 1710 nisi
1533 1655 1672 1726 quia
1730 1659 1985 1711 metuere

336 1744 591 1803 desisti?
624 1744 827 1815 Neque
860 1743 1016 1799 enim
1050 1744 1323 1799 timorem
1357 1742 1469 1798 alia
1500 1760 1614 1812 res,
1638 1761 1816 1814 quam
1846 1760 1983 1799 con-

338 1832 595 1890 tumacia
622 1831 926 1887 subvertit.
978 1832 1119 1885 Cum
1175 1831 1352 1884 etiam
1402 1830 1742 1901 ignorantes
1788 1830 1984 1884 Domi-

337 1940 481 1978 num
514 1921 627 1992 (37)
672 1920 836 1975 nulla
894 1919 1155 1991 exceptio
1206 1924 1447 1974 tueatur
1492 1919 1539 1953 ³³
1597 1919 1668 1973 ad
1718 1936 1988 1990 poenam;

340 2011 482 2084 quia
514 2015 695 2065 Deum
727 2008 787 2063 in
819 2014 1019 2079 aperto
1062 2007 1471 2074 constitutum,
1505 2011 1561 2061 et
1603 2007 1690 2062 vel
1730 2023 1793 2062 ex
1843 2007 1992 2080 ipsis

348 2099 683 2155 cmlestibus
715 2097 881 2154 bonis
912 2095 1523 2168 comprehensibilem,
1566 2096 1823 2167 ignorari
1876 2115 1990 2153 non

349 2190 518 2245 licet:
582 2193 804 2259 quanto
856 2185 902 2220 ⁸³
956 2186 1253 2256 cognitum
1316 2184 1535 2254 despici
1598 2185 1988 2255 periculosum

348 2278 474 2335 est!
512 2278 762 2348 Despicit
794 2292 984 2347 porro,
1020 2274 1119 2346 qui
1152 2275 1438 2329 bonorum
1471 2290 1538 2328 ac
1572 2274 1859 2329 malorum
1903 2275 1989 2329 in-

345 2367 644 2422 tellectum
680 2366 750 2420 ab
801 2364 899 2419 illo
949 2369 1322 2431 consecutus,
1377 2364 1530 2433 quod
1580 2362 1855 2435 intelligit
1900 2365 1987 2419 fu-

344 2456 645 2529 giendum,
680 2455 1093 2525 quodquejam
1120 2451 1288 2524 fugit,
1314 2468 1642 2523 resumens,
1667 2453 1986 2509 intellectui

343 2563 472 2613 suo,
504 2545 561 2599 id
592 2550 682 2599 est
712 2543 809 2597 Dei
844 2543 1019 2607 dono,
1056 2540 1476 2596 contumeliam
1536 2542 1710 2597 facit:
1765 2543 1989 2613 respuit

342 2637 604 2690 datorem
636 2649 769 2687 cum
802 2632 1003 2686 datum
1035 2629 1273 2700 deserit,
1332 2635 1501 2699 negat
1529 2630 1575 2664 3‘
1611 2630 1987 2706 beneficium,

342 2740 477 2779 cum
513 2722 858 2777 beneficium
894 2736 1007 2774 non
1060 2717 1329 2773 honorat.
1379 2720 1886 2784 Quemadmodum
1934 2722 1984 2775 ei

341 2818 536 2885 potest
568 2812 816 2882 placere,
848 2808 1018 2876 cujus
1052 2824 1261 2861 manus
1291 2806 1401 2861 sibi
1432 2808 1748 2880 displicet?
1786 2813 1868 2864 Ita
1925 2809 1983 2864 in

339 2901 651 2956 Dominum
686 2914 800 2952 non
834 2897 1007 2951 modo
1038 2900 1375 2963 contumax,
1410 2896 1510 2951 sed
1560 2896 1734 2951 etiam
1785 2897 1977 2968 ingra-

338 2996 434 3045 tus
466 2994 727 3060 apparet.
788 2989 1065 3040 Caeterum
1127 3000 1240 3039 non
1294 2984 1494 3039 leviter
1552 2985 1609 3039 in
1670 2986 1981 3041 Dominum

338 3084 559 3152 peccat,
593 3076 715 3147 qui,
757 3091 887 3130 cum
919 3071 1128 3128 aemulo
1179 3073 1306 3143 ejus
1363 3072 1593 3128 diabolo
1644 3074 1983 3145 poenitentia

338 3168 753 3232 renuntiasset,
788 3168 845 3218 et
875 3162 986 3217 hoc
1018 3161 1254 3217 nomine
1284 3160 1450 3215 illum
1486 3162 1729 3217 Domino
1779 3164 1978 3233 subje-

1568 369 1804 431 LIBER
1848 371 1948 432 DE
1998 370 2531 433 PtENITENTIA.

2019 504 2073 568 Α
2103 500 2552 558 exsultationem
2586 505 2713 574 ejus
2745 504 3005 577 seipsum
3039 505 3195 574 facit,
3228 509 3293 560 ut
3317 507 3506 561 denuo
3531 506 3744 573 malus,

3598 376 3623 434 1
3636 375 3754 435 346

2097 598 2439 663 recuperata
2474 595 2667 662 praeda
2714 611 2841 663 sua,
2898 596 3180 650 adversus
3236 595 3549 651 Dominum
3599 612 3751 669 gau-

2092 679 2246 734 deat.
2284 684 2486 734 Nonne
2520 685 2671 752 quod
2706 682 2897 736 dicere
2943 698 3178 753 quoque
3211 682 3603 753 periculosum
3637 689 3747 751 est,

2095 769 2195 823 sed
2230 769 2299 822 ad
2329 768 2767 825 aediﬁcationem
2805 771 3219 840 proferendum
3243 772 3287 806 ⁸⁵
3308 777 3417 836 est,
3450 773 3748 829 diabolum

2095 855 2342 910 Domino
2377 857 2706 927 praeponit?
2758 858 3266 928 Comparationem
3321 860 3475 914 enim
3523 861 3754 916 videtur

2096 946 2305 1015 egisse,
2340 947 2438 1016 qui
2480 953 2795 1018 utrumque
2829 948 3186 1019 cognoverit,
3226 953 3282 1002 et
3315 949 3582 1018 judicato
3615 967 3751 1020 pro—

2092 1034 2398 1089 nuntiasse
2431 1052 2565 1089 eum
2600 1036 2918 1101 meliorem,
2951 1037 3123 1105 cujus
3156 1053 3217 1091 se
3251 1053 3456 1093 rursus
3480 1055 3607 1092 esse
3627 1057 3748 1093 ma-

2095 1122 2399 1192 1uerit.lta
2438 1125 2537 1193 qui
2582 1140 2681 1193 per
2720 1124 3066 1179 delictorum
3119 1126 3526 1195 pmnitentiam
3573 1128 3748 1181 insti-

2093 1217 2283 1267 tuerat
2344 1212 2585 1266 Domino
2642 1214 3003 1277 satisfacere,
3054 1213 3287 1268 diabolo
3363 1216 3569 1270 I236
3647 1234 3751 1287 per

2094 1300 2270 1355 aliam
2305 1302 2660 1372 poenitentiae
2693 1301 3095 1372 pcenitentiam
3139 1303 3263 1373 (38)
3314 1304 3637 1360 satisfaciet
3663 1306 3744 1362 3“:

2092 1391 2319 1459 eritque
2348 1395 2510 1443 tanto
2546 1393 2731 1461 magis
2764 1407 3007 1460 perosus
3069 1395 3202 1457 Deo,
3259 1397 3481 1461 quanto
3534 1396 3746 1449 zemqu

2092 1479 2219 1548 ejus
2250 1484 2546 1548 acceptus.
2579 1480 2687 1532 Sed
2716 1479 2882 1532 aiunt
2912 1479 3153 1549 quidam
3202 1480 3314 1550 (39)
3365 1482 3508 1535 satis
3562 1482 3748 1536 Deum

2094 1567 2327 1635 habere,
2360 1573 2416 1621 et
2445 1567 2616 1621 corde
2647 1573 2703 1621 et
2742 1566 2939 1621 animo
2971 1567 3355 1638 suspiciatur,
3418 1567 3555 1624 licet
3614 1575 3749 1626 actu

2094 1654 2290 1710 minus
2321 1656 2439 1709 fiat.
2478 1650 2678 1726 Itaque
2709 1671 2769 1710 se
2802 1655 2959 1710 salvo
2991 1660 3147 1710 metu
3181 1662 3237 1711 et
3294 1656 3406 1712 fide
3456 1675 3695 1729 peccare
3731 1677 3743 1715 ε

2095 1744 2202 1799 hoc
2234 1742 2521 1808 est,salva
2552 1744 2817 1798 castitate
2873 1744 3250 1799 matrimonia
3301 1745 3536 1814 violare,
3586 1748 3747 1804 salva

2097 1832 2313 1904 pietate
2348 1832 2570 1904 parenti
2611 1849 2897 1887 venenum
2950 1837 3298 1903 temperare.
3358 1836 3449 1889 Sic
3501 1852 3639 1908 ergo
3690 1842 3746 1892 et

2101 1921 2214 1991 ipsi
2262 1921 2418 1976 salva
2468 1920 2633 1975 venia
2682 1921 2740 1975 in
2780 1921 3107 1992 gehennam
3151 1923 3554 1994 detrudcntur,
3604 1926 3745 1982 dum

2102 2008 2260 2063 salvo
2284 2015 2440 2062 metu
2476 2012 2735 2079 peccant.
2774 2007 3029 2063 Primum
3074 2008 3407 2080 exemplum
3460 2012 3745 2081 perversi-

2100 2098 2255 2166 tatis,
2299 2096 2434 2167 quia
2468 2098 2696 2163 timent,
2732 2095 3116 2168 delinquunt:
3154 2097 3362 2169 Opinor
3400 2116 3511 2153 non
3564 2099 3746 2155 delin-

2102 2192 2365 2256 querent,
2400 2185 2447 2239 si
2483 2201 2595 2239 non
2631 2184 2922 2239 timerent.
2957 2185 3157 2255 Igitur,
3214 2186 3313 2256 qui
3369 2190 3544 2242 Deum
3598 2188 3745 2244 nolit

2101 2274 2410 2339 otfensum,
2448 2290 2551 2329 nec
2584 2278 2915 2329 revereatur
2950 2274 3213 2339 omnino,
3244 2275 3290 2327 si
3335 2278 3508 2330 timor
3556 2277 3743 2331 offen-

2099 2363 2273 2419 dendi
2308 2361 2696 2434 patrocinium
2729 2369 2834 2416 est.
2867 2362 2973 2416 Sed
3007 2362 3119 2417 ista
3155 2363 3387 2434 ingenia
3417 2364 3486 2418 de
3518 2366 3741 2421 semine

2099 2452 2535 2525 hypocritarum
2571 2449 2862 2521 pullulare
2893 2457 3272 2517 consuerunt,
3306 2468 3557 2521 quorum
3581 2454 3625 2486 ³⁷
3657 2454 3742 2508 in-

2098 2541 2335 2596 dividua
2365 2556 2498 2595 cum
2559 2538 2790 2594 diabolo
2835 2539 3093 2594 amicitia
3149 2544 3238 2594 est
3287 2540 3420 2611 (40),
3489 2558 3739 2613 quorum

2097 2629 2437 2701 poenitentia
2470 2644 2772 2700 nunquam
2809 2626 3019 2682 fidelis.

2736 2769 2968 2825 CAPUT
2990 2770 3089 2827 VI.

2165 2894 2458 2966 Quidquid
2493 2910 2628 2965 ergo
2671 2893 3043 2948 mediocritas
3084 2898 3284 2948 nostra
3314 2895 3427 2968 (41)
3457 2898 3526 2951 ad
3561 2900 3743 2969 pmni-

2093 2984 2334 3040 tentiam
2370 2983 2546 3038 semel
2582 2983 3001 3053 capessendam
3036 2988 3092 3036 et
3123 2989 3404 3054 perpetuo
3436 2986 3740 3044 continen-

2093 3074 2225 3128 dam
2259 3086 2568 3143 suggerere
2601 3076 2808 3125 conata
2836 3076 2945 3138 est,
2980 3086 3183 3125 omnes
3229 3073 3465 3142 quidem
3512 3075 3738 3133 deditos

2096 3162 2339 3218 Domino
2371 3166 2613 3232 spectat,
2650 3164 2712 3213 ut
2744 3160 2936 3214 omnis
2967 3160 3009 3193 ³⁸
3040 3160 3325 3215 salutisin
3352 3167 3734 3231 promerendo

335 3258 530 3322 cisset,
579 3269 788 3309 rursus
845 3252 1115 3306 eumdem
1174 3265 1446 3321 regressu
1506 3266 1613 3306 suo
1667 3252 1859 3323 erigit,
1925 3237 2054 3308 etC
2096 3257 2207 3307 Deo
2254 3250 2554 3322 petitores,
2606 3248 2707 3303 sed
2758 3248 3048 3319 praecipue
3097 3248 3390 3305 novitiolis
3442 3250 3573 3308 istis
3622 3256 3735 3327 (42)

1760 3369 1961 3429 Variis
1991 3370 2308 3431 lectiones.

397 3483 442 3517 3°
474 3479 787 3551 Resignare
823 3478 998 3551 Venet.

325 3555 395 3609 ad
430 3546 668 3624 pcenam
692 3548 857 3624 Bentl.
919 3547 978 3624 ξι
1007 3546 1453 3624 Quaptomagis
1482 3550 1703 3602 Junius.

1105 3475 1148 3510 ⁸¹
1174 3473 1337 3529 Ita...
1371 3476 1533 3546 Leop.
1570 3476 1862 3531 Restitues
1892 3478 2059 3534 Seml.
2092 3480 2260 3532 Fran.
2294 3475 2475 3529 Paris.
2512 3474 2629 3543 Rig.

1812 3550 1858 3583 3‘
1892 3550 2247 3604 Beneficium
2276 3549 2405 3603 Jun.

329 3618 499 3681 Scott.
578 3624 621 3658 ³⁷
653 3621 880 3678 Invidia
910 3620 1079 3675 Fran.
1113 3619 1295 3673 Paris.
1371 3618 1416 3652 ⁸⁸
1447 3624 1662 3675 Omnes
1694 3621 1878 3675 Paris.
1902 3623 2033 3677 Jun.

2746 3472 2790 3506 ³³
2824 3477 2867 3525 Α
2892 3488 3083 3547 poena
3101 3477 3271 3547 Fron.
3320 3475 3502 3547 Paris.
3552 3478 3671 3547 Rig.
3704 3496 3730 3545 ,°

2507 3545 2554 3587 3'
2583 3544 3015 3599 Przeferendum
3050 3543 3214 3599 Sami.
3317 3545 3360 3580 ³⁸
3389 3543 3724 3609 Satisfeciat

1778 3735 2294 3796 Commentarius.

402 3848 511 3919 (35)
570 3842 901 3917 Ignorantia
956 3839 1624 3919 praetextuthentiles
1683 3840 1812 3919 sive
1866 3860 1968 3896 au-

329 3913 556 3975 dientes
588 3913 693 3972 hac
726 3932 841 3971 una
872 3915 1097 3969 ratione
1131 3913 1379 3985 peccatis
1424 3914 1551 3968 suis
1591 3913 1817 3984 ignosci
1870 3930 1967 3968 vo-

327 3992 548 4061 lebant,
577 3989 731 4060 quod
765 3986 905 4057 quid
947 3987 1236 4061 optimum
1290 3992 1445 4040 esset
1478 3986 1652 4061 _factu
1699 3985 1968 4061 ignoras:

327 4069 491 4119 sent:
534 4056 679 4131 'q‘ua
733 4056 1106 4131 excusatione
1169 4058 1243 4112 iis
1302 4074 1415 4111 non
1477 4056 1679 4131 liceret
1728 4058 1811 4111 uti
1872 4057 1968 4126 qui

326 4133 538 4191 Christi
574 4129 865 4187 mandatis
900 4130 1111 4184 imbuti
1143 4135 1365 4194 essent,
1398 4131 1553 4183 unde
1609 4129 1784 4183 etiam
1833 4144 1970 4183 con-

325 4207 506 4264 stabit
534 4210 723 4259 totum
759 4203 864 4257 hoc
896 4206 1073 4272 caput
1121 4202 1192 4256 ad
1238 4202 1544 4256 audientes
1590 4203 1647 4253 et
1693 4200 1969 4255 catechu-

325 4294 532 4334 menos
565 4275 873 4347 pertinere.
906 4276 1150 4328 ALBASP.

396 4359 508 4429 (36)
544 4358 745 4411 Rursus
775 4358 828 4429 te
877 4356 939 4407 in
997 4353 1199 4407 delicta
1240 4352 1508 4429 restituis.
1567 4350 1969 4429 stultissimus

325 4422 426 4501 qui
460 4422 732 4500 pugnans
762 4426 1042 4501 adversus
1076 4424 1310 4501 propria
1332 4422 1669 4501 commoda,
1702 4429 1757 4477 et
1783 4424 1839 4476 in
1870 4424 1969 4478 de-

319 4494 592 4556 teriorem
637 4504 857 4554 statum
893 4496 1120 4551 restitui
1156 4494 1437 4566 postulas.
1469 4495 1596 4549 Βία.

395 4582 513 4652 (37)
545 4580 682 4635 Cum
714 4579 883 4652 etiam
913 4579 1227 4645 ignorantes
1260 4576 1576 4652 Dominum,
1616 4573 1776 4652 Facit
1808 4572 1971 4652 locus

319 4646 422 4708 ille
452 4646 626 4707 cOnra
657 4666 834 4705 novos
868 4649 1012 4703 istos
1064 4646 1427 4717 evangelicos
1478 4646 1574 4716 qui
1625 4647 1696 4699 ab
1739 4650 1965 4711 aposto-
2000 4654 2044 4717 ’ἢ
2082 4646 2423 4717 ρςιξηξιεμιξιξξι
2444 4646 2937 4717 ῃξξξιξιιιῇωξιωιξξιξξξ

2003 4701 2048 4764 D
2081 4694 2254 4753 vidua
2282 4714 2414 4752 cum
2440 4694 2669 4749 diabolo
2721 4694 2976 4749 amicitia
3007 4700 3130 4760 est;
3187 4694 3446 4766 adeoque
3494 4713 3727 4767 semper

320 4724 515 4780 lorum
544 4721 1090 4794 temporegmajores
1122 4725 1354 4772 nostros
1388 4718 1443 4771 in
1482 4719 1811 4794 ignorantia
1844 4734 1970 4788 per-

365 4803 497 4851 etua
527 4792 739 4849 vixisse
769 4792 995 4859 dicunt,
1030 4796 1086 4845 et
1138 4796 1328 4843 tamen
1362 4807 1393 4844 a
1426 4792 1600 4855 culpa
1630 4796 1961 4843 excusatos.

353 4868 624 4938 mprimis
668 4870 1025 4938 autem__pro
1080 4862 1345 4938 Auctoris
1403 4861 1691 4938 sententia
1750 4861 1973 4915 faciunt

319 4930 805 5010 frequentissima
839 4930 940 5010 illa
988 4932 1274 5010 sacriﬁcia
1322 4930 1619 5010 immolari
1651 4932 1820 5000 jussa
1870 4947 1970 5010 pro

316 5002 577 5084 peccatis
609 5005 1183 5084 igno_rantia3,_Le_vit.
1217 5021 1273 5084 iv
1304 5008 1360 5084 e_t
1389 5008 1545 5084 v,_‘et
1576 5002 1885 5084 Nu_m.rxv,_
1902 5005 1969 5084 de

323 5074 541 5155 quibus
572 5074 826 5155 etHebr.
860 5095 937 5155 is.
974 5076 1193 5131 Deinde
1222 5081 1282 5155 et
1325 5074 1595 5155 jn‘Novo
1641 5079 1790 5128 Test.
1836 5077 1965 5155 ‘Act.

314 5146 378 5217 ιὶ,
416 5156 452 5208 Β
508 5158 713 5207 Petrus
746 5151 813 5205 arl
858 5148 989 5203 illos
1023 5165 1171 5213 quos
1204 5148 1423 5203 sciebat
1457 5146 1967 5219 perignorantiam

313 5241 612 5297 peccasse,
654 5222 1038 5289 Paenitenlini,
1072 5221 1320 5300 inquit,
1344 5229 1396 5300 et
1450 5219 1854 5300 convertimini,
1906 5220 1968 5271 ut

309 5292 614 5353 deleantur
638 5298 857 5365 peccata
890 5303 1081 5348 vestra.
1118 5292 1263 5365 Hinc
1288 5292 1515 5365 Patrum
1540 5292 1803 5345 omnium
1829 5304 1968 5344 con-

308 5368 523 5425 formis
554 5362 652 5423 est
673 5366 963 5421 sententia
995 5364 1151 5435 quod
1189 5362 1553 5435 ignorantia,
1578 5378 1755 5433 quam
1802 5378 1963 5435 cras-

308 5457 441 5498 sam
488 5438 751 5495 moderni
809 5432 1063 5507 theologi
1117 5432 1348 5507 vocant,
1403 5432 1968 5507 neminemgaculpa

307 5516 577 5581 excuset,
621 5509 815 5582 qualis
845 5507 946 5562 illa
978 5504 1135 5562 haud
1173 5504 1350 5560 dubie
1402 5505 1627 5573 fuisset,
1663 5505 1709 5560 si
1762 5521 1963 5560 verum

311 5586 405 5641 illi
442 5580 723 5638 dicerent.
758 5580 904 5635 PAM.

387 5656 503 5727 (38)
533 5654 839 5727 Pergaliam
886 5650 1232 5727 ραεζιίιεηιίκΔ
1265 5648 1663 5718 pwnitentiam.
1718 5646 1962 5727 Plinius,

303 5718 497 5800 epist;
527 5728 595 5780 10
625 5725 726 5780 lib.
755 5742 834 5779 νη
860 5718 936 5800 ;.“-‹‹
959 5723 1242 5800 Superest
1274 5735 1342 5800 ne
1397 5735 1600 5800 rursus
1657 5718 1963 5800 provincia

302 5790 476 5873 quod
508 5799 825 5854 damnasse
856 5790 1092 5864 dicitur,
1124 5791 1350 5863 placeat
1377 5793 1631 5863 agatque
1678 5790 1965 5862 poeniten-

2079 3842 2224 3896 tiam
2257 3838 2608 3910 pcenitentize
2640 3854 2783 3910 suae,
2817 3857 2845 3885 »
2878 3841 3003 3892 Bm.

2151 3908 2273 3984 (39)
2309 3910 2409 3965 Sed
2448 3911 2609 3984 aiunt
2653 3908 2897 3978 quidam.
2949 3909 3248 3984 Adnotatu
3292 3909 3507 3984 dignus
3554 3913 3729 3970 etiam

2081 3982 2190 4038 iste
2221 3983 2384 4036 locus
2416 3983 2696 4055 adversus
2723 3996 2931 4055 novam
2962 3982 3647 4055 quorumdamhaaresim
3674 3990 3729 4055 (a

2082 4072 2196 4126 qua
2226 4070 2329 4108 nec
2369 4053 2707 4126 Calvinistze‘
2739 4053 3096 4126 abhorrent),
3151 4053 3250 4121 qui
3301 4053 3413 4107 sibi
3446 4053 3731 4126 sufficere

2081 4123 2462 4192 arbitrantur,
2496 4124 2544 4177 si
2577 4123 2748 4196 corde
2800 4124 3106 4196 et_an_imo
3161 4140 3326 4177 suam
3379 4124 3721 4196 religionem

2082 4200 2390 4263 retineant,
2451 4194 2720 4265 quamvis
2770 4193 3197 4249 Catholicorum
3248 4193 3550 4250 contrariae
3615 4198 3727 4253 sibi

2082 4268 2349 4340 religioni
2393 4266 2686 4340 exercitiis
2731 4283 2797 4319 ac
2850 4266 3142 4334 mysteriis
3192 4282 3253 4320 se
3327 4268 3722 4336 immisceant,

2082 4338 2285 4395 imoet
2315 4338 2772 4394 communicent.
2811 4341 2954 4390 ΡΑΜ.

2150 4413 2265 4483 (40)
2296 4412 2537 4478 Quorum
2568 4408 2860 4483 individua
2891 4424 3033 4483 cum‘
3063 4407 3285 4483 diabolo
3321 4410 3588 4483 amicitia
3624 4418 3724 4465 est.

2081 4478 2429 4539 [lectissima
2486 4482 2797 4551 scriptura,
2848 4494 2953 4534 nec
3003 4479 3205 4533 debuit
3254 4478 3576 4535 sollicitari.
3629 4486 3728 4536 Est

2080 4556 2234 4610 enim
2292 4569 2483 4608 sermo
2542 4554 2612 4607 de
2669 4567 2879 4623 genere
2922 4551 3723 4623 hypocritarumpquorum

2082 4626 2423 4698 poenitentia
2456 4621 2759 4698 nunquam
2802 4621 3014 4698 fidelis,
3047 4638 3297 4698 quorum
3330 4621 3553 4679 scilicet
3574 4625 3724 4679 indi-

2083 4771 2152 4825 ad
2188 4771 2315 4839 ejus
2343 4773 2536 4823 castra
2568 4770 2957 4820 revertuntur.
2991 4768 3118 4819 RiG.

2150 4849 2264 4920 (41)
2290 4846 2722 4920 Quidquidergo
2764 4844 3116 4920 mediocritas
3138 4847 3342 4920 nostra,
3366 4849 3475 4898 etc.
3511 4846 3725 4904 Docere

2080 4915 2743 4975 videturTertullianus
2777 4917 2884 4969 hoc
2916 4916 3039 4970 loco
3079 4915 3527 4990 catechumenos
3578 4936 3727 4990 quos

2080 4992 2300 5047 tirones
2328 4995 2499 5044 vocat
2539 4989 2941 5059 paenitentiam
2994 5003 3179 5056 usque
3236 4988 3306 5040 ad
3360 4988 3722 5059 baptismum

2080 5064 2396 5134 aliquando
2431 5061 2818 5134 protraxisse;
2852 5074 2985 5134 cum
3028 5060 3182 5134 enim
3206 5060 3395 5134 probe
3436 5062 3726 5134 intellige-

2080 5128 2208 5191 rent
2246 5128 2445 5189 omnia
2494 5136 2726 5202 peccata
2786 5130 3076 5201 baptismo
3132 5128 3330 5199 deleri,
3376 5128 3724 5201 poenitentiae

2078 5207 2465 5277 suscipiendae
2501 5212 2734 5277 tempus
2762 5202 3160 5277 producebant
3215 5210 3502 5277 quantum
3555 5207 3611 5260 in
3665 5222 3725 5261 se

2077 5284 2221 5348 erat,
2246 5272 2515 5346 adeoque
2547 5292 2661 5329 non
2721 5272 3103 5348 includebant
3140 5275 3561 5348 paenitentiam,
3612 5278 3720 5331 hoc

2076 5356 2168 5406 est
2200 5346 2314 5404 non
2348 5347 2727 5420 peragebant.
2761 5348 2884 5409 Qua
2938 5346 2996 5399 in
3028 5346 3527 5420 interpretatione
3559 5365 3589 5401 a
3619 5348 3717 5420 Bis

2077 5422 2257 5495 galtio
2286 5416 2573 5495 tantisper
2601 5419 2858 5495 discedo,
2891 5417 3107 5473 etenim
3138 5416 3437 5472 includere
3458 5424 3546 5473 est
3574 5416 3721 5487 πλη-

2077 5488 2269 5567 βωσαι,
2302 5488 2611 5545 τελειῶσαι.
2648 5495 2713 5544 LE
2757 5494 2852 5544 ΡΡ..

2148 5574 2261 5645 (42)
2292 5572 2582 5645 Nooitiolis
2612 5572 2749 5625 istis.
2802 5567 3122 5645 Novitiolos
3169 5566 3314 5645 istos
3362 5570 3493 5645 post
3549 5570 3723 5641 paulo

2075 5638 2589 5708 dicet'audientes,
2622 5647 2678 5696 et
2710 5642 3045 5696 auditorum
3083 5638 3369 5692 tirocinia.
3406 5638 3530 5693 Bia.

2157 5749 2212 5759 ——
2243 5715 2532 5774 Noviliolis
2565 5716 2703 5770 istis.
2736 5719 2981 5769 Notetur
3015 5710 3466 5765 catechumenos
3499 5711 3580 5767 ita
3629 5714 3724 5769 di-

2074 5792 2224 5861 ctos,
2249 5789 2403 5845 unde
2432 5789 2683 5844 fortasse
2712 5788 2951 5857 sumpta
2995 5800 3105 5839 vox
3157 5782 3495 5840 monastica
3542 5784 3720 5844 disci-
