4148 6194
409 333 436 391 Ι
446 331 567 390 347

951 324 1479 386 TERTULLIANI
1521 324 1845 387 OPERUM
1891 324 2095 385 PARS
2139 325 2187 385 1.
2219 356 2298 372 -
2335 324 2609 386 SERIES
2650 326 2735 399 ll,
2779 325 3255 387 DOGMA’I‘ICA.

3651 325 3805 385 1348

401 461 693 517 imminet.
726 458 835 524 Qui
867 473 1000 513 cum
1042 456 1295 512 maxime
1340 456 1633 528 incipiunt
1674 456 1890 513 divinis
1920 472 2044 512 ser-
2073 459 2129 525 Α
2158 456 2367 527 ditant,
2400 459 2564 529 prius
2592 475 2926 525 nummum,
2957 476 3074 531 quo
3120 458 3532 532 paciscuntur,
3585 459 3809 513 exami-

404 551 677 605 monibus
700 564 871 603 aures
895 549 1103 618 rigare,
1129 547 1349 617 quique
1372 546 1549 600 catuli
1577 546 1836 601 infantiae
1860 547 2053 601 adhuc

401 639 673 708 recentis,
710 652 811 691 nec
846 636 1118 706 perfectis
1152 635 1475 689 luminibus
1516 638 1738 689 incerta
1776 640 2049 706 reptant;

344 768 347 777 .
400 732 458 782 et
506 728 710 781 dicunt
759 725 997 796 quidem
1029 725 1073 757 ³³
1108 723 1368 794 pristinis
1421 724 1758 778 renuntiare
1808 726 1942 794 (43),
1998 731 2055 779 et

404 814 807 887 pceuitentiam
868 818 1185 867 assumunt
1236 812 1371 882 (44),
1426 814 1525 867 sed
1575 811 1875 867 includere
1925 831 2051 868 eam

415 905 725 976 negligunt
764 903 896 973 (45).
939 900 1281 971 lnterpellat
1321 901 1476 955 enim
1529 902 1658 956 illos
1702 902 1773 955 ad
1823 902 2055 956 deside-

406 995 655 1049 randum
690 1010 756 1046 ex
788 991 1019 1061 pritinis
1054 990 1251 1044 1‘23?
1300 989 1545 1059 aliquid,
1590 989 1715 1059 ipse
1767 990 1902 1045 finis
1951 992 2052 1045 de-

406 1082 742 1138 siderandi:
798 1080 957 1134 velut
1011 1095 1186 1150 poma
1233 1095 1365 1132 cum
1410 1084 1535 1147 Jam
1580 1080 1635 1131 in
1687 1096 1916 1133 acorem
1966 1082 2052 1134 vel

409 1170 866 1227 amaritudinem
899 1184 1202 1223 senescere
1255 1167 1568 1237 incipiunt,
1619 1183 1688 1221 ex
1738 1174 1897 1238 parte
1948 1167 2052 1222 ali-

408 1277 525 1331 qua
584 1266 777 1313 tamen
831 1257 1022 1311 adhuc
1090 1255 1202 1325 ipsi
1259 1256 1455 1326 gratiae
1513 1272 1631 1309 suae
1715 1256 2051 1311 adulantur.

409 1349 594 1405 Omne
625 1353 901 1417 praeterea
931 1343 1320 1399 cunctationis
1351 1348 1409 1397 et
1442 1344 1933 1414 tervigersationis
1966 1362 2055 1400 er-

408 1455 483 1511 ga
538 1439 942 1508 prenitentiam
994 1435 1202 1488 vitium
1263 1436 1641 1503 praasumptio
1688 1434 2055 1489 intinctionis

409 1528 523 1598 (46)
556 1529 855 1596 importat.
892 1522 1046 1578 Certi
1078 1524 1232 1576 enim
1268 1522 1609 1576 indubitata:
1643 1524 1823 1576 veniae
1875 1524 2055 1578 delic-

408 1620 629 1681 torum,
667 1613 922 1668 medium
956 1620 1190 1682 tempus
1224 1610 1455 1665 interim
1490 1613 1778 1679 furantur,
1811 1617 1867 1666 et
1892 1628 2048 1666 com-

411 1710 672 1761 meatum
704 1701 815 1757 sibi
848 1699 1067 1755 faciunt
1098 1700 1209 1769 (47)
1242 1698 1643 1769 delinquendi,
1690 1716 1867 1770 quam
1922 1718 2054 1755 eru-

410 1792 695 1849 ditionem
729 1807 843 1845 non
877 1788 1275 1858 delinquendi.
1318 1786 1499 1849 Quam
1552 1804 1720 1858 porro
1766 1788 2051 1860 ineptum,

410 1898 589 1953 quam
622 1880 916 1949 iniquum,
971 1875 1371 1947 paenitentiam
1431 1891 1544 1929 non
1595 1876 1939 1946 adimplere,
2001 1886 2057 1933 et

415 1972 645 2025 veniam
688 1966 1036 2021 delictorum
1095 1965 1406 2029 sustinere,
1468 1964 1575 2018 hoc
1634 1969 1741 2031 est,
1812 1968 2062 2035 pretium

418 2075 536 2114 non
569 2054 841 2111 exhibere
868 2054 933 2119 ‘0,
995 2054 1063 2107 ad
1121 2054 1230 2121 (48)
1286 2068 1538 2107 mercem
1594 2069 1837 2107 manum
1895 2055 2063 2109 emit-

412 2146 569 2203 terel
606 2146 724 2199 Hoc
756 2144 908 2199 enim
946 2143 1133 2213 pretio
1188 2140 1468 2195 Dominus
1512 2142 1739 2196 veniam
1796 2144 2064 2200 addicere

412 2234 717 2302 instituit;
776 2231 883 2286 hac
942 2229 1291 2300 pmnitentias
1357 2230 1834 2299 compensatione
1918 2234 2064 2287 redi-

420 2323 695 2380 mendam
730 2320 1002 2393 proponit
1033 2318 1467 2388 impunitatem.
1500 2319 1553 2372 Si
1588 2334 1723 2390 ergo
1771 2320 1871 2389 qui
1919 2338 2060 2377 ven-

2164 552 2325 612 nant,
2387 564 2457 603 ne
2514 547 2797 620 scalptus,
2847 566 2987 603 neve
3027 565 3220 611 rasus,
3284 564 3355 603 ne
3408 548 3641 603 adulter
3699 548 3807 619 (49)

2164 638 2337 690 etiam
2369 654 2381 692 :
2418 639 2729 692 Dominum
2756 638 3049 693 credimus
3114 639 3465 710 paenitentiae
3519 636 3810 707 probatio-

2164 741 2296 780 nem
2330 726 2490 795 prius
2522 726 2689 795 inire,
2723 732 2941 781 tantam
2976 728 3145 781 nobis
3176 730 3494 781 mercedem
3528 728 3569 758 ⁴¹
3605 743 3809 797 peren-

2164 815 2257 868 nis
2312 815 2533 869 scilicet
2589 816 2720 869 vitae
2773 816 3247 871 concessurum?
3296 816 3406 870 Sed
3463 815 3807 869 differamus

2163 904 2452 974 tantisper
2483 904 2837 975 pcenitentiaa
2853 905 3173 959 veritatem.
3196 905 3359 959 Tunc
3379 904 3813 975 cpinor,emen-

2164 992 2329 1047 datos
2361 992 2406 1026 ‘3
2446 993 2710 1063 liquebit,
2754 1008 2888 1047 cum
2937 991 3349 1047 absolvimur?
3397 992 3565 1046 Nullo
3616 998 3809 1063 pacto.

2165 1082 2275 1135 Sed
2309 1099 2439 1136 cum
2472 1084 2757 1154 pendente
2785 1081 2973 1151 venia,
3027 1099 3197 1152 pmna
3249 1082 3622 1153 prospicitur,
3675 1098 3809 1135 cum

2165 1173 2355 1227 adhuc
2387 1172 2619 1227 liberari
2653 1171 2858 1227 I238
2894 1188 3006 1226 non
3044 1187 3335 1225 meremur
3397 1175 3460 1225 ut
3509 1170 3809 1241 possimus

2166 1262 2374 1315 mereri
2432 1263 2564 1331 (50),
2623 1278 2757 1316 cum
2803 1266 2954 1316 Deus
3007 1259 3425 1325 comminatur,
3487 1277 3602 1314 non
3676 1275 3811 1314 cum

2164 1349 2433 1420 ignoscit.
2480 1351 2620 1416 Quis
2679 1350 2833 1406 enim
2895 1366 3120 1417 servus,
3176 1355 3486 1420 postquam
3549 1348 3815 1401 libertate

2165 1446 2430 1494 mutatus
2461 1445 2546 1495 est
2570 1440 2704 1511 (5|),
2737 1439 2890 1493 furta
2920 1456 3030 1493 sua
3061 1442 3117 1492 et
3150 1439 3315 1508 fugas
3347 1437 3461 1491 sibi
3512 1436 3814 1508 imputat?

2164 1528 2304 1591 Quis
2359 1528 2526 1583 miles
2574 1535 2883 1599 postquam
2936 1527 3148 1582 castris
3200 1526 3325 1582 suis
3364 1526 3648 1595 emissus,
3710 1542 3812 1595 pro

2166 1616 2320 1670 notis
2377 1618 2501 1671 suis
2559 1618 2771 1685 satagit
2824 1615 2985 1687 (52)?
3040 1619 3312 1670 Peccator
3368 1621 3503 1669 ante
3582 1615 3810 1669 veniam

2165 1706 2375 1760 deflere
2408 1722 2469 1761 se
2507 1707 2715 1772 debet;
2779 1706 2919 1777 quia
2962 1711 3199 1776 tempus
3251 1702 3629 1775 poenitentiae,
3679 1703 3736 1756 id
3768 1702 3814 1735 ⁸⁸

2164 1801 2269 1861 est,
2300 1795 2454 1865 quod
2491 1794 2729 1865 periculi
2774 1799 2830 1849 et
2882 1793 3139 1848 timoris.
3206 1792 3402 1861 Neque
3447 1807 3585 1863 ergo
3633 1807 3814 1846 renuo

2167 1884 2429 1938 divinum
2463 1884 2833 1949 beneficium,
2866 1883 2920 1935 id
2943 1888 3050 1948 est,
3077 1880 3451 1936 abolitionem
3470 1880 3817 1935 delictorum

2171 1973 2411 2026 inituris
2441 1988 2655 2043 aquam
2686 1971 3027 2026 omnimodo
3060 1970 3286 2025 salvum
3322 1985 3490 2024 esse:
3525 1970 3625 2024 sed
3660 1974 3725 2023 ut
3755 1985 3821 2023 eo

2174 2061 2470 2132 pervenire
2501 2064 2822 2132 contingat,
2857 2058 3279 2115 elaborandum
3313 2063 3417 2113 est.
3471 2058 3613 2122 Quis
3662 2058 3821 2112 enim

2171 2150 2279 2204 tibi
2328 2156 2446 2205 tam
2508 2148 2696 2203 infida:
2748 2149 3105 2220 pmnitentize
3173 2149 3295 2202 viro
3346 2148 3392 2181 “
3449 2146 3819 2217 asperginem

2173 2254 2352 2293 unam
2412 2236 2729 2306 cujuslibet
2786 2254 2945 2306 aqua:
3004 2235 3401 2290 commodabit
3455 2235 3609 2305 (35)?
3667 2236 3821 2289 furto

2171 2327 2408 2397 quidem
2441 2326 2698 2397 aggredi,
2726 2325 2778 2380 ei
2808 2325 3189 2397 pra'positum
3224 2325 3270 2358 “
3303 2323 3481 2395 hujus
3534 2324 3616 2378 rei
3668 2338 3823 2378 asse-

1815 2462 2017 2524 Variaa
2101 2465 2418 2528 lectiones.

482 2581 528 2615 ³³
559 2580 639 2633 Ita
667 2576 786 2632 add.
823 2590 1035 2640 omnes,
1066 2576 1281 2643 except.
1336 2573 1491 2644 Leop.
1543 2575 1638 2643 qui
1684 2576 1921 2631 scribit:
1964 2595 2027 2633 se
2083 2582 2439 2637 renuntiare.

410 2653 456 2686 δ’
494 2649 704 2704 Licebit
736 2646 906 2703 Bhen.
1008 2645 1051 2678 ‘3
1092 2648 1254 2717 idem
1285 2645 1449 2699 Fran.
1482 2647 1601 2717 Βία.

424 2724 630 2779 Wouw.
664 2720 732 2775 Μ.
768 2719 822 2773 S.
856 2720 973 2788 (tia.
1007 2716 1227 2771 melius.

1710 2648 1754 2680 “
1781 2650 2167 2721 Asparginem
2194 2656 2323 2710 Jun.
2356 2670 2428 2709 ex
2454 2654 2521 2709 Μ.
2556 2654 2611 2709 S.

2543 2583 2587 2618 ‘0
2642 2582 2961 2637 Mercedem
3010 2582 3131 2652 Rig.
3236 2582 3279 2616 δι
3324 2583 3569 2635 Mercem
3629 2579 3819 2633 Latin.

2556 2654 2611 2709 S.
2715 2654 2759 2688 “
2792 2653 3154 2725 Propositum
3203 2650 3368 2707 Seml.
3431 2651 3816 2723 Praspositum

1857 2836 2377 2902 Commentarius.

422 2982 593 3056 plinas
625 2994 751 3056 quae
783 2976 957 3056 hodie
989 2974 1293 3056 retinetur,
1322 2973 1410 3056 ita
1444 2978 1545 3056 ‘ut_
1583 2975 1783 3056 novitii
1834 2977 2066 3056 religio-

426 3046 565 3111 num
592 3046 709 3106 sint
740 3048 913 3103 veluti
947 3046 1250 3100 audientes
1282 3051 1339 3101 et
1369 3046 1792 3101 catechumeni.
1832 3046 1955 3104 Lac;

499 3126 609 3197 (43)
636 3121 903 3197 Ρνιξιὶηἰδ
933 3120 1273 3197 renuntiare.
1326 3121 1442 3172 Hoc
1490 3124 1579 3171 est
1622 3118 1961 3175 idololatria:
2010 3127 2067 3176 et

428 3190 681 3263 negotiis
713 3193 838 3246 vitae
867 3190 1183 3244 saecularis.
1223 3190 1347 3243 Hic.

498 3267 609 3335 (44)
643 3267 704 3319 Et
731 3263 1126 3335 paenitentiam
1165 3263 1474 3335 assumunt.
1517 3267 1833 3317 Assumere
1882 3264 2064 3335 pomi-

422 3330 662 3393 tentiam
698 3330 991 3407 dicunﬁtur,
1029 3330 1127 3404 qui
1163 3332 1312 3386 inter
1340 3331 1643 3387 audientes
1671 3330 1908 3390 nomina
1929 3353 2064 3407 pro«

422 3414 663 3466 fitentur
693 3424 818 3462 sua.
855 3406 980 3459 Hic.

474 3496 561 3525 '—-
615 3479 1005 3534 Paenitentiam
1054 3477 1356 3527 assumunt.
1419 3473 1661 3528 Notatur
1718 3475 1774 3528 in
1860 3476 2064 3546 primis

424 3552 822 3624 paenitentiam
855 3562 1156 3624 assumere
1189 3561 1316 3624 esse
1374 3546 2063 3624 prppriam‘locutionem

423 3617 623 3679 eorum
644 3624 743 3703 qui
773 3619 1125 3703 invadebant
1148 3617 1581 3703 pmnitcnltiam‘,‘
1603 3618 1772 3703 cujus
1798 3620 1924 3703 ipse
1946 3623 2060 3689 pri-

425 3712 557 3749 mus
589 3688 780 3748 aditus
812 3690 1115 3744 dicebatur
1145 3688 1491 3757 assumptio.
1528 3689 1590 3742 Et
1621 3690 1857 3759 quidem
1912 3692 2063 3747 hanc

425 3781 553 3821 esse
594 3761 1297 3837 propriam_l_ocu_ti_onrm__
1325 3759 1723 3837 invadentium
1776 3764 2059 3833 pmniten-

422 3838 563 3893 tiam
594 3831 848 3890 'notavit
901 3831 1204 3896 Heraldus,
1240 3832 1341 3886 lib.
1376 3848 1414 3896 I,
1448 3848 1498 3886 c.
1534 3832 1585 3897 4,
1638 3831 1909 3904 digress.,
1961 3836 2059 3889 sed

428 3910 592 3966 nulla
625 3925 686 3962 re
720 3907 999 3976 probavit.
1039 3912 1162 3957 Lac.

492 3982 600 4052 (45)
635 3972 736 4035 Sed
766 3975 1044 4052 includere
1072 3991 1191 4052 eam
1216 3972 1550 4052 “negligant.
1568 4044 1580 4052 _
1600 3975 2061 4052 Baptismo__sci-

422 4043 713 4121 licet,'qui
754 4054 808 4104 et
839 4046 1166 4121 obsignatio
1199 4043 1435 4121 dicitur.
1472 4045 1538 4098 Et
1566 4044 1691 4115 ipse
1724 4063 1855 4121 mox
1888 4048 2059 4121 dicet,

424 4148 451 4175 α
482 4117 846 4178 intinctionis
880 4117 1070 4173 seram
1102 4117 1491 4189 obstructum.
1518 4138 1546 4165 »
1583 4118 1931 4172 Poenitentia
1958 4119 2063 4189 igi-

422 4204 515 4251 tur
547 4201 604 4249 et
634 4195 778 4248 fides
807 4198 947 4246 tunc
1008 4187 1351 4251 includitur,
1402 4202 1533 4261 cum
1581 4189 1639 4242 in
1700 4187 2059 4261 baptismum

419 4266 767 4327 deducitur;
837 4263 992 4316 sicut
1034 4261 1291 4314 actiones
1334 4258 1558 4326 judicio
1602 4258 1858 4315 inclusas
1919 4263 2064 4315 dixit

420 4340 615 4401 Caius,
668 4352 795 4407 quas
834 4340 974 4407 sunt
1022 4332 1081 4386 in
1125 4328 1418 4407 judicium
1469 4330 1749 4407 deductae,
1787 4332 1825 4385 1.
1858 4349 2063 4407 cxxxix

420 4412 487 4467 de
536 4426 645 4479 reg.
686 4402 784 4478 ‘ju.
827 4406 1017 4479 (Porro
1078 4402 1472 4479 paenitentiam
1530 4402 1828 4479 includere
1878 4404 2061 4479 negli-

421 4472 715 4553 guntfqui
754 4475 1015 4547 pristinis
1045 4490 1193 4544 agre
1218 4472 1561 4553 renuntiant
1592 4494 1605 4541 ;
1639 4476 1824 4553 .quasi
1878 4472 2028 4553 male

423 4544 685 4607 iiciorufn
720 4544 975 4611 summa,
1008 4562 1181 4614 quam
1214 4544 1433 4598 includi
1493 4545 1785 4616 baptismo
1838 4546 2060 4611 volunt,

423 4624 683 4680 nondum
716 4622 995 4676 confecta.
1031 4623 1153 4670 the.

495 4696 607 4765 (46)
641 4692 1002 4765 Przesumptio
1035 4686 1396 4765 intinctignis.
1451 4685 1687 4742 Fiducia
1734 4687 1914 4743 venies
1963 4705 2062 4759 per

426 4757 678 4837 baptism
693 4783 723 4818 u
737 4782 786 4818 in
821 4757 1219 4837 impetrandae.
1248 4757 1381 4837 the.

494 4830 606 4909 (47)
649 4839 1022 4909 Commeatum
1077 4830 1185 4884 sibi
1234 4831 1471 4897 faciunt.
1540 4830 1909 4909 Ducebantur
1962 4847 2064 4884 au-

422 4901 653 4965 dientes
686 4924 797 4961 non
860 4904 1050 4959 solum
1103 4916 1278 4972 quam
1331 4915 1503 4972 grave
1557 4905 1614 4953 et
1674 4901 2065 4970 periculosum

422 4987 578 5037 esset
611 4993 865 5051 peccare,
902 4970 1201 5051 Deumque
1231 4972 1448 5051 iratum
1479 4970 1693 5051 habere
1747 4974 1847 5051 sed
1887 4974 2061 5051 etiam

423 5043 625 5107 omnia
677 5054 829 5105 retro
884 5048 1098 5102 delicta
1146 5043 1443 5114 baptismo
1502 5045 1840 5108 condonari,
1911 5044 2064 5097 unde

423 5124 503 5178 ait
531 5121 929 5177 Tertullianus
960 5116 1307 5187 quibusdam
1345 5115 1618 5187 peccandi
1652 5115 1957 5169 audaciam
2009 5118 2067 5169 et

425 5196 792 5250 securitatem
827 5186 1119 5261 ejusmodi
1155 5186 1457 5261 praeceptis
1491 5188 1634 5261 fieri.
1669 5198 1917 5244 ALBASP.

493 5268 606 5337 (48)
639 5268 743 5322 Hoc
762 5258 1103 5333 est—pretium
1132 5274 1248 5337 non
1264 5258 1545 5337 extubere.
1574 5259 1638 5313 Id
1671 5265 1905 5337 cautum
1937 5258 2063 5337 fue-

423 5329 513 5393 rat
546 5329 669 5409 lege
704 5340 767 5392 12
798 5329 915 5391 tab.
964 5349 1035 5387 ne
1082 5329 1402 5409 venditoris
1455 5346 1545 5383 res
1603 5331 1849 5409 emptori
1873 5329 2069 5409 “aliter

422 5400 842 5481 acquireretur,
877 5422 1052 5476 quam
1092 5400 1509 5481 siispretium
1543 5402 1834 5481 solvisset.
1871 5401 2065 5481 §_ven-

423 5471 579 5537 ditor
610 5486 751 5536 Inst.
787 5481 858 5533 de
891 5471 1085 5531 rerum
1135 5471 1422 5525 divisione
1471 5479 1527 5526 et
1578 5491 1645 5528 ex
1686 5477 1819 5543 jure
1877 5474 2064 5527 Attico

426 5555 672 5635 petitum
700 5570 712 5606 :
740 5552 825 5635 ‘id
862 5547 1060 5635 enim.
1083 5543 1334 5635 Graecam
1365 5543 1537 5635 fidem.
1584 5552 1749 5635 vocat
1798 5546 2064 5635 Plau'tus,

425 5614 481 5679 in
515 5626 817 5689 Asinaria;
847 5617 1173 5689 Ausonius,
1198 5614 1252 5667 in
1280 5614 1567 5689 Epistolis,
1588 5616 1777 5689 (erca
1800 5634 1905 5672 non
1932 5618 2068 5672 bona

429 5696 551 5763 ﬁde.
584 5686 837 5750 Turneb.
871 5692 1085 5747 advers.
1119 5686 1220 5741 lib.
1251 5701 1354 5749 xu,
1376 5687 1623 5763 (ιαμ-ψ.
1662 5692 1907 5743 ALBASP.

500 5767 612 5836 (49)
638 5770 719 5821 Ne
744 5765 984 5834 sculptus
1013 5776 1082 5815 ne
1110 5772 1290 5822 rasas,
1333 5770 1403 5812 nc
1450 5756 1685 5813 adulter.
1737 5765 1886 5831 Lege
1933 5763 2068 5815 Cor-

2177 2966 2331 3020 nelia
2359 2967 2429 3021 de
2460 2966 2643 3037 falsis,
2679 2966 2921 3039 punitur
2950 2965 3049 3036 qui
3073 2979 3358 3039 nummos
3375 2978 3583 3039 aureos
3606 2960 3821 3039 part-im

2175 3040 2404 3103 raserit,
2440 3032 2651 3110 partim
2682 3032 2945 3105 tinxerit,
2970 3032 3090 3090 'vel
3142 3036 3392 3101 ﬁnxerit,
3444 3036 3481 3088 Ι.
3516 3050 3615 3110 vni
3668 3034 3740 3110 ad
3780 3032 3818 3086 I.

2174 3110 2346 3165 Corn.
2380 3105 2456 3164 de
2502 3112 2642 3178 t'al.;
2690 3111 2787 3165 ubi
2841 3109 3223 3164 Basilicorum
3281 3112 3550 3161 auctores
3604 3105 3818 3178 legisse

2174 3182 2463 3245 videntur,
2492 3176 2754 3248 cinxerit,
2790 3198 2902 3235 non
2935 3181 3187 3235 tinxerit.
3226 3180 3457 3233 Etenim
3492 3178 3710 3244 dixere,
3754 3176 3818 3227 Oi

2172 3254 2238 3307 τὰ
2259 3254 2571 3324 νομίσματα
2601 3251 2805 3321 ξὲυντες
2846 3252 2881 3319 ἢ
2913 3250 3353 3325 περικόπτοντες
3386 3253 3514 3303 RIG.

2247 3319 2357 3397 (50)
2388 3319 2521 3380 cum
2548 3319 2730 3379 adhuc
2786 3319 3020 3379 liberari
3066 3339 3177 3397 non
3223 3338 3499 3397 meremur
3546 3326 3604 3397 ut
3648 3319 3821 3397 possi-

2097 3403 2138 3469 C
2174 3389 2298 3453 mils
2328 3389 2552 3453 mereri.
2586 3398 2677 3451 Sic
2709 3397 2822 3450 ista
2852 3412 2966 3450 uno
2998 3396 3231 3469 spiritu,
3266 3394 3488 3469 absque
3526 3389 3665 3469 ull_a__
3694 3389 3819 3443 dis-

2174 3470 2455 3524 tinctione
2486 3478 2623 3523 sunt
2676 3460 3085 3539 perducenda;
3123 3460 3825 3539 Disputat'Tertulliauu:

2173 3542 2245 3595 de
2279 3532 2691 3624 poenitentium.
2716 3556 3012 3624 processu.
3047 3537 3116 3618 Et
3169 3532 3404 3606 quando
3438 3550 3564 3599 nos,
3600 3532 3820 3624 inquit,

2172 3604 2570 3737 pmnitentiam
2632 3604 2733 3683 qui
2793 3604 3250 3679 assumpsimus,
3312 3624 3413 3677 pro
3485 3604 3822 3659 emendatis

2217 3685 2522 3737 abebimur
2541 3684 2567 3737 ?
2589 3688 2664 3737 An
2685 3700 2812 3737 cuni
2838 3681 3215 3737 absolvimur.
3235 3680 3456 3733 lavacro
3480 3679 3821 3737 impetrato,

2217 3685 2522 3739 abebimur
2541 3684 2567 3737 ?
2589 3679 2664 3737 An
2685 3700 2812 3737 cum
2838 3681 3215 3737 absolvimur.
3235 3680 3456 3733 lavacro
3480 3679 3821 3745 impetrato,

2173 3773 2326 3827 aqua
2357 3755 2677 3810 concessa?
2706 3755 2961 3817 Minime,
2996 3753 3187 3821 inquit
3210 3769 3222 3817 ;
3244 3753 3343 3806 sed
3366 3765 3499 3827 cum
3525 3748 3819 3827 pendente

2171 3817 2340 3883 venia
2375 3827 2767 3898 prospicimus
2814 3817 3339 3898 pcenasuanteactie
3393 3817 3540 3898 vitae
3573 3817 3816 3890 piaculi,

2172 3892 2543 3956 constitutas.
2580 3915 2714 3952 cum
2764 3892 2956 3952 adhuc
3007 3894 3242 3949 liberari
3289 3911 3405 3947 non
3455 3892 3647 3947 dicam
3700 3906 3818 3943 non

2173 3988 2502 4037 meremur;
2540 3986 2675 4024 nam
2710 3970 2843 4040 quis
2876 3968 3084 4022 merita
3115 3982 3225 4040 sua
3250 3981 3444 4020 coram
3480 3970 3590 4017 Deo
3642 3978 3815 4031 repu-

2172 4050 2293 4097 tare
2323 4042 2475 4097 ausit
2501 4037 2757 4111 unquam
2780 4041 2808 4095 ?
2839 4041 2939 4095 sed
2972 4054 3105 4092 cum
3135 4037 3328 4111 adhuc
3358 4053 3469 4111 non
3518 4050 3818 4111 meremur

2173 4122 2237 4169 ut
2269 4117 2585 4182 possimus,
2607 4107 2814 4168 divina
2845 4110 3240 4166 misericordia
3270 4110 3355 4162 sic
3411 4107 3698 4178 largiente
3747 4107 3818 4158 de

2172 4203 2296 4245 suo.
2336 4184 2557 4239 mereri.
2598 4185 2720 4239 Βία.
3558 4250 3563 4253 Α
3743 4246 3782 4253 ,,

2242 4258 2353 4328 (5f)
2389 4257 2584 4312 Servus
2634 4255 2887 4310 libertate
2937 4254 3187 4328 mutatus
3237 4250 3681 4328 Sacramentum
3743 4246 3816 4300 1i-

2171 4317 2431 4395 bertatis,
2466 4328 2704 4395 vertigo,
2741 4323 3085 4380 mutationis
3116 4324 3373 4394 signum.
3408 4320 3555 4375 Hinc
3585 4317 3711 4382 illa,

2544 4416 2745 4475 Quibus
2779 4426 2888 4463 una
2917 4412 3190 4470 Quiritem.

2641 4480 2837 4540 Virtigo
2867 4476 3008 4525 facit.

2172 4543 2261 4606 Et,
2545 4613 2813 4660 Momento
2845 4608 3076 4658 turbinis
3110 4607 3235 4657 exit.

2636 4673 2844 4722 Marcus
2875 4672 3057 4719 Dama.

2096 4777 2140 4841 D
2174 4756 2240 4810 Et
2269 4755 2363 4836 qui
2401 4753 2936 4841 dehetbnicis‘tiunt
2964 4748 3305 4829 Christiani,
3356 4746 3653 4841 dicunturn

2175 4818 2322 4881 versi
2364 4828 2433 4880 ad
2473 4831 2647 4881 Deum
2678 4824 2895 4879 scilicet
2926 4838 3148 4887 verum,
3180 4820 3271 4875 cui
3296 4818 3401 4873 soli
3435 4818 3655 4872 servire
3687 4831 3824 4867 vera

2177 4906 2265 4955 est
2290 4898 2549 4953 libertas.
2585 4901 2707 4951 ita.
3677 4956 3713 4965 __
3759 4956 3769 4965 ,

2245 4970 2356 5039 (52)
2388 4975 2495 5024 Pro
2525 4970 2669 5023 notis
2699 4968 2813 5020 suis
2836 4965 3054 5039 satagit.
3088 4967 3266 5039 Notas
3323 4959 3608 5039 militares
3657 4956 3825 5039 dicit,

2176 5029 2392 5111 quibus
2428 5040 2594 5095 miles
2628 5029 2972 5103 denotatur;
2991 5035 3063 5089 ob
3091 5035 3302 5111 delicta
3324 5029 3643 5111 militaria,
3681 5034 3828 5111 puta

2174 5104 2220 5167 si
2257 5114 2451 5177 fuerit,
2485 5128 2777 5175 emansor,
2826 5111 3108 5171 desertor,
3167 5106 3503 5169 seditiosus,
3554 5106 3667 5155 etc.
3720 5104 3827 5153 Ea-

2174 5185 2304 5239 dem
2368 5185 2711 5253 metaphora
2773 5182 2885 5253 dei
2930 5180 3161 5253 s‘eipso_
3195 5178 3365 5253 dicet,
3452 5180 3824 5253 peccatorem

2174 5256 2438 5311 omnium
2475 5245 2765 5315 notarum,
2800 5252 2910 5306 sub
2941 5245 3112 5304 finem
3143 5249 3328 5323 _h_ujus
3368 5245 3762 5323 operis._Ric..

2245 5327 2358 5399 (53)
2391 5329 2523 5396 Quis
2555 5328 2704 5381 enim
2741 5326 2842 5380 tibi
2893 5317 3249 5399 _tarr_t__inﬁdze
3304 5317 3655 5399 pwnitenziw'
3707 5317 3829 5399 viro

2173 5386 2514 5470 asperginem
2573 5414 2741 5452 unam
2816 5386 3131 5463 cujuslibet'
3178 5386 3339 5463 aqua?
3413 5386 3831 5470 commodaret}

2175 5459 2376 5533 Qualis
2407 5472 2508 5526 illa
2540 5470 2649 5525 fuit
2690 5459 3029 5527 Isiaccrum,
3079 5459 3256 5535 quam
3302 5464 3563 5535 apertius
3614 5459 3832 5512 descri-

2177 5532 2263 5598 bit
2296 5544 2394 5598 lib.
2427 5543 2491 5599 de
2520 5543 2728 5613 Baptis.
2764 5558 2777 5595 :
2818 5562 2839 5587 ι
2874 5536 3077 5613 Villas,
3098 5532 3830 5613 domos,itempla,_tot_as-

2177 5630 2290 5683 que
2322 5615 2497 5671 urbes
2528 5602 2832 5686 aspergine
2891 5608 3241 5665 circumlatae
3289 5623 3453 5678 aqua;
3492 5602 3758 5674 expiant.
3801 5620 3833 5645 ι»

2177 5691 2303 5742 RIG.

2250 5788 2319 5799 -—-
2376 5758 2733 5831 Asperginem
2782 5773 2953 5813 unam
3027 5753 3325 5827 cujuslibet
3390 5762 3572 5821 aquae-
3648 5749 3838 5813 Aqua
