4148 6194
286 320 315 379 1
327 320 445 379 349

1510 307 1744 368 LIBER
1785 308 1887 369 ne
1928 276 2469 369 PaiNI'rEN'riAf

3539 316 3696 374 1350

279 445 682 505 verationibus
744 442 865 497 tuis
922 440 1285 497 circumduci
1320 439 1487 494 facile
1516 444 1605 493 est
1633 440 1762 508 (54).
1823 437 1932 493 Sed
1966 439 2020 504 Α
2047 438 2311 509 integer;
2344 440 2550 494 exinde
2576 441 2622 475 ⁸³
2662 442 2852 512 quoad
2904 441 3216 497 Dominum
3266 443 3521 499 senseris
3551 445 3690 511 (61),

279 538 436 594 Deus
485 536 763 590 thesauro
822 547 927 586 suo
976 530 1260 602 providet,
1312 544 1417 582 nec
1465 528 1607 582 sinit
1656 528 1930 597 obrepere

280 628 574 697 indignos.
626 622 773 686 Quid
807 620 1059 690 denique
1103 619 1230 673 ait?
1276 618 1427 673 Nihil
1472 618 1761 684 occultum,
1793 615 1933 687 quod

279 733 390 772 non
445 713 781 770 rei-elabitur
832 712 984 779 (Luc.
1063 725 1183 774 vui,
1255 708 1361 775 17).
1443 707 1935 777 Quaiilascunque

281 805 557 863 tenebras
592 802 756 856 factis
779 800 895 853 tuis
916 798 1401 868 superstruxeris,
1427 795 1581 849 Deus
1605 795 1803 849 lumen
1826 799 1934 849 est.

289 895 535 960 Quidam
571 897 766 945 autem
808 889 891 942 sic
940 887 1275 957 opinantur,
1307 884 1475 955 quasi
1520 884 1673 938 Deus
1706 899 1940 937 necesse

289 985 505 1040 habeat
536 984 811 1052 praestare
856 975 1031 1029 etiam
1084 974 1341 1045 indignis
1374 975 1527 1045 quod
1578 972 1891 1043 spopondit
1924 987 1937 1026 :

294 1078 349 1128 et
384 1068 795 1125 liberalitatem
854 1064 981 1133 ejus
1015 1064 1237 1117 faciunt
1288 1062 1647 1116 servitutem.
1683 1061 1841 1123 Quod
1893 1061 1943 1115 si

294 1159 642 1217 necessitate
665 1155 833 1209 nobis
856 1155 918 1218 ⁸⁸,
943 1152 1277 1221 symbolum
1304 1151 1511 1204 mortis
1532 1150 1792 1222 indulget
1807 1151 1945 1221 (55),

294 1249 502 1305 1239
533 1262 666 1315 ergo
712 1243 931 1297 invitus
986 1242 1122 1295 facit
1155 1257 1167 1293 :
1203 1239 1336 1309 quis
1385 1238 1540 1293 enim
1572 1240 1613 1272 ⁸⁷
1665 1237 1948 1309 permittit

298 1349 751 1411 permansurum
776 1332 855 1399 id,
880 1330 1035 1401 quod
1062 1328 1332 1383 tribuerit
1363 1327 1763 1383 iuvitus?Non
1786 1328 1942 1382 enim

295 1424 465 1482 multi
490 1429 687 1494 postea
703 1420 978 1475 excidunt
996 1421 1016 1472 Ρ
1032 1435 1143 1471 non
1164 1435 1197 1471 a
1216 1416 1419 1471 multis
1432 1416 1650 1471 donum
1675 1416 1819 1471 illud
1843 1434 1944 1471 au-

296 1513 517 1570 fertur?
539 1510 761 1566 Hisunt
783 1506 1021 1571 scilicet,
1043 1506 1140 1576 qui
1156 1509 1464 1575 obrepunt,
1480 1504 1580 1575 qui
1596 1504 1949 1576 paenitentiae

297 1605 475 1659 ﬁdem
509 1600 731 1671 egressi
764 1596 898 1667 (56),
933 1610 1111 1667 super
1155 1610 1361 1649 arenas
1392 1594 1630 1648 domum
1661 1593 1950 1647 ruituram

299 1692 608 1748 collocant.
641 1687 818 1742 Nemo
852 1700 989 1755 ergo
1024 1682 1136 1737 sibi
1168 1681 1457 1751 aduletur,
1492 1688 1629 1753 quia
1661 1682 1815 1736 inter
1845 1697 1950 1734 au-

2044 526 2188 582 ﬁdes
2221 544 2382 591 sana,
2427 529 2781 584 conscientia
2828 530 3002 585 semel
3042 531 3435 601 paenitentiam
3467 535 3691 604 ample-

2043 622 2195 671 xata.
2230 618 2537 685 Caeterum,
2569 618 2615 671 si
2646 621 2715 672 ab
2748 619 2915 689 aquis
2940 636 3176 689 peccare
3203 620 3565 691 desistimus,
3601 639 3697 675 ne-

2047 704 2342 773 cessitate,
2376 723 2489 759 non
2525 711 2732 777 sponte
2783 708 2885 776 (62)
2940 708 3330 763 innocentiam
3366 710 3689 765 induimus.

2051 794 2192 857 Quis
2224 810 2358 865 ergo
2412 796 2469 849 in
2520 796 2775 849 bonitate
2810 796 3188 865 praecellens?
3237 798 3328 851 cui
3378 815 3489 852 non
3541 799 3695 865 licet,

2052 884 2224 937 aut50
2283 884 2374 937 cui
2426 884 2691 953 displicet
2741 884 2893 939 malo
2933 886 3114 939 esse?
3164 888 3260 957 qui
3300 888 3565 956 jubetur,
3621 906 3691 941 an

2052 972 2150 1041 qui
2186 970 2507 1026 delectatur
2537 990 2570 1026 a
2596 972 2841 1027 crimine
2873 990 3071 1028 vacare
3097 975 3123 1029 ?
3150 976 3310 1046 {Ergo
3343 992 3446 1030 nec
3479 994 3510 1030 a
3545 977 3696 1031 furto

2056 1077 2265 1115 manus
2297 1068 2650 1129 avertamus,
2698 1063 2809 1116 nisi
2863 1062 3251 1119 claustrorum
3286 1066 3501 1125 duritia
3534 1083 3701 1137 repu-

2056 1156 2192 1219 gnet
2224 1166 2236 1204 :
2273 1165 2376 1203 nec
2406 1150 2606 1204 oculos
2639 1168 2670 1203 a
2701 1152 2889 1222 stupri
2923 1153 3412 1222 concupiscentiis
3445 1156 3701 1209 refrene-

2059 1254 2211 1301 mus,
2245 1238 2356 1291 nisi
2392 1255 2424 1290 a
2454 1240 2798 1293 custodibus
2838 1256 3144 1310 corporum
3179 1242 3484 1308 obstructi,
3520 1244 3565 1297 si
3603 1260 3702 1297 ne-

2060 1341 2155 1380 mo
2190 1327 2430 1380 Domino
2461 1327 2693 1381 deditus
2718 1326 3055 1398 delinquere
3084 1329 3329 1395 desinet,
3355 1331 3465 1385 nisi
3497 1331 3704 1386 intinc-

2060 1415 2218 1469 tione
2247 1414 2543 1486 alligatns.
2579 1416 2738 1480 Quod
2774 1416 2819 1467 si
2855 1416 2953 1486 qui
2987 1418 3065 1469 ita
3099 1420 3368 1483 senserit,
3405 1420 3598 1473 nescio
3630 1436 3701 1475 an

2061 1503 2343 1557 intinctus
2376 1504 2563 1574 magis
2611 1504 3009 1568 contristetur,
3044 1507 3197 1575 quod
3248 1523 3487 1577 peccare
3517 1508 3708 1564 desie-

2062 1592 2157 1659 rit,
2192 1609 2366 1663 quam
2402 1592 2649 1660 laetetur,
2685 1594 2839 1663 quod
2871 1596 3137 1648 evaserit.
3173 1598 3373 1665 Itaque
3405 1598 3710 1652 audientes

2063 1682 2270 1736 I240
2300 1686 2500 1750 optare
2547 1679 2975 1751 intinctionem,
3011 1699 3123 1737 non
3158 1700 3508 1754 praesumere
3536 1703 3711 1757 opor-

303 1781 561 1836 ditorum
596 1773 867 1831 tirocinia
910 1771 1025 1844 (57)
1076 1771 1413 1841 deputatur,
1464 1770 1630 1840 quasi
1678 1787 1743 1824 eo
1775 1768 1949 1824 etiam
1990 1804 2037 1868 B
2066 1775 2168 1825 tet.
2203 1770 2311 1833 Qui
2348 1769 2503 1823 enim
2554 1774 2736 1840 optat,
2770 1770 3018 1826 honorat
3053 1788 3065 1826 :
3102 1774 3199 1842 qui
3252 1776 3578 1844 praesumit,
3613 1792 3715 1829 su-

308 1883 466 1924 nunc
498 1866 607 1921 sibi
643 1859 1167 1932 delinquerelioeat
1191 1859 1499 1912 Dominum
1533 1858 1709 1912 simul
1743 1874 1958 1928 cogno-

306 1956 485 2025 veris,
535 1953 791 2007 timeas:
828 1948 1006 2004 simul
1059 1946 1403 2017 inspexeris,
1455 1946 1793 2000 reverearis.
1844 1947 1960 2000 Cae-

313 2051 505 2100 terum
556 2040 696 2114 quid
755 2045 809 2093 te
868 2036 1209 2108 cognovisse
1265 2034 1525 2103 interest,
1577 2050 1708 2088 cum
1752 2034 1960 2089 iisdem

311 2134 581 2200 incubes,
613 2129 827 2201 quibus
880 2130 1029 2180 retro
1081 2124 1369 2195 ignarus?
1420 2124 1567 2188 Quid
1614 2129 1810 2177 autem
1846 2130 1900 2179 te
1931 2141 1965 2178 a

313 2222 568 2296 perfecto
618 2234 782 2273 servo
832 2215 943 2286 (58)
992 2213 1094 2267 Dei
1122 2213 1165 2245 ⁸⁸
1216 2211 1494 2282 separat?
1542 2214 1627 2266 An
1674 2212 1823 2266 alius
1877 2217 1965 2266 est

314 2309 580 2366 intinctis
632 2305 919 2368 Christus,
970 2301 1121 2355 alius
1165 2298 1585 2354 audientibus?
1640 2299 1791 2356 Nam
1831 2316 1965 2372 spes

314 2401 450 2467 alia,
482 2396 569 2453 vel
615 2409 837 2449 merces
886 2389 997 2445 alia
1046 2388 1296 2443 formido
1340 2388 1572 2457 judicii,
1626 2386 1734 2442 alia
1767 2405 1966 2443 neces-

317 2490 460 2545 sitas
508 2480 911 2559 paenitentiae?
960 2479 1277 2533 Lavacrum
1315 2475 1456 2531 illud
1508 2477 1836 2549 obsignatio
1880 2482 1969 2533 est

320 2576 503 2634 fidei:
537 2591 660 2645 quis
716 2572 859 2625 fides
905 2586 937 2624 a
986 2566 1339 2640 pmnitentiie
1392 2566 1501 2637 (59)
1550 2567 1663 2622 ﬁde
1692 2566 1971 2639 incipitur

321 2673 377 2725 et
430 2662 887 2721 commendatur.
940 2657 1062 2712 Non
1127 2656 1254 2710 ideo
1304 2655 1623 2723 abluimur,
1673 2661 1735 2711 ut
1780 2656 1969 2712 delin-

324 2771 500 2830 quere
534 2752 898 2815 desinamus,
930 2744 1208 2818 quoniam
1233 2745 1357 2814 jam
1402 2745 1575 2799 corde
1605 2744 1705 2800 loti
1739 2763 1969 2801 sumus.

324 2851 454 2901 Haec
479 2842 635 2899 enim
664 2838 856 2912 prima
894 2834 1185 2890 audientis
1218 2831 1484 2887 intinctio
1515 2834 1626 2905 (60)
1658 2839 1746 2889 est
1780 2840 1972 2889 metus

2073 1860 2286 1929 perbit.
2330 1859 2390 1912 In
2428 1857 2522 1911 illo
2554 1860 2921 1927 verecundia,
2950 1859 3009 1913 in
3043 1861 3153 1914 isto
3187 1862 3502 1931 petulantia
3533 1880 3714 1935 appa-

2072 1952 2176 2001 ret.
2201 1946 2299 2001 llle
2322 1947 2555 2017 satagit,
2572 1946 2664 2001 hic
2684 1947 2942 2017 negligit.
2966 1948 3065 2003 llle
3088 1951 3293 2004 mereri
3317 1952 3497 2022 cupit,
3522 1958 3579 2005 at
3599 1952 3714 2019 hic,

2074 2042 2138 2090 ut
2168 2036 2453 2100 debitum,
2488 2034 2594 2089 sibi
2631 2037 2983 2106 repromittit
3017 2053 3028 2091 :
3065 2038 3159 2092 ille
3191 2042 3392 2102 sumit,
3432 2041 3523 2096 hic
3556 2041 3718 2094 inva-

2073 2125 2179 2179 dit.
2208 2128 2388 2189 Quem
2422 2140 2659 2178 censeas
2691 2124 3039 2195 digniorem,
3075 2127 3185 2181 nisi
3219 2128 3721 2184 emendatiorem?

2076 2229 2248 2283 quem
2297 2213 2775 2278 emendatiorem,
2824 2213 2935 2267 nisi
2988 2215 3367 2282 timidiorem,
3400 2222 3456 2270 et
3504 2216 3721 2271 idcirco

2076 2318 2211 2356 vera
2270 2302 2611 2371 paenitentia
2673 2303 2988 2356 functum?
3042 2305 3260 2357 'l‘immt
3316 2305 3471 2359 enim
3530 2305 3723 2359 adhuc

2077 2388 2436 2460 delinquere,
2486 2404 2556 2441 ne
2606 2405 2722 2443 non
2786 2396 3105 2445 mereretur
3161 2393 3442 2463 accipere.
3502 2396 3573 2448 At
3625 2392 3725 2449 ille

2078 2482 2489 2549 praesumptor,
2513 2493 2642 2531 cum
2678 2478 2787 2532 sibi
2814 2482 3265 2549 repromitteret,
3290 2499 3532 2537 securus
3564 2482 3728 2537 scili-

2078 2573 2189 2635 cet,
2222 2567 2424 2621 timere
2476 2582 2591 2620 non
2623 2568 2814 2637 potuit
2848 2584 2860 2621 :
2895 2568 2976 2621 sic
3024 2585 3126 2623 nec
3171 2572 3568 2640 pmnitentiam
3611 2572 3728 2625 im-

2081 2656 2278 2728 plevit,
2310 2655 2447 2726 quia
2490 2655 2880 2710 instrumento
2927 2657 3302 2729 pmnitentim,
3336 2660 3389 2714 id
3426 2665 3514 2715 est
3545 2666 3726 2726 metu,

2081 2746 2287 2799 caruit.
2324 2744 2708 2813 Praesumptio
2740 2743 3163 2800 inverecundis:
3195 2749 3381 2817 portio
3414 2753 3524 2814 est,
3550 2748 3731 2804 instat

2083 2835 2410 2905 petitorem,
2443 2832 2987 2901 despicitdatorem.
3016 2834 3215 2905 Itaque
3232 2836 3447 2908 decipit
3465 2854 3732 2892 nonnun-

1727 2942 1931 3003 Varite
1979 2941 2297 3003 lectiones.

397 3050 441 3085 ⁸⁸
471 3050 535 3103 Α.
568 3042 837 3101 Neander
865 3041 987 3095 haec
1020 3039 1106 3093 W.
1137 3038 1760 3112 transponendagesse
1794 3045 2009 3107 censet,
2065 3039 2159 3112 ita
2198 3043 2260 3091 ut
2282 3036 2600 3112 scribatur
2632 3051 2645 3112 _:
2680 3036 2895 3098 Quodsi
2946 3039 3311 3107 necessitate,
3343 3056 3479 3112 ergo
3519 3041 3739 3096 invitus

329 3120 508 3186 facit;
542 3114 876 3192 symbolum
909 3112 1115 3192 mortis
1164 3107 1447 3192 indulget.
1499 3110 2021 3192 Sedutol‘liturmlqci
2075 3107 2390 3192 difficultas
2439 3110 2721 3192 apposita
2762 3112 3068 3192 post__[acit
3117 3107 3512 3183 interrogandi
3547 3114 3738 3184 signo.

327 3195 369 3228 ⁸⁷
404 3180 696 3248 Promittit
726 3188 853 3242 Jun.
930 3184 973 3217 ⁸⁸
1004 3182 1104 3237 Dei
1137 3182 1311 3236 verbo
1339 3182 1466 3236 Jun.
1500 3198 1568 3236 ea:
1597 3183 1663 3236 Ill.
1698 3183 1791 3237 SS.
1871 3184 1915 3217 ⁸⁸
1947 3184 2069 3247 Quo
2102 3182 2169 3237 ad
2207 3182 2409 3250 Rigalt.
2486 3180 2530 3213 ⁸ο
2560 3187 2646 3233 An
2678 3181 2841 3234 Fran.
2877 3183 2995 3251 ltig.

1742 3289 2263 3351 Commentarius.

331 3394 665 3454 communis
699 3391 976 3464 profanis.
1028 3388 1172 3442 Tam
1203 3385 1419 3449 infidae,
1450 3386 1663 3469 inquit,
1694 3387 1984 3469 pmniten-
2016 3390 2059 3456 ρ

332 3473 425 3525 tia:
493 3460 914 3520 virum'neino
975 3476 1138 3528 aquae
1199 3460 1551 3527 communis,
1622 3477 1735 3513 non
1795 3460 1984 3513 dicam

336 3540 567 3605 cyatho,
584 3537 681 3591 sed
705 3552 775 3589 ne
793 3539 959 3605 gutta
981 3531 1218 3605 quidem
1242 3546 1357 3605 una
1384 3529 1739 3605 dignabitur,
1759 3537 1989 3605 tantum

340 3600 504 3669 abest
535 3600 597 3662 ut
628 3607 764 3661 velit
795 3600 864 3659 ad
919 3600 1278 3673 baptismum
1322 3600 1627 3655 deducere.
1679 3602 1990 3671 Splendida

342 3687 642 3755 nugantur
686 3678 798 3755 qui
827 3676 948 3755 haec
998 3674 1171 3727 verba
1217 3674 1288 3755 de
1319 3673 1613 3755 baptismo
1664 3690 1763 3755 per
1793 3692 1990 3755 φρει.-

342 3743 569 3812 sionem
620 3743 951 3819 accipiunt;
1005 3761 1141 3799 nam
1193 3743 1529 3819 ubicunque
1576 3743 1992 3819 degbaptlsmo

344 3839 676 3884 sermonem
725 3815 879 3885 facit,
942 3819 1246 3872 Lavacrum
1303 3815 1463 3881 dicit,
1522 3821 1580 3871 et
1637 3815 1878 3886 Tingere,
1938 3821 1995 3871 et

342 3902 645 3966 Intingere,
678 3898 734 3948 et
780 3890 962 3966 Ablui,
999 3895 1053 3943 et
1099 3888 1412 3966 Mergilari,
1457 3892 1513 3966 et
1567 3889 1993 3966 Immersioriem,

346 3988 475 4043 quae
499 3958 665 4022 "sane
713 3961 1113 4035 aspersionem
1150 3958 1809 4043 imini‘mensignificant.
1846 3960 1995 4042 .No_n

346 4026 437 4098 est
484 4026 801 4110 propterea'
836 4029 1367 4110 tamenculpanda
1415 4026 1997 4110 Ecclesiaebenigni-

344 4119 438 4169 tas
469 4101 1001 4181 quaepostmodum
1046 4102 1363 4156 invaluisse
1390 4101 1622 4181 videtur
1758 4101 1999 4181 cogente

349 4172 699 4241 necessitate
730 4176 935 4254 saltem
986 4172 1485 4254 aqumaspergine
1516 4174 1837 4254 Christiani
1871 4192 1997 4247 per-

348 4258 685 4313 ficerentur.
736 4249 958 4305 Etenim
1012 4245 1334 4317 Cyprianus
1383 4245 1552 4315 epist.
1605 4245 1672 4299 ad
1721 4245 1997 4316 Magnum

348 4326 608 4384 secunda
637 4340 705 4379 ex
736 4320 921 4376 sacris
948 4318 1179 4371 Litteris
1216 4317 1436 4388 probat,
1461 4333 1672 4385 aquam
1706 4319 1998 4389 aspersio-

348 4402 443 4456 nis
504 4393 969 4469 purificationem
1026 4405 1175 4469 esse,
1226 4404 1338 4469 nec
1376 4389 2001 4469 moveri_quemquam

350 4459 563 4526 debere
607 4467 782 4538 quod
813 4462 1040 4538 aspergi
1090 4459 1176 4514 vel
1210 4460 1477 4531 perfundi
1530 4460 1793 4515 videntur
1842 4462 2001 4533 aegri,

353 4560 471 4599 non
504 4536 971 4610 baptizari._Rie.
1017 4603 1030 4610 _
1099 4602 1107 4610 _
1295 4600 1303 4609 η

425 4614 538 4683 (54)
586 4602 1174 4683 Ρναεροετςςωηγὴιρω
1202 4602 1303 4683 ,ναξ
1355 4605 1864 4683 αεςθυενςαιίᾳίιίὸᾳε.
1898 4605 2007 4658 luis

349 4672 694 4741 circumduci
719 4672 887 4749 facile
916 4682 1009 4731 est.
1064 4672 1471 4749 Presbyterum
1526 4674 1817 4749 significat
1851 4674 2004 4730 lava~

2168 3386 2279 3456 (57)
2346 3386 2495 3440 Inter
2556 3386 2874 3439 auditorum
2942 3389 3215 3441 tirocinia.
3285 3390 3745 3445 Catechumenos

2100 3475 2211 3511 non
2253 3456 2542 3526 intelligit,
2597 3464 2659 3510 ut
2706 3457 2971 3527 Opinior;
3026 3476 3157 3513 nam
3197 3462 3423 3530 proprie
3471 3460 3746 3516 catechu-

2102 3530 2254 3583 meni
2292 3530 2369 3581 illi
2424 3531 2799 3597 vocabantur,
2854 3530 2949 3600 qui
2986 3532 3159 3600 probo
3207 3534 3392 3585 edocti
3425 3539 3481 3587 et
3529 3532 3745 3586 eruditi

2101 3603 2169 3674 de
2219 3603 2342 3670 lege
2375 3600 2589 3653 Christi
2628 3610 2875 3674 orarent
2927 3607 2982 3654 et
3024 3605 3122 3671 jus
3177 3603 3453 3658 baberent
3495 3606 3564 3657 ad
3600 3606 3748 3674 bap-

2100 3672 2671 3746 tismum_(quamvis
2707 3689 2817 3725 non
2843 3672 3105 3744 ignorem
3141 3676 3382 3744 tirones,
3416 3672 3748 3746 audientes,

2102 3743 2641 3818 etgcatechumenos
2676 3760 2791 3797 uno
2824 3743 3145 3815 eodemque
3190 3743 3612 3818 nonnunquam
3648 3743 3750 3801 no;

2106 3816 2261 3900 mine
2292 3814 2895 3900 ap.pellari)‘._quinque
2915 3814 3581 3900 prim-am‘paznitent'iam
3607 3834 3753 3900 pene

2105 3888 2415 3959 finierant;
2451 3888 2551 3959 sed
2588 3888 2802 3939 tirones
2842 3894 2899 3940 et
2950 3888 3252 3943 novitiolos
3284 3891 3382 3959 qui
3414 3888 3749 3946 Chrislienze

2108 3958 2251 4027 legis
2288 3958 2474 4027 prima
2505 3956 2791 4009 elementa
2820 3960 3200 4013 docebantur.
3234 3956 3475 4015 AnBASP.

2180 4030 2288 4097 (58)
2323 4037 2359 4083 Α
2394 4031 2627 4097 perfecto
2666 4030 2758 4081 Dei
2786 4045 2960 4084 servo.
3023 4032 3406 4085 Initiabantur
3435 4033 3752 4099 adsumpta

2110 4101 2450 4173 paenitentia
2492 4101 3015 4173 ;_perf‘iriebantur
3080 4103 3392 4173 baptismo,
3454 4102 3749 4171 unctione,

2108 4172 2493 4227 Eucharistia.
2530 4170 2661 4224 Βία.

2180 4246 2293 4311 (59)
2328 4245 2461 4310 Quae
2489 4242 2621 4312 ﬁde:
2654 4260 2685 4295 a
2728 4244 3089 4311 paenitentiae.
3143 4243 3266 4298 Non
3300 4244 3652 4298 accedebant
3684 4242 3756 4295 ad

2111 4315 2515 4387 baptismum,
2550 4316 2658 4367 nisi
2711 4314 2778 4387 de
2828 4316 3002 4387 rebus
3058 4316 3189 4368 ﬁdei
3243 4315 3413 4387 plane
3460 4314 3755 4382 instructi,

2111 4388 2167 4441 id
2201 4393 2289 4441 est
2320 4386 2388 4441 de
2424 4386 2517 4439 Dei
2568 4386 2974 4454 magnitudine
3022 4391 3077 4439 et
3110 4392 3413 4456 potestate,
3463 4388 3757 4455 rebusque

2113 4460 2211 4529 qui
2248 4460 2303 4512 in
2341 4456 2663 4529 Evangeliis
2696 4460 3086 4529 continentur,
3112 4476 3227 4513 uno
3259 4467 3494 4529 excepto
3527 4458 3755 4512 Eucha-

2114 4528 2292 4585 ristiae
2327 4528 2621 4601 mysterio,
2656 4544 2840 4596 neque
2878 4528 3263 4601 baptizantur
3294 4528 3415 4585 nisi
3446 4535 3756 4601 postquam

2115 4618 2182 4656 ea
2229 4600 2425 4656 omnia
2472 4616 2533 4673 se
2587 4601 2817 4673 credere
2861 4600 3184 4673 jurassent,
3243 4600 3491 4673 quorum
3543 4601 3687 4656 ﬁdes
3722 4617 3761 4673 7a

2118 4673 2459 4746 paenitentia
2506 4671 2841 4746 incipiebat,
2896 4671 3034 4741 quia
3064 4671 3285 4746 scilicet
3334 4692 3449 4729 non
3482 4672 3761 4746 censendi

353 4773 449 4812 cro
500 4743 893 4809 ministrando
944 4743 1346 4825 praepositum,
1397 4743 1596 4825 quem"
1624 4745 1821 4825 libude
1860 4749 2003 4818 Bap-
2038 4762 2084 4825 D
2117 4743 2279 4825 erapt
2316 4746 2423 4799 Deo
2454 4745 2687 4825 credere
2728 4759 2979 4825 eumque
3030 4745 3421 4825 magnifacere
3450 4750 3506 4799 et
3534 4745 3760 4825 timere,

350 4830 539 4891 lismo,
574 4823 845 4893 angelum
878 4813 1045 4873 vocat
1067 4813 1364 4893 baptismi
1391 4815 1701 4893 arbitrum.
1739 4818 1861 4872 Βία.

428 4884 540 4979 (55)
600 4884 921 4979 Simiae!"
990 4884 2005 4979 eor'i-t_.i":‘“’9..€‘:_euenisse“)

356 4958 568 5024 mertis
601 4958 800 5032 donat,
836 4964 892 5017 id
945 4964 1033 5015 est
1065 4961 1412 5032 peccatum.”
1442 4958 1665 5013 Etenim
1699 4959 2003 5032 obligatio-

353 5058 461 5097 nes
492 5040 668 5094 etiam
703 5055 769 5094 ex
789 5028 1027 5090 delictis
1058 5028 1115 5085 et
1148 5028 1447 5083 maleﬁciis
1480 5036 1823 5085 nascuntur.
1862 5030 2005 5085 Pau-

355 5115 452 5168 lus
487 5112 555 5166 ad
590 5110 807 5165 Cnloss.
835 5124 873 5161 Ii
906 5103 1069 5165 dixit,
1093 5100 1567 5172 chirographum.
1602 5100 1919 5172 Ἐξαλείψας
1944 5101 2006 5155 τὸ

354 5184 475 5239 καθ’
505 5185 666 5255 ἠμῷν
696 5178 1064 5255 χεφόῖραφρν
1112 5176 1225 5232 τοῖς
1240 5168 1579 5255 λδόγμαᾳινι.
1606 5168 2003 5255 _Ip'se".I-‘crtul-

354 5244 560 5312 lienus.
602 5244 819 5309 lib."de
869 5244 1048 5303 Pudic
1094 5262 1111 5298 :
1162 5268 1187 5294 α
1240 5245 1384 5299 Nam
1434 5251 1490 5301 et
1538 5247 1707 5301 solvit
1752 5244 2008 5301 liberans

356 5327 661 5385 hominem
716 5341 814 5395 per
860 5322 1181 5383 lavacrum,
1240 5316 1453 5373 donato
1512 5318 1561 5372 ei
1621 5318 2009 5391 chirographo

362 5397 816 5470 mortis.r»RIG-
890 5465 915 5470 η
1004 5462 1041 5470 η
1147 5455 1209 5470 η,
1579 5462 1589 5470 ,
1664 5462 1721 5470 _.
1843 5465 1850 5470 .
1998 5458 2008 5470 .

434 5472 545 5541 (56‘
599 5469 704 5537 Qui
745 5455 1298 5541 pmnitentia’fdezn
1344 5462 1631 5541 aggressi._
1664 5462 1722 5541 Id
1771 5465 1879 5523 est,
1914 5458 2010 5530 qui

357 5527 655 5614 incipiunt
687 5527 920 5594 credere
969 5527 1368 5614 pce-nitendum
1402 5527 1550 5611 esse,
1585 5537 1641 5587 et
1686 5537 1881 5614 tamen
1916 5527 2013 5613 eos

359 5598 647 5670 non'vere
688 5610 926 5683 pcenitet
952 5598 987 5671 ς’
1018 5599 1163 5683 nihil
1214 5598 1367 5653 enim
1420 5603 1581 5683 prius
1612 5602 2013 5683 catechumeni

359 5687 485 5743 sive
514 5674 732 5740 tirones
764 5679 1146 5741 docebantur,
1180 5687 1355 5741 quam
1402 5679 1464 5729 ut
1494 5674 1705 5745 prioris
1736 5678 1862 5731 vitae
1896 5693 2013 5746 pce-

358 5758 679 5816 nitentiam
713 5755 973 5828 agerent.
1008 5750 1252 5803 ALBABP.

2120 4817 2233 4871 nisi
2280 4832 2411 4871 eum
2462 4816 2705 4885 dignum
2766 4814 3185 4884 existimarent,
3236 4818 3325 4870 cui
3378 4819 3448 4871 de
3496 4816 3763 4887 pristinis

2119 4889 2544 4961 satisfacerent,
2578 4887 3003 4961 etqpcenitentia
3034 4887 3344 4954 diluerent,
3380 4906 3505 4961 quas
3536 4890 3595 4943 in
3629 4904 3762 4942 eum

2120 4962 2364 5030 ejusque
2397 4958 2578 5025 legem
2607 4957 2743 5011 olim
2780 4964 3099 5029 pecassent.
3141 4966 3377 5015 ALBASP.

2192 5032 2299 5100 (60)
2335 5032 2527 5085 Prima
2575 5030 2849 5085 audientis
2879 5032 3158 5096 intinctio,
3211 5038 3318 5086 etc.
3370 5033 3492 5096 Quo
3536 5034 3768 5086 tenetur

2126 5106 2241 5157 tota
2290 5103 2403 5157 vita
2460 5119 2566 5155 sua
2623 5102 2988 5174 Christianus
3048 5103 3147 5172 qui
3207 5104 3429 5174 integre
3486 5102 3639 5174 sapit
3672 5101 3764 5174 Aad

2125 5176 2331 5249 Deum,
2366 5180 2558 5249 mente
2589 5173 2655 5223 ad
2693 5172 3103 5249 idololatriam,
3138 5175 3209 5230 ad
3242 5172 3535 5249 stuprum,
3558 5172 3637 5229 ad
3670 5172 3769 5225 ho-

2127 5246 2430 5299 micidium
2464 5246 2749 5299 irretorta.
2788 5245 2910 5297 Itis.

2197 5318 2311 5387 (6t)
2344 5316 2549 5371 Exinde
2578 5316 2753 5383 quoad
2786 5316 3077 5371 Dominum
3106 5320 3363 5373 senseris.
3389 5318 3634 5373 Domino
3666 5314 3768 5367 de-

2125 5387 2305 5450 ditus,
2343 5388 2511 5441 infra.
2548 5391 2672 5440 BIG.

2196 5460 2306 5529 (62)
2342 5459 2663 5513 Necessitate
2690 5472 2794 5509 non
2823 5465 3027 5527 sponte.
3051 5456 3361 5527 Jurabant,
3384 5459 3443 5513 in
3474 5455 3772 5529 baptismo

2125 5526 2487 5585 solemnibus
2520 5529 2710 5608 verbis
2743 5545 2803 5608 se
2838 5526 3134 5596 nunquam
3169 5526 3771 5608 peccaturos,_deinde

2127 5604 2542 5657 renuntiabant
2599 5600 2828 5657 diabolo
2886 5608 2941 5655 et
2999 5604 3231 5671 pompis
3282 5604 3455 5671 ejus;
3520 5600 3772 5668 denique

2127 5690 2395 5743 censura,
2429 5675 2477 5730 si
2509 5684 2817 5745 peccarent
2847 5677 2979 5742 post
3002 5673 3361 5743 baptismum
3395 5672 3745 5729 coercebant

2128 5752 2483 5819 quapropter
2513 5744 2614 5816 ait,
2651 5744 3017 5803 necessitate.
3050 5747 3293 5802 Amasp.
