4148 6194
396 299 547 363 1351

945 294 1465 359 TERTULLIANI
1508 293 1837 355 OPERUM
1873 293 2077 357 PARS
2117 292 2170 355 Ι.
2196 326 2277 339 -
2316 293 2594 356 SERIES
2636 295 2712 369 ll,
2758 294 3253 360 DOGMATICA.

3650 296 3807 357 1352

391 449 592 505 quam.
623 432 768 487 Ante
796 429 955 486 enim
986 443 1162 501 quam
1197 427 1479 482 debeatur
1507 424 1879 497 repromittit,
1913 441 2031 498 quo
2062 428 2114 495 Α
2141 427 2499 493 accenditur,
2533 427 2673 483 dum
2706 427 3114 499 exstinguitur.
3148 428 3346 485 Doleat
3368 432 3428 485 et
3456 429 3808 501 ingemiscat

389 538 622 593 semper
651 521 703 576 is
737 520 869 592 quis
902 523 989 575 est
1025 520 1430 590 praestaturus,
1463 515 1795 571 offenditur.

1021 660 1254 716 CAPUT
1298 658 1419 713 VII.

463 789 801 859 Hucusque,
832 785 1055 841 Christe
1089 785 1349 850 Domine,
1385 784 1455 838 de
1486 782 1833 854 poenitentiae
1868 782 2038 837 disci-

394 877 557 949 plina
607 877 790 931 servis
832 876 949 929 tuis
1001 874 1192 928 dicere
1241 875 1283 909 “
1337 871 1420 927 vel
1473 873 1675 927 audire
1722 872 2039 943 contingat,

306 974 315 981 '
389 981 699 1039 quousque
748 964 921 1019 etiam
971 962 1309 1033 delinquere
1358 977 1472 1015 non
1522 965 1747 1032 oportet
1795 961 2081 1015 audien--

391 1056 550 1109 tibus
587 1072 598 1108 :
631 1054 719 1109 vel
752 1051 894 1106 nihil
920 1052 1045 1121 jam
1081 1052 1151 1104 de
1206 1049 1549 1121 poenitentia
1581 1050 1863 1117 noverint,
1896 1049 2041 1104 nihil

390 1144 519 1213 ejus
567 1141 892 1213 requirant.
942 1140 1105 1210 Piget
1165 1139 1443 1208 fecundae,
1490 1140 1608 1192 imo
1649 1139 1771 1207 jam
1823 1137 2040 1192 ultimae

388 1232 512 1303 spei
571 1231 879 1285 subtexere
956 1228 1337 1296 mentionem,
1405 1244 1477 1282 ne
1535 1232 1915 1282 retractantes
1971 1228 2042 1283 de

389 1320 626 1376 residuo
677 1317 891 1372 auxilio
943 1316 1279 1389 paenitendi,
1315 1317 1571 1387 spatium
1617 1315 1809 1369 adhuc
1854 1314 2038 1370 delin-

388 1408 605 1481 quendi
634 1408 1032 1461 demonstrare
1063 1405 1383 1459 videamur.
1408 1405 1593 1472 Absit,
1619 1410 1682 1458 ut
1712 1404 1924 1475 aliquis
1956 1404 2039 1458 ita

386 1498 767 1568 interpretur,
819 1494 984 1564 quasi
1039 1508 1107 1547 eo
1158 1492 1267 1548 sibi
1316 1494 1492 1547 etiam
1542 1509 1694 1547 nunc
1726 1496 1916 1563 pateat
1964 1493 2033 1547 ad

388 1584 873 1655 delinquendum,
908 1584 1048 1653 quia
1079 1586 1236 1651 patet
1283 1582 1351 1635 ad
1387 1582 1788 1652 paenitendum
1817 1599 1830 1648 ;
1863 1586 1919 1636 et
1948 1597 2035 1635 re-

388 1674 715 1729 dundantia
772 1671 1094 1727 clementiae
1153 1669 1430 1736 ccelestis,
1503 1670 1805 1725 libidinem
1868 1669 2040 1725 faciat

2156 534 2393 574 necesse
2440 522 2549 585 est,
2598 519 2767 575 venia
2824 525 3193 592 peccatorum
3251 520 3557 593 permissa,
3610 524 3697 575 tot
3744 520 3803 574 in

2150 606 2390 663 homine
2420 608 2626 664 mortis
2658 626 2834 679 opera
2863 609 3079 677 diruta,
3113 614 3197 665 tot
3228 610 3431 665 titulos
3473 609 3803 664 damnatio-

2151 695 2244 751 nis
2275 700 2423 751 retro
2456 713 2572 752 suis
2605 714 2824 753 erasos.
2859 698 3027 753 Dolet
3058 700 3213 770 quod
3248 698 3444 771 ipsum
3476 703 3531 752 et
3564 697 3803 769 angelos

2150 786 2297 855 ejus,
2330 784 2545 840 Christi
2588 802 2791 842 servus
2835 786 2920 841 illi
2971 792 3237 857 peccator
3282 787 3658 858 iudicaturus
3690 793 3801 841 est.

2150 874 2349 946 Itaque
2393 876 2681 942 observat,
2734 881 3053 948 oppugnat,
3105 876 3352 945 obsidet,
3389 876 3435 930 si
3471 892 3587 946 qua
3618 875 3807 946 possit

2151 968 2252 1018 aut
2282 962 2479 1019 oculos
2528 964 3003 1037 concupiscentia
3053 965 3271 1021 carnali
3324 964 3513 1032 ferire,
3548 969 3650 1018 aut
3677 964 3803 1017 ani-

2151 1069 2312 1107 mum
2372 1053 2661 1109 illecebris
2721 1054 3100 1110 saecularibus
3158 1054 3407 1123 irretire,
3468 1058 3569 1107 aut
3627 1052 3799 1106 ﬁdem

2147 1144 2389 1196 terrente
2439 1142 2743 1213 potestatis
2790 1142 3101 1198 formidine
3149 1148 3425 1206 evertere,
3479 1146 3579 1196 aut
3629 1158 3661 1194 a
3709 1142 3803 1194 via

2148 1232 2305 1283 certa
2352 1229 2640 1300 perversis
2670 1230 2715 1265 ⁵³
2762 1230 3180 1285 traditionibus
3229 1231 3341 1301 (66)
3397 1230 3741 1300 detorquere
3783 1246 3797 1283 :

2147 1335 2262 1372 non
2290 1319 2608 1383 scandalis,
2642 1336 2756 1374 non
2804 1318 3228 1375 tentationibus
3279 1319 3495 1374 deficit.
3532 1318 3659 1372 Haec
3694 1318 3800 1387 igi-

2147 1410 2246 1461 tur
2273 1422 2493 1462 venena
2523 1408 2651 1478 ejus
2682 1407 2991 1479 providens
3022 1407 3196 1474 Deus,
3228 1407 3432 1462 clausa
3461 1407 3597 1462 licet
3626 1406 3795 1478 igno-

2145 1495 2379 1549 scentite
2429 1496 2636 1565 janua,
2695 1501 2751 1549 et
2821 1496 3187 1551 intinctionis
3262 1512 3393 1552 sera
3469 1496 3795 1559 obstructa,

2141 1582 2361 1654 aliquid
2395 1585 2587 1638 adhuc
2624 1585 2888 1656 permisit
2920 1590 3136 1656 patere.
3182 1584 3495 1640 Collocavit
3524 1584 3582 1639 in
3616 1583 3797 1638 vesti-

2142 1671 2280 1726 bulo
2312 1672 2421 1744 (67)
2454 1673 2855 1744 paenitentiam
2890 1674 3230 1741 secundam,
3264 1691 3389 1746 quas
3421 1672 3796 1745 pulsantibus

392 1762 663 1817 humanae
707 1760 1074 1815 temeritatis.
1122 1759 1302 1813 Nemo
1360 1758 1576 1813 idcirco
1634 1758 1885 1813 deterior
1941 1758 2038 1826 sit,
2073 1806 2115 1872 Β
2143 1761 2455 1831 patefaciet
2490 1779 2503 1816 :
2537 1763 2635 1816 sed
2663 1763 2787 1832 jam
2824 1762 3024 1830 semel,
3059 1763 3339 1834 quiajam
3372 1762 3649 1817 secundo.
3684 1761 3795 1816 Sed

397 1851 517 1872 ηυξ-
558 1851 709 1872 Π----
744 1849 947 1872 ..-ἸΞΑ-
974 1854 1053 1872 ..-ι
1096 1848 1309 1872 1-n2-_-
1346 1847 1728 1872 .‘IA'I:_..-.-_J-
1764 1848 2031 1872 κ.-..ιζ,...-
2147 1848 2396 1872 ,μ-ΙΣ---
2429 1867 2728 1872 ..η-..η--Α
2770 1852 2878 1872 [orn
2939 1853 3065 1872 ..__:_
3108 1852 3363 1872 _____:___
3396 1852 3602 1872 [ζα-ι..-
3666 1850 3785 1872 λγ-..

390 1851 527 1922 quia
556 1851 710 1906 Deus
744 1849 947 1903 melior
971 1854 1076 1914 est,
1096 1848 1311 1902 totiens
1342 1847 1731 1918 delinquendo
1761 1848 2032 1918 quotiens

377 1940 707 2012 ignoscitur
753 1938 883 2009 (63).
935 1941 1213 1992 Czeterum
1270 1937 1444 1991 finem
1494 1936 1699 2006 utique
1746 1935 2029 1991 evadendi

376 2028 638 2094 habebit,
685 2044 815 2081 cum
865 2025 1196 2080 oll‘endendi
1251 2042 1363 2079 non
1416 2024 1670 2079 habebit.
1725 2024 2028 2079 Evasimus

375 2117 597 2182 semel;
654 2117 932 2170 hactenus
978 2115 1172 2170 I241
1234 2112 1580 2182 periculosis
1632 2113 2027 2184 nosmetipsos

376 2207 699 2261 inferamus
732 2205 866 2276 (64),
900 2207 956 2258 et
988 2202 1033 2255 si
1074 2203 1289 2257 iterum
1323 2202 1547 2256 evasuri
1580 2200 1867 2256 videmur.
1903 2201 2024 2256 Ple-

375 2298 542 2368 rique
583 2295 887 2366 naufragio
938 2291 1165 2347 liberati
1211 2290 1416 2346 exinde
1448 2290 1757 2361 repudium
1809 2294 1865 2345 et
1896 2291 2023 2346 navi

371 2391 429 2442 et
475 2384 621 2440 mari
672 2384 876 2438 dicunt
906 2382 1040 2454 (65),
1091 2388 1148 2435 et
1195 2380 1293 2434 Dei
1345 2380 1719 2449 beneficium,
1773 2379 2023 2434 salutem

372 2491 543 2530 suam
578 2472 818 2541 scilicet,
855 2469 1139 2525 memoria
1190 2467 1431 2539 periculi
1487 2467 1793 2522 honorant.
1828 2468 2023 2523 Laudo

371 2564 667 2627 timorem,
688 2560 867 2631 diligo
886 2558 1327 2624 verecundiam;
1362 2555 1569 2612 nolunt
1587 2557 1795 2611 iterum
1819 2557 2023 2611 divinae

373 2649 788 2706 misericordias
821 2648 982 2703 oneri
1030 2663 1201 2715 esse;
1252 2645 1571 2700 formidant
1622 2644 1800 2700 videri
1830 2645 2022 2700 incul-

376 2757 529 2807 care,
567 2740 719 2810 quod
773 2737 1069 2791 consecuti
1122 2739 1299 2791 sunt:
1339 2737 1490 2789 bona
1538 2740 1689 2788 certe
1737 2733 2020 2789 sollicitu-

372 2830 510 2885 dine
542 2830 756 2883 iterum
792 2825 1037 2897 evperiri
1070 2823 1253 2879 vitant
1296 2825 1449 2894 quod
1485 2822 1663 2877 semel
1696 2823 2023 2878 didicerunt

374 2920 603 2973 timere.
640 2919 723 2972 Ita
764 2916 972 2969 modus
1015 2913 1361 2968 temeritatis
1392 2911 1621 2966 testatio
1653 2917 1741 2966 est
1771 2912 2019 2967 timoris.

375 3009 579 3063 Timor
622 3011 813 3061 autem
863 3002 1121 3058 hominis
1167 3003 1263 3056 Dei
1312 3001 1498 3056 honor
1547 3005 1655 3056 est.
1704 3004 1813 3056 Sed
1863 3001 2019 3057 enim

374 3095 882 3169 pervicacissimus
925 3092 1112 3147 hostis
1154 3090 1247 3146 ille
1282 3106 1584 3161 nunquam
1636 3090 1871 3145 malitiae
1903 3107 2019 3145 sum

376 3164 562 3241 otium
599 3185 751 3239 facit.
783 3182 996 3254 Atquin
1048 3186 1188 3235 tunc
1240 3180 1492 3234 maxime
1541 3180 1721 3248 saevit,
1756 3196 1888 3233 cum
1922 3178 2023 3234 ho-
2052 3164 2095 3231 Ε
2129 3182 2488 3235 recusaveris
2549 3198 2562 3235 :

373 3280 593 3331 minem
627 3273 792 3346 plene
823 3272 1001 3328 sentit
1039 3270 1350 3325 liberatum
1382 3269 1427 3303 ⁵⁵
1460 3286 1474 3336 ;
1527 3272 1666 3323 tunc
1696 3267 2016 3341 plurimum

2145 1848 2398 1920 amplius
2429 1867 2733 1923 nunquam
2768 1852 2899 1922 (68),
2935 1853 3075 1922 quia
3108 1852 3367 1918 proxime
3395 1852 3630 1905 frustra.
3666 1850 3792 1904 Non

2138 1938 2293 1993 enim
2326 1938 2518 1994 ethoc
2567 1938 2749 1994 semel
2782 1941 2923 1993 satis
2969 1939 3103 1995 est?
3151 1940 3363 2005 Habes,
3410 1940 3562 2011 quod
3587 1941 3715 2011 jam
3747 1940 3793 1972 “

2138 2044 2252 2081 non
2307 2028 2665 2096 merebaris;
2728 2029 2979 2084 amisisti
3040 2029 3192 2084 enim
3247 2030 3399 2100 quod
3460 2044 3786 2100 acceperas.

2137 2114 2197 2169 Si
2229 2115 2332 2170 tibi
2366 2115 2732 2188 indulgentia
2780 2115 3010 2171 Domini
3052 2118 3476 2180 accommodat,
3508 2116 3663 2170 unde
3695 2132 3789 2169 re-

2136 2205 2346 2259 stituas
2368 2205 2519 2276 quod
2548 2204 2849 2271 amiseras,
2874 2205 3077 2261 herato
3098 2206 3377 2261 beneﬁcio
3408 2212 3611 2277 gratus
3633 2210 3783 2269 esto,

2134 2293 2350 2347 nedum
2385 2292 2664 2364 ampliato
2690 2310 2701 2348 :
2730 2296 2921 2363 majus
2942 2300 3032 2349 est
3061 2295 3217 2349 enim
3254 2290 3579 2360 restituere,
3604 2310 3781 2365 quam

2135 2381 2271 2436 dare
2306 2398 2317 2436 :
2352 2382 2628 2453 quoniam
2665 2384 2935 2437 miserius
2966 2389 3053 2437 est
3077 2385 3423 2453 perdidisse,
3454 2400 3631 2455 quam
3662 2383 3781 2451 (69)

2133 2471 2372 2525 omnino
2404 2488 2516 2525 non
2538 2470 2848 2542 accepisse.
2873 2471 3080 2526 Verum
3110 2488 3224 2527 non
3249 2472 3448 2527 statim
3474 2473 3781 2527 succiden-

2133 2560 2243 2613 dus
2275 2576 2340 2614 ac
2371 2560 2747 2614 subruendus
2769 2563 2805 2614 ‘I
2822 2561 2973 2616 πω
2992 2562 3330 2616 estanimus
3351 2563 3777 2630 desperatione,

2132 2647 2178 2702 si
2213 2649 2479 2703 secunda:
2512 2648 2644 2719 quis
2686 2650 3036 2720 paenitentiae
3069 2650 3296 2705 debitor
3328 2651 3503 2704 fuerit
3535 2667 3548 2703 :
3585 2649 3781 2721 pigeat

2131 2753 2271 2791 sane
2332 2754 2568 2808 peccare
2618 2754 2847 2803 rursus,
2899 2739 2998 2793 sed
3060 2756 3267 2794 rursus
3327 2739 3607 2811 pmnitere
3662 2754 3776 2793 non

2130 2826 2325 2895 pigeat
2354 2842 2367 2879 :
2404 2826 2599 2897 pigeat
2626 2825 2835 2881 iterum
2887 2826 3226 2898 periclitari,
3258 2829 3357 2883 sed
3413 2844 3528 2882 non
3564 2827 3776 2882 iterum

2132 2913 2387 2970 liberari.
2447 2915 2751 2971 Neminem
2813 2917 3070 2987 pudeat;
3132 2917 3355 2972 iteratae
3420 2916 3776 2971 valetudinis

2129 3004 2396 3059 iteranda
2452 3005 2740 3060 medicina
2796 3011 2885 3060 est
2934 3022 2947 3059 ε
3007 3011 3211 3077 gratus
3268 3007 3326 3059 in
3384 3006 3696 3061 Dominum
3729 3005 3777 3039 ⁸³

2129 3092 2441 3154 exstiteris,
2516 3092 2563 3147 si
2640 3092 2793 3164 quod
2865 3091 2973 3146 tibi
3046 3093 3333 3148 Dominus
3408 3093 3594 3156 offert,
3656 3108 3775 3145 non

2627 3180 2943 3247 offendisti,
3002 3181 3104 3236 sed
3163 3180 3523 3236 reconciliari
3583 3180 3781 3235 adhuc

2132 3275 2316 3338 potes.
2350 3268 2539 3324 Habes
2572 3269 2663 3324 cui
2705 3270 3055 3340 satisfacias,
3090 3274 3147 3324 et
3196 3269 3431 3341 quidem
3464 3267 3780 3324 volentem.

1800 3412 2004 3472 Variae
2034 3413 2355 3474 lectiones.

439 3537 482 3578 δί
521 3534 747 3589 Discere
782 3534 1001 3586 Wouw.
1036 3532 1118 3586 M.
1153 3529 1207 3583 S.
1242 3530 1363 3599 Rig.

366 3606 517 3661 abest
550 3608 665 3677 Βία.
742 3605 787 3638 ⁵³
816 3603 1065 3659 Domino
1098 3600 1265 3656 Seml.

1440 3529 1485 3564 ⁸³
1522 3527 1817 3601 Baptismo
1847 3528 2080 3585 scilicet.
2157 3530 2202 3564 ⁵³
2235 3526 2681 3585 Conditionibus
2706 3527 2827 3581 alii.
2850 3528 3059 3582 Pamel.
3098 3529 3153 3583 in
3187 3528 3320 3582 trib.
3352 3527 3503 3583 mdd.
3580 3528 3626 3562 ⁶⁴
3659 3529 3784 3585 Non

1814 3687 2338 3750 Commentarios.

439 3808 544 3879 (63)
578 3808 788 3863 Totiens
823 3803 1187 3877 delinquendo
1234 3802 1481 3927 puotiens
1529 3804 1848 3885 ignoscitur.
1880 3803 2021 3885 Quis

462 3880 557 3927 his
584 3898 695 3927 nnn
731 3878 1091 3927 existimaret
1119 3877 1227 3927 Ecc
1258 3891 1387 3927 esue
1412 3874 1563 3927 fores
1596 3876 2019 3927 mentientibus

362 3874 557 3935 ex'his
584 3898 697 3935 non
731 3874 1091 3936 existimaret
1119 3874 1387 3930 Ecclesia:
1412 3874 1563 3930 fores
1596 3876 2019 3946 paenitentibus

370 3969 604 4023 semper
635 3953 914 4035 patuisse,
950 3966 1081 4032 cum
1116 3948 1269 4035 dicat
1300 3946 1596 4035 Christum
1624 3947 1797 4002 toties
1823 3962 2019 4035 parce-

366 4042 447 4091 re,
497 4017 727 4094 quoties
758 4018 1165 4092 delinquitur?
1218 4017 1510 4094 P_amelius
1555 4034 1794 4094 quoque
1829 4034 1897 4072 ex
1927 4018 2019 4073 his

366 4088 484 4151 non
517 4088 750 4151 dubitat
793 4088 1087 4150 atﬁrfnare
1135 4088 1451 4144 Ecclesiam
1488 4090 1893 4160 peccatoribus
1922 4106 2019 4144 ve-

367 4168 523 4221 niam
570 4183 797 4237 semper
849 4164 1187 4231 indulsisse,
1224 4165 1294 4237 Aet
1349 4161 1701 4237 quid_apud
1754 4168 2020 4237 auctores

361 4239 518 4293 inter
546 4231 859 4310 legendum
911 4238 981 4291 de
1027 4232 1290 4310 secunda
1326 4241 1382 4285 et
1432 4231 1639 4310 ultima
1680 4232 2021 4310 paenitentia

364 4304 653 4379 occurrat,
687 4310 742 4364 id
799 4325 971 4363 omne
1020 4309 1088 4361 de
1133 4304 1367 4379 publica
1415 4304 1824 4379 accipiendum
1867 4320 2018 4369 esse,

366 4388 542 4452 atque
576 4375 650 4436 ad
695 4375 1161 4452 confirmandum
1199 4375 1386 4429 multa
1434 4392 1501 4452 ei;
1549 4376 1888 4430 auctoribus
1921 4391 2019 4429 ac-

364 4446 647 4520 cumulat,
700 4448 1024 4523 qutehnibil
1071 4448 1307 4523 referret
1348 4446 1657 4523 eaplicare,
1709 4463 1849 4523 cum
1890 4463 2020 4517 quae

362 4524 495 4579 istie
525 4526 607 4578 ait
635 4518 1052 4578 'Te'rtullianus
1095 4519 1426 4585 cuiusmodi
1467 4524 1569 4572 aut
1599 4518 1891 4588 quomodo
1923 4534 2018 4572 ac-

362 4595 634 4666 cipienda
665 4594 781 4649 sint
810 4592 994 4648 nostri
1029 4591 1315 4666 duntaxat
1354 4589 1430 4666 sit
1462 4590 1717 4666 instituti
1753 4591 2013 4666 edoceret

2130 3804 2321 3860 ausim
2352 3802 2667 3858 afﬁrmare.
2701 3806 2952 3857 ALBASP.

2201 3876 2311 3946 (64)
2353 3877 2620 3929 Hactenus
2670 3876 2998 3945 periculosi:
3046 3876 3401 3947 nosmetipsos
3448 3876 3782 3947 inferamus.

2128 3950 2446 4012 Hactenus,
2482 3946 2539 4000 id
2572 3950 2680 4013 est,
2713 3962 3017 4018 nunquam
3050 3945 3314 4017 posthac.
3344 3946 3467 4000 th.

2200 4018 2313 4090 (65)
2345 4018 2649 4088 Repudium
2678 4026 2727 4073 et
2756 4020 2887 4073 navi
2915 4020 3131 4090 etmari
3157 4019 3367 4090 dicunt.
3392 4018 3562 4086 Nam,
3588 4018 3788 4090 inquit

2130 4089 2471 4151 Rhenanus.
2505 4094 2569 4144 ut
2616 4094 2705 4144 est
2749 4090 2903 4160 apud
2953 4089 3224 4143 Publium
3279 4089 3781 4161 Mimograpbum,

2130 4162 2393 4232 improbe
2439 4161 2771 4285 Neptunum
2822 4165 3076 4229 accusat,
3121 4161 3222 4231 qui
3274 4162 3489 4232 iterum
3541 4166 3783 4218 naufra-

2130 4234 2290 4285 gium
2325 4232 2478 4285 facit.
2564 4238 2809 4285 enustus
2842 4248 2969 4285 vero
3001 4249 3215 4285 sermo.
3248 4249 3402 4285 cum.
3438 4234 3656 4285 inquit-
3692 4252 3783 4285 re-

2129 4234 2290 4303 gium
2325 4232 2478 4286 facit.
2511 4232 2809 4286 Venustus
2842 4248 2969 4287 vero
3001 4249 3215 4299 sermo,
3248 4249 3402 4297 cum,
3438 4234 3656 4302 inquit,
3692 4252 3785 4289 re-

2128 4305 2371 4375 pudium
2405 4308 2461 4375 et
2492 4304 2621 4358 navi
2664 4308 2720 4358 et
2750 4304 2897 4375 mari
2949 4303 3169 4375 dicunt,
3202 4304 3586 4360 translatione
3615 4324 3785 4361 sum-

2128 4373 2225 4447 pta
2259 4376 2329 4429 ab
2361 4374 2454 4447 his
2484 4375 2585 4447 qui
2617 4376 2781 4430 uxori
2834 4373 3093 4429 libellum
3130 4376 3353 4447 repudii
3404 4378 3663 4432 mittunt.
3697 4378 3787 4432 Si-

2129 4445 2348 4500 militer
2395 4445 2514 4502 libf
2554 4447 2618 4500 de
2658 4448 2790 4501 Hab.
2842 4447 2982 4502 mul.
3042 4464 3169 4519 cap.
3194 4445 3263 4515 Ἃ,
3314 4449 3605 4518 repudium
3657 4451 3792 4505 cazli

2130 4518 2294 4571 dixit.
2330 4522 2471 4571 ΡΑΜ.

2172 4518 2294 4571 ixit.
2330 4522 2471 4572 ΡΑΜ.

2201 4590 2311 4659 (66)
2342 4590 2617 4643 Perversis
2644 4588 3053 4643 traditionibus.
3088 4589 3227 4644 Mss.
3262 4594 3381 4644 tres
3408 4590 3785 4648 conditionib.

363 4639 1001 4742 ῑέείέξξξξίῑυῑῗιῑηῑῑῑρῆέ
1032 4639 2016 4742 {angamgenesta;5.35;.)
2050 4639 2096 4705 ι)
2132 4639 2521 4742 titanas;
2547 4639 3781 4742 sagiseiusgaias"assignas;

403 4744 493 4793 ost
524 4731 841 4793 scoundam
896 4731 1296 4806 paenitentiam
1332 4731 1481 4806 alius
1511 4739 1662 4787 esset
1695 4731 2009 4806 paenitendi

403 4757 493 4793 08L
524 4757 841 4793 secundam
896 4757 1296 4806 paenitentiam
1332 4757 1481 4787 unus
1511 4757 1662 4787 essm
1697 4757 2009 4803 pwuueuu:

360 4757 546 4876 Pecus,
583 4811 681 4864 sed
716 4808 861 4863 nihil
893 4806 1049 4860 aliud
1099 4804 1284 4858 voluit
1323 4803 1535 4871 dicere,
1567 4821 1745 4874 quam
1778 4804 2009 4859 tametsi

359 4882 563 4952 aliqua
623 4886 753 4953 post
804 4880 1160 4953 baptismum
1212 4891 1348 4953 spes
1399 4876 1575 4929 veniae
1627 4876 2013 4953 supersit,_et

360 4947 637 5009 secunda-
662 4958 835 5023 atque
883 4947 1094 5003 ultima
1138 4947 1491 5001 concedatur
1528 4947 1885 5023 ptenitentia,
1918 4951 2010 5000 ta-

361 5043 495 5081 men
531 5018 755 5079 rursus'
774 5022 1133 5095 peccandum
1155 5036 1265 5095 non
1299 5033 1428 5071 esse
1452 5023 1581 5095 post
1612 5018 2008 5095 baptismum;

360 5115 494 5151 nam
529 5090 817 5152 sexcentis
868 5094 1008 5147 locis
1058 5109 1169 5146 non
1205 5091 1395 5143 dicam
1452 5091 1557 5143 hoc
1587 5090 1795 5159 capite,
1833 5105 2004 5142 unam

355 5174 587 5225 tantum
644 5169 725 5223 ait
779 5186 811 5222 a
867 5165 1092 5219 lavacro
1152 5162 1379 5217 veniam
1442 5177 1771 5232 superesse,
1823 5176 2008 5229 neque

354 5242 539 5296 ullum
574 5240 781 5311 primis
824 5237 942 5311 illis
989 5236 1353 5311 temporibus
1398 5234 1556 5311 inter
1585 5235 1870 5304 privatum
1905 5237 2008 5311 aut

354 5305 650 5386 publicam
686 5309 1017 5386 graviorum
1038 5306 1361 5386 criminum
1380 5305 1697 5386 discrimen
1720 5308 2003 5386 occurrent.

355 5375 557 5457 itaque
588 5375 715 5439 illa"
739 5383 951 5457 totiens
973 5384 1055 5457 _et
1085 5378 1356 5457 quotiens
1384 5377 1698 5457 dicuntur,
1753 5375 2004 5457 rectede

353 5447 586 5512 duabus
634 5454 842 5520 veniis,
879 5456 945 5506 ut
970 5452 1050 5505 ita
1101 5451 1314 5520 dicam.
1346 5451 1402 5500 et
1444 5449 1681 5502 totidem
1727 5447 2002 5519 peccatis,

353 5530 423 5583 de
456 5530 528 5582 iis
576 5526 813 5582 scilicet.
850 5540 975 5593 quae
1024 5526 1156 5575 ante
1178 5519 1307 5593 sive
1350 5525 1481 5593 post
1512 5520 1872 5593 baptismum
1919 5534 2005 5572 re-

353 5601 756 5655 mittebantur.
829 5589 1113 5650 Caeterum
1176 5589 1441 5645 Ecclesiae
1510 5591 1791 5645 universae
1852 5591 2003 5645 hanc

351 5672 535 5726 fuisse
565 5668 919 5724 sententiam
949 5664 1038 5719 vel
1087 5663 1237 5717 hanc
1266 5661 1751 5716 consuetudinem
1782 5662 1841 5716 in
1876 5678 1997 5717 om-

352 5742 528 5796 nibus
580 5740 818 5795 omnino
872 5734 1166 5803 Ecclesiis,
1214 5733 1583 5789 observatam
1631 5733 1833 5800 fuisse,
1880 5750 1998 5790 non

2123 4730 2329 4800 nistas,
2382 4732 2483 4802 qui
2532 4731 2817 4802 perversis
2867 4730 3284 4787 traditionibus
3323 4733 3447 4788 suis
3493 4734 3564 4787 de
3611 4735 3785 4790 nulla

2121 4808 2254 4873 post
2285 4803 2643 4874 baptismum
2686 4802 3026 4873 pmnitentia
3056 4820 3089 4856 a
3117 4804 3211 4859 via
3257 4810 3414 4859 certa
3444 4804 3648 4861 fideles
3674 4808 3784 4861 de-

2119 4875 2487 4944 torquebant.
2523 4876 2599 4949 Eo
2630 4880 2824 4928 autem
2868 4876 3028 4949 quod,
3051 4876 3232 4949 addit,
3268 4878 3578 4946 perversis,
3615 4886 3786 4949 patet

2119 4963 2234 5001 non
2268 4963 2472 5019 omnes
2500 4947 2852 5019 abAuctore
2880 4947 3228 5019 traditiones
3261 4947 3641 5019 impugnari;
3675 4967 3783 5005 ve-

2119 5036 2245 5071 rum
2278 5020 2347 5073 de
2377 5018 2469 5072 his
2500 5017 2673 5071 latius
2720 5017 2821 5071 lib.
2856 5017 2921 5071 de
2971 5017 3095 5073 Cor.
3135 5020 3254 5073 mil.
3289 5017 3385 5074 ubi
3419 5017 3642 5077 multas
3672 5022 3786 5077 Ec-

2118 5089 2307 5143 clesize
2339 5088 2681 5143 traditiones
2713 5090 2937 5159 probat.
2973 5088 3117 5143 PAM.

2191 5161 2301 5231 (67)
2330 5160 2623 5215 Collocavit
2673 5161 2735 5215 in
2768 5160 3077 5231 vestibulo._
3109 5160 3479 5215 Consuetudo
3529 5166 3590 5217 et
3619 5164 3786 5222 ritus

2116 5236 2239 5305 erat
2269 5229 2334 5286 ut
2365 5232 2708 5305 pmnitentes
2736 5231 2798 5305 in
2830 5229 3121 5286 vestibulo
3152 5231 3404 5287 ecclesiae
3438 5244 3782 5305 manerent,

2115 5303 2186 5357 ad
2221 5319 2393 5373 quem
2425 5302 2682 5374 respicit.
2716 5304 2962 5357 ALBASP.

2188 5375 2298 5445 (68)
2329 5374 2431 5428 Sed
2489 5375 2735 5445 amplius
2793 5389 3109 5446 nunquam.
3160 5374 3306 5445 Ergo
3365 5390 3484 5430 una
3534 5380 3780 5435 tantum

2114 5450 2238 5499 erat
2267 5450 2400 5517 post
2424 5446 2777 5518 baptismum
2813 5445 3170 5516 poenitentia.
3206 5448 3451 5500 ALBASP.

2183 5518 2291 5581 (69)
2332 5519 2589 5573 Miserius
2629 5523 2712 5571 est
2756 5518 3064 5588 perdidisse
3110 5533 3294 5587 quam.
3328 5522 3437 5572 etc.
3489 5519 3781 5577 Miserius

2112 5594 2201 5661 est
2228 5588 2418 5643 multo
2460 5590 2708 5645 salutem
2759 5606 2936 5661 quam
2988 5591 3263 5661 accepisti
3311 5591 3602 5661 baptismo
3634 5609 3780 5661 ρει--

2108 5659 2244 5787 gere
2274 5663 2589 5731 peccando,
2621 5659 2798 5733 quam
2839 5660 3080 5717 omnino
3110 5677 3239 5717 eam
3289 5659 3407 5717 non
3438 5659 3773 5736 accepisse.

2159 5746 2351 5787 LBASP.

2159 5746 2351 5789 LBASP.
