4148 6194
370 346 526 408 1353

992 476 1216 533 CAPUT
1256 477 1398 534 VIII.

443 566 502 621 Id
537 566 586 621 si
617 567 870 634 dubitas,
904 566 1098 623 evolve
1124 584 1250 639 quae
1281 567 1533 639 Bpiritus
1561 569 1838 625 Ecclesiis
1871 569 2025 625 dicat

373 656 555 725 (Apoc.
602 672 641 723 1,
695 673 756 725 ιι,
805 660 911 727 ιιι).
974 662 1269 712 Desertam
1326 657 1697 713 dilectionem
1756 659 2021 730 Ephesiis

372 744 651 815 imputat,
681 750 952 816 stuprum
1000 751 1058 801 et
1101 745 1561 817 idolothytorum
1592 763 1759 801 esum
1789 746 2022 819 Thyati-

373 832 532 889 renis
561 833 891 905 exprobrat.
944 835 1159 890 Sardos
1190 835 1233 870 ⁵⁸
1263 852 1379 890 non
1424 833 1730 907 plenorum
1779 852 2019 907 operum

373 922 625 990 incusat,
662 923 1049 994 Pergamenos
1099 924 1370 979 docentes
1401 941 1672 995 perversa
1711 926 2021 997 reprehen-

373 1011 461 1066 dit
485 1028 499 1079 ;
534 1012 885 1067 Laodicenos
908 1013 1155 1067 ﬁdentes
1177 1012 1392 1067 divitiis
1414 1014 1719 1085 objurgat:
1749 1019 1805 1070 et
1827 1021 2020 1071 tamen

373 1117 577 1157 omnes
609 1103 677 1156 ad
728 1101 1124 1173 paenitentiam
1175 1107 1527 1169 commonet,
1560 1105 1671 1158 sub
1703 1106 2023 1160 commina-

370 1188 629 1244 tionibus
680 1189 939 1259 quidem.
973 1189 1097 1243 Non
1147 1190 1606 1245 comminaretur
1661 1197 1860 1247 autem
1904 1209 2022 1247 non

370 1276 760 1348 pcsnilenti,si
793 1294 909 1332 non
940 1277 1269 1348 ignosceret
1301 1277 1625 1349 pmnitenti.
1659 1280 1937 1350 Dubium,
1971 1282 2020 1337 si

367 1383 484 1421 non
517 1372 573 1422 et
600 1365 740 1421 alibi
794 1364 942 1421 hanc
975 1365 1298 1421 clementiae
1329 1383 1450 1421 suis
1484 1367 1884 1438 profusionem
1918 1372 2021 1426 de-

367 1460 778 1511 monstrasset.
825 1456 964 1525 Non,
992 1454 1073 1510 ait
1116 1456 1337 1527 (Jerem.
1385 1473 1506 1524 vni,
1540 1458 1611 1525 4;
1645 1459 1801 1529 Osee,
1832 1476 1909 1526 v1,
1940 1460 2018 1532 .6),

366 1547 463 1616 qui
490 1545 769 1612 ceciderit,
822 1553 1097 1613 resurget,
1127 1549 1177 1599 et
1208 1546 1305 1615 qui
1352 1550 1644 1601 aversatus
1689 1549 1861 1619 fuerit
1889 1565 2018 1604 con-

363 1637 657 1690 vertatur?
689 1632 790 1689 Ille
840 1638 931 1689 est
981 1632 1228 1700 scilicet,
1279 1633 1377 1689 ille
1424 1638 1512 1689 est
1560 1635 1662 1706 qui
1712 1638 2018 1693 misericor-

364 1724 525 1779 diam
572 1723 782 1779 mavult
832 1740 997 1795 quam
1046 1724 1321 1793 sacriﬁcia
1350 1724 1414 1779 ⁸⁷.
1448 1725 1729 1780 Laetamur
1774 1727 1918 1796 cwli,
1967 1731 2020 1782 et

1592 349 1822 410 LIBER
1867 349 1969 409 DE
2014 346 2526 412 POENITEN'I‘IA
2541 397 2554 412 .

3621 359 3782 420 1354

2048 483 2101 546 Α
2130 497 2329 549 suum,
2361 483 2469 540 etsi
2511 488 2815 556 acceptum
2850 484 2921 541 ab
2947 502 3013 541 eo
3054 487 3412 559 prodegeris,
3445 488 3553 544 etsi
3586 490 3784 545 nudus

2132 570 2395 637 redieris,
2428 572 2685 644 recipiet,
2735 573 2874 643 quia
2926 573 3147 645 redisti,
3201 575 3507 648 magisque
3564 577 3635 633 de
3693 594 3782 635 re-

2132 674 2336 728 gressu
2373 664 2491 731 tuo,
2523 678 2699 733 quam
2736 664 2806 717 de
2858 662 3097 719 alterius
3124 664 3438 720 sobrietate
3466 665 3778 738 laetabitur,

2132 748 2232 801 sed
2266 749 2314 803 si
2348 752 2623 819 poeniteat
2652 753 2717 785 ⁵ο·
2751 767 2821 806 ex
2869 752 3086 820 animo,
3121 753 3171 807 si
3203 754 3413 809 famem
3449 758 3611 809 tuam
3643 771 3779 810 cum

2131 837 2436 893 saturitate
2488 840 2982 895 mercenariorum
3031 848 3407 912 paternorum
3450 859 3778 915 compares,

2132 923 2180 981 si
2213 942 2419 997 porcos
2467 928 2840 983 immundum
2891 928 3187 1001 relinquas
3220 947 3419 1003 pecus,
3450 931 3499 987 si
3548 936 3776 1004 patrem

2131 1018 2360 1085 repetas
2417 1015 2505 1070 vel
2554 1016 2865 1084 oﬂ'ensum,
2919 1018 3156 1089 Deliqui,
3204 1020 3425 1088 dicens,
3469 1024 3649 1092 pater,
3679 1037 3780 1077 nec

2130 1103 2331 1171 dignus
2386 1120 2478 1175 ego
2523 1107 2647 1178 jam
2704 1109 2891 1161 vocari
2945 1110 3092 1162 tuus.
3125 1108 3377 1163 Tantum
3425 1108 3640 1164 relevat
3669 1110 3778 1181 (70)

2130 1193 2418 1248 confessio
2440 1194 2785 1250 delictorum
2807 1196 3169 1267 “,quantum
3196 1197 3591 1253 dissimulatio
3613 1215 3782 1270 exag-

2131 1286 2311 1353 gerat.
2345 1281 2645 1338 Confessio
2676 1283 2831 1338 enim
2868 1283 3290 1340 satisiactionis
3324 1286 3636 1343 consilium
3668 1293 3779 1357 est,

2130 1369 2522 1427 dissimulatio
2553 1372 2956 1427 contumaciaa.

2772 1514 3002 1570 CAPUT
3044 1514 3135 1569 IX.

2199 1637 2386 1707 Hujus
2417 1637 2594 1709 igitur
2616 1637 2967 1709 poenitentiae
2990 1638 3258 1693 secundae
3282 1642 3337 1693 et
3360 1639 3782 1711 unius,quanto

2127 1725 2184 1780 in
2219 1730 2378 1781 arcto
2409 1726 2709 1797 negotium
2741 1732 2850 1793 est,
2884 1731 3047 1783 tanto
3092 1728 3391 1798 operosior
3421 1729 3685 1800 probatio
3714 1730 3781 1796 ⁵³,

364 1814 461 1884 qui
492 1812 617 1868 illic
643 1814 846 1884 angeli,
889 1814 1214 1885 paenitentia
1262 1813 1496 1868 hominis
1547 1815 1748 1884 (Matth.
1796 1832 1873 1885 1x,
1910 1817 2016 1888 13).
2048 1843 2096 1907 B
2126 1820 2192 1870 ut
2238 1832 2354 1870 non
2401 1815 2529 1871 sola
2574 1816 2933 1872 conscientia
2961 1817 3005 1851 ⁸³
3039 1816 3384 1888 proferatur,
3433 1818 3534 1873 sed
3582 1817 3781 1890 aliquo

367 1905 520 1961 Heus
548 1909 634 1971 tu,
686 1907 975 1975 peccator,
1008 1904 1163 1959 bono
1211 1904 1407 1959 animo
1457 1904 1561 1971 sis,
1594 1905 1755 1959 vides
1805 1906 1903 1960 ubi
1948 1908 2019 1962 de

363 1995 463 2048 tuo
516 1992 704 2047 reditu
736 1992 778 2025 ⁸⁸
820 1992 1167 2063 gaudeatur.
1219 1992 1364 2055 Quid
1407 1992 1506 2047 illa
1557 1992 2017 2050 similitudinum

362 2081 799 2137 Dominicarum
825 2086 1172 2152 argumenta
1186 2081 1353 2136 nobis
1370 2081 1783 2146 volunt?Quod
1807 2085 2021 2141 mulier

361 2170 704 2226 drachmam
738 2170 993 2240 perdidit
1023 2175 1080 2224 et
1109 2168 1375 2240 requirit,
1410 2174 1469 2225 et
1499 2172 1735 2242 reperit,
1787 2176 1843 2226 et
1872 2173 2017 2227 ami-

361 2276 459 2316 cas
492 2260 561 2315 ad
595 2259 877 2330 gaudium
910 2258 1139 2325 invitat,
1173 2274 1366 2313 nonne
1398 2259 1655 2314 restituti
1696 2262 2018 2330 peccatoris

360 2348 690 2420 exemplum
744 2345 874 2404 est?
922 2347 1087 2402 Errat
1136 2352 1193 2401 et
1246 2363 1363 2401 una
1414 2347 1665 2418 pastoris
1694 2348 1738 2383 5°
1766 2348 2015 2421 ovicula,

361 2438 463 2493 sed
494 2453 637 2508 grex
660 2454 777 2493 una
801 2436 990 2491 carior
1019 2452 1134 2490 non
1158 2436 1278 2491 erat
1304 2452 1316 2491 :
1347 2451 1463 2489 una
1494 2434 1595 2491 illa
1626 2428 2015 2507 conquiritur,

361 2542 481 2581 una
511 2542 614 2596 pro
640 2525 917 2581 omnibus
947 2524 1398 2589 desideratur,et
1428 2525 1663 2579 tandem
1698 2525 2016 2594 invenitur,

362 2620 419 2671 et
444 2614 705 2670 humeris
737 2613 990 2685 pastoris
1022 2613 1211 2686 ipsius
1244 2614 1497 2669 refertur
1529 2631 1542 2669 :
1580 2613 1829 2671 multum
1859 2616 2015 2673 enim

362 2704 610 2761 errando
660 2703 1043 2759 laboraverat.
1080 2702 1250 2758 Illum
1298 2704 1468 2757 etiam
1502 2702 1886 2759 mitissimum
1916 2724 2017 2777 pa-

363 2796 512 2847 trem
551 2809 665 2848 non
697 2794 922 2859 tacebo,
975 2790 1075 2862 qui
1110 2792 1420 2863 prodigum
1462 2792 1647 2846 ﬁlium
1681 2798 1930 2863 revocat,
1962 2800 2019 2850 et

362 2886 496 2952 post
518 2881 774 2951 inopiam
799 2880 1175 2951 pmnitentem
1196 2880 1241 2914 ⁶⁰
1262 2878 1454 2935 libens
1477 2880 2019 2952 suscipit,immolat

360 2969 614 3025 vitulum
648 2968 1321 3041 praeopimum,convivio
1352 2969 1635 3040 gaudium
1660 2986 1835 3025 suum
1859 2987 2017 3027 exor-

360 3063 484 3115 nat.
519 3056 779 3124 Quidni?
810 3059 1015 3114 1243
1052 3056 1235 3112 ﬁlium
1290 3057 1447 3113 enim
1488 3058 1808 3122 invenerat,
1842 3077 2015 3130 quem

359 3148 678 3214 amiserat;
712 3148 993 3202 cariorem
1043 3150 1333 3216 senserat,
1367 3163 1540 3218 quem
1583 3146 1729 3202 lucri
1780 3150 2009 3205 fecerat.

2128 1904 2301 1959 etiam
2329 1908 2463 1959 actu
2486 1904 3020 1959 administretur.ls
3043 1908 3231 1971 actus,
3248 1905 3348 1976 qui
3372 1906 3561 1977 magis
3584 1906 3781 1962 Greece

2126 1992 2408 2047 vocabulo
2440 1992 2785 2063 exprimitur
2814 1996 2872 2048 et
2898 1993 3783 2067 frequentatur,Exomologesis

2128 2085 2215 2137 est
2233 2082 2365 2153 (71),
2386 2098 2502 2152 qua
2527 2080 2803 2137 delictum
2823 2082 3067 2137 Domino
3091 2085 3361 2137 nostrum
3385 2083 3735 2138 conﬁtemur
3767 2100 3779 2137 :

2128 2186 2244 2225 non
2291 2169 2526 2239 quidem
2584 2173 2647 2224 ut
2695 2170 2920 2241 ignaro,
2953 2172 3054 2227 sed
3112 2175 3406 2242 quatenus
3456 2172 3783 2227 satisfactio

2128 2258 2493 2314 confessione
2568 2257 2923 2329 disponitur,
2996 2258 3364 2316 confessione
3440 2260 3785 2332 pmnitentia

2129 2346 2410 2415 nascitur,
2446 2347 2787 2417 pmnitentia
2834 2346 2988 2402 Deus
3035 2347 3365 2420 mitigatur.
3396 2348 3601 2419 Itaque
3644 2351 3785 2403 Exo-

2129 2436 2441 2508 mologesis
2490 2435 2898 2508 prosternendi
2946 2440 3004 2491 et
3045 2435 3473 2492 humiliﬁcandi
3525 2436 3785 2493 hominis

2127 2525 2436 2596 disciplina
2467 2530 2574 2593 est,
2608 2525 3109 2580 conversationem
3155 2526 3363 2582 I244
3395 2526 3710 2598 injungens
3738 2526 3785 2562 “

2126 2614 2540 2669 misericordiae
2562 2612 2801 2680 illicem;
2817 2613 2887 2669 de
2910 2615 3036 2685 ipso
3059 2630 3289 2685 quoque
3311 2614 3516 2669 habitu
3540 2619 3718 2685 atque
3738 2614 3782 2649 ⁸⁸

2126 2703 2281 2757 victu
2317 2703 2573 2771 mandat,
2599 2718 2765 2757 sacco
2796 2707 2855 2757 et
2884 2701 3062 2757 cineri
3092 2703 3372 2758 incubare
3403 2703 3534 2773 (72),
3569 2718 3781 2775 corpus

2126 2790 2396 2847 sordibus
2427 2790 2759 2853 obscurare,
2795 2791 3059 2847 animum
3112 2791 3459 2847 maeroribus
3508 2791 3778 2862 dejicere,

2126 2880 2226 2935 illa
2257 2897 2373 2951 qua
2406 2879 2661 2949 peccavit
2708 2878 2861 2933 tristi
2916 2878 3266 2934 tractatione
3310 2884 3576 2949 mutare;
3610 2886 3780 2936 caste-

2127 2985 2257 3022 rum
2292 2974 2525 3039 pastum
2557 2971 2613 3021 et
2645 2972 2844 3037 potum
2881 2983 3028 3038 pura
3056 2983 3231 3023 nosse
3261 2970 3527 3039 (73),non
3558 2969 3781 3025 ventris

2126 3056 2369 3120 scilicet,
2402 3058 2500 3111 sed
2535 3056 2743 3111 animas
2775 3072 2987 3111 caussa
3016 3072 3030 3111 :
3063 3055 3412 3129 plerumque
3460 3073 3593 3113 vero
3616 3058 3779 3129 jeju-

2129 3148 2241 3202 niis
2272 3162 2472 3217 preces
2517 3145 2690 3212 alere,
2738 3144 3144 3216 ingemiscere,
3177 3145 3509 3218 lacrymari,
3543 3152 3599 3202 et
3650 3164 3781 3202 mu-

359 3236 503 3300 Ouis
534 3235 631 3291 ille
661 3208 830 3291 nobis
861 3235 1281 3308 intelligendus
1313 3208 1477 3307 pater
1498 3234 1525 3288 ‘I
1556 3235 1712 3291 Deus
1743 3238 1965 3294 scilicet
1999 3257 2013 3308 ;
2046 3208 2089 3274 C
2130 3237 2252 3308 gire
2272 3208 2409 3291 ‘dies
2462 3208 2775 3304 noctesque
2802 3208 2875 3289 ad
2926 3208 3237 3290 Dominum
3289 3208 3471 3291 ﬁcum
3494 3208 3683 3291 vtuum
3714 3236 3781 3304 “,

357 3330 482 3382 tam
516 3329 683 3397 pater
714 3341 905 3393 nemo,
938 3328 1062 3380 tam
1096 3325 1229 3396 pius
1256 3340 1450 3381 nemo.
1488 3325 1539 3380 Is
1571 3322 1709 3397 ergo
1744 3331 1797 3382 te
1829 3327 2016 3383 ﬁlium

2130 3323 2487 3397 presbyteris
2533 3322 2757 3378 advolvi
2790 3323 2923 3395 (74),
2955 3327 3011 3379 et
3040 3323 3236 3380 charis
3260 3325 3302 3359 ⁸⁷
3337 3324 3433 3380 Dei
3463 3325 3775 3397 adgenicu-

1778 3459 1980 3521 Varias
2033 3459 2349 3521 lectiones.

434 3565 477 3599 ⁸⁸
508 3562 742 3619 Sardios
775 3562 955 3618 Paris.
988 3562 1157 3617 Fran.
1252 3562 1293 3597 ⁵⁷
1326 3561 1692 3617 Sacriﬁcium
1725 3566 1892 3620 Fran.

365 3637 549 3691 tentia
581 3635 741 3690 Seml.
779 3633 1177 3705 paenitentiam
1212 3636 1375 3688 Fran.
1411 3636 1592 3688 Paris.
1630 3636 1834 3704 Rigalt.

1988 3567 2031 3601 ³⁸
2068 3565 2274 3621 Reditu
2306 3564 2502 3617 aberat
2530 3576 2563 3613 a
2597 3559 2765 3613 Rhen.

1939 3638 2006 3672 ⁸⁰”
2038 3642 2112 3692 Te
2142 3637 2267 3691 add.
2299 3640 2432 3691 Jun.

2871 3560 2916 3594 “9
2948 3559 3168 3615 Pastori
3202 3560 3407 3629 Rigalt.
3508 3561 3554 3596 ⁶⁰
3585 3561 3774 3617 Poeni-

2530 3632 2571 3667 ⁸1
2609 3630 2891 3686 Delicium
2928 3634 3110 3688 Paris.
3207 3633 3249 3667 ⁶¹
3282 3636 3382 3687 Est
3411 3632 3565 3688 addit
3592 3635 3772 3689 Paris.

368 3710 535 3764 Fran.
569 3703 792 3776 Rigaltf
850 3706 894 3741 ⁸³
926 3705 1271 3778 Przeferatur
1301 3708 1464 3760 Fran.
1497 3707 1678 3761 Paris.
1714 3708 1912 3778 Rigalt.
1945 3709 2274 3764 Perferatur
2304 3708 2365 3760 P.
2399 3706 2716 3778 Ciaconiu:1
2788 3703 3162 3778 “_Inungens
3185 3704 3297 3759 cod.
3323 3704 3541 3778 Divion.
3617 3706 3777 3778 °‘_Sic

365 3785 419 3836 et
448 3775 646 3837 Junius
674 3779 837 3851 legit;
868 3777 975 3851 alii
1002 3776 1236 3851 addunt,
1265 3778 1420 3851 victu
1454 3778 1732 3851 mandat;
1767 3775 1907 3851 quod
1936 3798 1967 3834 a
2001 3782 2168 3836 Rhen.
2198 3782 2369 3851 abest.
2410 3779 2515 3833 Vox
2546 3775 2787 3831 mandat
2814 3775 2958 3831 deest
2987 3775 3046 3830 in
3083 3776 3311 3831 edition.
3362 3776 3558 3847 Rhen.,
3589 3776 3680 3833 sed
3706 3778 3776 3832 ab

366 3868 427 3908 eo
456 3856 641 3923 postea
667 3849 868 3905 addita
898 3850 961 3904 in
990 3848 1107 3904 cod.
1143 3848 1296 3904 Gors.
1373 3848 1417 3883 ⁶⁶
1448 3849 1634 3904 Suum
1666 3848 1787 3921 Rigl

1865 3852 1907 3885 ⁸⁷
1936 3853 2067 3907 Aris
2094 3850 2271 3908 Seml.

1811 3968 2330 4031 Commentarius.

440 4077 554 4146 (70)
588 4076 811 4129 Tantum
860 4073 1092 4146 relevat.
1145 4072 1224 4146 De
1275 4071 1639 4127 confessione
1687 4074 1922 4144 publica
1950 4091 2015 4131 ac

370 4144 704 4220 partienlari
738 4146 860 4200 hmo
911 4144 1255 4220 accipienda
1286 4161 1399 4199 non
1452 4150 1611 4211 sunt,
1641 4147 1738 4200 sed
1774 4147 1844 4200 de
1874 4164 2014 4202 con-

369 4216 619 4275 fessione
650 4234 765 4288 qua
797 4225 1064 4287 peccator
1108 4216 1367 4287 seipsum
1420 4220 1533 4288 Deo
1565 4222 1838 4288 (accusat.
1870 4222 2012 4273 ALB.

439 4291 547 4361 (71)
600 4286 1369 4361 Ειέοτηοιοθεείςςίεετςῡμω
1426 4286 1691 4358 pluribus
1749 4289 2015 4345 dicamus

366 4358 506 4432 quid
532 4358 616 4416 sit
646 4358 1104 4431 Exomologesis,
1132 4358 1519 4432 pluribusque
1549 4363 1883 4432 probemus,
1918 4379 2016 4417 sa-

366 4430 443 4487 tis
475 4437 600 4487 tum
635 4434 743 4487 erit
772 4430 964 4487 dicere
996 4447 1098 4503 per
1134 4430 1267 4503 eam
1330 4430 1752 4503 confessionem
1785 4434 2017 4488 auricu-

364 4503 546 4559 larem
579 4520 691 4558 non
742 4500 1014 4574 intelligi,
1050 4502 1150 4556 sed
1182 4506 1350 4557 actus
1405 4500 1619 4573 quibus
1667 4504 2016 4574 pcsnitentes

363 4576 587 4631 caeteris
617 4575 965 4645 pcsnitentiaa
998 4591 1116 4629 suae
1148 4574 1322 4628 ﬁdem
1357 4574 1631 4629 facerent.
1669 4580 1904 4631 Annasp.

2304 4068 2580 4142 ΙΙυΘσὶγορἰ
2610 4065 2785 4142 οἷ’μομι,
2814 4065 2905 4142 κα)
2939 4064 3103 4141 ὶόγοι

2305 4136 2531 4205 Λεπτὸἓ,’
2551 4136 3073 4214 (θεωριλεδμέγαξςὶε
3100 4136 3381 4214 φροντίδες

2303 4213 2559 4288 Τρέφουσ¹
2590 4206 2941 4288 ἐμέίείουςίῌτᾲ
2969 4206 3025 4263 δὲ
3054 4206 3168 4288 δαίθ’
3202 4210 3408 4288 ἠμέρᾳν
3449 4207 3594 4281 τάδε,

2303 4272 2366 4339 νᾹ
2380 4272 2502 4357 ρίτος
2534 4283 2786 4357 καθαρὸς,
2820 4281 3185 4357 εἷςγέκατέρῳ,
3219 4272 3488 4355 ἆξοέήριον

2301 4356 2550 4421 Ὕδατος,
2579 4356 2813 4409 τοσαῦτα
2840 4356 3028 4409 ταῦτα.

2124 4479 2203 4530 De
2238 4473 2569 4600 frlugalitate
2623 4471 3115 4543 Pythagoreorum
3148 4473 3351 4525 notum
3381 4473 3471 4523 est
3498 4468 3646 4525 illud
3675 4470 3774 4525 Ju-

2124 4562 2267 4600 vena
2301 4565 2348 4600 IS
2383 4563 2395 4600 :

2124 4562 2348 4601 venalis
2383 4563 2395 4600 ἒ

435 4648 548 4729 (72)
578 4646 741 4731 Sac‘co
796 4652 850 4701 et
902 4647 1079 4731 cineri
1130 4645 1415 4731 incutere.
1460 4645 1901 4731 Qoqciliciatum
1959 4651 2015 4703 et
2046 4667 2092 4731 Β
2186 4652 2336 4701 Unde
2368 4650 2587 4713 epulum
2621 4646 2794 4711 possis
2824 4650 3039 4695 centum
3071 4646 3197 4694 dare
3227 4645 3595 4709 Pythagoreis.
3664 4648 3775 4696 Rue.

362 4716 822 4784 conciueratum,
854 4722 921 4772 ut
952 4718 1079 4788 ipse
1130 4716 1283 4771 dicet
1311 4716 1410 4771 lib.
1448 4717 1511 4773 de
1540 4718 1731 4774 Pudic.
1767 4742 1793 4769 ‹‹
1824 4721 1886 4775 In
1919 4737 2015 4776 as-

364 4791 700 4861 peritudine
731 4788 883 4862 sacci
916 4787 988 4862 et;
1012 4787 1253 4862 horrore
1293 4789 1534 4862 cineris,
1566 4811 1593 4838 »
1628 4796 1693 4844 ut
1719 4791 1813 4845 hic
1844 4791 2015 4862 paulo

365 4859 501 4933 post
533 4878 767 4918 saccum
824 4860 909 4916 sic
956 4859 1239 4915 describit
1291 4859 1566 4915 Paulinus
1613 4863 1684 4916 ad
1732 4859 2014 4919 Pneuma-

366 4935 514 4989 tium
544 4951 557 4990 :

489 5031 542 5081 Si
573 5030 733 5079 modo
765 5030 1035 5093 lugentem
1072 5029 1250 5093 gravis
1276 5028 1416 5079 hirto
1446 5030 1891 5093 tegminesaccus

550 5092 904 5155 Caprigeoum
937 5092 1065 5141 setis
1096 5092 1222 5140 dum
1257 5095 1404 5155 tegat
1436 5097 1489 5139 et
1520 5092 1771 5141 stimulet.
1842 5094 1951 5143 Rlc.

437 5182 552 5252 (73)
605 5184 836 5236 Pastum
890 5184 941 5234 et
982 5185 1174 5250 potum
1218 5197 1361 5251 pura
1402 5196 1578 5234 nosse.
1642 5180 1792 5235 Alibi
1853 5182 2015 5250 dixit,

362 5271 511 5310 mero
541 5268 682 5324 pane
710 5260 760 5306 et
808 5252 1063 5324 aqua,_id
1098 5256 1207 5316 est,
1243 5269 1406 5322 puro,
1442 5252 1560 5307 sive
1611 5252 1755 5316 solo,
1797 5253 2019 5324 absque

364 5327 507 5381 ullis
539 5320 669 5379 aliis
718 5320 1053 5389 esculentis,
1088 5320 1311 5392 absque
1358 5324 1767 5379 condimentis.
1804 5325 1896 5380 Sic
1929 5320 2018 5379 'ad

360 5396 695 5468 Scapulam,
734 5394 1207 5468 «(Sacriﬁcamus
1270 5410 1442 5468 pura
1472 5412 1656 5466 preco,
1694 5420 1719 5444 ››
1755 5396 1861 5448 hoc
1909 5401 2016 5459 est,

362 5466 582 5537 absque
630 5466 933 5537 odoribus,
964 5466 1187 5536 absque
1236 5466 1543 5537 sanguine,
1578 5470 1792 5536 absque
1824 5469 2018 5531 thure,

363 5536 588 5609 absque
638 5536 899 5607 victima,
933 5537 1165 5609 hocgest
1195 5536 1447 5609 pane’et
1494 5556 1658 5608 aqua.
1694 5540 1902 5595 Eodem
1938 5540 2020 5594 si-

362 5606 641 5685 gnificatu
668 5609 838 5685 (ἄρτον
862 5606 1105 5685 -κριθᾳρὸν
1142 5608 1288 5662 dixit
1336 5606 1730 5685 Alexisipoeta
1760 5611 2020 5685 comicus

365 5680 425 5739 in
459 5680 784 5746 Tarentinis,
821 5681 921 5736 ubi
965 5682 1201 5750 jocatur
1248 5680 1515 5737 versibus
1566 5682 2019 5753 elegantissimis

364 5757 424 5811 in
458 5756 691 5810 diaetam
726 5753 1223 5826 Pythagoreorum
1259 5768 1270 5807 :

692 5881 957 5943 PATROL.
1005 5877 1055 5940 Ι.

2197 4758 2306 4827 (74)
2338 4754 2687 4825 Presbyteri:
2718 4752 2952 4806 advolvi.
2987 4751 3067 4805 En
3103 4752 3393 4827 quomodo
3426 4756 3560 4807 ante
3591 4769 3778 4810 sacer-

2124 4826 2295 4883 dotes
2320 4827 2706 4890 volverentur,
2742 4828 2804 4877 ut
2846 4828 3082 4893 peccata
3112 4839 3218 4877 sua
3250 4826 3690 4894 conﬁterentur,
3722 4830 3780 4882 et

2124 4916 2327 4956 eorum
2359 4898 2585 4953 veniam
2639 4894 3189 4967 obtinere_nt,iaiunt
3239 4894 3607 4967 interpretes,
3641 4914 3777 4953 cum

2123 4970 2393 5037 Baronio,
2435 4965 2806 5030 Bellarmino,
2858 4965 3190 5020 Maldonato
3240 4966 3295 5020 in
3346 4965 3778 5026 controversiis.

2124 5048 2240 5115 Ego
2272 5044 2381 5099 etsi
2434 5042 2591 5096 hunc
2634 5037 2808 5115 ritum
2863 5038 3346 5115 antiquissimum
3396 5056 3526 5095 esse
3563 5042 3776 5115 fatear,

2124 5108 2201 5171 ei
2225 5115 2315 5170 his
2344 5120 2542 5170 tamen
2578 5108 2809 5183 probari
2844 5108 3044 5177 nequit
3068 5127 3081 5177 ;
3103 5125 3238 5163 nam
3271 5127 3403 5165 cum
3427 5127 3529 5183 pro
3555 5108 3778 5167 foribus

2124 5186 2331 5258 templi
2381 5180 2603 5258 starent
2655 5180 3015 5258 pcenﬁitentes.
3054 5180 3556 5258 praetereuntibus
3586 5200 3777 5258 sacer-

2126 5251 2363 5313 dotibus
2392 5251 2735 5324 caeterisq’ue
2764 5251 3055 5315 ﬁdelibus,
3091 5253 3369 5309 omnibus
3399 5255 3640 5309 omnino
3671 5256 3776 5309 do-

2124 5328 2298 5384 lentis
2331 5328 2510 5384 animi
2544 5326 2725 5396 signis
2755 5324 3153 5396 paenitentiam
3186 5341 3356 5380 suam
3388 5330 3777 5396 testabantur,

2124 5399 2399 5478 lacrymis
2434 5416 2546 5452 non
2582 5396 3219 5478 parcebantnprecibus
3254 5398 3626 5478 insistebant,
3660 5395 3779 5478 vol-

2125 5472 2429 5533 vehantur,
2464 5476 2521 5523 et
2551 5467 2598 5523 si
2632 5485 2755 5536 quis
2784 5467 2898 5521 alia
2929 5468 3101 5523 habet
3134 5469 3635 5538 pcenitentia,quze
3668 5468 3777 5521 mi-

2128 5543 2505 5597 sericordiam
2568 5555 2795 5595 movere
2856 5540 3102 5607 possint,
3136 5556 3248 5593 non
3308 5539 3679 5608 ouiittebant,
3717 5545 3779 5594 ut

2128 5629 2330 5685 pacem
2366 5616 2801 5682 recuperarent:
2837 5626 3009 5685 quem
3034 5612 3220 5685 ritum
3253 5609 3777 5685 describitauctor,

2128 5680 2260 5741 cum
2295 5684 2375 5739 ait
2424 5680 2767 5756 presbyteri:
2825 5682 3061 5756 advolvi,
3094 5697 3274 5751 quare
3324 5680 3472 5739 nihil
3528 5682 3649 5739 haec
3706 5684 3779 5741 ad

2130 5757 2382 5814 confess.
2417 5753 2825 5814 auricularem.
2863 5753 3108 5809 Anaasp.

3378 5880 3467 5945 43’
