4148 6194
439 340 592 402 1355

997 333 1523 399 TEHTULLIANI
1570 338 1892 400 OPEltUM
1943 336 2142 399 PARS
2190 334 2325 398 l.-—
2356 332 2630 400 SEitIES
2675 340 2751 412 Il,
2798 340 3277 402 DOGMATICA.

3688 344 3839 403 1356

432 474 540 529 lari
569 471 983 544 (75),omnibus
1004 471 1283 526 fratribus
1304 471 1625 542 legationes
1648 472 2075 543 deprecationis
2103 474 2155 539 Α
2188 473 2353 539 forte,
2388 490 2703 529 onerosum
2735 477 2843 541 est,
2881 489 3011 530 cum
3040 490 3218 547 penes
3254 475 3642 531 insultaturos
3674 476 3733 530 in
3764 476 3844 530 ri-

434 579 556 617 suae
585 563 915 632 injungere.
948 560 1078 614 ΙΙωο
1123 559 1322 616 omnia
1370 559 1823 632 Exomologesis,
1857 565 1923 616 ut
1969 578 2081 631 poe-

434 650 744 706 nitentiam
792 649 1183 719 commendet,
1216 653 1281 703 ut
1311 648 1382 704 de
1432 648 1677 721 periculi
1730 649 1941 703 timore
1972 649 2083 704 Do-

435 739 664 796 minum
694 739 1039 805 honoret,ut
1069 738 1127 793 in
1158 742 1520 808 peccatorem
1544 738 1673 809 ipsa
1696 738 2085 809 pronuntians

437 846 543 902 pro
569 829 665 884 Dei
690 827 1089 901 indignatione
1111 824 1407 898 fungatur,
1440 830 1497 882 et
1513 825 1822 897 temporali
1846 826 2085 882 afﬂicta-

436 920 597 976 tione
624 919 668 954 ⁸⁸
698 922 911 974 aeterna
940 914 1230 989 supplicia
1256 932 1371 971 non
1402 915 1593 971 dicam
1625 915 1957 984 frustretur,
1984 916 2084 971 sed

440 1009 904 1081 expungat.Cum
936 1006 1117 1077 igitur
1145 1005 1429 1077 provolvit
1462 1003 1765 1061 hominem
1795 1005 1930 1077 (76),
1964 1022 2086 1061 ma-

437 1097 529 1169 gis
558 1097 955 1154 relevatzcum
986 1093 1323 1165 squalidum
1356 1093 1711 1167 facit,magis
1734 1095 2084 1150 mundatum

438 1187 677 1242 reddit:
712 1203 848 1242 cum
896 1188 1152 1253 accusat,
1204 1200 1339 1239 cum
1391 1184 1762 1255 condemnat,
1812 1183 2082 1240 absolvit.

439 1278 505 1334 In
536 1280 822 1348 quantum
872 1292 987 1332 non
1037 1273 1366 1347 peperceris
1414 1273 1546 1343 tibi,
1578 1273 1638 1329 in
1690 1277 1922 1329 tantum
1976 1274 2082 1329 tibi

440 1371 614 1436 Deus,
649 1366 839 1433 crede,
868 1367 1087 1436 parcet.

1095 1505 1326 1562 CAPUT
1364 1504 1427 1559 X.

510 1632 824 1703 Plerosque
879 1635 1075 1686 tamen
1132 1628 1243 1686 hoc
1300 1645 1471 1702 opus,
1513 1634 1576 1685 ut
1628 1629 2083 1702 publicationem

436 1722 530 1779 sui
561 1723 813 1794 (‘77),aut
839 1720 1156 1791 suﬁ‘ugere,
1188 1723 1292 1774 aut
1329 1719 1400 1774 de
1432 1718 1524 1775 die
1554 1719 1614 1774 in
1647 1719 1799 1775 diem
1829 1719 2080 1787 differre,

435 1828 753 1885 praesumo;
787 1809 1031 1881 pudoris
1062 1808 1253 1880 magis
1285 1823 1577 1864 memores
1611 1825 1785 1879 quam
1819 1808 2028 1865 salutis
2065 1826 2078 1865 :

433 1901 597 1957 velut
624 1900 731 1967 illi,
755 1899 857 1970 qui
887 1899 948 1953 in
983 1898 1245 1969 partibus
1274 1896 1794 1953 verecundioribus
1825 1898 2085 1971 corporis

436 1994 734 2046 contracta
778 1988 1100 2058 vexatione,
1135 1986 1555 2042 conscientiam
1605 1987 1965 2043 medentium
1997 1989 2085 2043 vi-

434 2083 563 2136 tant
592 2079 794 2134 I245
831 2080 887 2132 et
916 2076 999 2131 ita
1046 2092 1180 2130 cum
1229 2075 1635 2131 erubescentia
1677 2094 1784 2132 sua
1816 2082 2083 2148 pereunt.

434 2167 876 2223 Intolerandum
927 2162 1149 2220 scilicet
1177 2163 1407 2235 pudori,
1441 2164 1688 2219 Domino
1740 2165 1961 2221 offenso
1992 2183 2085 2221 sa-

433 2257 721 2321 tisfacere,
774 2254 949 2311 saluti
1007 2253 1298 2325 prodactas
1347 2254 1454 2322 (78)
1512 2253 1836 2309 reformari.
1869 2259 1961 2309 Nee
2020 2260 2082 2309 tu

431 2344 783 2402 verecundia
840 2345 1048 2410 bonus,
1101 2343 1172 2396 ad
1228 2342 1690 2413 delinquendum
1748 2348 2084 2415 expandens

431 2436 705 2505 frontem,
762 2435 833 2488 ad
886 2433 1317 2504 deprecandum
1366 2447 1501 2486 vero
1559 2433 1914 2487 subducens.
1967 2437 2081 2504 Ego

430 2525 628 2581 rubori
661 2522 855 2579 locum
904 2538 1021 2577 non
1057 2521 1223 2589 facio,
1259 2537 1390 2575 cum
1440 2521 1573 2592 plus
1612 2522 1682 2575 de
1732 2522 2081 2577 detrimento

430 2616 558 2686 ejus
607 2612 870 2685 acquiro,
902 2628 1035 2667 cum
1061 2611 1105 2645 ⁶⁰
1138 2610 1261 2681 ipse
1304 2610 1601 2664 hominem
1648 2610 2080 2681 quodammodo

432 2704 793 2769 exhortatur,
841 2701 923 2756 Ne
956 2716 1048 2755 me
1078 2699 1422 2770 respexeris,
1464 2700 1687 2765 dicens,
1722 2716 1822 2771 per
1851 2704 1905 2755 te
1933 2700 2080 2754 mihi

434 2791 641 2850 melius
693 2795 784 2847 est
833 2790 1040 2863 perire.
1090 2789 1257 2845 Certe
1304 2786 1631 2859 periculum
1662 2789 1790 2860 ejus
1832 2795 1995 2857 tunc,
2029 2789 2079 2843 si

2194 562 2445 634 siloquio
2495 563 2782 634 consistit,
2818 564 2920 619 ubi
2968 564 3037 619 de
3080 564 3321 621 alterius
3354 565 3525 620 ruina
3574 564 3723 620 alter
3758 569 3842 620 at-

2194 650 2438 719 tollitur,
2500 652 2606 706 ulli
2663 657 2951 723 prostralo
3012 654 3509 725 superscenditur.
3560 654 3842 709 Cazterum

2194 740 2347 796 inter
2405 744 2613 797 fratres
2670 746 2843 813 atque
2901 759 3232 813 conservos,
3284 742 3382 799 ubi
3443 744 3774 799 communis
3800 745 3844 778 7°

2196 845 2351 900 spes,
2384 834 2602 895 metus,
2633 830 2932 902 gaudium,
2985 830 3169 899 dolor,
3224 832 3419 904 passio
3480 834 3643 904 (quia
3690 848 3845 887 com-

2197 920 2394 974 munis
2417 919 2659 990 spiritus
2686 920 2757 975 de
2786 921 3083 975 communi
3112 921 3353 976 Domino
3380 926 3439 976 et
3460 921 3673 989 Patre),
3701 920 3843 992 quid

2197 1012 2260 1063 tu
2292 1008 2397 1064 hos
2424 1009 2466 1043 ⁷¹
2501 1008 2660 1063 aliud
2711 1025 2888 1081 quam
2935 1013 2990 1063 te
3039 1009 3298 1081 opinaris
3326 1009 3486 1081 (79)?
3516 1010 3661 1076 Quid
3716 1025 3849 1066 con-

2196 1102 2382 1153 sortes
2425 1115 2670 1154 casuum
2702 1102 2937 1153 tuorum
2983 1099 3116 1167 (80),
3172 1106 3236 1155 ut
3282 1103 3611 1172 plausores,
3643 1099 3847 1173 fugis?

2194 1186 2318 1242 Non
2342 1191 2532 1258 potest
2560 1204 2773 1258 corpus
2804 1189 2875 1243 de
2922 1187 3099 1243 unius
3131 1190 3379 1244 membri
3410 1189 3709 1245 vexatione
3748 1188 3846 1244 la:-

2196 1280 2323 1331 tum
2356 1292 2528 1348 agere
2560 1293 2572 1330 :
2608 1275 2914 1332 condoleat
2943 1277 3305 1349 universum,
3338 1283 3395 1333 et
3415 1280 3487 1334 ad
3522 1278 3846 1333 remedium

2196 1364 2552 1433 conlaboret,
2587 1381 2824 1421 necesse
2856 1369 2964 1420 est.
2998 1367 3060 1421 In
3112 1383 3227 1421 uno
3258 1371 3315 1421 et
3361 1366 3541 1422 altero
3589 1365 3847 1421 Ecclesia

2195 1458 2306 1523 est,
2339 1454 2595 1509 Ecclesia
2624 1471 2757 1510 vero
2784 1454 3228 1527 Christus.Ergo
3254 1471 3387 1510 cum
3417 1459 3473 1511 te
3493 1456 3565 1510 ad
3598 1455 3847 1510 fratrum

2195 1559 2385 1616 genua
2433 1544 2755 1615 protendis,
2796 1543 3095 1600 Christum
3156 1548 3501 1613 contrectas,
3550 1544 3849 1600 Christum

2196 1650 2418 1688 exoras.
2449 1633 2631 1705 [Eque
2674 1633 2759 1687 illi
2790 1650 2923 1689 cum
2971 1650 3151 1705 super
3196 1638 3253 1690 te
3301 1634 3591 1706 lacrymas
3643 1638 3846 1705 agunt,

2195 1721 2464 1779 Christus
2496 1722 2735 1794 patitur,
2767 1723 3037 1779 Christus
3070 1726 3301 1779 Patrem
3340 1725 3706 1795 deprecatur.
3738 1723 3847 1777 Fa-

2195 1812 2301 1868 cile
2330 1812 2677 1883 impetratur
2706 1813 3117 1884 semper,quod
3143 1812 3300 1868 ﬁlius
3322 1812 3850 1885 postulat.Grandc

2196 1900 2367 1973 plane
2398 1900 2861 1956 emolumentum
2912 1901 3276 1958 verecundia:
3305 1900 3617 1956 occultatio
3646 1900 3846 1956 delicti

2196 1990 2522 2062 pollicetur.
2557 1990 2840 2046 Videlicet
2870 1991 2919 2045 si
2951 1991 3088 2061 quid
3135 1990 3406 2046 humana:
3457 1990 3676 2046 notitiae
3706 1990 3846 2045 sub-

2195 2080 2557 2149 duxerimus,
2591 2079 2835 2151 proinde
2881 2084 2937 2134 et
2986 2080 3171 2135 Deum
3223 2079 3847 2135 celabimus?Adeone

2195 2169 2550 2223 existimatio
2592 2168 2900 2223 hominum
2955 2174 3011 2224 et
3064 2169 3159 2224 Dei
3209 2167 3563 2223 conscientia
3611 2184 3847 2238 compa-

2194 2263 2398 2313 rantur
2418 2257 2446 2311 ?
2474 2263 2561 2311 An
2596 2257 2807 2312 melius
2840 2260 2928 2312 est
2958 2258 3306 2313 damnatum
3337 2258 3727 2327 latere,quam
3750 2272 3847 2327 pa-

2193 2347 2308 2400 lam
2342 2345 2562 2401 absolvi
2590 2347 2701 2417 (8l)
2720 2346 2747 2400 ?
2769 2346 3047 2401 Miserum
3072 2351 3159 2401 est
3189 2346 3272 2401 sic
3302 2347 3371 2400 ad
3398 2343 3843 2417 Exomologesin

2192 2436 2490 2505 pervenire
2524 2435 2655 2507 (82).
2691 2434 2837 2490 Malo
2868 2436 3024 2490 enim
3053 2436 3123 2489 ad
3176 2434 3469 2490 miseriam
3503 2435 3547 2469 ’⁸³
3580 2434 3845 2507 perveni-

2191 2530 2306 2590 tur,
2343 2525 2547 2579 1246
2604 2525 2705 2579 sed
2767 2524 2864 2578 ubi
2928 2523 3331 2595 pmnitendum
3391 2530 3480 2578 est
3526 2526 3571 2558 π
3624 2525 3843 2578 deserit

2191 2611 2474 2665 miserum
2511 2627 2522 2664 :
2556 2610 2691 2681 quia
2723 2611 2943 2665 factum
2994 2614 3082 2665 est
3111 2610 3389 2665 salutare.
3426 2609 3703 2665 Miserum
3755 2612 3845 2663 est

2190 2698 2375 2755 secari
2409 2703 2466 2753 et
2507 2698 2761 2754 cauterio
2815 2699 3002 2767 exuri,
3030 2702 3087 2755 et
3118 2698 3372 2770 pulveris
3405 2698 3655 2768 alicujus
3687 2714 3843 2752 mor-

2189 2788 2437 2844 dacitate
2466 2789 2511 2822 ⁷⁸
2541 2787 2788 2844 cruciari
2824 2805 2837 2843 :
2871 2793 3064 2844 tamen
3103 2804 3230 2860 qua:
3278 2805 3381 2859 per
3429 2788 3843 2843 insuavitatem

1853 2925 2056 2985 Variis
2099 2925 2421 2986 lectiones.

2642 3138 2768 3175 ran.
2818 3138 2999 3174 rans.
3051 3138 3259 3190 mgau.
3314 3138 3520 3176 amans
3567 3138 3619 3176 ει
3673 3138 3839 3191 perv.

427 3126 472 3163 ἠ
502 3125 657 3181 Tuos
684 3124 855 3179 Seml.
896 3124 1053 3194 Leop.
1108 3126 1169 3176 tu
1224 3120 1331 3194 hos
1368 3120 1495 3188 'Rig.
1539 3136 1610 3176 ex
1656 3120 1772 3176 cod.
1815 3122 1936 3176 Div.

426 3196 593 3254 Seml.
645 3196 957 3254 adventum
1007 3193 1104 3251 est
1156 3193 1367 3249 volebat
1421 3195 1593 3249 Rhen.
1650 3195 1842 3248 minus
1900 3195 2051 3249 bene.

423 3269 600 3329 Seml.

2330 3049 2374 3082 ⁶⁹
2402 3048 2549 3112 Quin
2582 3048 2764 3102 Latin.
2797 3052 2852 3102 et
2878 3052 3015 3104 Jun.
3111 3049 3157 3083 7°
3187 3047 3419 3119 Species
3456 3048 3622 3103 Fran.
3656 3050 3843 3104 Paris.

2806 3192 2853 3225 7‘
2888 3191 3147 3247 Cruciari
3206 3193 3371 3249 Fran.
3428 3192 3545 3263 Rig.
3607 3193 3842 3249 auxiari

1872 3362 2389 3425 Commentarius.

497 3482 611 3554 (75)
642 3482 704 3537 Et
730 3479 1046 3554 charispei
1073 3479 1467 3554 adgmlculari.
1508 3478 1772 3534 Putarim
1821 3495 1928 3552 ego
1978 3494 2079 3550 per
2108 3482 2150 3549 C
2191 3493 2594 3554 rum_suorur_n_
2624 3478 2922 3554 vexatione
2959 3476 3227 3554 laetatur;
3258 3475 3384 3554 imo
3408 3478 3838 3554 pariter_dolet,

426 3551 622 3610 charos
654 3554 753 3608 Dei
802 3551 1214 3623 intelligendos
1264 3567 1392 3605 esse
1435 3556 1741 3623 martyres,
1774 3551 1922 3621 ques
1955 3567 2077 3622 pm-

429 3626 684 3681 nitentes
708 3640 918 3695 rogare
950 3623 1234 3687 solebant,
1263 3626 1331 3695 ut
1356 3638 1417 3677 se
1450 3622 1714 3695 Ecclesia
1746 3623 2075 3690 redderent,

432 3701 491 3752 et
521 3694 807 3751 nonnihil
833 3696 902 3749 de
932 3694 1273 3764 poenitentia
1322 3694 1713 3765 indulgerent.
1746 3695 1911 3750 Unde
1941 3695 2078 3749 Ter-

431 3767 566 3823 tull.
618 3771 818 3821 noster
869 3766 1124 3835 Protrep.
1175 3766 1244 3821 ad
1295 3765 1464 3820 Mart.
1502 3784 1514 3822 :
1556 3787 1582 3818 α
1610 3766 1794 3829 Quam
1839 3766 2077 3837 quidam

436 3840 664 3911 [pacem
715 3837 1017 3907 nimirum]
1052 3855 1166 3892 non
1216 3837 1497 3911 habentes
1528 3837 1946 3911 a__t_nartyribus
1980 3853 2077 3908 pe-

434 3908 558 3967 tere
589 3914 1036 3965 consueverunt.
1072 3929 1097 3960 ι»
1126 3912 1202 3962 Ea
1224 3909 1445 3964 ratione
1468 3908 1756 3964 faciliores
1786 3908 2083 3965 habebant

476 3982 804 4054 resbyteros
871 3986 1223 4051 caeterosque
1244 4051 1256 4054 _
1279 3980 1666 4054 Christianos.
1697 3982 1859 4054 Quae
1918 3982 2084 4054 affert

486 4071 519 4109 a
549 4051 731 4109 Ce'rda
760 4058 823 4107 ut
854 4053 1056 4124 probet
1084 4068 1187 4124 per
1210 4051 1421 4124 charos
1440 4052 1535 4106 Dei
1569 4051 1814 4122 intelligi
1844 4053 2079 4123 presby-

436 4130 595 4181 teros
644 4124 793 4180 nihil
848 4122 919 4179 ad
970 4122 1102 4179 rem
1142 4125 1329 4178 facere
1376 4122 1679 4191 videntur;
1711 4122 2081 4195 loca’quippe

434 4197 537 4251 illa
594 4202 717 4251 tum
776 4212 844 4250 ex
902 4195 1168 4259 Eusebio,
1199 4200 1325 4249 tum
1387 4212 1452 4249 ex
1510 4195 1680 4266 Greg.
1720 4195 2081 4251 Nazianzeno

435 4268 706 4339 aliisque,
748 4267 1050 4322 referenda
1092 4272 1231 4322 sunt
1259 4266 1329 4321 ad
1366 4266 1467 4320 has
1511 4283 1702 4333 voces,
1749 4269 2082 4337 presbyteris

429 4338 666 4396 advolvi.
704 4340 780 4393 LE
816 4338 912 4393 Pa.

502 4412 614 4483 (76)
645 4410 924 4465 Provolvil
970 4409 1267 4483 hominem.
1312 4407 1534 4483 Etenim
1590 4409 1933 4479 paenitentes
1981 4426 2079 4463 vo-

434 4480 779 4537 lutabantur
808 4482 878 4535 ad
912 4498 1101 4552 genua
1135 4480 1400 4534 fratrum.
1438 4480 1562 4533 Illo.

508 4555 619 4621 (77)
654 4556 716 4611 Ut
740 4550 1180 4624 publicationem
1209 4554 1313 4605 sui.
1348 4553 1495 4615 Quia
1527 4550 1748 4605 scilicet
1778 4556 1909 4624 post
1940 4551 2079 4621 bap-

436 4623 680 4679 tismum
741 4623 843 4695 per
900 4623 1195 4694 publicam
1232 4639 1486 4695 semper
1548 4623 1961 4692 paenitentiam,
2022 4624 2080 4676 in

438 4696 703 4766 graviora
744 4694 967 4751 delicta
1012 4694 1573 4761 animadvertebant,
1608 4711 1789 4765 eaque
1833 4696 1903 4749 ob
1933 4696 2083 4749 hanc

439 4783 713 4822 caussam
762 4768 952 4840 palam
1006 4781 1429 4840 nonnunquam
1478 4767 1935 4840 exponebantur.
1975 4770 2083 4840 Ces-

436 4845 631 4894 terum
688 4836 803 4895 non
862 4838 1151 4894 assentior
1210 4836 1650 4909 interpretibus,
1680 4855 1867 4909 neque
1923 4838 2078 4892 card.

436 4910 687 4965 Baronio
718 4929 813 4966 an.
847 4911 980 4965 Chr.
1007 4910 1098 4973 56,
1132 4908 1230 4975 qui
1264 4890 1382 4962 haec
1412 4910 1481 4962 de
1513 4890 1829 4964 auricula‘ri
1858 4910 2082 4963 confes-
2116 4890 2159 4952 D

437 4982 622 5052 sione,
672 5000 787 5038 non
839 4984 908 5038 de
966 4981 1195 5051 publico
1251 4980 1601 5051 pwnitentise
1650 4988 1782 5037 actu
1835 4980 2083 5051 intelligi

432 5054 671 5121 volunt;
706 5059 829 5110 toto
879 5055 1032 5109 enim
1064 5053 1171 5107 hoc
1220 5052 1409 5123 capite
1456 5053 1523 5105 de
1571 5053 1805 5123 publica
1853 5053 2081 5108 confes-

435 5126 600 5182 sione
632 5132 1000 5198 peccatorum
1036 5130 1091 5179 et
1120 5125 1190 5179 de
1230 5123 1465 5194 publica
1496 5124 1836 5196 pmnitentia
1866 5125 2079 5196 agitur.

434 5200 679 5254 ALBAIP.

509 5270 619 5340 (78)
652 5270 840 5326 Saluti
865 5266 1159 5339 productae.
1193 5265 1437 5336 Prodiga
1487 5267 1765 5338 peccandi
1799 5266 2083 5339 protervia

434 5342 869 5413 perditissima}.
903 5341 1026 5413 ltro.

506 5413 619 5484 (79)
654 5414 791 5481 Quid
816 5422 874 5468 tu
903 5410 1011 5484 hos
1045 5407 1207 5484 aliud
1235 5424 1405 5484 quan}
1432 5412 1484 5465 te
1511 5411 1792 5484 apinaris.
1813 5409 1910 5484 Sic
1941 5408 2082 5480 legi-

432 5480 531 5538 tur
587 5480 899 5541 in’codice
951 5480 1304 5536 Divionensi.
1365 5482 1434 5535 Et
1489 5497 1617 5537 esse
1665 5482 2082 5537 verdissimum

433 5559 1105 5707 p.u(t8%)lz)l:idhcgnsorle§
1146 5626 1657 5707 casuumntuormp.
1690 5623 1855 5677 Hunc
1888 5623 2079 5679 locum

431 5692 520 5752 sic
546 5692 832 5767 expressit
862 5698 923 5751 B.
958 5695 1245 5767 Pacianus
1276 5712 1338 5767 ξε(
1369 5692 1686 5767 Consortes
1718 5711 1967 5767 casuum
1992 5712 2084 5752 ve-

434 5763 693 5825 strorum
741 5770 947 5826 timere
977 5764 1177 5823 nolite.
1212 5786 1241 5815 »
1273 5763 1512 5823 Nullum
1552 5780 1765 5837 corpus
1797 5766 2084 5823 membro-

2190 3556 2245 3605 et
2276 3550 2347 3604 ad
2379 3549 2705 3604 remedium
2737 3549 3073 3605 collaborat.
3094 3553 3159 3603 In
3191 3565 3307 3605 uno
3338 3553 3394 3604 et
3423 3550 3606 3606 altero
3638 3551 3837 3607 Eccle-

2189 3621 2276 3676 sia
2304 3625 2413 3694 est,
2446 3622 2503 3675 in
2537 3621 2782 3677 ecclesia
2822 3638 2954 3677 vero
2985 3620 3296 3694 CbFiBtUSj
3328 3625 3503 3694 atque
3546 3624 3692 3694 adeo
3739 3624 3841 3694 qui

2188 3693 2469 3767 fratribus
2496 3699 2735 3767 peccata
2765 3710 2876 3767 sua
2889 3710 3018 3767 non
3059 3692 3528 3767 tacet,‘Ecclesiaa
3559 3692 3838 3767 lacrymis

2189 3765 2452 3835 adjutus,
2485 3764 2694 3819 Christi
2730 3765 2997 3835 precibus
3029 3763 3373 3819 absolvitur.
3406 3768 3547 3819 ΡΑΜ.

2294 3781 2452 3827 mus,
2485 3781 2694 3819 unmsu
2730 3781 2997 3835 prechUS
3029 3781 3373 3819 ansomtur.
3407 3781 3547 3819 tum.

2260 3781 2372 3907 (‘81)
2407 3836 2583 3903 Quam
2624 3837 2815 3907 palam
2843 3837 3071 3892 absolvi.
3110 3835 3303 3891 Palam
3340 3835 3603 3907 quidem,
3629 3841 3685 3890 et
3729 3837 3836 3891 fre-

2192 3906 2404 3978 quente
2451 3908 2697 3962 ecclesia
2744 3907 3213 3973 absolvebantur,
3245 3923 3447 3962 verum
3499 3906 3641 3962 satis
3694 3907 3837 3962 mihi

2192 3977 2306 4033 non
2339 3984 2567 4034 constat
2599 3980 2717 4034 haec
2747 3980 2817 4034 de
2848 3978 3255 4035 sacramentali
3294 3977 3661 4034 absolutione
3688 3981 3837 4035 acci-

2192 4051 2407 4121 pienda
2431 4067 2595 4120 esse;
2622 4051 2762 4121 quin
2785 4050 2979 4120 potius
3001 4051 3450 4121 conjicerem,de
3474 4050 3685 4107 ultima
3713 4068 3840 4106 exo-

2192 4122 2493 4192 mologesi,
2536 4139 2659 4193 quae
2712 4122 3062 4192 permolesta
3091 4130 3147 4176 et
3185 4122 3358 4193 plena
3402 4123 3644 4193 pudoris
3675 4123 3836 4177 vide-

2192 4193 2535 4257 batur,illud
2569 4195 2753 4264 palam
2801 4194 3013 4249 absolvi
3041 4194 3261 4249 dictum
3311 4210 3477 4260 esse;
3510 4210 3648 4266 nam
3701 4193 3839 4266 quid

2192 4270 2388 4390 posset
2418 4267 2609 4319 inesse
2640 4266 2879 4335 pudoris
2912 4272 3014 4320 aut
3061 4266 3420 4321 verecundiae
3450 4267 3509 4319 in
3541 4264 3643 4319 illa
3669 4264 3842 4320 abso-

2218 4338 2451 4390 utione:
2485 4343 2544 4390 at
2573 4352 2706 4390 vero
2735 4336 2794 4390 in
2828 4337 3035 4390 ultima
3085 4336 3475 4390 exomologesi
3529 4338 3719 4390 multa
3750 4354 3842 4390 oc-

2218 4338 2451 4403 utione;
2485 4343 2544 4391 at
2573 4352 2706 4391 vero
2735 4336 2794 4390 in
2828 4337 3035 4393 ultima
3085 4336 3475 4408 exomologesi
3529 4338 3719 4392 multa
3750 4354 3842 4392 oc-

2192 4410 2505 4480 currebant
2526 4426 2651 4479 quae
2683 4408 2809 4463 sine
2840 4411 3060 4480 pudore
3093 4427 3203 4465 non
3238 4412 3505 4480 poterant
3537 4409 3694 4463 ferri.
3724 4410 3841 4464 Pri-

2193 4496 2354 4534 mum
2389 4497 2419 4534 e
2450 4479 2652 4535 limine
2683 4480 2741 4534 in
2775 4479 3028 4535 mediam
3060 4479 3365 4536 ecclesiam
3398 4480 3844 4536 adducebantur

2194 4553 2265 4605 ab
2299 4551 2591 4623 episcOpo,
2626 4552 2757 4607 istic
2807 4554 2877 4607 ad
2910 4554 3037 4622 ejus
3089 4554 3263 4623 pedes
3293 4553 3571 4623 prostrati
3611 4554 3840 4608 veniam

2194 4629 2562 4693 peccatorum
2599 4641 2838 4678 suorum
2873 4626 3357 4695 deprecabantur,
3383 4625 3654 4695 precibus
3685 4631 3745 4679 et
3769 4625 3844 4679 la-

2194 4695 2409 4820 crpmis
2433 4695 2609 4749 totius
2633 4696 3014 4779 fraternitatis
3036 4696 3281 4766 gratiam
3295 4701 3352 4751 et
3373 4695 3844 4752 misericordiam

2195 4783 2257 4820 so
2288 4766 2855 4820 liCitabaat.tandem
2888 4786 2947 4820 1n
2980 4769 3179 4820 eodem
3211 4772 3365 4820 statu
3403 4776 3840 4820 permanentes.

2195 4766 2855 4834 sollicitabant,tandem
2888 4768 2947 4822 in
2980 4769 3179 4823 eodem
3211 4772 3365 4823 statu
3403 4776 3840 4838 permanentes,

2194 4838 2251 4891 id
2283 4844 2370 4892 est
2401 4839 2564 4892 humi
2592 4840 2869 4908 iacentes,
2900 4857 2933 4894 a
2965 4840 3214 4909 peccatis
3243 4838 3649 4895 liberabantur
3684 4858 3696 4894 :
3730 4842 3843 4895 haec

2193 4910 2391 4964 omnia
2422 4911 2624 4964 multis
2651 4911 2731 4965 ita
2752 4912 3103 4981 permolesta
3123 4911 3491 4977 videbantur,
3515 4917 3579 4966 ut
3603 4911 3845 4967 mallent

2191 4982 2252 5107 ip
2285 4980 2459 5051 culpa
2491 4980 2995 5053 remanere,quam
3029 4984 3138 5039 hoc
3170 4982 3338 5039 modo
3380 4982 3451 5038 ab
3484 4998 3551 5041 ea
3581 4981 3841 5050 liberari,

2243 5069 2435 5107 LBASP.

2243 5069 2435 5107 LBASP.

2264 5124 2374 5194 (82)
2407 5125 2915 5198 Miserumiestisic
2962 5126 3040 5180 ad
3082 5125 3486 5198 exornologcsin
3525 5129 3841 5198 pervenire.

2194 5195 2409 5269 Forma,
2450 5195 2725 5269 loquendi
2777 5196 3218 5251 abhorrentium
3271 5195 3840 5269 aliquid,'misernm

2194 5266 2318 5320 est!
2356 5266 2447 5321 Sic
2481 5267 2821 5331 Horatius,«
2848 5268 3210 5338 Deprehendi
3243 5266 3527 5323 miserum
3560 5275 3709 5324 est.»
3748 5271 3842 5324 Hic

2195 5338 2372 5407 igitur
2402 5338 2614 5409 aliquis
2645 5338 2965 5394 abhorrens
2987 5339 3367 5395 austeriorem
3391 5342 3713 5411 pcnnitendi
3742 5342 3843 5397 for-

2194 5426 2374 5485 mam,
2408 5411 2507 5485 ait,
2543 5434 2571 5462 ‹‹
2600 5411 2878 5485 Miserum
2906 5415 2994 5485 est
3023 5412 3108 5467 sic
3128 5412 3211 5485 ad
3243 5413 3677 5485 exomologesin
3717 5430 3839 5485 per-

2193 5480 2421 5554 venire!
2475 5504 2504 5532 »
2553 5484 2696 5537 Huic
2746 5484 3059 5554 respondet
3108 5480 3557 5539 Tertullianus':
3612 5509 3641 5533 «
3691 5480 3837 5539 Malo

2194 5552 2350 5607 enim
2378 5554 2452 5627 ad
2488 5555 2785 5627 miseriam
2835 5552 3192 5626 pervenitur,
3229 5577 3256 5605 »
3285 5559 3419 5622 etc.,
3451 5556 3561 5611 hoc
3594 5560 3682 5611 est
3711 5571 3838 5627 pec-

2194 5629 2343 5752 cRato.
2378 5626 2444 5679 Et
2488 5625 2641 5681 mala
2681 5625 2976 5699 suntquae
3004 5644 3110 5683 nos
3158 5625 3230 5685 ad
3262 5628 3561 5684 miseriam
3595 5625 3833 5683 ducunt.

2245 5713 2319 5751 ις..

2245 5713 2319 5751 IG.
