4148 6194
407 378 562 439 1357

1630 375 1863 437 LIBER
1906 379 2007 438 DE
2050 376 2590 441 POENI'I‘ENTIA.

3667 392 3823 456 1358

408 510 741 582 medenthr,
773 514 831 566 et
858 507 1254 567 emolumento
1297 510 1622 567 curationis
1653 513 1933 568 cliensan:
1961 513 2053 569 sui
2083 515 2139 581 Α
2169 513 2363 570 cultus
2393 516 2613 572 oﬂ'enso
2647 517 2895 573 Domino
2933 523 3211 589 praestare
3263 522 3653 591 cessabimus,
3695 542 3825 597 qua:

405 603 709 668 excusant,
769 604 827 655 et
883 604 1229 672 praesentem
1275 599 1557 671 injuriam
1617 605 2054 674 superventurae
2161 602 2405 674 gentiles
2432 604 2667 661 nemine
2689 607 2929 662 omnino
2952 608 3086 664 laeso
3111 609 3222 665 sibi
3246 609 3555 683 irrogant?
3583 612 3651 669 Hi
3676 620 3818 671 sunt

410 688 683 746 utilitatis
712 689 901 762 gratia
929 689 1363 747 commendant.

1049 832 1284 889 CAPUT
1314 833 1410 888 XI.

478 959 624 1027 Quid
658 958 708 1014 si
740 961 949 1030 praeter
977 958 1281 1029 pudorem,
1323 975 1498 1030 quem
1530 960 1815 1031 potiorem
1847 966 2057 1032 putant

407 1048 584 1105 etiam
614 1048 988 1103 incommoda
1017 1048 1277 1119 corporis
1308 1048 1705 1116 reformident,
1730 1051 1884 1119 quod
1913 1050 2057 1106 inlo-

406 1142 518 1204 tos,
551 1138 708 1209 quod
739 1135 1134 1204 sordulentos,
1168 1138 1323 1209 quod
1362 1142 1523 1194 extra
1552 1137 1814 1194 laetitiam
1847 1140 1962 1210 (83)
1994 1157 2056 1196 o-

408 1231 597 1300 portet
643 1229 955 1294 deversari,
989 1228 1048 1282 in
1082 1228 1480 1299 asperitudine
1512 1230 1686 1298 sacci,
1717 1234 1774 1285 et
1820 1231 2057 1287 horrore

409 1314 644 1381 cineris,
678 1321 735 1370 et
764 1316 883 1371 oris
914 1316 985 1370 de
1009 1316 1236 1385 jejunio
1261 1313 1517 1370 vanitate
1547 1316 1657 1387 (84)
1678 1316 1705 1370 ‘I
1737 1316 1885 1372 Num
1920 1333 2055 1389 ergo

408 1405 469 1460 in
500 1406 734 1461 coccino
789 1406 901 1477 (85)
960 1410 1016 1461 et
1070 1404 1239 1476 Tyrio
1299 1406 1411 1476 (86)
1442 1422 1543 1476 pro
1571 1406 1801 1462 delictis
1830 1406 2056 1479 suppli-

410 1510 544 1551 care
569 1510 676 1549 nos
705 1494 1026 1549 condecet?
1055 1494 1203 1550 Cedo
1249 1510 1419 1549 acum
1450 1494 1798 1550 criminibus
1847 1494 2058 1550 distin-

410 1584 680 1656 guendis,
732 1588 789 1639 et
837 1582 1137 1655 pulverem
1180 1584 1456 1639 dentibus
1495 1582 1805 1640 elimandis
1837 1584 1971 1655 (87),
2002 1587 2061 1639 et

411 1673 705 1729 bisulcum
737 1672 960 1745 aliquid
993 1672 1129 1728 ferri
1174 1671 1264 1728 vel
1322 1673 1453 1728 teris
1486 1673 1785 1744 unguibus
1816 1673 2059 1744 repasti-

412 1762 647 1819 nandis.
674 1762 727 1817 Si
759 1761 900 1835 quid
931 1761 1048 1817 ﬁcti
1080 1761 1308 1831 nitoris,
1339 1762 1389 1819 si
1420 1762 1557 1834 quid
1588 1763 1773 1819 coacti
1805 1762 2058 1830 ruboris,

2162 692 2233 747 de
2266 692 2479 764 quibus
2507 695 2804 766 Scriptura
2832 703 3255 755 commemorat
3287 716 3300 755 :
3341 702 3423 757 Va
3451 702 3560 759 ibi:
3588 705 3686 774 qui
3715 704 3813 760 de-

2166 782 2297 837 licta
2324 799 2427 839 sua
2457 784 2601 840 velut
2626 800 2847 856 procero
2870 790 3008 858 fune
3036 793 3263 845 nectunt
3294 789 3426 861 (90).

2796 928 3031 984 CAPUT
3073 929 3191 986 XlI.

2236 1050 2294 1104 Si
2324 1050 2394 1105 de
2423 1051 2811 1125 exomologesi
2860 1059 3164 1125 retractas,
3197 1056 3528 1128 gehennam
3559 1058 3619 1115 in
3650 1063 3825 1119 corde

2167 1138 2492 1205 considera,
2526 1157 2703 1211 quam
2752 1142 2856 1197 tibi
2898 1144 3323 1216 exomologesis
3367 1148 3691 1221 exstinguit
3722 1167 3735 1205 :
3769 1154 3827 1207 et

2166 1244 2349 1298 poena;
2382 1228 2543 1299 prius
2575 1232 3042 1302 magnitudinem
3076 1234 3421 1307 imaginare,
3456 1242 3519 1292 ut
3544 1238 3615 1294 de
3647 1255 3828 1295 reme-

2167 1316 2247 1370 dii
2280 1317 2584 1388 adeptione
2626 1337 2740 1375 non
2792 1322 3044 1377 dubites.
3098 1323 3244 1388 Quid
3278 1323 3445 1381 illum
3478 1327 3824 1384 thesaurum

2169 1404 2322 1476 ignis
2369 1408 2570 1461 (sterni
2619 1409 3001 1480 aestimamus,
3036 1427 3170 1465 cum
3220 1413 3531 1470 fumariola
3559 1418 3825 1486 quaedam

2168 1495 2296 1565 ejus
2315 1494 2458 1551 tales
2476 1496 2847 1553 flammarum
2872 1499 3024 1554 ictus
3049 1501 3205 1555 susci
3219 1504 3431 1570 tent,ut
3447 1503 3722 1573 proxime
3737 1522 3828 1560 ur-

2170 1583 2273 1638 bes
2305 1588 2404 1638 aut
2444 1585 2569 1654 jam
2603 1584 2786 1640 nullae
2839 1592 3085 1655 exstent,
3118 1593 3219 1643 aut
3268 1588 3425 1645 idem
3480 1592 3596 1647 sibi
3634 1593 3704 1649 de
3734 1593 3827 1649 die

2170 1678 2425 1743 sperent.
2459 1672 2770 1729 Dissiliunt
2803 1676 3213 1747 superbissimi
3263 1682 3494 1734 montes
3543 1680 3702 1751 ignis
3734 1681 3824 1737 in-

2170 1759 2461 1816 trinsecus
2483 1762 2602 1818 fetu
2626 1780 2640 1818 :
2688 1767 2744 1818 et
2763 1764 2917 1834 quod
2943 1765 3111 1821 nobis
3131 1765 3347 1836 judicii
3375 1769 3822 1839 perpetuitatem

413 1852 472 1907 in
515 1852 671 1908 labia
699 1856 801 1907 aut
831 1867 1009 1922 genas
1042 1855 1264 1923 urgeat.
1306 1852 1586 1908 Praeterea
1615 1851 1902 1924 exquirito
1934 1850 2059 1907 bal-
2096 1881 2144 1946 B
2173 1850 2402 1921 probat,
2433 1866 2568 1906 cum
2598 1850 2914 1924 dissiliant,
2946 1870 3083 1909 cum
3114 1855 3483 1923 devorentur,
3518 1874 3823 1929 nunquam

414 1957 555 1997 neas
584 1940 835 1997 laetiores
867 1939 1166 1996 hortulani
1197 1940 1547 1996 maritimive
1577 1957 1845 1997 secessus
1875 1958 1888 1997 :
1919 1941 2066 2011 adji-

416 2031 529 2086 cito
558 2031 629 2086 ad
662 2033 966 2102 sumptum
992 2029 1355 2101 ;conquirito
1377 2028 1629 2085 altilium
1651 2046 1952 2085 enormem
1982 2046 2072 2086 sa-

412 2120 650 2193 ginam;
686 2120 944 2176 defecato
976 2123 1333 2174 senectutem
1365 2118 1504 2174 vini.
1544 2120 1804 2191 Cumque
1834 2118 2075 2191 quisin-

412 2209 741 2282 terrogarit,
776 2210 1010 2266 cuinam
1056 2225 1124 2264 ea
1172 2208 1442 2280 iargiaris
1489 2208 1646 2281 (88):
1699 2208 1946 2281 Deliqui,
1978 2208 2066 2264 di-

415 2300 550 2367 cito,
600 2300 660 2355 in
709 2298 916 2371 Deum,
962 2303 1019 2356 et
1066 2298 1361 2371 periclitor
1407 2298 1467 2352 in
1514 2302 1795 2354 aeternum
1856 2297 2065 2370 perire.

416 2392 618 2461 Itaque
648 2406 804 2445 nunc
855 2390 1077 2461 pendeo
1125 2392 1181 2444 et
1232 2404 1515 2458 maceror,
1547 2392 1605 2443 et
1650 2387 1970 2457 excrucior,
2003 2391 2069 2443 ut

412 2479 599 2535 Deum
622 2477 992 2534 reconciliem
1015 2476 1183 2547 mihi,
1199 2493 1375 2550 quem
1394 2476 1787 2548 delinquendo
1808 2475 2066 2532 lassi.Sed

415 2569 573 2624 enim
618 2567 773 2633 illos,
815 2566 915 2638 qui
964 2566 1191 2622 ambitu
1222 2567 1266 2600 ⁷⁵
1296 2566 1514 2622 obeunt
1544 2566 1889 2637 capessendi
1940 2582 2064 2620 ma-

414 2658 719 2730 gistratus,
763 2671 953 2728 neque
1003 2656 1200 2727 pudet,
1232 2671 1421 2727 neque
1468 2654 1628 2726 piget
1676 2654 2064 2710 incommodis

413 2748 623 2803 animm
654 2751 710 2802 et
738 2744 1017 2816 corporis,
1050 2761 1156 2801 nec
1187 2744 1577 2800 incommodis
1607 2747 2061 2809 tantum,veru1n

411 2842 469 2892 et
500 2833 871 2892 contumeliis
891 2834 1164 2890 omnibus
1187 2833 1330 2889 eniti
1353 2834 1412 2888 in
1438 2850 1616 2889 causa
1636 2837 1900 2889 votorum
1934 2850 2061 2889 suo-

412 2942 566 2981 rum.
588 2927 742 2991 Quas
763 2941 876 2980 non
900 2922 1298 2995 ignobilitates
1318 2922 1566 2979 vestium
1591 2921 1904 2976 affectant?
1927 2922 2060 2985 Quas

414 3032 529 3071 non
560 3014 707 3071 atria
726 3015 928 3070 1247
964 3010 1266 3068 nocturnis
1295 3015 1352 3066 et
1381 3010 1579 3065 crudis
1607 3009 2060 3066 salutationibus

412 3104 746 3176 occupant?
788 3105 859 3159 ad
893 3117 1123 3159 omnem
1157 3117 1468 3155 occursum
1505 3099 1744 3170 majoris
1774 3099 2058 3170 cujusque

412 3210 671 3266 personis
694 3189 1305 3261 decrescentes,nullis
1327 3188 2055 3257 conviviis,celebres,nu1-

408 3284 482 3339 lis
513 3281 1038 3339 comessationibus
1067 3294 1406 3351 congreges,
1434 3279 1535 3333 sed
1567 3276 1796 3333 exsules
1828 3294 1861 3331 a
1890 3276 2059 3333 liber-

408 3370 547 3425 tatis
579 3374 635 3425 et
661 3368 875 3424 laetitia
897 3366 1386 3436 felicitate.ldque
1405 3369 1591 3420 totum
1613 3370 1849 3437 propter
1880 3367 2056 3423 unius

410 3458 547 3514 anni
578 3457 892 3513 volaticum
931 3456 1210 3529 gaudium
1240 3454 1374 3526 (89).
1402 3454 1540 3524 Nos,
1573 3456 1727 3526 quod
1758 3455 2053 3510 securium

408 3546 775 3618 virgarumve
802 3545 1005 3617 petitio
1036 3544 1309 3611 sustinet,
1339 3543 1400 3597 in
1431 3542 1687 3613 periculo
1710 3544 2053 3599 aeternitatis

2179 1942 2375 1994 tamen
2406 1939 2712 1995 ﬁniuntur.
2745 1941 2886 2008 Quis
2918 1942 3038 1998 hac
3070 1943 3358 2015 supplicia
3388 1944 3626 2002 interim
3659 1964 3827 2003 mon-

2178 2026 2325 2082 tium
2360 2044 2478 2082 non
2521 2029 2731 2099 judicii
2777 2030 3058 2087 minantis
3088 2032 3442 2105 exemplaria
3472 2035 3775 2107 deputabit
3803 2035 3832 2089 ‘2

2180 2116 2322 2182 Quis
2370 2116 2657 2173 scintillas
2687 2118 2831 2174 tales
2864 2136 2977 2176 non
3012 2122 3209 2192 magni
3244 2120 3496 2193 alicujus
3526 2127 3582 2179 et
3611 2124 3829 2180 intesti-

2180 2205 2415 2261 mabilis
2475 2206 2587 2262 foci
2644 2206 2894 2264 missilia
2945 2210 3213 2280 qnaedam
3258 2214 3315 2266 et
3363 2212 3704 2269 exercitoria
3738 2215 3829 2284 ja-

2179 2294 2437 2367 cula(94)
2464 2296 2830 2352 consentiet?
2861 2298 3051 2369 Igitur
3081 2315 3215 2354 cum
3246 2300 3401 2355 scias
3431 2301 3712 2358 adversus
3732 2318 3829 2373 ge-

2176 2383 2433 2440 hennam
2496 2389 2626 2457 post
2681 2385 2871 2457 prima
2928 2386 3031 2442 illa
3100 2388 3464 2445 inlinctionis
3519 2389 3831 2448 Dominicas

2178 2474 2566 2542 munimenta,
2608 2491 2736 2530 esse
2792 2475 2983 2531 adhuc
3030 2476 3090 2531 in
3140 2477 3532 2550 exomologesi
3573 2480 3832 2537 secunda

2176 2562 2463 2631 subsidia,
2492 2563 2698 2619 I248
2745 2580 2850 2619 cur
2896 2564 3145 2621 salutem
3196 2570 3359 2621 tuam
3401 2567 3669 2624 descris?
3715 2567 3834 2624 Cur

2174 2669 2370 2708 cessas
2402 2652 2639 2724 aggredi
2672 2654 2825 2723 quod
2859 2654 3012 2709 scias
3053 2654 3270 2710 mederi
3303 2654 3462 2711 tibi?
3501 2657 3671 2713 Muta:
3704 2658 3832 2730 qui-

2172 2742 2305 2796 dem
2338 2742 2548 2795 animaa
2571 2741 3366 2808 etirrationales,medicinas
3398 2744 3510 2800 sibi
3539 2746 3823 2802 divinitus

2173 2831 2488 2884 attributas
2537 2830 2595 2884 in
2644 2835 2906 2901 tempore
2968 2838 3315 2903 agnoscunt.
3370 2836 3583 2891 Cervus
3615 2836 3830 2906 sagitta

2170 2918 2508 2987 transﬁxus,
2544 2923 2609 2973 ut
2638 2918 2855 2973 ferrum
2904 2924 2961 2974 et
3006 2920 3413 2977 irrevocabiles
3465 2939 3661 2979 moras
3702 2924 3828 2994 ejus

2172 3008 2282 3077 (92)
2304 3008 2376 3062 de
2407 3005 2645 3061 vulnere
2675 3007 2948 3079 expellat,
2974 3008 3087 3063 scit
3117 3009 3230 3064 sibi
3261 3010 3562 3066 dictamno
3594 3013 3833 3068 meden-

2169 3097 2331 3151 dum.
2384 3095 2663 3163 Hirundo,
2697 3097 2746 3151 si
2794 3098 3163 3153 excascaverit
3215 3098 3430 3170 pullos,
3466 3100 3629 3155 novit
3693 3100 3829 3158 illos

2167 3185 2398 3241 oculare
2430 3185 2538 3257 (93)
2582 3201 2787 3240 rursus
2856 3186 2926 3241 de
2984 3203 3094 3242 sua
3152 3186 3508 3244 chelidonia.
3552 3192 3830 3246 Peccator

2167 3274 2526 3330 restituendo
2582 3273 2695 3328 sibi
2752 3275 2864 3345 (94)
2908 3275 3241 3331 institutam
3290 3294 3323 3331 a
3392 3277 3633 3333 Domino
3685 3295 3823 3335 exo-

2167 3362 2491 3435 mologesin
2525 3362 2739 3432 sciens,
2782 3364 3103 3434 praeteribit
3152 3364 3309 3419 illam
3357 3365 3523 3436 (Dan.
3557 3367 3661 3438 xv),
3693 3383 3820 3438 quae

2167 3452 2546 3524 Babylonium
2572 3467 2765 3524 regem
2790 3452 2849 3506 in
2872 3468 3052 3524 regna
3077 3453 3379 3509 restituit?
3409 3454 3513 3510 Diu
3534 3457 3684 3511 enim
3706 3473 3819 3528 poe-

2165 3542 2472 3598 nitentiam
2488 3540 2734 3596 Domino
2756 3541 3378 3613 immolarat,septenni
3396 3544 3669 3615 squalore
3690 3561 3817 3601 exo-

406 3635 655 3691 tolerare
674 3634 1179 3691 dubitavimus?et
1201 3632 1643 3704 castigationem
1663 3632 1855 3688 victus
1878 3636 2053 3703 atque
2162 3630 2487 3702 mologesin
2519 3634 2811 3701 operatus,
2845 3630 3134 3703 unguium
3161 3630 3461 3689 leoninum
3490 3632 3551 3689 in
3574 3634 3815 3690 modum

1834 3760 2039 3822 Variae
2086 3759 2408 3822 lectiones.

481 3873 526 3908 ⁷³
555 3872 851 3929 Ambitius
881 3872 1000 3944 Rig.

1852 3948 2373 4016 Commentarius.

485 4075 594 4148 (83)
658 4083 829 4134 Extra
877 4076 1158 4133 laetitiam.
1207 4079 1327 4128 Non
1374 4073 1585 4148 licebat
1640 4073 2063 4148 paenitentibus

414 4145 537 4220 ullo
581 4145 993 4207 delectationis
1040 4162 1275 4220 genere,
1308 4161 1379 4201 ne
1433 4147 1672 4217 quidem
1730 4145 1952 4201 brlneis
2002 4162 2063 4201 se

415 4219 725 4278 oblectare.
759 4230 1005 4277 ALBASP.

484 4291 598 4367 (84)
632 4295 751 4350 Oris
798 4292 1117 4367 dejejunia
1147 4291 1419 4345 vanitate.
1454 4288 1681 4367 Etenim
1701 4288 1931 4367 jejunio
1942 4304 2064 4367 _na-_-

414 4358 722 4425 tivus'oris
751 4371 809 4421 et
840 4358 1036 4419 formas
1066 4362 1228 4432 vigor
1250 4358 1797 4432 evanescitJlludit
1826 4360 1896 4415 ad
1913 4358 2065 4432 illud

416 4440 695 4505 Matthai,
726 4455 803 4505 v1,
844 4437 914 4492 46
972 4452 985 4491 :
1036 4428 1387 4509 Ἀςᾷανξζουσι
1432 4432 1499 4485 τὰ
1543 4431 1813 4506 πρόσωπα
1868 4428 2065 4484 αὐτῶν.

423 4515 585 4571 Vultu
614 4510 872 4566 incedunt
909 4506 1169 4563 evanida.
1204 4506 1329 4560 Βία.

490 4584 603 4710 S85)
637 4585 696 4638 In
727 4582 959 4637 coccino.
993 4583 1101 4633 Per
1124 4576 1457 4660 coccinum,
1506 4574 1702 4656 inquit
1729 4574 1940 4642 Rhen.,
1975 4572 2067 4627 in-

420 4658 495 4712 tel
525 4656 632 4729 igit
663 4658 885 4709 vestem
918 4666 1086 4706 cocco
1120 4650 1415 4703 infectam.
1453 4646 1741 4701 Martialis
1775 4664 1787 4701 :

589 4674 632 4710 ιι
663 4674 885 4709 veswm
918 4674 1086 4706 OUUUU
1122 4674 1415 4703 Iuiuuwui.
1453 4674 1741 4701 iuraremus
1775 4674 1787 4701 .

548 4761 773 4810 Coccina
798 4759 1042 4808 formosa:
1073 4755 1244 4805 donas
1266 4758 1318 4802 et
1346 4753 1592 4802 ianthina
1620 4752 1855 4802 Inachiae.

422 4871 675 4927 Coccum
718 4866 890 4937 vulgo
955 4878 1221 4937 granum
1250 4862 1459 4937 vocant
1480 4859 1711 4937 __[.atine
1769 4857 2077 4913 reddentes

422 4945 517 4995 τοῦ
544 4939 741 4993 κόκκου
771 4930 1034 4992 ϐἷωειῖῐῐ]
1066 4932 1438 4989 vocabulum.
1474 4930 1617 4984 ΡΑΜ.

495 5013 610 5083 (86)
644 5015 706 5067 Et
738 5012 913 5082 Tyrio.
946 5003 1430 5083 Tyriumlinquit
1474 5001 1651 5083 idem,
1684 4999 1941 5083 appellat
1964 5014 2079 5083 nve-

424 5071 867 5140 sti‘me'ntumvex
898 5071 1159 5149 purpura
1179 5071 1347 5149 Tyria
1367 5071 1849 5149 constans:0vid._
1872 5089 1883 5126 :
1905 5093 1932 5120 ‹‹
1958 5071 2080 5149 Sive

427 5158 531 5212 erit
562 5158 623 5211 in
653 5154 849 5226 Tyriis,
874 5142 1058 5226 Tyrias
1078 5142 1340 5226 ΔΙαιιάῖιὶξὶςς
1354 5147 1614 5226 amictus.
1638 5144 1745 5208 Qui
1776 5143 1952 5198 etiam
1977 5142 2078 5196 ad-

430 5234 595 5284 notat
622 5219 751 5281 recto
784 5223 877 5278 hic
908 5219 1090 5293 accipi
1119 5237 1227 5294 pro
1244 5220 1322 5294 ita
1354 5219 1496 5294 PAlVi.
1626 5287 1664 5294 __
1779 5290 1785 5294 _
1857 5284 1892 5294 ι,
1970 5283 1979 5293 ,

498 5298 612 5369 (87)
658 5300 722 5352 Et
766 5287 1053 5366 pulverem-
1096 5287 1349 5346 dentibus
1395 5287 1710 5369 etignandis.
1761 5287 2083 5369 Aptissima

428 5353 608 5425 verba
652 5353 893 5423 elimare
940 5380 1083 5420 usus
1132 5371 1236 5429 est,
1286 5378 1422 5416 nam
1473 5360 1650 5414 limus
1700 5353 1944 5413 vocatur
1984 5353 2085 5407 illa

431 5441 758 5505 scabrities,
794 5455 893 5495 seu
930 5436 1133 5492 sordes
1164 5432 1582 5505 incedentibus
1613 5431 1996 5485 adhaerentes.
2017 5429 2083 5479 At

432 5523 639 5582 praeter
696 5503 1403 5584 pulverem,_denti_fricio
1464 5506 1779 5584 utebantur
1838 5505 2082 5555 veteres.

434 5574 664 5640 Videsis
696 5574 1088 5654 apuleium'gin
1122 5574 1453 5654 apologﬂnLe
1486 5574 1585 5630 PR.

2244 4071 2363 4194 (89)
2394 4072 2622 4139 Propter
2652 4070 2818 4122 unius
2845 4070 2983 4124 anni
3012 4068 3309 4125 volaticum
3332 4070 3505 4141 gaud.
3526 4069 3671 4126 Nam
3694 4087 3825 4127 con-

2274 4149 2426 4194 atus.
2486 4140 2681 4194 inauit
2739 4140 2947 4194 Rhen..
2979 4145 3103 4194 erat
3154 4141 3537 4194 magistratus
3566 4159 3821 4194 annuus.

2175 4140 2435 4213 sulatus,
2486 4140 2681 4213 inquit
2739 4140 2947 4210 Rhen.,
2979 4145 3103 4213 erat
3154 4140 3537 4213 magistratus
3566 4159 3821 4199 annuus.

2176 4216 2321 4269 Item
2366 4211 2494 4268 aliae
2525 4212 2791 4283 quaedam
2834 4212 3162 4267 functiones
3193 4211 3421 4269 annuae.
3455 4214 3523 4267 Et
3553 4231 3686 4269 vero
3718 4232 3824 4269 an-

2174 4285 2341 4355 tiqua
2390 4301 2495 4338 vox
2544 4284 2836 4355 volaticum
2885 4300 2985 4355 pro
3037 4284 3415 4355 inconstanti,
3446 4286 3619 4340 etiam
3665 4285 3825 4340 Cice-

2177 4354 2301 4411 roni
2336 4356 2552 4410 usitata
2581 4354 2682 4409 lib.
2718 4357 2771 4410 ΙΙ
2807 4354 2878 4409 ad
2904 4356 3012 4410 Att.
3047 4360 3105 4411 et
3150 4356 3215 4411 de
3269 4360 3509 4428 Harusp.
3559 4373 3683 4427 cap.
3738 4357 3827 4424 43,

2176 4429 2321 4483 ΡΑΜ.

2250 4498 2363 4569 (90)
2401 4497 2487 4553 Vae
2516 4497 2636 4552 illi:
2665 4498 2763 4567 qui
2789 4497 3139 4569 deticlarsua,
3173 4500 3281 4569 etc.
3331 4498 3510 4569 Nemo
3555 4498 3833 4569 odoratus

2181 4567 2269 4641 est
2298 4567 2514 4641 locum,
2545 4585 2678 4641 cum
2712 4569 2762 4623 is
2794 4568 2870 4623 sit
2898 4568 3058 4641 Isaiae
3090 4586 3122 4621 v
3158 4586 3169 4623 :
3204 4568 3340 4623 Οὐαὶ
3374 4569 3423 4621 o't
3456 4567 3833 4641 ἐπισπώμενοι

2104 4618 2148 4681 D
2178 4618 2270 4700 ἐᾶξ
2298 4618 3838 4714 3,152.23;annexus:'sea'raeii‘iii‘aaii

2188 4712 2483 4782 nunquam
2543 4712 3095 4781 legebat'Latinum
3128 4717 3348 4766 textum
3381 4713 3479 4783 qui
3512 4714 3711 4781 habet,
3750 4714 3835 4768 Vw

2186 4785 2284 4854 qui
2314 4783 2531 4855 trahitis
2562 4785 2910 4853 iniquitatem
2949 4785 3009 4837 in
3059 4783 3332 4855 funiculis
3382 4785 3659 4839 vanitatis.
3694 4786 3839 4840 Cum

2186 4854 2569 4927 Septuaginta
2600 4855 2915 4927 habebant,
2949 4856 3028 4907 Vw
3062 4854 3183 4909 illis
3216 4857 3313 4923 qui
3340 4855 3541 4911 delicta
3568 4872 3668 4911 sua
3696 4856 3843 4912 velut

2187 4929 2350 4999 longo
2370 4928 2508 4999 fune
2537 4930 2781 4999 nectunt.
2830 4926 2909 4999 De
2942 4928 3078 4999 tune
3100 4928 3579 4999 rcomtemptionis
3609 4928 3725 4983 alia
3754 4932 3843 4983 est

2187 4998 2335 5055 ratio
2356 4996 2379 5067 ;’
2404 4999 2529 5069 lege
2559 4997 2661 5052 lib.
2692 5015 2747 5053 ιν
2777 4996 2900 5053 adv.
2933 4998 3263 5053 Marcionem
3295 4996 3479 5054 etilib.
3513 4999 3583 5055 ad
3610 5000 3840 5057 Judwos.

2188 5075 2319 5128 Lac.

2281 5142 2317 5195 9
2357 5140 2372 5209 )
2406 5140 2749 5194 Exercitoria
2775 5140 2989 5209 jacuta.
3027 5140 3284 5195 Lusoria.
3320 5140 3451 5198 RIG.

2281 5143 2317 5195 9
2406 5143 2749 5194 Exercitoria
2775 5143 2989 5209 jacuta.
3027 5143 3284 5195 Lusoria.
3320 5143 3451 5198 RIG.

2258 5143 2372 5284 (92)
2403 5212 2631 5265 Ferrum
2683 5220 2747 5284 et
2785 5210 3169 5284 irrevocabiles
3215 5227 3397 5268 moras
3466 5213 3600 5282 eius.
3634 5211 3844 5284 Hama-

2191 5282 2292 5338 tile
2352 5285 2644 5352 spiculum
2704 5282 3016 5353 signiﬁcat,
3076 5284 3231 5407 quod
3292 5284 3389 5338 ubi
3437 5284 3759 5355 penetravit
3788 5283 3845 5336 in

2192 5355 2429 5407 vulnus.
2492 5356 2748 5407 revocari
2804 5360 2904 5407 aut
2962 5354 3128 5407 aveli
3188 5356 3415 5407 nequit.
3475 5356 3588 5407 nisi
3635 5352 3845 5407 vulnus

2192 5355 2429 5421 vulnus,
2492 5352 2781 5409 revocari"
2804 5360 2904 5409 aut
2962 5352 3128 5408 avelli
3188 5352 3588 5425 nequitfnisi
3635 5352 3849 5407 vulnus

2194 5428 2391 5499 ipsum
2425 5441 2568 5499 novo
2601 5426 2837 5499 vulnere
2872 5426 3202 5499 diducatur.
3241 5426 3367 5499 Rm.

2266 5498 2379 5568 (93)
2412 5496 2665 5552 Ocutare.
2724 5497 2783 5552 Id
2838 5505 2927 5553 cst
2974 5497 3174 5553 oculos
3225 5498 3488 5551 reddere.
3548 5494 3666 5568 Hoc
3725 5493 3852 5568 ipso

2198 5564 2342 5623 usus
2375 5574 2463 5623 est
2492 5569 2667 5649 verbo
2699 5569 2762 5624 de
2781 5570 2930 5649 _P_ud.
2984 5575 3057 5649 e_t__
3087 5569 3146 5649 in
3199 5568 3420 5649 ﬁpotqg.
3450 5584 3467 5619 :
3500 5564 3653 5649 quod
3683 5566 3852 5649 “mihi

504 5635 881 5728 (88)-Ἷϐυῧιᾷὶή
910 5670 978 5709 ea
1010 5635 1413 5728 largiaris.”3ie
1431 5638 2089 5728 emendavimus'secuti
2199 5657 2304 5728 pro
2336 5646 2680 5713 argumento
2708 5646 2798 5698 est
2825 5641 2983 5698 hunc
3012 5635 3382 5697 Tertulliani
3406 5635 3535 5694 esse
3564 5635 3850 5694 libellum.

435 5712 679 5855 Restig'ia
713 5727 1015 5798 scripturae
1045 5712 1292 5779 veteris:
1329 5718 1489 5775 «Cur
1520 5715 1718 5774 anima
1748 5712 2035 5788 largiaris.
2055 5729 2084 5766 ιι

490 5816 566 5855 1c.

490 5816 566 5855 ια.

2200 5715 2759 5861 Αἳὲὶῗράσδιίιαθηάο
2788 5785 2915 5841 tibi.
2947 5781 3325 5842 Restitutioni
3352 5798 3493 5839 sum.
3528 5782 3653 5839 Ric.
