4116 6184
398 288 549 345 1359

951 278 1476 343 TERTULLIANI
1525 279 1845 342 UPERUM
1898 272 2087 338 PARS
2139 281 2175 337 Ι.
2214 274 2584 339 —SERIES
2630 276 2706 350 Il,
2753 272 3224 339 DOGMATICA.

3602 285 3725 350 1360

395 411 827 480 eiforatiouo,ct
849 409 1044 483 capilli
1068 407 1294 465 incuria
1324 410 1621 465 horrorem
1646 407 1974 479 aquilinum
1995 407 2039 440 ⁷⁸
2070 409 2121 473 Α
2150 406 2261 477 (96)
2294 405 2602 477 abjecerat.
2637 404 2785 469 Quid
2819 404 2863 439 ⁷⁸
2894 422 3029 476 ergo
3076 406 3228 463 ultra
3263 407 3331 464 de
3376 409 3493 466 istis
3543 411 3728 471 duabus

396 502 752 573 praeferente.
786 500 937 556 Proh
971 498 1123 554 male
1154 498 1519 555 tractationis
1549 497 1661 570 (95)
1688 497 1700 551 l
1727 513 1901 568 quem
1934 496 2044 550 ho-

396 591 588 646 mines
620 589 1057 662 perhorrebant.
1100 588 1255 643 Deus
1287 587 1606 659 recipiebat
1648 585 1846 657 (Exod.
1906 584 2042 655 xw).

398 679 611 735 Contra
633 684 827 739 autem
852 678 1153 750 [Egyptius
1177 675 1620 748 imperator,qui
1645 674 1924 747 populum
1944 673 2045 728 Dei

400 768 716 841 aliquando
757 768 1068 832 afﬂictum,
1116 765 1216 820 diu
1276 766 1522 821 Domino
1554 782 1659 820 suo
1692 766 2045 835 denegatum

399 863 765 931 persecutus,
800 856 858 911 in
893 855 1155 927 praelium
1188 854 1379 922 irruit,
1414 859 1545 926 post
1583 858 1668 908 tot
1698 854 2050 909 documenta

399 948 731 1021 plagarum,
780 945 1025 1002 dissidio
1092 946 1134 979 ⁷⁷
1203 943 1405 1013 maris,
1466 944 1621 1015 quod
1681 941 1788 998 soli
1835 940 2049 1013 populo

398 1037 662 1109 pervium
713 1036 941 1105 licebat,
993 1032 1271 1090 revolutis
1319 1032 1595 1088 ﬂuctibus
1640 1031 1809 1103 perit.
1859 1030 2045 1086 Poeni-

2155 496 2428 551 humanae
2490 493 2699 551 salutis
2758 495 2929 567 quasi
2982 496 3026 530 7°
3069 496 3290 568 planeis
3337 498 3460 569 (97),
3507 502 3619 573 styli
3651 520 3728 574 po-

2155 586 2273 640 tius
2307 584 2607 655 negotium
2641 600 2821 655 quam
2852 584 3112 641 ofﬁcium
3143 588 3486 643 conscientia:
3515 606 3634 646 meai
3656 609 3730 647 cn-

2157 691 2294 729 rans
2348 673 2440 727 ﬁ°‘?
2485 678 2752 744 peccator
2807 673 2965 729 enim
3021 675 3283 731 omnium
3337 682 3577 733 notarum
3625 697 3729 736 cum

2158 764 2292 829 sim,
2326 778 2431 817 nec
2462 762 2568 817 ulli
2598 762 2682 817 rei
2731 763 2844 819 nisi
2878 764 3230 834 poenitentiae
3263 770 3446 836 natus,
3474 783 3572 822 non
3600 768 3731 824 facile

2159 868 2397 924 possum
2431 868 2607 923 super
2639 850 2741 907 illa
2789 856 3002 919 tacere,
3056 870 3234 926 quam
3286 853 3403 926 ipse
3454 871 3651 927 quoque
3692 865 3734 913 et

2159 940 2359 1012 stirpis
2390 940 2661 996 humanis
2704 946 2761 996 et.
2807 940 3039 997 offensae
3089 942 3149 998 in
3196 944 3489 999 Dominum
3513 944 3734 1017 princeps

2162 1031 2344 1085 Adam
2397 1029 2787 1102 exomologesi
2832 1030 3142 1088 restitutus
3190 1032 3301 1104 (98)
3347 1033 3403 1088 in
3457 1034 3732 1104 paradisum

397 1129 643 1184 tentiam
691 1125 847 1182 enim
898 1128 955 1181 et
989 1122 1380 1180 ministerium
1431 1122 1559 1192 ejus
1619 1120 2052 1193 exomologesin
2162 1135 2501 1190 suum,non
2532 1122 2707 1175 tacet.

1822 1264 2025 1326 Variae
2068 1263 2386 1325 lectiones.

473 1396 518 1430 ⁷⁸
546 1392 892 1465 Aquilinum
923 1391 983 1465 in
1017 1405 1238 1465 morem
1271 1388 1495 1460 quidam
1525 1389 1754 1445 addunt.
1831 1390 1873 1424 '”
1905 1388 2161 1445 Discidio
2191 1390 2312 1460 Βία.

2392 1388 2436 1423 ⁷⁸
2466 1389 2579 1459 Ego
2610 1391 2777 1445 Fran.
2810 1391 2994 1447 Paris.
3027 1390 3256 1447 duobus
3284 1396 3447 1449 Fran.
3512 1392 3551 1428 ⁷⁸
3578 1390 3736 1448 Pharis

405 1473 567 1524 Pam.
614 1462 689 1505 ’⁸ο
719 1468 925 1521 Curem
947 1462 974 1517 ?
1005 1464 1188 1517 Latin.

1844 1576 2364 1639 Commentarios.

480 1700 591 1771 (95)
625 1704 739 1779 Pro
771 1697 960 1779 .malae
1011 1695 1381 1779 tractationis
1426 1693 1704 1779 S‘uspicor
1744 1691 2057 1774 Tertullia-
2164 1692 2523 1779 presbyteris
2561 1696 2619 1779 et
2646 1692 2831 1779 ‘pleb'i‘
2872 1694 3089 1750 factum
3144 1695 3323 1752 fuisse
3365 1696 3640 1761 videretur,
3666 1699 3741 1750 Ec-

405 1764 546 1829 num
576 1764 885 1841 scripsisse
913 1766 1406 1822 maletractau'onis
1441 1765 1689 1819 dictione
1722 1765 2051 1831 unica,cum

407 1845 561 1901 dicat
590 1842 899 1897 Turnebus
928 1839 1031 1894 lib.
1063 1855 1124 1905 ιι,
1160 1854 1286 1906 cap.
1318 1838 1407 1903 20,
1442 1853 1567 1906 quae
1600 1835 1755 1890 mala
1784 1835 2051 1891 tractatio

2167 1764 2357 1819 clesiaa
2387 1764 2755 1819 reddebatur.
2791 1765 2918 1821 Rm.

2236 1835 2348 1906 (97)
2389 1836 2616 1891 Duabus
2663 1837 2922 1894 humanae
2968 1839 3165 1894 salutis
3216 1842 3369 1906 quasi
3407 1839 3616 1906 plausis.
3655 1838 3739 1893 Alii

407 1845 561 1901 dicat
590 1838 899 1897 Turnebus
928 1839 1031 1894 lib.
1063 1855 1124 1905 ιι,
1160 1854 1286 1908 cap.
1318 1838 1407 1903 20,
1442 1853 1567 1908 quae
1600 1838 1755 1890 mala
1784 1838 2051 1891 tractatio

411 1934 443 1972 a
475 1914 675 1990 multis
706 1912 938 1990 dicitur,
972 1926 1103 1990 eam
1130 1910 1202 1964 ab
1234 1909 1486 1990 Arnobio
1518 1908 1914 1990 maletraetatio
1945 1906 2051 1990 dici

2236 1838 2348 1906 (97)
2389 1838 2616 1891 Duabus
2663 1838 2922 1894 humanae
2968 1839 3165 1894 salutis
3216 1842 3369 1910 quasi
3406 1839 3616 1911 plausis.
3655 1838 3739 1893 Alii

2168 1906 2391 1990 legunt,
2417 1907 2663 1990 pham-ts,
2692 1909 2795 1964 sed
2827 1909 2904 1990 ab
2928 1911 3414 1990 veteribus__libris
3442 1910 3493 1990 id
3521 1910 3740 1990 habeant,

409 2003 546 2042 voce
579 1986 750 2040 unica
782 1983 883 2037 lib.
927 1999 981 2035 1v
1031 1982 1155 2035 adv.
1187 1996 1389 2052 gentes.
1427 1983 1919 2052 Apparetautem
1953 1984 2057 2033 Ar-
2167 1995 2240 2052 an
2299 1979 2369 2033 ab
2416 1979 2670 2052 ingenio,
2726 1996 2839 2035 non
2889 1982 3149 2037 tradunt.
3201 1981 3342 2038 Illud
3395 1987 3588 2046 autem,
3622 1982 3743 2052 quasi

412 2058 655 2115 nobium
692 2055 984 2109 imitatum
1042 2050 1437 2121 esse'scripta
1477 2050 1839 2106 Tertulliani.
1892 2052 2056 2121 Apud

412 2132 677 2185 rhetoras
698 2128 874 2182 etiam
895 2126 1303 2180 maletractatz'o
1333 2124 1548 2178 dicitur
1579 2124 1748 2177 unica
1778 2122 2052 2178 dictione.

409 2203 591 2357 l42696)
628 2270 1015 2357 sznitentiam
1045 2271 1094 2322 et
1124 2266 1647 2357 mzziisteriuni'eius
1676 2265 2053 2357 eniornolfec-

410 2337 590 2400 catori
623 2343 694 2397 ad
718 2339 1113 2414 paenitentiam
1149 2338 1408 2393 admisso
1435 2337 1893 2414 ministrabatur
1933 2352 2058 2414 exo-

407 2408 743 2487 mologesis',
777 2429 893 2484 qua
941 2411 1049 2466 rite
1100 2414 1356 2481 peructa,
1399 2408 1445 2463 si
1490 2408 1631 2462 satis
1687 2408 1960 2478 episcopo
2003 2411 2061 2462 et

2163 2050 2403 2124 planeis,
2438 2050 2943 2124 propiusiaccedit
2993 2054 3062 2108 ad
3120 2054 3243 2110 hac
3272 2054 3470 2110 veteris
3498 2050 3742 2124 scriptura!

2166 2123 2621 2197 vestigia,_quasi
2644 2123 2838 2197 plane.
2880 2124 3005 2181 RIG.

2236 2193 2347 2264 (98)
2380 2192 2551 2266 Adam
2580 2192 2949 2266 exbmologesi
2980 2198 3283 2253 restitutus.
3324 2197 3436 2253 Hoc
3463 2200 3641 2252 contra
3663 2198 3742 2248 Ta-

2165 2264 2393 2338 tianum
2449 2264 2785 2322 hareticum
2820 2264 2843 2335 ς’
2894 2268 3062 2338 cujus
3119 2274 3245 2325 erat
3299 2268 3539 2331 hmresis,
3597 2267 3739 2338 Adam

2167 2335 2417 2413 salutem
2450 2338 2728 2413 consequi
2764 2354 2877 2413 non
2910 2335 3215 2411 potuisse;
3257 2341 3340 2395 uti
3380 2343 3529 2413 patet
3560 2354 3618 2394 ex
3662 2335 3740 2390 lib.

2165 2408 2230 2461 de
2264 2410 2580 2480 Praescript.
2613 2409 2743 2465 adv.
2778 2408 2967 2467 haeres.
3003 2415 3135 2467 PAM.

586 2753 775 2948 Ο.
907 2750 1460 2915 SEPT.
1594 2748 2166 2914 FLOR.
2296 2750 3615 2921 TERTULLIANI

1994 3022 2226 3083 LIBER

1460 3201 1677 3325 DE
1765 3201 2718 3335 PATIENTIA.

1695 3610 2247 3700 ARGUMEN
2256 3613 2544 3701 TUM.

484 3785 773 3842 Tractatua
819 3784 889 3840 de
944 3782 1215 3855 patientia
1288 3796 1456 3852 quem
1529 3779 1697 3835 multi
1771 3795 1804 3835 a
1857 3779 2205 3836 Tertulliano
2264 3780 2591 3838 adhucdum
2645 3783 2929 3841 catholico
2994 3783 3146 3843 circa
3200 3804 3258 3843 a.
3321 3807 3381 3845 cc
3433 3787 3755 3858 conscriptum

416 3874 591 3931 fuisse
649 3872 995 3942 existimant,
1056 3872 1113 3927 in
1174 3885 1338 3942 quam
1410 3869 1691 3939 imprimis
1765 3868 1953 3924 abiere
2027 3869 2368 3924 sententiam
2446 3870 2675 3927 doctiss.
2746 3871 3161 3930 Tillemontius.
3245 3875 3315 3933 D.
3394 3877 3657 3946 Gellerius,
3714 3891 3755 3944 p.

418 3962 744 4020 Dominicas
796 3961 1118 4027 Schramm,
1198 3958 1406 4015 eximia
1485 3966 1565 4011 est
1636 3957 1814 4011 multa
1882 3972 2013 4011 cum
2092 3956 2414 4027 eloquentia
2470 3959 2785 4017 adhortatio
2849 3962 2920 4017 ad
2976 3962 3309 4033 patientiam
3370 3964 3757 4036 amplectendam

415 4066 563 4122 pene
618 4050 805 4107 dicam
869 4050 939 4105 ad
998 4047 1333 4118 martyrium
1393 4046 1810 4115 sustinendum,
1846 4044 1990 4099 haud
2047 4044 2209 4099 aliter
2256 4060 2321 4101 ac
2378 4046 2445 4117 si,
2513 4063 2646 4103 cum
2705 4049 2824 4106 haec
2879 4051 3266 4110 conscriberet
3321 4054 3757 4126 Septimius,jam-

410 4141 529 4211 jam
585 4154 731 4195 nova
786 4138 1071 4209 ingrueret
1128 4135 1395 4207 procella,
1454 4135 1768 4203 iterumque
1816 4132 2267 4189 Christianorum
2322 4134 2670 4192 calamitates
2728 4137 2913 4193 forent
2988 4138 3360 4198 rsfricandas.
3419 4140 3668 4212 Quidquid
3711 4153 3759 4192 ea

416 4230 487 4286 de
516 4244 573 4284 re
630 4228 701 4283 sit
756 4234 938 4283 ratum
997 4227 1346 4291 habendum,
1406 4223 1657 4294 qualisve
1716 4231 1967 4292 tempore
2021 4222 2111 4280 vel
2172 4238 2358 4278 rerum
2418 4232 2748 4295 tempestate
2803 4226 2973 4283 fuerit
3032 4227 3125 4284 hic
3192 4229 3421 4288 libellus
3449 4237 3690 4293 exaralus,
3716 4228 3759 4281 in

414 4334 480 4373 ea
536 4316 693 4372 nulla
764 4332 881 4371 non
958 4314 1190 4370 aﬂ‘ertur
1266 4328 1454 4377 causa,
1537 4328 1640 4367 cur
1710 4311 2014 4366 Christiani
2087 4312 2157 4366 ad
2229 4312 2557 4381 patientiam
2635 4314 2875 4371 excitari
2939 4324 3148 4386 queant
3214 4328 3270 4375 et
3328 4321 3399 4377 ab
3468 4315 3760 4391 impatientia

413 4405 699 4463 deterreri.
756 4403 971 4474 Nempe
1015 4419 1146 4458 cum
1203 4403 1264 4457 in
1314 4402 1498 4471 operis
1557 4400 1775 4467 limine,
1827 4400 1987 4470 quasi
2036 4400 2263 4469 publice
2315 4405 2542 4472 stratus,
2595 4419 2758 4460 suam
2806 4414 3002 4461 auctor
3057 4406 3503 4466 imbecillitatem
3530 4406 3763 4473 animique

413 4494 808 4565 impotentiam
861 4490 1257 4564 prepalaverit,
1310 4489 1751 4560 patientiamque
1805 4488 2027 4556 magnis
2104 4488 2374 4544 laudibus
2446 4493 2775 4548 summatim
2832 4494 3213 4565 descripserit,
3270 4497 3490 4569 singula
3538 4493 3762 4567 perstrin-

415 4585 494 4656 git
553 4581 765 4639 motiva
819 4582 886 4636 ad
936 4595 1059 4635 eam
1104 4579 1555 4649 amplectendam
1613 4579 1978 4648 proponenda
2027 4578 2279 4633 scilicet:
2340 4579 2381 4633 Ι.
2430 4579 2765 4636 Patientiam
2800 4581 2912 4637 Dei
2959 4598 3091 4653 erga
3134 4600 3261 4653 nos,
3312 4602 3434 4658 cap.
3486 4587 3535 4642 2.
3586 4587 3644 4640 II.
3686 4586 3764 4635 Pa-

416 4672 676 4734 tientiam
732 4670 960 4735 Christi,
1021 4668 1074 4735 3,
1135 4668 1186 4721 4.
1252 4668 1347 4722 ΙΙΙ.
1432 4667 1654 4721 Natales
1730 4666 2101 4736 impatientias
2184 4681 2251 4722 ac
2336 4667 2459 4738 ejus
2532 4670 2676 4724 mala
2752 4671 2812 4726 in
2885 4671 3007 4742 ipso
3061 4673 3289 4731 diabolo
3338 4675 3677 4747 deprehensa,
3723 4670 3763 4724 5.

417 4760 507 4819 IV.
540 4760 733 4815 Fidem
766 4758 1035 4830 patientia
1065 4757 1441 4828 probandam,
1473 4757 1525 4809 6.
1561 4756 1626 4809 V.
1661 4756 2017 4826 Temporalia
2047 4755 2253 4810 exinde
2292 4764 2496 4827 spreta.
2547 4760 2602 4812 5.
2657 4760 2746 4815 VI.
2801 4761 3045 4829 Injurias
3094 4779 3254 4832 aequa
3312 4773 3498 4821 monte
3549 4765 3683 4828 latas,
3722 4759 3762 4812 8.

416 4850 538 4907 VII.
573 4847 831 4904 Dolorem
864 4865 893 4903 e
924 4862 1155 4903 suorum
1186 4846 1496 4901 amissione
1526 4852 1921 4916 temperatum,
1955 4845 2009 4898 9.
2047 4844 2180 4899 VIII.
2223 4845 2491 4901 Vindictae
2545 4848 2912 4917 cupiditatem
2966 4851 3328 4921 exstinctam,
3380 4854 3465 4909 10.
3518 4851 3602 4906 ΙΧ.
3641 4849 3766 4904 Irrita

412 4940 527 5009 jam
561 4938 779 4993 inimici
809 4937 1198 5002 incitamenta,
1230 4936 1313 4989 11.
1351 4933 1414 4988 Χ.
1451 4935 1788 4990 Patientiam
1826 4936 2093 4989 virtutum
2137 4942 2396 5003 matrem,
2430 4937 2516 4992 13.
2544 4936 2638 4992 ΧΙ.
2675 4937 3001 5009 Viriumque
3028 4940 3244 4997 fontem
3276 4943 3669 5007 inexhaustum,
3699 4936 3763 4993 ll.

415 5028 541 5086 XII.
582 5026 853 5097 Exempla
881 5027 1189 5097 patientiae,
1222 5026 1452 5081 demum
1486 5025 1803 5080 mercedem
1835 5031 1888 5080 et
1918 5024 2187 5093 fructum,
2221 5025 2308 5095 14,
2342 5026 2425 5080 15.
2460 5027 2601 5081 Enn.

849 5324 1055 5381 1249
1094 5322 1319 5379 CAPUT
1355 5322 1643 5378 PRIMUM

2180 5323 2230 5379 si
2263 5340 2375 5380 non
2401 5324 2576 5380 etiam
2606 5326 3003 5398 impudenter,
3054 5329 3127 5387 de
3156 5329 3436 5402 patientia
3475 5336 3767 5401 componere

492 5414 781 5472 Conﬁteor
821 5414 893 5470 ad
948 5412 1265 5469 Dominum
1296 5411 1503 5482 Deum,
1537 5412 1681 5469 satis
1719 5412 1925 5468 timere
1953 5427 2066 5481 me,

2180 5429 2412 5484 ausum,
2446 5414 2539 5470 cui
2566 5416 2913 5487 praestandae
2945 5417 3190 5475 idoneus
3227 5420 3466 5477 omnino
3494 5435 3597 5475 non
3625 5416 3716 5472 sim
3734 5414 3763 5478 ¹ν

1846 5571 2049 5633 Variae
2080 5570 2400 5634 lectiones.

496 5669 515 5705 ¹
555 5669 698 5726 Sum
731 5671 923 5726 Paris.
