4148 6194
402 306 557 368 1365

1672 307 1903 366 LIBER
1946 308 2043 367 DE
2087 306 2538 367 PATIENTIA.

3651 304 3806 365 1366

403 443 759 511 peccatores,
793 452 910 492 non
952 437 1304 494 Publicanos
1354 444 1703 510 aspernatus
1761 443 1868 494 est.
1920 442 2045 494 Non
2076 441 2132 507 Α
2162 441 2293 495 dem
2328 441 2530 497 I255
2564 439 2880 495 artiﬁcium
2914 437 3284 511 promerendi
3314 435 3663 507 obsequium
3695 442 3807 506 est,

399 528 484 584 illi
517 526 713 583 saltim
747 527 791 561 ”
823 525 1041 584 civitati
1092 544 1219 598 quae
1279 544 1413 583 cum
1474 529 1730 598 recipere
1762 528 2049 583 noluerat.

2165 530 2430 601 obsequii
2462 531 2506 566 ³1
2539 546 2674 585 vero
2705 528 3039 600 disciplina,
3073 528 3362 598 morigera
3390 524 3675 595 subjectio
3698 529 3805 595 est,

398 618 586 673 iratus
618 619 729 680 est,
760 633 896 672 cum
926 618 1105 672 etiam
1150 617 1427 689 discipuli
1474 622 1595 673 tam
1627 618 2051 673 contumelioso
2162 624 2381 688 quanto
2412 619 2598 690 magis
2625 635 2731 673 nos
2762 619 3085 673 secundum
3120 616 3433 671 Dominum
3472 619 3729 671 moratos
3761 617 3806 651 ³³

396 705 611 778 oppido
670 705 936 761 caelestes
997 707 1165 778 ignes
1241 707 1647 778 repraesentari
1706 708 2048 762 voluissent.

396 795 659 865 Ingratos
685 795 933 863 curavit,
968 795 1417 851 insidiatoribus
1440 798 1636 851 cessit.
1672 797 1882 850 Parum
1917 796 2048 862 hoc,

391 884 443 939 si
477 895 593 939 nOn
625 884 800 939 etiam
828 884 1184 954 proditorem
1218 902 1394 939 suum
1454 901 1650 940 secum
1684 885 1907 950 habuit,
1944 900 2047 938 nec

391 977 731 1029 constanter
760 974 805 1007 ²⁸
836 973 1153 1028 denotavit.
1213 974 1357 1028 Cum
1415 990 1549 1029 vero
1606 974 1878 1040 traditur,
1914 988 2045 1027 cum

389 1062 706 1117 adducitur
735 1066 801 1117 ut
832 1079 1008 1133 pecus
1032 1063 1103 1117 ad
1125 1062 1453 1128 victimam,
1473 1064 1555 1118 sic
1588 1064 1746 1118 enim
1780 1079 1895 1117 non
1920 1078 2043 1115 ma-

389 1152 479 1224 gis
505 1152 693 1223 aperit
721 1168 807 1218 os,
834 1168 1011 1223 quam
1045 1168 1234 1223 agnus
1266 1152 1377 1207 sub
1410 1153 1706 1208 tondentis
1734 1156 2039 1223 potestate,

385 1239 505 1307 ille,
565 1240 659 1295 cui
718 1240 978 1313 legiones
1040 1240 1411 1312 angelorum,
1473 1241 1517 1296 si
1577 1241 1879 1307 voluisset,
1924 1258 2040 1297 uno

389 1330 546 1386 dicto
576 1330 647 1386 de
680 1330 841 1386 ccelis
889 1329 1239 1397 adfuissent,
1298 1347 1370 1386 ne
1430 1332 1634 1387 I254
1684 1330 1859 1386 unius
1910 1332 2039 1401 qui-

386 1419 520 1474 dem
570 1418 852 1475 discentis
912 1420 960 1455 ²⁶
1016 1419 1279 1491 gladium
1339 1420 1587 1475 ultorem
1648 1420 1691 1454 ²⁷
1749 1420 2035 1491 probavit.

384 1508 677 1564 Patientia
708 1507 937 1563 Domini
970 1508 1028 1562 in
1060 1508 1281 1564 Malcho
1304 1508 1609 1565 vulnerata
1630 1512 1737 1565 est.
1765 1514 1965 1581 Itaque
1982 1513 2039 1565 et

386 1596 567 1669 gladii
612 1614 791 1669 opera
838 1597 1145 1653 maledixit
1201 1598 1261 1652 in
1311 1602 1635 1669 posterum,
1675 1604 1733 1655 et
1765 1599 2037 1655 sanitatis

383 1686 751 1742 restitutione
783 1686 855 1754 ei,
891 1702 1068 1758 quem
1100 1704 1214 1743 non
1247 1687 1373 1758 ipse
1389 1692 1710 1753 vexaverat,
1732 1688 2034 1753 satisfecit,

2161 709 2429 763 invenirii
2464 712 2692 779 oportet
2716 708 2727 761 l
2765 709 2971 762 Servos
3000 706 3221 761 scilicet
3242 705 3341 760 Dei
3368 705 3500 771 vivi,
3522 706 3805 775 cujusju-

2160 798 2375 852 dicium
2432 798 2490 851 in
2552 814 2713 861 suos,
2747 814 2861 851 non
2912 797 2970 850 in
3030 796 3311 866 compede
3359 802 3459 849 aut
3510 794 3659 864 pileo
3690 796 3803 865 (14)

2158 887 2419 951 vertitur,
2455 888 2553 941 sed
2590 887 2647 941 in
2681 886 3022 953 aeternitate,
3057 889 3157 939 aut
3187 901 3388 955 pcenm,
3423 888 3523 938 aut
3568 883 3799 939 salutis.

2155 976 2255 1031 Cui
2281 976 2571 1030 severitati
2597 975 2980 1043 declinandis,
2994 972 3080 1027 vel
3102 972 3438 1027 liberalitati
3466 972 3799 1040 invitandm,

2154 1069 2315 1119 tanta
2332 1064 2596 1135 obsequii
2628 1062 2930 1134 diligentia
2948 1078 3094 1133 opus
3125 1065 3232 1129 est,
3252 1064 3473 1131 quanta
3492 1064 3633 1115 sunt
3650 1061 3799 1132 ipsa,

2152 1170 2280 1225 qua:
2313 1159 2413 1209 aut
2444 1154 2721 1209 severitas
2751 1151 3165 1218 comminatur,
3202 1156 3302 1206 aut
3334 1149 3650 1206 liberalitas
3672 1150 3798 1221 polo

2151 1242 2379 1297 licetur.
2412 1242 2478 1297 Et
2506 1246 2703 1296 tamen
2733 1256 2841 1294 nos
2862 1256 2979 1294 non
3012 1239 3083 1294 de
3112 1237 3453 1293 hominibus
3482 1238 3654 1292 modo
3680 1252 3798 1292 ser-

2149 1334 2330 1387 vitute
2359 1330 2625 1387 subnixis
2658 1329 2894 1399 (15),vel
2927 1328 3188 1399 quolibet
3217 1326 3329 1381 alio
3361 1328 3497 1397 jure
3520 1326 3796 1381 debitori-

2148 1422 2259 1476 bus
2290 1420 2579 1491 obsequii,
2608 1436 2812 1474 verum
2835 1417 3007 1472 etiam
3044 1417 3113 1471 de
3137 1416 3483 1488 pecudibus,
3516 1415 3691 1471 etiam
3726 1416 3795 1469 de

2147 1510 2352 1566 bestiis
2383 1509 2774 1566 obedientiam
2816 1505 3221 1578 exprimimus,
3254 1503 3648 1575 intelligentes
3671 1503 3793 1558 usi-

2147 1599 2255 1655 bus
2292 1598 2511 1655 nostris
2542 1614 2690 1653 easa
2720 1595 2966 1652 Domino
2985 1594 3245 1667 provisas
3264 1594 3375 1665 (16)
3410 1593 3791 1664 traditaeque-

2145 1689 2382 1747 Meliora
2410 1704 2548 1760 ergo
2604 1686 2773 1742 nobis
2824 1688 2996 1741 erunt
3049 1684 3109 1738 in
3157 1682 3420 1753 obsequii
3460 1681 3789 1754 disciplina,

385 1790 491 1846 per
543 1775 589 1809 ²⁸
648 1774 1017 1846 patientiam,
1076 1774 1492 1831 misericordiae
1537 1782 1807 1833 matrem.
1848 1778 2032 1832 Taceo
2064 1812 2111 1877 B
2144 1796 2270 1850 quae
2304 1778 2474 1833 nobis
2505 1782 2654 1832 Deus
2686 1775 2932 1831 subdit?
2964 1778 3307 1845 Agnoscunt
3364 1772 3616 1844 denique
3659 1788 3785 1843 quea

384 1864 542 1935 quod
591 1864 812 1937 ﬁgitur,
868 1864 928 1919 in
989 1864 1098 1921 hoc
1127 1865 1285 1920 enim
1315 1870 1571 1921 venerat.
1607 1866 1905 1937 Numquid
1937 1871 2027 1921 ta-

384 1967 515 2007 men
544 1952 863 2008 subeundae
914 1953 1084 2008 morti
1124 1953 1300 2009 etiam
1332 1954 1706 2010 contumeliis
1727 1971 1872 2026 opus
1903 1956 2026 2010 fue-

381 2041 515 2097 rat?
542 2042 651 2097 Sed
698 2041 956 2109 saginari
987 2041 1285 2113 voluptate
1331 2044 1623 2115 patientiae
1655 2045 2026 2101 discessurus

378 2130 624 2186 volebat.
688 2132 1021 2203 Despuitur,
1079 2133 1442 2199 verberatur,
1494 2134 1811 2204 deridetur,
1860 2133 2026 2189 foedis

374 2220 643 2291 vestitur,
677 2222 1020 2277 fosdioribus
1051 2227 1382 2279 coronatur.
1426 2223 1572 2279 Mira
1620 2224 2025 2295 aequanimita-

375 2309 453 2365 tis
482 2311 646 2367 ﬁdes.
683 2312 790 2378 Qui
822 2312 881 2367 in
914 2311 1173 2368 hominis
1205 2314 1393 2383 figura
1423 2314 2024 2387 proposueratlatere,

378 2397 526 2453 nihil
559 2400 629 2454 de
661 2400 1029 2471 impatientia
1061 2401 1321 2458 hominis
1354 2403 1737 2459 imitatusest.
1770 2404 1915 2458 Hinc
1938 2404 2027 2459 vel

377 2492 650 2547 maxime.
689 2492 985 2563 Pharisaei,
1019 2494 1331 2549 Dominum
1364 2511 1677 2567 agnoscere
1708 2496 2023 2552 debuistis:

376 2581 722 2651 patientiam
755 2582 1096 2652 hujusmodi
1118 2600 1288 2639 nemo
1305 2584 1610 2640 hominum
1646 2591 2024 2659 perpetraret.

378 2669 546 2724 Talia
590 2674 869 2742 tantaque
929 2672 1305 2743 documenta,
1380 2690 1629 2745 quorum
1687 2675 2027 2747 magnitudo

378 2775 557 2830 penes
588 2759 855 2815 nationes
886 2761 1122 2832 quidem
1156 2762 1499 2818 detrectatio
1542 2763 1675 2819 fidei
1706 2769 1814 2834 est,
1850 2781 2027 2835 penes

376 2864 482 2903 nos
521 2865 657 2903 vero
714 2849 861 2904 ratio
920 2854 978 2904 et
1035 2850 1280 2906 structio
1338 2853 1401 2920 ’9,
1436 2852 1580 2907 satis
1631 2858 1847 2924 aperte,
1909 2871 2025 2909 non

376 2938 753 2992 sermonibus
785 2939 957 2993 modo
992 2939 1049 2993 in
1083 2940 1494 3012 precipiendo,
1528 2943 1627 2996 sed
1686 2943 1857 2997 etiam
1891 2960 2024 3015 pas-

375 3026 641 3082 sionihus
667 3027 900 3082 Domini
946 3029 991 3062 ³⁰
1040 3030 1409 3097 sustinendo,
1470 3032 1719 3102 probant
1749 3031 1863 3103 his,
1897 3032 2025 3105 qui-

374 3115 489 3170 bus
519 3116 751 3172 crederc
783 3118 984 3172 datum
1018 3122 1125 3185 est,
1151 3119 1491 3189 patientiam
1536 3120 1635 3175 Dei
1693 3138 1821 3177 esse
1852 3129 2023 3177 natu-

2141 1869 2441 1932 obediunt,
2493 1883 2619 1922 nos.
2679 1865 2787 1919 Cui
2836 1863 2945 1919 soli
2992 1862 3214 1917 subditi
3262 1878 3491 1930 sumus,
3543 1862 3782 1917 Domino

2136 1958 2361 2013 scilicet
2391 1955 2722 2012 auscultare
2754 1953 3095 2009 dubitamus
3117 1951 3144 2005 ?
3180 1953 3249 2006 At
3282 1968 3459 2023 quam
3489 1951 3779 2023 injustum

2135 2050 2242 2114 est,
2279 2062 2455 2119 quam
2474 2045 2651 2101 etiam
2669 2042 3155 2115 ingratum,quod
3191 2057 3294 2113 per
3315 2040 3557 2096 alterius
3581 2042 3775 2096 indul-

2136 2136 2397 2209 gentiam
2431 2135 2499 2189 de
2530 2132 2661 2189 aliis
2693 2130 3093 2203 consequaris,
3127 2130 3279 2186 idem
3335 2129 3420 2184 illi
3471 2146 3572 2202 per
3602 2147 3776 2202 quem

2136 2223 2531 2296 consequeris,
2584 2238 2654 2277 ne
2702 2220 3016 2292 temetipso
3073 2236 3187 2275 non
3248 2220 3604 2289 rependerel
3663 2225 3781 2277 Nec

2138 2314 2406 2387 pluribus
2438 2314 2507 2367 de
2565 2309 2833 2381 obsequii
2889 2307 3264 2374 exhibitione,
3307 2307 3501 2363 debita
3531 2326 3565 2363 a
3610 2309 3781 2365 nobis

2140 2404 2386 2459 Domino
2430 2403 2558 2456 Deo.
2594 2399 2745 2454 Satis
2776 2398 2935 2454 enim
2967 2397 3187 2469 agnitio
3216 2396 3338 2463 Dei,
3385 2397 3525 2468 quid
3554 2396 3665 2452 sibi
3692 2397 3781 2453 in-

2138 2494 2401 2560 cumbat,
2434 2488 2729 2562 intelligit.
2764 2488 2845 2543 Ne
2876 2492 3075 2543 tamen
3105 2491 3170 2541 ut
3199 2492 3537 2542 extraneum
3568 2487 3640 2541 de
3682 2488 3783 2543 ob-

2139 2582 2341 2653 sequio
2372 2580 2675 2633 videamur
2706 2576 3090 2647 interjecisse,
3123 2576 3315 2645 ipsum
3350 2591 3584 2646 quoque
3614 2577 3781 2631 obse-

2137 2672 2341 2744 quium
2367 2670 2437 2725 ds
2468 2667 2751 2742 patientia
2777 2665 3051 2721 trahitur.
3104 2665 3417 2736 Nunquam
3465 2664 3783 2738 impatiens

2136 2760 2500 2831 obsequitur,
2551 2760 2652 2812 aut
2701 2756 2927 2828 patiens
2976 2753 3108 2827 quis
3140 2771 3254 2810 non
3279 2755 3323 2789 ³³
3358 2753 3688 2810 oblectatur
3712 2756 3779 2810 ει.

2136 2851 2319 2913 Quam
2350 2864 2486 2919 ergo
2518 2846 2801 2901 Dominus
2832 2843 3096 2899 omnium
3128 2843 3413 2898 bonorum
3453 2847 3508 2898 et
3539 2844 3781 2899 demon-

2136 2944 2350 2996 strator
2379 2942 2435 2992 et
2465 2938 2732 3006 acceptor
2762 2938 2914 2988 Deus
2946 2932 3004 2986 in
3051 2931 3365 3003 semetipso
3396 2932 3778 3001 circumtulit,

2136 3028 2269 3100 quis
2291 3027 2361 3081 de
2392 3026 2544 3080 bono
2576 3025 2701 3093 ejus
2735 3021 2851 3077 late
2876 3022 2921 3056 ³⁸
2950 3024 3221 3075 retractet
3247 3022 3358 3092 (17)
3393 3025 3415 3077 Ρ
3444 3022 3652 3078 1258
3674 3023 3778 3078 Cui

2134 3120 2273 3174 item
2308 3116 2549 3173 dubium
2587 3113 2660 3169 sit
2682 3128 2856 3169 omne
2888 3114 3130 3182 bonum,
3155 3110 3293 3183 quia
3323 3113 3393 3167 ad
3438 3117 3616 3167 Deum
3649 3129 3778 3184 per-

372 3221 499 3259 ram
530 3206 665 3276 (i3),
700 3206 973 3262 eli'ectum
1005 3212 1061 3262 et
1088 3176 1490 3278 praetentiam
1525 3210 1797 3282 ingenitae
1826 3212 2023 3282 cujus-
2057 3176 2101 3244 C
2132 3208 2337 3277 tineat,
2370 3203 2801 3278 pertinentibus
2830 3202 2901 3258 ad
2946 3176 3127 3256 Deum
3160 3176 3281 3256 tota
3322 3205 3517 3256 mente
3547 3176 3779 3256 sectan-

370 3294 505 3349 dam
538 3294 934 3366 proprietatis.

1011 3384 1243 3440 CAPUT
1285 3385 1379 3440 IV.

442 3470 627 3542 lgitur
654 3472 705 3527 si
738 3474 952 3544 probos
977 3490 1243 3546 quosque
1294 3492 1492 3531 servos
1522 3481 1577 3532 et
1610 3478 1772 3532 bonae
1806 3480 2022 3535 mentis

371 3576 477 3632 pro
502 3561 737 3633 ingenio
771 3562 1065 3620 dominico
1124 3566 1455 3622 conversari
1501 3566 1768 3623 videmus
1811 3568 2023 3640 (siqui-

2134 3299 2273 3354 dum
2295 3298 2322 3351 ‘I
2353 3300 2462 3352 Per
2492 3311 2620 3366 quae
2651 3294 2711 3348 in
2761 3291 3028 3364 expedito
3077 3290 3189 3361 (18)
3220 3294 3277 3345 θῖ
3332 3289 3500 3361 quasi
3546 3290 3606 3344 in
3641 3308 3781 3361 prae-

2133 3384 2506 3459 scriptionnis
2533 3382 2882 3454 compendio
2910 3381 3022 3452 (19)
3054 3384 3113 3436 θῖ
3132 3380 3562 3436 commendatio
3593 3384 3650 3435 et
3678 3395 3779 3436 ex-

2133 3476 2384 3533 hortatio
2417 3476 2488 3529 dc
2520 3471 2800 3545 patientia
2823 3470 3143 3527 constituta
3170 3469 3213 3503 3°
3244 3473 3352 3524 est.

1791 3713 1996 3774 Varia:
2041 3711 2361 3775 lectiones.

442 3810 488 3845 ²⁴
514 3810 734 3867 Saltem
782 3815 953 3868 Fran.
1002 3814 1187 3869 Paris.
1299 3814 1343 3853 ’⁸
1375 3815 1668 3871 instanter
1713 3818 1840 3873 Jun.

1956 3818 1999 3853 ²⁶
2032 3815 2347 3873 Educentis
2390 3814 2560 3867 Rhen.
2611 3813 2776 3865 Fran.
2822 3810 3003 3864 Paris.

370 3883 561 3938 Paris.
639 3884 683 3918 ³⁸
718 3883 862 3939 Proh
897 3884 1068 3941 Rhen.
1149 3886 1194 3920 ²⁹
1224 3886 1539 3942 Instructio
1586 3890 1706 3943 alii.
1786 3890 1829 3923 3°
1862 3894 1922 3943 1n
1957 3891 2082 3945 add.
2135 3891 2265 3945 Jun.

3116 3808 3159 3842 ³⁷
3192 3808 3251 3863 In
3297 3807 3551 3865 ultorem
3602 3812 3776 3865 Fran.

2314 3883 2690 3958 passionibus
2749 3880 3209 3958 in__s_u_stinen_do
3244 3881 3362 3958 Βία.
3438 3880 3780 3958 “_Ob_sequi

374 3952 580 4032 Big‘alt.
631 3956 700 4032 _3‘
731 3955 1076 4032 secundum
1099 3957 1415 4032 Dominum
1450 3960 1773 4032 morigeros
1803 3962 2080 4016 Pamslius
2114 3960 2247 4028 tegit
2274 3951 2343 4013 es}:
2371 3958 2404 4011 3
2441 3956 2735 4032 Vaticanis:
2812 3953 2857 3987 ³³
2889 3953 3014 4007 Non
3049 3952 3438 4032 _al1.est.Fran.
3479 3953 3658 4032 Paris.
3705 3951 3781 4032 '_“

374 4022 721 4117 obluctatur
750 4029 958 4117 Rigalt:
1034 4029 1079 4063 ³⁸
1108 4030 1307 4117 Latere
1341 4036 1511 4117 liras.
1566 4022 1747 4089 Poris.
1825 4034 1868 4068 ⁸⁸
1897 4022 2223 4117 Constituto
2266 4031 2427 4085 Fran.
2485 4028 2668 4083 Paris.
2722 4025 2781 4080 in
2829 4022 3288 4096 priescriptionis
3332 4023 3677 4095 compendio
3706 4024 3779 4078 de

372 4096 653 4169 patientia
676 4096 1062 4157 constitutum
1094 4106 1183 4157 est
1213 4102 1416 4172 Rigali.

1810 4191 2333 4254 Commentarius.

374 4310 737 4395 ministravit:
782 4310 1009 4395 Plocuit
1050 4312 1183 4395 ‘haec
1224 4314 1516 4395 scriptura
1546 4315 1773 4395 codicis
1804 4315 2023 4395 Drsini,

377 4384 517 4462 quia
547 4384 632 4436 sic
662 4384 862 4451 etiam,
897 4384 998 4439 lib.
1030 4384 1094 4441 de
1125 4384 1409 4457 baptismo,
1446 4410 1472 4437 «
1529 4389 1757 4460 Aquam
1790 4388 2023 4442 discen-

374 4453 537 4509 tibus
572 4454 892 4510 ministrat.
931 4477 951 4506 ι
995 4458 1063 4511 Εῖ
1091 4462 1287 4513 tamen
1320 4459 1525 4516 possit.
1554 4477 1659 4515 nec
1690 4461 1814 4516 sine
1845 4459 2023 4514 ratio~

378 4477 537 4509 unus
572 4477 892 4510 ministrat.
931 4477 951 4506 ι
995 4477 1063 4511 ut
1091 4477 1287 4513 tamen
1320 4477 1525 4531 pOSSIt,
1554 4477 1659 4515 nec
1690 4477 1814 4516 slne
1845 4477 2023 4514 rauo~

378 4525 736 4613 Perdatendi
764 4527 1002 4613 quos!“
1034 4529 1584 4613 ιῗίέδσξαηοὲοείξυνρ
1604 4555 1630 4582 α
1653 4532 1872 4613 Atquin
1899 4533 2027 4613 ipse

375 4595 662 4671 lavandis,
691 4621 717 4647 »
747 4595 855 4655 etc.
886 4599 1032 4655 Nam
1064 4600 1159 4656 hic
1189 4603 1259 4657 de
1289 4595 1616 4659 ministerio
1648 4595 2026 4671 tantum,illic

377 4668 449 4723 de
481 4684 633 4739 aqua
662 4686 853 4726 sermo
894 4676 1002 4727 est.
1034 4676 1163 4728 RIG.

450 4740 561 4809 (13)
596 4742 929 4819 Patientia":
956 4745 1052 4819 Dei
1083 4761 1222 4819 esse
1285 4752 1570 4819 naturam.
1630 4747 1797 4817 Nam,
1857 4750 1923 4801 ut
1948 4746 2029 4800 ait
2059 4754 2105 4819 D

379 4812 771 4885 augustinus,
803 4817 971 4870 etiam
1002 4816 1329 4885 inﬁirmitas
1384 4818 1483 4871 Dei

379 4882 633 4959 (lih;.gx1v
664 4886 737 4940 De
769 4886 951 4951 Civit.,
994 4882 1112 4952 Dei,
1137 4905 1261 4959 cap.
1287 4888 1363 4957 9).
1398 4889 1524 4943 Πιθ.

452 4955 563 5031 (14)
595 4959 714 5011 Non
742 4960 800 5011 in
846 4960 1095 5029 compede
1151 4955 1247 5014 adt
1293 4955 1453 5028 pileo.
1493 4960 1815 5031 Compedes
1850 4960 2023 5014 servi-

381 5026 542 5101 tutis
582 5035 729 5083 nota:
768 5026 1053 5101 erant,'ut
1100 5026 1301 5101 pileus'
1330 5026 1830 5087 libertatistnde
1862 5032 2023 5086 Bruti

378 5098 681 5179 numisma
713 5100 863 5179 pileo
895 5098 1241 5176 duobusque
1266 5104 1621 5179 pugionibus
1654 5102 2022 5179 insignitum,

383 5171 611 5248 quibus
636 5174 972 5248 restitutam
1008 5191 1040 5229 a
1070 5193 1131 5230 se
1147 5171 1722 5248 patrias—libertatem
1758 5171 2026 5245 significa

383 5240 503 5295 bat.
539 5242 702 5298 Mitto
734 5244 826 5319 hic
846 5246 1039 5301 dicere
1071 5240 1437 5303 Anacharsin
1465 5240 2027 5319 Scytham,ad'eoque

380 5328 639 5391 servuth
699 5312 859 5368 πῖλον
905 5321 1302 5391 assumpsisse
1333 5320 1391 5373 in
1426 5312 1768 5391 gymnasiis.
1804 5320 1880 5374 Ls
1922 5312 2024 5372 Pa.

454 5383 567 5453 (15)
599 5386 870 5443 Servitute
898 5383 1168 5444 subnixis.
1199 5391 1317 5445 Hoc
1348 5383 1479 5456 esz
1499 5392 1682 5447 servis
1716 5391 1901 5446 multo
1934 5407 2027 5445 co-

380 5460 522 5510 natu
558 5459 777 5535 et_nisu
811 5460 1291 5516 allaborantibus.
1320 5464 1535 5519 Auctor
1566 5469 1898 5535 poematum
1934 5462 2029 5517 ad-

380 5542 587 5583 versus
618 5531 960 5599 Macionem,
995 5536 1191 5589 Poem.
1226 5550 1325 5588 111:

1526 4819 1640 4888 fuit
1670 4836 1739 4874 ea.
1767 4823 2028 4891 potestate

446 5686 635 5757 llialuit
661 5690 889 5757 afﬂictus
919 5692 1105 5757 populi
1140 5694 1349 5756 portare
1378 5692 1585 5744 labores

448 5748 689 5806 Subnixo
716 5748 979 5813 service?"

2139 4314 2223 4383 Et,

2196 4422 2294 4470 Pro
2325 4419 2495 4484 patria
2523 4431 2641 4482 quae
2658 4413 2913 4477 belligero
2945 4411 3172 4461 subnixa
3200 4408 3387 4460 labori.
3418 4411 3531 4460 Rm.

2206 4528 2319 4599 (16)
2354 4527 2544 4599 Usibus
2574 4524 2774 4599 nostris
2792 4538 2837 4599 _a
2886 4518 3422 4599 Dominoprovisas.
3456 4514 3681 4599 Alludit
3710 4518 3781 4572 ad

2136 4590 2482 4654 illud'Gen.
2521 4612 2581 4651 1:
2644 4591 3022 4650 Dominamini
3075 4590 3313 4660 piscibus
3368 4592 3561 4656 maris,
3620 4592 3728 4644 etc.
3766 4607 3780 4656 ;

2136 4671 2279 4726 item
2312 4670 2464 4741 quod
2500 4674 2589 4723 est
2630 4668 2769 4722 Gen.
2807 4680 2899 4741 1x:
2950 4664 3157 4741 Terror
3194 4664 3245 4716 et
3286 4668 3491 4716 tremor
3514 4662 3685 4717 vester
3711 4661 3785 4715 sit

2138 4732 2511 4815 superomnia
2539 4737 2877 4815 animantia,
2908 4732 3216 4815 etC._PAM..
3331 4805 3340 4815 l
3384 4803 3453 4815 Μ
3516 4804 3549 4815 Α
3604 4802 3616 4815 ⁹

2210 4806 2318 4883 (17)
2354 4814 2484 4881 Quis
2516 4812 2578 4867 de
2624 4812 2757 4865 bono
2806 4808 2921 4875 eius
2959 4806 3081 4883 late
3112 4805 3398 4883 [etractet
3426 4803 3463 4883 ?_
3511 4802 3651 4869 Quis
3710 4802 3781 4883 de

2136 4873 2443 4955 bono'ej'us
2473 4884 2616 4939 satis
2656 4873 2918 4953 unquam
2942 4874 3196 4955 dixerit!
3244 4876 3591 4955 Retractare,
3625 4873 3781 4946 apud

2134 4947 2563 5013 Tertull'ianum
2615 4960 2722 5023 est,
2757 4947 3048 5023 tractare,
3110 4948 3430 5023 disputare,
3473 4947 3780 5023 disserere,

2139 5032 2202 5084 At
2259 5028 2317 5083 in
2376 5028 2653 5084 omnibus
2710 5018 2972 5094 antiquis
3036 5018 3469 5094 exemplaribus
3518 5018 3777 5094 legitur;

2137 5124 2161 5149 ‹‹
2198 5102 2338 5165 Quis
2368 5102 2439 5156 de
2470 5101 2620 5154 bono
2660 5099 2789 5169 ejus
2844 5089 3023 5171 latere
3054 5089 3310 5171 tractet?
3336 5113 3369 5171 _»
3419 5090 3533 5171 Nec
3556 5089 3784 5171 debuit

2138 5164 2373 5227 mutari.
2422 5173 2583 5243 Nam,
2627 5164 2706 5224 θῖ⁷
2738 5166 3048 5243 commode
3075 5164 3782 5243 explicari_potesl:._Quis

2139 5246 2206 5298 de
2239 5244 2388 5299 bono
2416 5245 2542 5313 ejus
2576 5242 2757 5297 latere
2791 5244 2893 5295 aut
2946 5232 3182 5293 reticere
3214 5232 3399 5306 apud'
3421 5251 3481 5289 se
3513 5234 3725 5305 cogitet
3755 5232 3783 5286 ?

2140 5316 2317 5452 Ηιῗίθι
2354 5388 2457 5440 Per
2488 5401 2603 5457 qua:
2654 5384 2711 5437 ίη
2740 5376 3285 5457 caedite-“Perseis
3322 5372 3782 5457 λιθιῖίεεξορεμβιιξ·

2140 5445 2270 5511 rum
2292 5459 2348 5512 in
2369 5445 2634 5527 expedito
2654 5445 2963 5527 esse-Hinc
2985 5450 3126 5506 illud
3150 5445 3380 5527 Ulpiani
3407 5450 3444 5517 Ι,
3462 5446 3505 5527 si
3528 5445 3778 5527 dubitet,

2140 5530 2199 5583 if.
2234 5530 2297 5584 de
2327 5517 2562 5600 ﬁdeiuss.
2600 5545 2611 5583 :
2649 5550 2674 5577 ‹‹
2701 5517 3421 5600 Cum_numera_tio:totiu_s
3453 5517 3629 5573 debiti
3664 5533 3781 5600 non

2142 5602 2219 5657 sit
2248 5601 2305 5655 in
2327 5594 2595 5673 expedit.
2630 5622 2657 5673 ν
2688 5597 2970 5673 Similiter
3013 5600 3069 5651 et
3097 5594 3242 5649 illud
3271 5610 3282 5647 :
3321 5614 3347 5639 ››
3381 5596 3443 5643 1n
3476 5594 3777 5661 praescrip-

2144 5674 2321 5747 tionis
2348 5671 2713 5747 compendio.
2749 5694 2782 5747 »_
2812 5671 2955 5747 ΡᾼΜ.
3213 5734 3250 5747 __
3362 5738 3395 5747 n
3581 5731 3613 5747 η
3726 5731 3736 5743 ,

2213 5744 2328 5818 (19)
2358 5746 2420 5802 In
2474 5732 2907 5819 praescriptionis
2956 5734 3301 5809 compendio.
3360 5732 3672 5793 Prwscribo
3721 5732 3782 5789 in
