4148 6194
406 267 559 330 1367

1062 401 1291 457 CAPUT
1320 400 1387 457 V.

472 489 889 545 Verumtamen
918 491 1226 560 procedere
1252 490 1712 562 disputationem
1746 494 1816 546 de
1848 508 2049 546 neces—

405 577 579 634 sariis
609 577 743 632 fidei
775 594 889 632 non
938 582 1027 633 est
1082 578 1354 648 otiosum,
1402 580 1542 650 quia
1590 596 1695 634 nec
1724 579 2047 634 infructuo-

405 683 557 723 sum.
594 668 945 738 Loquacitas
992 667 1052 721 in
1105 667 1488 723 aediﬁcatione
1538 668 1702 722 nulla
1752 668 1966 738 turpis,
2000 670 2049 725 si

406 755 640 827 quando
673 755 883 826 turpis.
920 760 1117 826 Itaque
1147 755 1194 809 si
1227 757 1297 810 de
1320 755 1516 826 aliquo
1548 757 1699 811 bono
1727 772 1918 811 sermo
1940 762 2048 822 est,

406 862 501 902 res
532 844 812 917 postulat,
872 844 1227 899 contrarium
1260 860 1495 915 quoque
1551 844 1687 899 boni
1730 860 2049 900 recensere.

408 934 555 1001 Quid
589 933 745 989 enim
779 933 1123 991 sectandum
1158 933 1255 998 sit,
1284 933 1475 1004 magis
1518 932 1885 988 illuminabis
1916 933 2053 1004 (20),

408 1025 457 1080 si
491 1023 641 1094 quod
678 1023 984 1077 vitandum
1017 1022 1096 1077 sit
1133 1023 1376 1092 proinde
1407 1022 1743 1093 digesseris.
1778 1022 2052 1077 Conside-

406 1128 607 1169 remus
636 1112 818 1183 igitur
847 1112 918 1165 de
951 1110 1321 1182 impatientia
1346 1125 1359 1165 :
1395 1127 1466 1165 an
1502 1110 1655 1165 sicut
1679 1111 1963 1181 patientia
1993 1111 2051 1163 in

407 1201 547 1269 Deo,
581 1200 664 1256 ita
695 1200 1026 1256 adversaria
1056 1201 1184 1270 ejus
1216 1200 1275 1253 in
1325 1199 1657 1255 adversario
1689 1204 1890 1254 nostro
1924 1206 2058 1253 nata

406 1295 582 1363 atque
612 1294 910 1361 comperta
961 1288 1079 1356 sit;
1140 1291 1204 1342 ut
1240 1304 1310 1343 ex
1366 1288 1477 1342 isto
1534 1293 1837 1360 appareat,
1878 1305 2054 1359 quam

408 1377 813 1451 principaliter
840 1377 975 1432 fidei
1007 1377 1365 1433 adversetur.
1391 1377 1534 1431 Nam
1558 1379 1712 1448 quod
1745 1377 1816 1431 ab
1847 1376 2055 1431 aemulo

409 1467 510 1523 Dei
538 1471 883 1538 conceptum
917 1470 1027 1533 est,
1054 1466 1253 1537 utique
1286 1483 1401 1521 non
1435 1470 1525 1521 est
1553 1467 1811 1522 amicum
1836 1466 1935 1521 Dei
1964 1480 2056 1521 re-

409 1557 546 1612 bus.
577 1556 790 1610 Eadem
823 1555 1113 1609 discordia
1134 1558 1224 1609 est
1253 1571 1471 1623 rerum,
1495 1571 1621 1625 quas
1654 1559 1711 1610 et
1730 1559 2058 1610 auctorum.

411 1648 589 1699 Porro
646 1661 781 1699 cum
828 1643 983 1714 Deus
1031 1643 1312 1714 optimus,
1372 1643 1645 1698 diabolus
1695 1659 1724 1697 e
1770 1644 2061 1699 contrario

413 1732 709 1806 pessimus
734 1753 749 1801 ς
772 1731 903 1804 ipsa
934 1732 1026 1787 sui
1058 1732 1398 1787 diversitate
1431 1735 1743 1798 testantur,
1788 1736 2062 1786 neutrum

414 1822 581 1878 alteri
612 1822 802 1878 facere
822 1822 888 1889 ³⁷,
922 1826 986 1876 ut
1010 1821 1179 1878 nobis
1205 1839 1319 1877 non
1353 1822 1543 1894 magis
1575 1840 1609 1878 a
1650 1821 1803 1878 malo
1836 1821 2060 1893 aliquid

412 1911 571 1977 boni,
605 1926 784 1982 quam
815 1927 850 1965 a
898 1911 1049 1966 bono
1101 1909 1325 1981 aliquid
1377 1910 1516 1967 mali
1555 1910 1779 1966 dictum
1806 1911 1849 1945 ³⁸
1878 1908 2060 1966 videri

412 1999 617 2071 possit.
641 1999 825 2069 Igitur
845 1998 1071 2054 natales
1092 1998 1471 2069 impatientia
1496 2000 1609 2072 (21)
1632 1999 1690 2054 in
1708 1999 1835 2071 ipso
1858 1999 2060 2054 diabo-

410 2088 470 2144 lo
499 2088 893 2160 deprehendo,
910 2088 1036 2157 jam
1060 2091 1200 2143 tunc
1222 2104 1355 2143 cum
1387 2088 1704 2144 Dominum
1727 2089 1913 2144 Deum
1936 2088 2065 2143 uni-

411 2193 581 2233 versa
611 2193 789 2249 opera
819 2192 945 2247 quae
968 2177 1219 2243 fecisset,
1254 2177 1497 2249 imagini
1517 2178 1730 2244 suas,id
1753 2182 1843 2233 est
1872 2176 2065 2233 homi-

411 2267 471 2323 ni
500 2265 822 2337 subjecisse
847 2265 1223 2338 impatienter
1266 2266 1403 2321 tulit
1429 2268 1585 2338 (Gen.
1618 2266 1726 2337 111).
1762 2266 1876 2321 Nec
1905 2268 2063 2321 enim

410 2356 717 2423 doluisset,
750 2354 799 2410 si
834 2354 1257 2423 sustinuisset;
1293 2371 1398 2411 nec
1430 2356 1736 2411 invidisset
1758 2352 2063 2423 homini,si

412 2461 527 2501 non
559 2443 863 2500 doluisset.
895 2444 1053 2499 Adeo
1074 2444 1120 2479 ⁸9
1142 2444 1542 2515 decepiteum,
1575 2443 2057 2516 quiainviderat:

410 2533 926 2588 invideratl257
983 2538 1202 2599 autem,
1251 2536 1389 2603 quia
1435 2532 1722 2588 doluerat.
1770 2532 2059 2600 Doluerat,

413 2621 548 2695 quia
562 2620 850 2693 patienter
871 2622 1074 2692 utique
1090 2637 1206 2675 non
1227 2620 1462 2676 tulerat.
1482 2621 1629 2687 Quid
1656 2621 1912 2691 primum
1932 2620 2060 2675 fue-

412 2714 487 2766 rit
515 2710 612 2765 ille
640 2711 883 2783 angelus
914 2710 1283 2783 perditionis,
1314 2711 1505 2767 malus
1537 2728 1607 2766 an
1641 2712 1686 2746 ⁴⁰
1716 2711 2054 2783 impatiens,

411 2801 721 2855 contemno
754 2814 1048 2869 quaarere;
1100 2798 1295 2869 palam
1330 2815 1465 2855 cum
1496 2799 1592 2868 sit,
1622 2797 2053 2870 impatientiam

961 268 1489 332 TERTULLIANI
1534 269 1857 332 OPEHUM
1902 271 2098 330 PAltS
2144 270 2292 331 l.—
2326 272 2599 332 SERIES
2644 271 2721 343 Il,
2770 270 3244 333 DOGMATICA.

3657 274 3804 334 1368

2076 404 2127 469 Α
2161 418 2295 457 cum
2331 401 2578 469 malitia,
2609 405 2708 457 aut
2767 401 3054 457 malitiam
3106 403 3176 457 ab
3208 401 3579 474 impatientia
3609 405 3810 475 auspi-

2167 496 2381 559 catam,
2412 491 2614 546 deince
2669 491 2824 546 inter
2871 506 2933 546 se
2965 489 3357 561 conspirasse,
3391 496 3448 546 et
3480 492 3812 548 individuas

2168 579 2226 632 in
2260 594 2376 633 uno
2408 579 2591 650 patris
2651 579 2785 634 sinu
2817 580 3163 635 adolevisse.
3217 579 3448 634 Atenim
3483 596 3657 650 quam
3692 582 3812 651 pri-

2168 682 2301 720 mus
2332 673 2616 733 senserat,
2650 684 2754 738 per
2790 684 2962 737 quem
3022 666 3362 739 delinquere
3412 668 3729 724 intraverat
3749 669 3813 735 ⁸³,

2168 756 2237 810 de
2268 772 2373 810 suo
2402 756 2795 827 experimento
2853 756 2992 827 quid
3052 757 3124 811 ad
3180 756 3541 827 peccandum
3576 757 3813 827 adjuva-

2165 848 2252 899 ret
2280 846 2324 878 ⁴²
2375 850 2634 900 structus
2665 844 2711 877 ‘3
2742 846 3007 900 eamdem
3041 843 3421 916 impingendo
3478 846 3536 899 in
3586 844 3806 901 crimen

2168 933 2391 989 homini
2436 933 2770 988 advocavit:
2830 938 3119 989 conventa
3177 933 3378 988 statim
3439 932 3520 987 illi
3580 933 3811 998 mulier.

2167 1039 2282 1077 non
2315 1028 2531 1077 temere
2560 1022 2802 1077 dixerim
2865 1038 2965 1093 per
3012 1022 3370 1093 colloquium
3432 1023 3623 1093 ipsum
3684 1025 3813 1093 ejus

2168 1111 2396 1166 afﬂacta
2412 1116 2500 1166 est
2515 1111 2725 1181 spiritu
2748 1110 3117 1183 impatientia
3135 1110 3371 1178 infecto,
3399 1127 3587 1182 usque
3606 1112 3752 1166 adeo
3772 1113 3816 1145 “

2167 1215 2470 1270 nunquam
2530 1200 2768 1255 omnino
2818 1199 3147 1271 peccasset,
3172 1199 3221 1255 si
3254 1200 3314 1254 in
3345 1201 3389 1234 ’⁸⁸
3420 1200 3615 1255 divino
3642 1200 3819 1255 inter-

2168 1289 2323 1344 dicto
2354 1288 2698 1361 patientiam
2753 1294 3147 1360 perservasset
3168 1290 3234 1343 ‘5.
3278 1289 3425 1353 Quid
3488 1289 3641 1361 quod
3703 1306 3818 1345 non

2168 1377 2450 1433 sustinuit
2482 1376 2611 1433 sola
2642 1383 2927 1433 conventa
2962 1396 2976 1445 ;
3011 1380 3111 1433 sed
3145 1378 3301 1450 apud
3335 1378 3519 1433 Adam
3554 1378 3818 1433 nondum

2168 1467 2469 1535 maritum,
2515 1467 2778 1523 nondum
2805 1485 2976 1524 aures
3009 1467 3117 1523 sibi
3149 1467 3459 1522 debentem
3488 1467 3599 1535 (22)
3631 1466 3820 1538 impa-

2168 1557 2320 1612 tiens
2352 1556 2528 1612 etiam
2560 1557 2791 1613 tacendi
2824 1560 2932 1626 est,
2967 1574 3033 1613 ac
3062 1556 3104 1591 ⁸⁷
3131 1556 3434 1612 traducem
3476 1555 3643 1610 illum
3669 1557 3821 1626 ejus,

2171 1646 2325 1716 quod
2358 1663 2391 1701 a
2422 1646 2574 1701 malo
2606 1646 2885 1701 hauserat
2915 1647 3048 1715 (23),
3082 1646 3222 1701 facit
3249 1647 3315 1701 ⁸⁸.
3346 1646 3505 1700 Perit
3531 1645 3719 1717 igitur
3768 1650 3823 1699 et

2171 1731 2322 1787 alius
2352 1731 2527 1787 homo
2560 1748 2664 1803 per
2693 1732 3123 1803 impatientiam
3174 1732 3457 1800 alterius;
3510 1733 3662 1804 perit
3694 1748 3825 1787 mox

2170 1825 2228 1877 et
2255 1821 2379 1893 ipse
2436 1837 2540 1892 per
2595 1820 3025 1893 impatientiam
3085 1838 3255 1877 suam
3314 1821 3626 1893 utrobique
3660 1837 3821 1877 com-

2172 1910 2459 1967 missam:
2511 1914 2571 1966 et
2616 1910 2772 1966 circa
2822 1911 2925 1965 Dei
2983 1911 3513 1982 praamonitionem,
3554 1915 3612 1966 et
3669 1910 3827 1966 circa

2177 1998 2394 2055 diaboli
2420 1999 3026 2071 circumscriptionem
3057 2000 3190 2071 (24),
3223 1999 3382 2055 illam
3414 1999 3825 2066 servare,hane

2178 2089 2429 2145 refutare
2474 2106 2588 2144 non
2639 2089 2963 2144 sustinens.
2994 2089 3140 2143 Hinc
3185 2088 3375 2160 prima
3398 2088 3630 2159 judicii,
3666 2089 3823 2144 unde

2177 2175 2374 2232 delicti
2432 2176 2643 2247 origo;
2708 2174 2841 2231 hinc
2901 2176 3052 2231 Deus
3111 2174 3281 2230 irasci
3341 2192 3607 2241 exorsus,
3669 2175 3825 2229 unde

2175 2265 2467 2321 otiendere
2499 2264 2673 2320 homo
2734 2264 3031 2320 inductus.
3090 2266 3228 2320 Inde
3252 2263 3312 2319 in
3344 2264 3459 2320 Deo
3492 2264 3686 2336 prima
3720 2280 3821 2334 pa-

2173 2353 2399 2424 tientia,
2456 2354 2612 2409 unde
2660 2353 2988 2425 indignatio
3039 2354 3251 2426 prima.
3311 2353 3418 2418 Qui
3448 2357 3589 2407 tunc
3639 2352 3819 2408 male-

2173 2443 2427 2499 dictione
2475 2441 2603 2498 sola
2646 2447 2976 2507 contentus,
3026 2443 3098 2498 ab
3148 2442 3676 2498 animadversionis
3709 2441 3819 2497 im-

2174 2538 2309 2604 petu
2338 2532 2395 2587 in
2427 2531 2659 2588 diabolo
2692 2531 3059 2604 temperavit.
3091 2534 3207 2588 Aut
3238 2531 3392 2603 quod
3426 2530 3647 2587 crimen
3685 2535 3820 2586 ante

2170 2622 2327 2677 istud
2360 2622 2405 2657 "
2428 2620 2806 2692 impatientius
2826 2620 3153 2676 admissum
3187 2621 3413 2676 homini
3442 2620 3821 2692 imputatur“!

2170 2713 2451 2766 Innocens
2508 2715 2653 2776 erat,
2713 2714 2769 2765 et
2806 2710 2921 2765 Deo
2953 2710 3024 2764 de
3054 2709 3317 2780 proximo
3349 2709 3595 2777 amicus,
3627 2713 3690 2763 et
3722 2724 3821 2779 pa-

2172 2796 2354 2853 radisi
2386 2795 2648 2853 colonus.
2688 2800 2763 2852 At
2792 2797 2890 2853 ubi
2941 2795 3121 2852 semel
3151 2796 3403 2852 succidit
3429 2797 3472 2831 ⁸ο
3502 2796 3820 2869 impatien-

1820 2942 2022 3004 Variae
2066 2941 2386 3003 lectiones.

485 3051 529 3089 ³⁷
562 3049 774 3106 Favere
827 3052 1088 3108 Wouwer.
1129 3052 1235 3107 MS.
1312 3051 1355 3085 ³⁸
1385 3049 1617 3106 Editum
1664 3052 1827 3105 Fran.
1880 3050 2063 3103 Paria.
2115 3047 2333 3115 Rigalt.
2411 3048 2455 3084 3°
2486 3047 2639 3103 Ideo.
2720 3048 2765 3083 ιο
2800 3050 2883 3104 An
2924 3049 3075 3104 abest
3121 3050 3321 3118 Rigalt.
3396 3049 3440 3083 ιι
3488 3047 3595 3103 Per
3634 3064 3819 3118 quam

413 3121 644 3247 Erimus
704 3121 1026 3193 deliquerat
1079 3123 1244 3178 Rhea.
1292 3122 1521 3193 primus
1572 3121 1904 3191 delinquere
1952 3120 2268 3174 intraverat
2316 3118 2443 3173 Cod.
2482 3120 2703 3174 Pithaei.
2783 3122 2829 3155 ⁴²
2856 3122 3161 3193 Adjutaret
3190 3123 3355 3177 Fran.
3387 3121 3566 3202 Part3.
3611 3121 3817 3203 Wpuw.

463 3192 519 3246 S.
633 3192 677 3227 ⁸³
714 3198 1044 3247 Instructus
1090 3196 1290 3247 Wouw.
1324 3194 1429 3247 MS.
1541 3194 1586 3227 “
1616 3194 1771 3247 Adeo
1821 3197 1885 3246 ut
1934 3206 2259 3247 numquam
2318 3191 2496 3245 Wouv.
2556 3191 2664 3247 MS.
2777 3190 2821 3227 “
2850 3196 2915 3246 ln
2957 3193 3108 3247 abest
3156 3195 3320 3247 Fran.
3371 3194 3550 3247 Pana.
3609 3193 3814 3247 Rtaalt.

633 3192 677 3227 ⁴³
714 3192 1044 3250 Instructus
1090 3192 1307 3251 Wouw.’
1324 3194 1429 3248 MS.

1541 3194 1586 3227 “
1616 3194 1771 3247 Adeo
1821 3197 1885 3246 ut
1934 3206 2259 3261 numquam
2318 3191 2496 3245 Wouv.
2556 3191 2664 3247 MS.

2777 3190 2821 3227 “
2850 3190 3108 3248 ln'abest
3156 3195 3320 3248 Fran.
3371 3193 3550 3247 Paris.
3609 3193 3814 3262 Rigalt.

410 3263 456 3297 ⁸⁸
482 3267 893 3321 Ριναξεθννειεεθῖ
923 3269 1085 3321 Fran.
1122 3265 1298 3321 Rhea.
1376 3266 1416 3299 ‘7
1446 3266 1528 3319 Ad
1560 3265 1728 3320 Seml.
1804 3262 1849 3298 ‘3
1879 3262 2035 3317 Facit

2168 3270 2260 3334 .at.
2299 3262 2429 3334 Jun.
2481 3271 2533 3317 et
2574 3263 2717 3317 deest
2756 3263 2958 3319 Wouw.
2993 3264 3109 3321 MS.
3187 3265 3233 3301 ‘9
3255 3266 3369 3320 Aut
3400 3264 3551 3334 quod
3585 3261 3813 3319 crimen

409 3338 543 3391 ante
568 3335 723 3392 istud
755 3342 888 3394 Jun.
913 3338 1072 3402 Quod
1106 3338 1325 3393 crimen
1352 3336 1521 3392 Ciacc.
1546 3339 1693 3394 Clac.
1770 3335 1814 3370 ⁸ο
1839 3334 2031 3389 Semel
2063 3333 2379 3389 succubuit
2404 3334 2528 3404 alii,
2558 3338 2697 3390 Jun.
2730 3349 2840 3389 non
2865 3336 3081 3407 probat.

1865 3476 2385 3538 Commentarios.

406 3605 540 3675 jure
567 3603 856 3674 triplicem
888 3605 1063 3660 habet
1090 3603 1661 3675 signiﬁcationem,et
1689 3618 1889 3675 omnes
1914 3602 2051 3656 Ter-
2083 3600 2126 3668 C
2164 3599 2275 3675 lib.
2302 3601 2471 3675 Iade.
2506 3601 2668 3675 Marc.
2694 3624 2731 3675 A«
2763 3600 3339 3675 Natalesagnitionis
3362 3623 3391 3651 ››
3421 3601 3605 3668 dixit;
3629 3603 3686 3656 et
3712 3599 3811 3655 lib.

414 3673 663 3747 tulliano
694 3676 999 3731 convenire
1030 3673 1296 3747 possunt.
1331 3676 1547 3746 Prima,
1569 3673 1943 3747 praescribere
1967 3676 2055 3728 est

414 3746 725 3818 praefinire,
757 3752 823 3801 ut
851 3744 1251 3818 praescriptum
1284 3764 1317 3801 a
1348 3744 1626 3802 testatore
1647 3744 1948 3818 tempus,il
1969 3750 2058 3799 est

413 3816 786 3891 praeﬁnitum.
813 3816 1121 3891 Ergo,cum
1148 3818 1298 3874 Deus
1321 3821 1467 3873 tanti
1491 3816 1856 3891 feceritbanc
1876 3816 2052 3891 virtu-

408 3887 526 3943 tem
583 3888 765 3945 habes
796 3887 1207 3961 compendiose
1241 3891 1645 3960 praescriptum
1677 3887 2067 3961 preﬁnituma

409 3976 523 4032 que
548 3961 689 4032 quid
722 3958 1031 4018 sentire—de
1059 3962 1159 4017 illa
1189 3958 1423 4017 debeas.
1479 3958 2052 4031 Altera'signiﬁcatio

410 4036 519 4102 est,
554 4049 670 4103 qua
696 4034 833 4116 quis
854 4039 998 4116 post
1022 4034 1125 4116 ‘rei
1156 4034 1357 4088 alienae
1396 4034 1821 4116 usucapionem
1853 4036 2055 4116 contra

410 4120 642 4160 omnem
696 4103 819 4160 litis
851 4103 1324 4175 intentationem,
1360 4105 1472 4161 sibi
1520 4103 1629 4159 hoc
1679 4104 1848 4159 unico
1879 4103 2052 4159 verbo

410 4175 710 4241 consulit;
760 4177 955 4249 itaque
1004 4178 1103 4247 qui
1133 4174 1484 4249 praescripsit,
1514 4174 1697 4244 elidit,
1732 4176 2053 4245 adimitque

409 4264 643 4302 omnem
675 4247 961 4304 actionem
994 4248 1307 4316 contra'se,
1336 4252 1392 4301 et
1424 4247 1584 4303 litem
1618 4263 2054 4317 quamcumque

406 4319 746 4391 internecat.
800 4320 946 4385 Quid
1002 4336 1138 4391 ergo
1170 4321 1276 4375 hoc
1326 4320 1499 4374 verbo
1531 4318 2002 4391 compendiosius
2028 4318 2055 4372 ‘I

410 4389 792 4472 lgiturl‘i-abes
813 4408 936 4472 com
950 4389 1254 4472 pendium,
1273 4391 1815 4472 quoimpugnantes
1834 4390 2053 4460 patien-

405 4461 549 4516 tiam
581 4461 786 4530 elidas,
808 4463 856 4517 si
887 4461 1114 4518 tantum
1142 4461 1323 4530 dicas,
1354 4464 1574 4517 Domini
1599 4470 1676 4517 est
1696 4465 1873 4515 virtus
1898 4479 1909 4516 :
1937 4478 2051 4530 quo

405 4534 582 4587 verbo
614 4550 847 4589 omnem
908 4536 1193 4590 actionem
1256 4535 1500 4599 adimes,
1535 4550 1647 4587 non
1681 4533 1847 4587 aliter
1878 4537 2052 4601 atque

411 4603 493 4657 illi
528 4604 636 4677 qui
671 4606 1097 4677 przescripsere.
1129 4606 1316 4661 Tertia
1363 4611 1419 4659 et
1477 4604 1710 4676 propria
1758 4609 2050 4677 estzgnam

408 4676 766 4749 praescriptio
825 4677 883 4731 in
914 4675 1069 4748 ’iure
1117 4682 1208 4732 est
1254 4675 1533 4749 exceptio,
1584 4675 1639 4731 et
1680 4675 2053 4747 praescribere

407 4752 496 4802 est
525 4746 807 4820 excipere,
841 4746 953 4802 aut
971 4746 1721 4820 exceptionemr'opponere,
1781 4752 1864 4820 etg
1896 4751 2050 4820 acto-

407 4765 496 4802 est
525 4765 807 4872 excipere,
841 4765 942 4802 aut
971 4765 1367 4820 exceptionem
1409 4765 1721 4819 opponere,
1781 4765 1839 4801 er.
1896 4765 2046 4801 acto-

407 4834 527 4873 rem
558 4834 657 4890 exc
686 4821 862 4874 udere
896 4840 907 4883 ;
944 4820 1052 4876 hoc
1086 4837 1260 4875 sensu
1294 4819 1392 4890 qui
1427 4836 1488 4875 se
1512 4818 1734 4888 judicio
1766 4818 2046 4885 defendit,

400 4893 457 4945 et
506 4889 726 4945 crimen
784 4891 841 4945 in
897 4889 1651 4957 adversarium'transfert,
1710 4906 1840 4944 cum
1902 4890 2046 4945 illud

399 4960 851 5027 refellit,dicitur
889 4964 1218 5019 adversario
1278 4979 1384 5017 suo
1445 4961 1839 5033 praescribere.
1894 4964 2041 5031 Ergo
2073 4967 2119 5031 Β

401 5033 581 5106 habes
595 5034 941 5106 compendia
954 5052 1005 5089 m
1018 5053 1069 5106 .q
1082 5052 1153 5091 uo
1169 5034 1508 5103 praescribas
1533 5033 1646 5088 tuis
1668 5035 2037 5106 adversariis.

401 5105 563 5168 Quod
587 5105 722 5189 hoc
742 5104 1147 5189 compendium
1173 5106 1200 5159 ‘?
1237 5106 1432 5189 Virtus
1461 5110 1551 5189 est
1584 5104 1861 5189 Dei,_ea_m
1889 5111 2039 5189 Deus

404 5176 601 5247 magni
631 5177 827 5239 habet.
878 5180 1025 5234 Deus
1056 5179 1115 5234 in
1147 5177 1461 5249 semetipso
1489 5176 1866 5233 circumtulit.
1906 5177 2035 5232 Lac.

430 5319 437 5321 _
472 5248 585 5319 (20)
618 5250 786 5315 Magis
807 5251 1174 5306 illuminabz’s.
1214 5253 1354 5304 Vere
1385 5254 1609 5321 spectat
1640 5249 1709 5321 ad
1740 5247 2037 5321 illumina-

398 5319 588 5375 tiones
631 5322 956 5377 rhetorum.
1009 5323 1211 5391 Itaque
1260 5338 1373 5375 non
1423 5319 1604 5376 audio
1635 5319 1787 5381 illos,
1838 5320 1935 5389 qui
1970 5321 2040 5374 de

402 5391 693 5461 baptismo
735 5395 928 5449 nescio
986 5395 1119 5456 quid
1186 5394 1433 5461 lingunt.
1494 5391 2037 5462 Sciorbaptismum

396 5462 884 5520 illuminationem
920 5466 1055 5525 dici,
1110 5467 1256 5518 teste
1312 5464 1487 5518 etiam
1522 5461 1697 5518 Paulo
1731 5461 1895 5529 ,sed
1948 5462 2038 5517 hic

398 5535 667 5601 augurari
699 5536 921 5606 aliquid
958 5536 1029 5590 de
1063 5532 1373 5603 baptismo,
1427 5534 1719 5606 insulsum
1753 5538 1861 5606 est.
1906 5533 2036 5589 Lac.

464 5606 577 5678 (2i)
611 5603 831 5663 Natales
888 5609 1278 5678 impatientia,
1317 5603 1607 5678 _Appellat
1664 5604 2038 5678 impatientia:

396 5674 645 5744 natales,
696 5674 981 5749 originem
1030 5678 1150 5736 sive
1199 5674 1447 5734 initium
1485 5674 1889 5747 impatientius.
1945 5676 2038 5734 Sic

2162 3672 2448 3739 dePallz'o,
2483 3696 2508 3722 «
2540 3672 2775 3730 Natales
2806 3673 3032 3730 mundi.
3063 3672 3098 3722 Β»
3132 3674 3308 3728 Ral-3N.

2236 3745 2348 3815 (22)
2378 3745 2628 3799 Nondum
2657 3763 2817 3801 aures
2845 3746 2957 3802 sibi
2984 3746 3290 3802 debentem.
3319 3742 3539 3799 Alludit
3576 3743 3646 3797 ad
3672 3759 3811 3798 coo-

2154 3814 2542 3888 juguminter
2570 3816 2731 3888 ipsos
2788 3818 3009 3887 debita,
3053 3834 3181 3888 quae
3240 3817 3390 3871 bona
3427 3814 3541 3888 fide
3589 3817 3810 3870 cxsolvi

2164 3887 2339 3942 etiam
2372 3887 2688 3959 Apostolus
2724 3889 2907 3945 voluit
2940 3909 2952 3957 ;
3013 3887 3094 3944 ita
3124 3892 3188 3943 ut
3219 3904 3390 3943 aures
3421 3887 3632 3942 debeat
3660 3903 3803 3942 con~

2155 3960 2271 4033 juxi
2293 3961 2524 4033 conjugi
2543 3959 2859 4033 appellanti
2882 3961 3281 4032 poscentique.
3316 3960 3445 4033 Bia.

2232 3976 2261 4013 x
2293 3976 2463 4029 conn
2513 3976 3281 4033 iappeuantiposcenuque.
3321 3976 3445 4014 tuo.

2232 4032 2345 4101 (23)
2377 3976 2447 4087 λε
2471 3976 2753 4088 §raducem
2811 4032 2972 4088 illum
3022 4034 3139 4104 ejus
3169 4031 3330 4104 iquod
3359 4048 3393 4084 a
3421 4030 3573 4104 malo
3606 4033 3809 4104 house:

2161 4099 2283 4176 rat,
2324 4099 2477 4173 lacit.
2534 4106 2594 4158 ln
2645 4104 2903 4174 antiquis
2960 4099 3392 4176 exemplaribus
3442 4101 3680 4173 legitur,
3733 4099 3810 4156 ad

2164 4174 2438 4229 traducem
2469 4176 2544 4230 ad
2575 4176 2752 4230 illum.
2781 4176 2941 4239 Quod
2973 4177 3080 4231 etsi
3112 4174 3252 4231 vitio
3284 4190 3398 4229 non
3424 4176 3808 4236 caret,tamen

2162 4247 2419 4300 ostendit
2452 4247 2593 4316 quid
2622 4247 2916 4303 sincerum
2940 4247 3139 4302 haberi
3162 4247 3369 4302 debeat
3402 4261 3414 4299 :
3452 4266 3479 4293 «
3513 4244 3807 4298 Adtradu-

2161 4332 2283 4389 cem
2343 4315 2510 4372 illum
2566 4318 2692 4387 ejus
2746 4320 2902 4389 quod
2960 4336 2993 4374 a
3049 4317 3202 4373 malo
3246 4317 3544 4383 hauserat,
3576 4315 3742 4389 facit.
3774 4337 3803 4365 »

2162 4388 2354 4460 Evam,
2416 4386 2628 4460 inquit,
2662 4386 2848 4445 solam
2881 4393 3227 4445 convenerat
3268 4390 3516 4444 Satanas
3540 4407 3590 4460 ;_7
3613 4386 3806 4442 solam

2160 4459 2459 4533 efflaverat
2491 4458 2696 4532 spiritu
2752 4461 3120 4533 impatientia
3149 4462 3382 4517 infecto.
3433 4462 3505 4514 At
3535 4458 3658 4528 illa,
3692 4461 3805 4533 im-

2163 4531 2387 4600 patiens
2426 4531 2611 4605 etiam
2650 4531 2902 4598 tacendi,
2940 4551 3175 4605 pravam
3223 4538 3449 4587 Satanas
3483 4531 3807 4605 suggestio-

2162 4618 2291 4656 nem
2326 4604 2728 4676 transfuditin
2786 4603 2964 4661 suum
3022 4607 3220 4661 Adam.
3274 4603 3807 4676 Itaqueipsarl‘uil

2160 4674 2378 4748 peccati
2412 4676 2621 4748 tradux
2651 4677 2708 4730 in
2740 4677 3269 4748 Adam,exindcque
3300 4673 3467 4731 illum
3491 4673 3627 4748 iecit
3649 4675 3808 4744 ejus-

2159 4746 2289 4800 dem
2324 4747 2540 4815 peccati
2574 4749 2969 4815 adtraducom,
3004 4749 3111 4805 hoc
3140 4746 3250 4814 est,
3296 4747 3717 4803 administrum
3750 4750 3823 4815 et,

2156 4816 2840 4945 collegmetraducendo
2902 4823 2961 4875 in
3027 4836 3400 4877 communem
3464 4818 3803 4891 prosapiam

2159 4905 2331 4945 necca
2360 4907 2412 4944 ο.
2498 4906 2574 4945 lG.

2159 4895 2412 4959 peccato.
2448 4895 2574 4945 Rm.

2223 4961 2336 5030 (24)
2380 4965 2453 5017 Ει
2527 4962 2671 5016 circa
2721 4960 2929 5018 diaboli
2968 4964 3561 5031 circumscriptionem.
3628 4958 3804 5014 Decc-

2152 5031 2406 5102 ptionem
2456 5033 2750 5104 intelligit,
2798 5050 2913 5104 qua
2959 5033 3227 5089 diabolus
3276 5038 3447 5089 Evam
3481 5034 3803 5087 circumve-

2152 5110 2350 5158 nerat:
2405 5104 2555 5158 hanc
2606 5104 2857 5160 refutare
2889 5106 3137 5161 debebat
3165 5107 3374 5160 Adam.
3420 5104 3805 5161 Circumscri-

2150 5176 2285 5229 bere
2310 5175 2575 5245 decipere
2616 5175 2929 5246 significat.
2963 5182 3030 5231 Et
3057 5177 3315 5233 Ciceroni
3342 5175 3803 5232 circumscribere

2147 5257 2418 5316 senatum,
2451 5252 2538 5319 est
2565 5250 2906 5319 auctoritate
2941 5255 3209 5305 senatum
3247 5250 3488 5319 privam,
3545 5251 3735 5303 tracta
3767 5264 3801 5301 a

2151 5319 2329 5374 labris
2360 5323 2461 5393 aut
2491 5318 2783 5393 chirurgis
2824 5322 3183 5393 metaphora,
3218 5318 3315 5393 qui
3340 5338 3465 5391 qua:
3499 5319 3798 5393 praecisuri

2150 5396 2311 5473 sunt,
2364 5391 3088 5473 priu_s.circums‘cribunt.
3139 5393 3208 5473 Et
3238 5390 3456 5473 'revara
3495 5390 3668 5473 primi
3701 5406 3801 5473 pa-

2150 5468 2342 5535 rentes
2376 5462 2624 5535 nostria
2653 5463 2885 5518 diabolo
2917 5470 3057 5520 sunt
3113 5464 3565 5535 circumscripti,
3622 5462 3799 5535 cujus

2150 5533 2384 5607 astude
2415 5533 2681 5603 paradiso
2714 5539 2851 5607 sunt
2873 5535 3040 5605 ejecti
3068 5541 3241 5607 atque
3271 5533 3474 5592 exsilio
3508 5534 3795 5601 damnati,

2148 5605 2308 5662 omni
2334 5605 2469 5675 jure
2500 5606 2889 5676 possessionis
2920 5607 3032 5664 sibi
3064 5605 3358 5680 adempto.
3392 5608 3576 5663 Rana.
