4148 6194
354 348 509 409 1369

1626 350 1863 411 LIBER
1911 350 2010 411 DE
2050 354 2500 413 PATIENTIA.

3618 342 3772 403 1370

354 481 465 551 tias,
498 479 777 537 desivit“
824 486 938 538 Deo
988 498 1214 554 sapere,
1266 481 1473 537 desivit
1520 481 1781 540 coelestia
1826 484 2003 539 susti-
2040 488 2092 554 Α
2122 484 2325 541 tientia
2368 491 2458 541 est
2486 486 2643 541 boni.
2690 486 2869 543 Nemo
2915 481 3254 555 impudicus
3297 496 3407 536 non
3454 476 3767 549 impatiens

355 586 487 625 nere
522 587 712 642 posse.
748 570 967 627 Exinde
1022 571 1196 627 homo
1247 576 1413 627 terra;
1462 572 1635 627 datus
1676 573 1812 644 (25),
1845 579 1901 629 et
1932 574 2002 629 ab

353 658 537 715 oculis
571 660 667 715 Dei
699 662 944 732 ejectus,
999 661 1167 717 facile
1202 662 1475 733 usurpari
1506 663 1550 695 ⁵²
1584 663 1655 717 ab
1686 663 2003 734 impatien-

354 746 430 802 tia
479 749 650 819 coepit
697 750 811 821 (26)
861 751 917 804 in
979 767 1150 805 omne
1200 752 1355 822 quod
1414 751 1599 806 Deum
1664 752 2000 807 offenderet.

353 836 556 893 I258
586 837 729 892 Nam
777 839 977 893 statim
1022 838 1121 895 illa
1169 840 1393 894 semine
1442 839 1660 894 diaboli
1700 845 2000 912 concepta,

351 925 582 981 malitias
645 927 1024 993 fecunditate,
1087 928 1234 983 iram
1293 929 1336 962 ⁸³
1394 928 1582 983 filium
1656 930 1998 1000 procreavit,

347 1015 569 1071 editum
600 1017 724 1071 suis
755 1017 979 1073 artibus
1008 1017 1222 1073 erudiit
1250 1017 1313 1075 δι.
1345 1020 1506 1084 Quod
1540 1018 1696 1074 enim
1731 1018 1773 1053 ³⁵
1804 1020 1998 1090 ipsum

345 1106 526 1160 Adam
558 1110 614 1160 et
641 1106 817 1161 Evam
852 1107 1023 1161 morti
1054 1106 1445 1174 immerserat,
1496 1108 1693 1163 docuit
1724 1112 1779 1163 et
1811 1107 1996 1163 filium

347 1193 416 1248 ab
444 1192 761 1249 homicidio
793 1194 1051 1266 incipere
1082 1195 1236 1268 (Gen.
1270 1196 1367 1265 1v).
1418 1197 1656 1252 Frustra
1694 1198 1851 1252 istud
1885 1197 1995 1253 im-

342 1281 633 1352 patientius
665 1282 1100 1355 adscripserim,
1134 1286 1184 1340 si
1229 1285 1366 1340 Cain
1420 1284 1515 1341 ille
1546 1286 1775 1357 primus
1808 1286 1995 1341 homi-

342 1370 489 1437 cida,
524 1376 583 1427 et
628 1371 855 1443 primus
904 1372 1223 1440 fratricida,
1272 1374 1598 1431 oblationes
1648 1392 1787 1431 suas
1819 1394 1852 1431 a
1884 1376 1994 1431 Do-

341 1461 501 1516 mino
559 1462 603 1495 ⁵⁶
649 1466 948 1517 recusatas
997 1464 1405 1533 aequanimiter
1453 1480 1559 1520 nec
1618 1464 1995 1537 impatienter

339 1548 493 1620 tulit,
514 1550 562 1604 si
588 1549 776 1606 iratus
806 1550 969 1606 fratri
1002 1570 1108 1608 suo
1140 1570 1253 1608 non
1286 1557 1395 1623 est,
1428 1554 1476 1609 si
1510 1553 1807 1609 nominem
1830 1553 1992 1609 deni-

342 1654 455 1709 que
504 1639 823 1695 interemit.
875 1640 1017 1696 Cum
1059 1657 1195 1714 ergo
1250 1659 1355 1697 nec
1404 1643 1666 1698 occidere
1713 1642 1988 1714 potuerit,

340 1727 454 1783 nisi
484 1728 692 1796 iratus,
725 1745 829 1784 nec
860 1729 1055 1801 irasci,
1086 1730 1198 1786 nisi
1232 1731 1543 1802 impatiens
1578 1750 1590 1787 :
1624 1733 1993 1787 demonstrat

340 1818 495 1888 quod
528 1834 630 1889 per
657 1818 806 1874 iram
851 1820 1034 1891 gessit
1080 1820 1150 1874 ad
1211 1836 1337 1875 eam
1390 1820 1783 1892 referendum,
1813 1838 1846 1875 a
1876 1837 1991 1892 qua

335 1906 423 1962 ira
472 1912 751 1979 suggesta
797 1913 910 1964 est.
951 1910 1019 1963 Et
1066 1909 1188 1964 haec
1238 1909 1475 1981 quidem
1524 1911 1567 1945 ⁸⁷
1608 1910 1986 1982 impatientia

334 1998 472 2050 tunc
503 1995 745 2052 infantis
788 1998 1224 2068 quodammodo
1272 1997 1648 2055 incunabula.
1701 2003 1985 2056 Caeterum

333 2088 553 2156 quanta
614 2101 747 2140 mox
811 2086 1193 2156 incrementa,
1248 2103 1353 2143 nec
1407 2088 1643 2144 mirum.
1704 2088 1872 2159 Nam,
1934 2090 1985 2145 si

330 2173 524 2246 prima
580 2173 851 2245 deliquit,
886 2191 1251 2246 consequens
1310 2180 1418 2245 est,
1452 2181 1515 2232 ut
1577 2178 1715 2248 quia
1768 2178 1980 2249 prima,

332 2263 547 2319 ideirco
579 2268 637 2319 et
667 2262 793 2319 sola
841 2264 917 2319 sit
966 2265 1180 2320 matrix
1229 2265 1286 2319 in
1333 2282 1505 2321 omne
1548 2266 1849 2338 delictum,
1883 2270 1983 2323 de-

331 2351 585 2407 fundens
616 2353 686 2407 de
718 2369 824 2407 suo
874 2353 1034 2408 fonte
1061 2352 1253 2409 varias
1302 2354 1617 2410 criminum
1666 2372 1866 2412 venas.
1902 2357 1982 2414 De

331 2440 647 2495 homicidio
697 2440 932 2512 quidem
991 2442 1213 2498 dictum
1271 2447 1379 2499 est.
1434 2445 1543 2499 Sed
1576 2444 1664 2501 ira
1692 2446 1913 2519 editum
1947 2464 1981 2502 a

331 2529 675 2600 primordio,
694 2532 869 2586 etiam
900 2548 1305 2604 quascumque
1325 2534 1691 2604 postmodum
1710 2536 1753 2569 δ⁸
1770 2551 1979 2593 causas

332 2617 444 2673 sibi
474 2617 714 2688 invenit,
747 2620 817 2673 ad
850 2620 1279 2692 impatientiam
1332 2627 1395 2676 ut
1441 2624 1513 2677 ad
1566 2623 1853 2696 originem
1886 2626 1979 2681 sui

331 2706 570 2763 confert.
624 2707 756 2762 Sive
807 2708 962 2763 enim
1015 2709 1146 2780 quis
1197 2709 1543 2780 inimicitiis,
1595 2713 1714 2768 sive
1770 2716 1977 2785 prmdee

330 2795 520 2867 gratia
548 2795 605 2850 id
638 2796 829 2852 scelus
860 2798 1114 2863 conficit,
1146 2798 1307 2870 prius
1349 2804 1436 2856 est
1476 2805 1540 2856 ut
1589 2806 1691 2856 aut
1727 2803 1844 2858 odii
1876 2808 1978 2859 aut

2114 574 2425 645 pudicitiae,
2465 580 2521 630 et
2551 576 2855 647 improbus
2887 574 3216 645 probitatis,
3250 574 3305 625 et
3328 567 3547 640 impius
3578 565 3766 636 pieta-

2114 665 2210 731 tis,
2234 668 2290 719 et
2320 664 2616 736 inquietus
2643 664 2876 735 quietis.
2904 663 2976 717 Ut
2998 661 3189 716 malus
3213 656 3620 728 unusquisque
3646 654 3764 721 ﬁat,

2115 753 2305 807 bonus
2358 770 2725 825 perseverare
2778 770 2889 807 non
2942 750 3169 823 poterit.
3204 746 3364 802 Talis
3394 746 3574 817 igitur
3603 758 3763 797 exce-

2112 847 2203 896 tra
2233 844 2276 875 ⁵9
2318 844 2427 913 (28)
2474 844 2678 899 I259
2729 841 3099 909 delictorum,
3132 855 3235 892 cur
3282 853 3395 891 non
3446 833 3762 888 Dominum

2111 931 2364 986 offendat
2410 932 2861 1004 improbatorem
2916 929 3202 984 malorum
3231 927 3258 981 ‘I
3307 930 3515 979 Annon
3563 922 3761 992 ipsum

2110 1036 2343 1091 quoque
2374 1021 2552 1077 Israel
2584 1039 2684 1092 per
2716 1020 3141 1091 impatientiam
3196 1030 3427 1086 semper
3472 1012 3528 1066 in
3574 1010 3758 1065 Deum

2111 1108 2426 1181 deliquisse
2458 1110 2834 1165 manifestum
2868 1112 2974 1175 est,
2995 1106 3201 1163 exinde
3233 1120 3365 1159 cum
3390 1100 3610 1157 oblitus
3634 1100 3759 1152 bra-

2108 1197 2223 1252 chii
2258 1199 2528 1265 caelestis,
2562 1217 2675 1271 quo
2728 1198 3008 1271 [Ehyptiis
3038 1191 3519 1252 afﬂictationibus
3572 1188 3760 1243 fuerat

2105 1292 2421 1358 extractus,
2454 1290 2523 1343 dc
2554 1295 2747 1343 Aaron
2778 1288 2889 1343 sibi
2921 1288 3059 1341 deos
3091 1286 3267 1339 duces
3308 1280 3587 1353 postulat,
3621 1292 3754 1331 cum

2106 1376 2164 1429 in
2213 1376 2436 1433 idolum
2498 1377 2623 1431 auri
2686 1378 2775 1431 sui
2838 1374 3179 1430 collationes
3229 1370 3495 1425 defundit
3564 1366 3753 1437 (Exod.

2104 1468 2241 1533 xvu)
2265 1466 2291 1519 ?
2331 1467 2473 1521 Tam
2508 1466 2871 1521 necessarias
2903 1464 3057 1518 enim
3098 1462 3312 1533 Moysis
3346 1474 3475 1513 cum
3508 1456 3756 1510 Domino

2103 1556 2536 1627 congredientis
2588 1554 2963 1625 impatienter
3004 1554 3307 1621 exceperat
3364 1563 3560 1601 moras
3618 1544 3749 1615 (29).

2102 1647 2239 1700 Post
2296 1662 2522 1700 manna:
2574 1644 2871 1699 escatilem
2918 1642 3033 1713 (30)
3085 1638 3363 1711 pluviam,
3417 1639 3549 1707 post
3580 1638 3753 1704 petrae

2101 1733 2417 1807 aquatilem
2463 1733 2763 1805 sequelam
2816 1733 3127 1802 desperant
3167 1729 3238 1783 de
3268 1725 3537 1790 Domino,
3572 1723 3753 1777 tridui

2022 1860 2066 1925 Β
2101 1824 2258 1879 sitim
2312 1841 2425 1880 non
2477 1822 2843 1879 sustinendo.
2892 1825 3036 1874 Nam
3080 1818 3200 1872 hinc
3230 1831 3463 1887 quoque
3491 1812 3608 1925 illis
3640 1812 3752 1867 im-

2098 1914 2373 1986 patientia
2395 1931 2427 1969 a
2449 1914 2691 1969 Domino
2718 1910 3119 1983 exprobratur.
3148 1909 3225 1961 Ac
3258 1921 3329 1960 ne
3359 1901 3594 1974 singula
3617 1918 3751 1973 per-

2094 2019 2395 2077 vagemur,
2430 2018 2735 2074 nunquam
2768 2017 2882 2055 non
2924 2015 3026 2071 per
3082 1992 3509 2067 impatientiam
3563 1990 3749 2045 delin-

2095 2093 2324 2165 quendo
2398 2092 2730 2164 perierunt.
2805 2087 3105 2153 Quomodo
3178 2088 3373 2139 autem
3447 2078 3749 2152 prophetis

2094 2199 2304 2238 manus
2346 2183 2391 2217 ⁶⁹
2447 2183 2797 2249 intulerunt,
2846 2177 2956 2234 nisi
3018 2191 3120 2249 per
3176 2169 3601 2244 impatientiam
3645 2183 3744 2223 au-

2091 2271 2291 2327 diendi
2323 2272 2459 2343 (Act.
2490 2288 2609 2336 vni,
2643 2271 2769 2340 Sap.
2804 2269 2867 2339 II)
2898 2268 2917 2321 ?
2962 2265 3209 2321 Domino
3242 2266 3438 2317 autem
3472 2257 3606 2330 ipsi,
3640 2272 3743 2329 per

2088 2360 2520 2432 impatientiam
2577 2359 2811 2413 videndi
2866 2356 3023 2427 (31)?
3079 2352 3240 2419 Quod
3296 2350 3345 2405 si
3399 2345 3738 2420 potientiam

2090 2450 2368 2518 inissent,
2402 2449 2810 2505 liberarentur.

2746 2588 2971 2644 CAPUT
3011 2590 3105 2641 VI.

2156 2723 2291 2790 Ipsa
2348 2718 2490 2772 adeo
2543 2720 2653 2783 est,
2703 2732 2829 2786 quin
2885 2712 3058 2767 fidem
3106 2714 3161 2764 et
3221 2703 3623 2777 subsequitur,
3678 2706 3737 2757 et

2086 2808 2380 2863 antecedit
2410 2806 2563 2879 (Gen.
2598 2809 2711 2870 xv).
2744 2803 3000 2873 Denique
3048 2797 3341 2853 Abraham
3374 2795 3490 2849 Deo
3540 2790 3732 2847 credi-

327 2884 579 2939 avaritize
634 2885 737 2940 fiat
784 2886 1121 2958 impatiens.
1163 2888 1449 2960 Quicquid
1496 2890 1816 2962 compellit,
1849 2893 1975 2948 sine
2084 2898 2187 2965 dit,
2222 2902 2279 2952 et
2318 2896 2563 2967 justitias
2612 2896 2927 2965 deputatus
2968 2891 3009 2925 ⁸¹
3064 2888 3134 2944 ab
3181 2885 3279 2940 illo
3312 2884 3423 2955 (32)
3461 2886 3594 2938 est:
3629 2881 3731 2936 sed

325 2972 691 3044 impatientia
746 2975 837 3030 sui
886 2992 1001 3030 non
1065 2980 1154 3032 est
1222 2982 1285 3032 ut
1330 2979 1528 3049 perfici
1577 2980 1782 3052 possit.
1835 2982 1975 3048 Quis
2084 2987 2257 3041 fidem
2290 2988 2417 3056 ejus
2450 2984 2727 3057 patientia
2772 2979 3057 3053 probavit,
3111 2992 3244 3032 eum
3292 2973 3477 3027 ﬁlium
3516 2971 3727 3024 immo-

322 3061 678 3118 adulterium
711 3064 837 3119 sine
869 3062 1132 3121 libidinis
1162 3066 1531 3139 impatientia
1559 3069 1740 3125 subiit
1762 3069 1787 3123 ?
1809 3072 1972 3137 Quod
2080 3076 2201 3130 lare
2242 3075 2449 3145 jussus
2488 3079 2593 3142 est,
2629 3074 2697 3127 ad
2734 3070 2867 3125 ﬁdei
2900 3086 3012 3124 non
3046 3065 3426 3121 tentationem
3459 3058 3727 3126 dixerim,

321 3156 378 3205 et
410 3151 457 3205 si
489 3153 672 3223 pretio
721 3153 778 3207 in
820 3153 1056 3210 feminis
1108 3155 1337 3228 cogitur
1366 3157 1624 3213 venditio
1666 3158 1766 3214 illa
1798 3161 1969 3231 pudi-
2015 3230 2043 3235 Α*
2083 3165 2181 3220 sed
2216 3165 2467 3235 typicam
2504 3161 2985 3217 contestationem
3041 3156 3174 3228 (33).
3226 3155 3504 3206 Caeterum
3557 3148 3735 3211 Deus,

321 3238 495 3310 cities,
526 3240 730 3312 utique
762 3242 1129 3314 impatientia
1177 3246 1590 3301 contemnendi
1632 3246 1780 3304 lucri
1806 3230 1969 3305 ordi-
2002 3230 2045 3298 (ἶ
2084 3230 2261 3323 quem
2281 3230 2526 3323 :justitiae
2557 3253 2915 3323 deputasset,
2941 3246 3180 3302 sciebat.
3210 3244 3353 3297 Tam
3385 3253 3557 3311 grave
3588 3251 3734 3308 pra?-

321 3333 517 3383 natur.
572 3329 722 3397 Ηωο,
759 3335 822 3386 ut
871 3333 1220 3404 principalia
1272 3334 1382 3407 (27)
1436 3352 1613 3406 penes
1664 3339 1976 3395 Dominum

320 3416 554 3476 delicta.
585 3418 729 3474 Nam
765 3426 827 3476 ut
859 3423 1205 3493 compendio
1238 3424 1458 3479 dictum
1490 3426 1587 3495 sit,
1634 3444 1806 3484 omne
1846 3445 1977 3500 pec-

326 3510 523 3562 catum
573 3508 954 3581 impatientia:
1002 3512 1476 3569 adscribendum.
1514 3515 1734 3572 Malum
1786 3518 1978 3590 impa-

2087 3348 2345 3413 ceptum,
2371 3341 2524 3412 quod
2559 3356 2663 3395 nec
2696 3337 2940 3394 Domino
2973 3333 3168 3405 perfici
3203 3329 3489 3402 placebat,
3515 3325 3736 3398 patien-

2087 3436 2177 3486 ter
2233 3437 2290 3486 et
2336 3430 2576 3499 audivit,
2631 3434 2688 3484 et
2737 3428 2789 3494 si
2837 3432 2987 3481 Deus
3046 3422 3346 3485 voluisset,
3409 3414 3733 3487 implesset.

2088 3519 2293 3575 Merito
2351 3536 2484 3590 ergo
2535 3517 2901 3582 benedictus,
2933 3513 3074 3585 quia
3129 3520 3186 3565 et
3241 3506 3468 3573 ﬁdelis;
3526 3503 3734 3558 merito

1738 3642 1941 3704 Varias
1997 3644 2317 3706 lectiones.

390 3747 690 3823 “Desinit
719 3781 787 3791 —
818 3751 1037 3807 desinit
1068 3754 1237 3823 Rgcn.

323 3818 506 3874 Latin.
610 3822 653 3855 ⁵⁶
683 3823 766 3877 Ad
800 3818 1304 3879 dominum'Rhen.
1409 3826 1450 3859 ³⁷
1500 3827 1568 3881 Et
1609 3827 1729 3883 hazo

1333 3754 1379 3789 ⁵³
1410 3753 1473 3830 in
1500 3771 1679 3830 usum
1712 3758 1985 3830 occupari
2015 3760 2144 3814 Jun.

1780 3831 2015 3900 quidem
2064 3832 2220 3886 abest
2269 3834 2434 3887 Rhen.
2487 3835 2653 3887 Fran.

2702 3760 2747 3794 ⁵⁸
2775 3754 3040 3813 Erudivit
3068 3753 3252 3809 Latin.
3330 3748 3372 3783 ⁵⁵
3395 3744 3543 3811 Quid
3575 3742 3731 3799 enim

2240 3761 2283 3795 ⁸³
2310 3761 2454 3816 Mira
2481 3762 2607 3817 Jun.
2702 3761 2747 3794 ⁵⁸
2775 3761 3040 3813 Erudivit
3068 3761 3252 3809 Latin.
3330 3761 3372 3783 °°
3395 3761 3543 3811 Qum
3575 3761 3729 3799 enim

2269 3834 2434 3886 Rhen.
2487 3835 2653 3886 Fran.
2755 3830 2798 3865 ⁵⁸
2831 3832 3037 3884 Postea
3084 3830 3256 3882 Fran.
3304 3820 3490 3875 Puris.
3531 3816 3729 3886 Rigalt.

324 3889 369 3924 ⁸⁸
399 3891 660 3948 Exosdra
686 3895 814 3950 Jun.
850 3895 1103 3951 exhedra
1134 3898 1314 3952 Paris.
1350 3898 1560 3953 exedra
1586 3901 1759 3955 Rhen.
1796 3889 1813 3900 ⁸
1837 3902 1882 3936 ⁶⁰
1914 3902 2121 3958 Manus
2154 3904 2453 3974 prophetis
2486 3906 2601 3975 Rig.
2678 3904 2720 3937 θί
2759 3904 3109 3973 Deputatum
3140 3898 3266 3951 Jun.

1730 4020 2249 4082 Commentarius.

390 4116 503 4187 (25)
534 4117 747 4193 Exinde
777 4118 932 4175 homo
965 4124 1122 4175 terrae
1152 4120 1333 4176 datus.
1385 4122 1532 4193 Ipse,
1578 4123 1678 4179 lib.
1729 4125 1795 4180 de
1838 4127 1967 4180 Pal-

315 4188 392 4243 lio
428 4206 446 4241 :
478 4210 506 4239 ‹‹
539 4188 781 4245 Pellitus
813 4193 935 4247 orbi
969 4209 1072 4248 ceu
1107 4194 1341 4249 metallo
1372 4188 1562 4250 datur.
1586 4215 1614 4248 ν
1649 4196 1778 4253 ftis.

384 4259 497 4339 (26)
537 4262 714 4339 Facile
761 4266 991 4339 περιρανί
1037 4265 1103 4319 ab
1148 4267 1519 4337 impatiantia
1563 4272 1737 4339 capit.
1788 4273 1967 4323 Usur—

314 4336 454 4413 pant
482 4332 739 4413 proprie,
772 4336 841 4413 ad
863 4332 1027 4413 quos
1050 4338 1151 4407 jus
1182 4332 1843 4413 possessionisspectat.
1872 4340 1967 4396 Sic

311 4404 682 4481 impatientia
719 4404 911 4481 veluti
934 4404 1069 4481 jam'
1102 4404 1410 4481 possidens
1445 4404 1763 4477 hominem,
1796 4413 1965 4468 facile

309 4490 446 4600 gum
506 4477 577 4531 ad
635 4477 866 4549 quidvis
916 4477 1119 4536 traxit'
1150 4482 1304 4551 quod
1364 4483 1545 4537 Deum
1623 4483 1957 4541 offenderet.

364 4563 493 4600 nan.

364 4563 493 4600 ΗΕΝ.

379 4618 491 4697 (24)
525 4619 730 4697 Παῖς-ει
754 4623 1119 4697 principalia.
1169 4623 1331 4677 Haud
1356 4623 1717 4697 absimiliter
1744 4630 1799 4680 S.
1851 4631 1958 4697 Cy-

302 4692 574 4768 prianus,
623 4689 839 4768 lily—de
890 4689 1035 4750 Bono
1083 4698 1200 4768 pat.
1252 4695 1386 4768 ε.ᾲῦ
1431 4712 1442 4748 2
1501 4715 1520 4743 ι
1570 4689 1957 4768 Adulterium,

303 4761 488 4826 fraus,
523 4760 931 4833 homicidium,
968 4760 1214 4820 mortale
1257 4766 1478 4821 crimen
1512 4772 1616 4823 est.
1649 4787 1674 4817 ι)
1723 4769 1839 4824 Hoc
1869 4760 1957 4823 in;

298 4833 479 4886 terim
512 4836 873 4909 notandum,
906 4838 1083 4909 quod,
1117 4854 1249 4892 cum
1281 4839 1337 4893 S.
1372 4840 1739 4909 Augustinus
1769 4846 1825 4895 et
1857 4840 1954 4895 alii

298 4905 1255 4991 recentiores'delicta:accipiant
1298 4926 1401 4982 pro
1430 4905 1686 4991 peccatis
1720 4914 1956 4991 minori:

294 4976 434 5041 bus,
483 4976 882 5035 Tertullianus
937 4980 995 5035 in
1044 4976 1255 5054 genere
1298 4976 1571 5053 'aocipiat
1634 5000 1735 5054 pro
1794 4984 1952 5039 omni

293 5063 512 5127 genere
544 5056 912 5127 peccatorum
940 5069 952 5118 ;
990 5054 1085 5107 ubi
1120 5058 1317 5127 autem
1341 5055 1410 5108 de
1432 5054 1794 5127 gravioribus
1813 5056 1952 5127 agit,

294 5120 471 5197 addit
503 5121 912 5197 :_principalia,
948 5126 1238 5197 capitalia,
1264 5120 1537 5181 mortalia
1567 5126 1707 5181 PAM.

369 5192 651 5269 (‘28))T_alis
701 5192 877 5269 igitur
906 5192 1137 5253 excetra.
1186 5192 1260 5252 De
1306 5198 1559 5254 exhedra
1607 5198 1949 5269 interpreta-

290 5270 392 5318 tus
423 5268 517 5337 est
543 5264 738 5320 locum
787 5267 944 5323 hunc
1000 5269 1337 5337 Rhenanus,
1374 5287 1478 5325 nos
1510 5275 1707 5325 tamen
1740 5264 1947 5325 malui-

288 5352 442 5412 mus
472 5336 618 5412 alios
658 5340 828 5412 sequi
865 5340 962 5410 qui
996 5348 1306 5408 excetram,
1343 5342 1450 5396 hoc
1480 5346 1567 5397 est
1597 5348 1945 5412 serpentem,

283 5424 413 5484 seu_
430 5408 676 5484 hydram
709 5410 781 5484 ab
812 5408 1054 5467 Hercule
1084 5413 1289 5467 victam
1323 5414 1631 5484 explicant.
1669 5408 1745 5468 LE
1778 5420 1874 5469 Pa.

368 5480 479 5554 (29)
551 5481 910 5554 Impatientcr
965 5490 1253 5554 exceperat
1312 5480 1518 5540 moras.
1582 5486 1946 5542 Postremum

1992 4558 2038 4621 D
2070 4556 2132 4611 de
2190 4558 2424 4613 Gubern.
2479 4577 2492 4614 :

2078 4126 2248 4182 brzeis
2278 4128 2338 4182 in
2384 4128 2609 4183 deserto
2640 4125 2988 4196 vagantibus
3017 4135 3293 4196 concessa
3324 4115 3607 4196 loquijm‘.
3631 4115 3724 4193 ,υἲί

2077 4203 2278 4269 postea
2306 4200 2377 4254 de
2408 4216 2569 4273 aqua:
2597 4185 2951 4273 abundantia
2983 4210 3159 4273 quam
3196 4185 3724 4273 Mosesnia.ln)omino

2076 4260 2365 4338 obtinuit;
2428 4260 2550 4325 loca
2595 4272 2762 4326 obvia
2812 4274 2951 4324 sunt
2983 4260 3090 4320 hac
3122 4266 3191 4317 de
3224 4260 3720 4341 rcinfinitaktum

2076 4343 2226 4414 apud
2264 4327 2559 4414 profanos.
2594 4348 2717 4397 tum
2753 4341 2905 4412 apud
2957 4353 3173 4414 sacros
3203 4334 3538 4414 scriptores.
3574 4327 3720 4414 l‘lon-

2076 4399 2236 4469 niilla
2265 4399 2333 4470 de
2366 4416 2454 4471 his
2485 4418 2539 4470 in
2568 4399 2957 4486 animadvers,
2995 4399 3495 4486 nostrisd‘ix'imus
3525 4399 3723 4486 adver-

2076 4502 2179 4557 sus
2203 4469 2652 4552 Praiadamitas;
2688 4486 2780 4541 hic
2812 4469 3168 4557 subiungam
3194 4475 3557 4557 salvianum,
3581 4469 3719 4557 lib.1

2546 4540 2570 4609 ii
2610 4540 2890 4613 Borantes
2924 4540 3099 4629 "escis
3152 4547 3482 4629 coelestibus
3532 4540 3717 4629 polos,

2070 4627 2346 4703 salientes
2380 4631 2627 4703 rupibus
2666 4646 2869 4701 aquas.
2903 4647 2927 4678 ο
2982 4624 3137 4680 Satis
3185 4620 3421 4692 quidem
3475 4620 3715 4687 poetice.

2069 4699 2273 4845 ἱερῇ)
2302 4778 2409 4829 Pcr
2456 4774 2863 4844 imminentium
2919 4762 3385 4845 otia-nihividcndi..
3414 4760 3519 4845 i’er
3563 4755 3710 4837 invi:

2066 4833 2361 4902 diam'nec
2391 4833 2544 4900 enim
2580 4846 3015 4921 patie_nter_au.t
3061 4837 3307 4921 libenter
3334 4833 3711 4921 vide-tuaiqui

2065 4917 2381 4984 invidetur,
2406 4920 2461 4971 et
2491 4902 2618 4971 esse
2652 4915 2782 4969 odio
2816 4912 2961 4968 solet
2986 4906 3403 4984 invidentibus.
3429 4903 3521 4957 Sic
3554 4902 3715 4984 illiri-

2065 4996 2193 5045 stus
2235 4973 2450 5043 Judaeis
2482 4988 2730 5051 invisus,
2782 4991 2835 5040 et
2870 5001 2881 5037 :
2918 4982 3132 5037 Sciebat
3184 4978 3396 5033 Pilatus
3448 4973 3715 5029 (raditum

2061 5062 2171 5117 sibi
2198 5077 2227 5113 a
2261 5061 2465 5117 ,ΙῑιιίιΈίδ
2494 5078 2591 5131 per
2622 5058 2907 5114 invidiam.
2943 5060 3050 5109 Bia

2135 5132 2247 5205 (32)
2277 5116 2515 5189 Iustitia}
2557 5132 2971 5205 deputatus__est
3018 5128 3086 5181 ab
3134 5116 3707 5205 i_llo.mln‘Abraham

2060 5192 2253 5276 typica
2287 5206 2413 5259 fidei
2447 5192 2809 5260 contestatio.
2843 5197 3225 5276 Nequeenim
3254 5192 3396 5276 illud
3432 5192 3499 5276 ad
3537 5192 3707 5276 fidem

2060 5264 2234 5331 aliam
2270 5293 2442 5347 quam
2494 5277 2679 5329 vivam
2728 5264 3017 5348 pertinere
3056 5271 3178 5348 ipse
3210 5270 3411 5348 auctor
3435 5264 3533 5348 hic
3564 5264 3711 5318 indi-

2060 5354 2151 5403 cat
2182 5341 2321 5420 dum
2357 5348 2623 5417 subjicit:
2670 5370 2695 5394 «
2730 5341 2849 5399 'Sed
2875 5344 3199 5420 fidemejus
3232 5341 3541 5420 patientia_
3579 5354 3706 5420 pro-

2066 5419 2258 5487 bavit;
2295 5444 2320 5468 ››
2371 5425 2427 5475 et
2466 5409 2655 5490 "paulo
2690 5422 2818 5488 post
2849 5433 2936 5490 :_«
2968 5409 3452 5490 Fidespatientia
3485 5409 3705 5490 illumi:

2064 5481 2298 5547 nataf»
2361 5481 2774 5545 Cui-similem
2838 5488 3010 5559 plane
3059 5481 3239 5542 habes
3296 5482 3485 5535 locum
3549 5481 3701 5550 apud

284 5550 455 5635 istud
507 5550 858 5635 vocabulum
906 5572 1021 5635 non
1054 5550 1360 5635 legiturin
1394 5556 1590 5635 codice
1620 5558 1847 5635 Pithmi,
1884 5564 1949 5615 ut
2056 5568 2110 5618 S.
2145 5567 2279 5635 Cyp.
2315 5564 2467 5635 epist
2527 5565 2620 5618 63.
2661 5563 2805 5618 PAM.

278 5621 349 5698 in
386 5622 820 5698 hoccommate
853 5621 1233 5697 repetendum
1269 5628 1335 5682 de
1371 5629 1712 5698 praecedenti
1748 5621 1945 5685 videa-

278 5697 409 5767 tur,
441 5695 781 5767 collationes,
807 5695 982 5755 Mos'is
1012 5700 1281 5756 videlicet
1311 5695 1444 5754 cum
1477 5700 1743 5758 Domino.
1778 5704 1906 5759 Rm.

362 5766 473 5838 (30)
520 5773 654 5825 Pou
701 5766 925 5829 manna?
975 5772 1275 5843 escatilem,
1307 5775 1416 5828 etc.
1465 5776 1542 5829 De
1586 5789 1802 5831 manna
1835 5774 1945 5831 He-

2129 5626 2241 5705 (33)
2274 5626 2382 5691 Sed
2432 5636 2668 5707 typicam
2716 5635 3203 5707 contesfalionemn
3235 5626 3347 5707 Hoc
3391 5627 3483 5707 est
3509 5637 3699 5676 exem-

2056 5696 2240 5778 plum,
2272 5696 2546 5780 ﬁguratum,
2569 5713 3028 5775 sacramentum,
3063 5696 3412 5772 mysterium
3449 5696 3571 5750 Βιϐ-
