4148 6194
452 339 599 399 1371

1001 342 1526 403 TERTULLIANI
1572 344 1895 406 OPERUM
1943 344 2140 405 PARS
2184 346 2235 407 1.
2268 376 2342 387 —-
2383 341 2656 405 SERIES
2700 341 2777 413 ll,
2824 339 3301 401 DOGMATICA.

3710 338 3863 398 1312

452 474 665 543 ﬁdelis,
696 475 837 547 quia
867 480 924 530 et
952 476 1205 547 patiens.
1256 481 1343 532 Ita
1394 477 1537 533 ﬁdes
1566 478 1849 549 patientia
1878 479 2101 536 illumi-
2132 482 2187 549 Α
2216 480 2457 535 lasuras
2516 493 2751 550 quoque
2780 475 2982 533 1261
3027 490 3229 535 earum
3275 473 3389 546 (39)
3435 474 3861 545 computandas

452 568 611 630 nata,
658 580 793 620 cum
851 565 910 619 in
968 566 1231 622 nationes
1290 567 1681 623 seminaretur
1739 585 1839 640 per
1898 586 2098 625 semen

448 652 716 723 Abraha,
750 654 901 724 quod
937 658 1026 709 est
1064 654 1333 711 Christus
1380 655 1579 720 (Galat.
1632 658 1739 728 In),
1789 662 1845 714 et
1893 660 2100 715 1260

450 741 699 812 gratiam
731 742 843 813 legi
877 744 1313 815 superduceret,
1373 746 1721 817 amplianda
1772 747 2101 820 adimplen-

453 829 656 901 daque
685 829 794 902 legi
830 832 1178 902 adjutricem
1234 850 1402 890 suam
1452 836 1793 906 patientiam
1827 838 2099 909 praefecit,

454 920 609 989 quod
643 936 710 974 ea
736 919 860 975 sola
892 922 960 975 ad
987 921 1241 991 justitia
1273 924 1602 979 doctrinam
1623 931 1775 981 retro
1799 927 2099 983 defuisset.

453 1008 599 1063 Nam
660 1009 798 1063 olim
850 1014 909 1065 et
948 1011 1182 1065 oculum
1236 1030 1337 1084 pro
1388 1013 1576 1084 oculo,
1631 1019 1688 1069 et
1735 1016 1968 1071 dentem
2000 1034 2101 1088 pro

452 1095 625 1151 dente
656 1098 1079 1168 repetebant,et
1100 1100 1319 1156 malum
1347 1103 1498 1157 malo
1528 1102 1888 1160 fanerabant
1908 1106 2101 1177 (Exod.

451 1202 585 1253 xxx;
620 1187 773 1242 Deut.
805 1188 921 1259 χιχ)
957 1205 968 1241 :
1004 1190 1265 1244 nondum
1301 1192 1459 1246 enim
1494 1193 1773 1262 patientia
1811 1194 1870 1249 in
1911 1196 2105 1266 terris,

456 1275 597 1347 quia
629 1292 733 1331 nec
766 1277 908 1332 ﬁdes
937 1294 950 1334 :
987 1277 1220 1333 Scilicet
1248 1279 1483 1335 interim
1529 1281 1892 1353 impatientia
1942 1301 2106 1341 occa-

457 1363 724 1420 sionibus
769 1365 913 1437 legis
964 1366 1283 1423 fruebatur.
1320 1370 1508 1425 Facile
1544 1377 1685 1439 erat,
1721 1374 1961 1429 absente
2006 1376 2107 1429 do-

455 1452 615 1507 mino
664 1455 963 1523 patientia
1009 1461 1065 1511 et
1114 1459 1394 1529 magistro
1443 1460 1578 1531 (34).
1628 1461 1734 1525 Qui
1794 1468 2107 1535 postquam

455 1542 794 1613 supervenit
823 1542 957 1613 (35),
989 1548 1047 1599 et
1090 1546 1340 1616 gratiam
1380 1548 1511 1605 ﬁdei
1566 1550 1847 1620 patientia
1876 1568 2111 1623 compo-

454 1629 596 1698 suit,
623 1632 746 1701 jam
800 1648 905 1687 nec
935 1634 1108 1689 verbo
1150 1636 1385 1706 quidem
1430 1637 1738 1706 lacessere,
1790 1656 1895 1695 nec
1946 1643 2112 1698 Fatue

455 1718 693 1791 quidem
742 1721 934 1777 dicere
988 1722 1115 1779 sine
1154 1725 1367 1795 judicii
1419 1728 1677 1798 periculo
1724 1729 1881 1786 licet.
1915 1731 2113 1787 Prohi‘

454 1808 579 1863 bita
611 1809 716 1880 ira,
748 1810 1001 1869 restricti
1050 1811 1094 1847 δ’
1142 1813 1346 1881 animi,
1397 1832 1734 1888 compressa
1782 1820 2110 1891 petulantia

456 1913 690 1964 manus,
714 1903 1047 1971 exemptum
1079 1899 1292 1974 lingua
1315 1920 1625 1973 venenum,
1645 1906 1776 1978 plus
1807 1908 1897 1964 lex
1926 1926 2104 1981 quam

456 1985 658 2041 amisit
710 1987 949 2059 invenit,
1008 1989 1239 2046 dicente
1294 1993 1523 2049 Christo
1581 1997 1790 2067 (Matth.
1840 2015 1896 2066 v,
1946 1999 2035 2069 44)
2088 2015 2101 2053 :

455 2074 681 2143 Diligite
725 2075 975 2132 inimicos
1026 2083 1253 2148 vestros,
1292 2086 1346 2137 et
1388 2083 1832 2142 maledicentibus
1877 2087 2105 2144 benedi-

454 2164 559 2219 cite
590 2182 608 2219 :
634 2168 688 2219 et
716 2168 864 2222 orate
887 2183 993 2238 pro
1017 2172 1469 2239 persecutoribus
1500 2176 1712 2241 vestris,
1744 2181 1806 2231 ut
1843 2178 1953 2247 ﬁlii
1978 2180 2107 2234 siti:

456 2252 637 2309 Patris
694 2257 862 2310 vestri
903 2257 1152 2315 catastis.
1205 2260 1383 2317 Vides
1430 2279 1601 2331 quem
1662 2265 1832 2321 nobis
1880 2271 2105 2338 patrem

457 2341 737 2413 patientia
785 2345 1095 2417 acquirat?
1141 2352 1257 2405 Hoc
1303 2351 1611 2424 principali
1658 2361 1945 2427 pracepto
1976 2357 2105 2411 uni-

456 2447 624 2487 versa
671 2432 963 2504 patientia
1019 2435 1333 2509 disciplina
1382 2442 1684 2498 succincta
1729 2447 1838 2511 est,
1872 2446 2106 2516 quando

462 2536 534 2576 ne
564 2521 802 2594 digne68
832 2524 1069 2594 quidem
1104 2526 1447 2585 malefacere
1478 2547 1820 2588 concessum
1855 2538 1945 2589 est
1974 2535 2106 2606 (36).

1092 2668 1322 2725 CAPUT
1358 2671 1481 2727 VII.

533 2784 661 2841 Jam
692 2803 848 2859 vero,
873 2793 1350 2861 percurrentibus
1375 2795 1543 2852 nobis
1567 2813 1776 2854 causas
1805 2797 2111 2871 impatien-

462 2874 577 2941 tia,
610 2881 817 2933 catera
847 2895 1082 2952 quoque
1112 2888 1396 2955 pracepta
1443 2885 1567 2941 suis
1596 2885 1740 2943 locis
1794 2890 2110 2960 responde-

464 2964 630 3020 bunt.
673 2966 728 3020 Si
779 2967 1133 3025 detrimento
1182 2972 1264 3027 rei
1314 2974 1619 3030 familiaris
1651 2977 1886 3033 animus
1916 2978 2110 3033 conri-

460 3058 638 3124 tatur,
690 3058 847 3111 omni
900 3073 1047 3127 pene
1077 3060 1135 3114 in
1181 3060 1303 3117 loco
1337 3063 1405 3117 de
1443 3067 1868 3121 contemnendo
1900 3066 2111 3122 saculo

461 3143 777 3214 Scripturis
807 3146 1133 3205 Dominicis
1163 3166 1605 3208 commonemur
1637 3170 1649 3209 :
1689 3172 1793 3210 nec
1826 3156 2011 3225 major
2040 3157 2111 3211 ad

461 3232 719 3302 pecunia
761 3240 1164 3309 contemptum
1210 3240 1532 3297 exhortatio
1591 3244 1882 3315 subjacet.
1936 3262 2114 3317 quam
2146 3228 2188 3295 (ἶ

463 3322 618 3392 quod
635 3322 760 3394 ipse
776 3324 1130 3383 Dominusin
1147 3328 1324 3385 nullis
1340 3330 1560 3388 divitiis
1577 3331 2122 3406 invenitur.Semper

462 3427 749 3483 pauperes
763 3414 1288 3484 justificat,divites
1315 3422 1679 3491 praedamnat
1700 3423 1830 3495 (27).
1847 3423 1909 3479 In
1937 3424 2119 3479 detri-

466 3504 730 3556 mentum
748 3502 794 3538 ⁶⁴
809 3504 1223 3579 patientia(38)
1245 3509 1543 3565 fastidium
1565 3511 1874 3583 opulentia
1896 3514 2121 3585 praemi-

467 3588 757 3658 nistravit,
782 3592 1198 3652 demonstrans
1229 3612 1332 3669 per
1360 3599 1746 3671 abjectionem
1779 3602 2116 3660 divitiarum

2212 586 2329 624 non
2362 584 2509 624 esse.
2544 568 2705 632 Quod
2738 582 2875 639 ergo
2909 565 3083 620 nobis
3114 568 3385 635 appetere
3435 560 3675 617 minime
3714 578 3859 632 opus

2209 662 2300 713 est
2332 657 2470 729 quia
2500 672 2606 712 nec
2656 655 2941 710 Dominus
2981 652 3279 725 appetivit,
3311 653 3723 707 detruncatum
3770 650 3858 704 vel

2210 748 2387 802 etiam
2446 747 2791 818 ademptum
2849 760 2962 799 non
3023 758 3172 814 agre
3225 740 3516 796 sustinere
3555 739 3857 794 debemus.

2214 836 2586 909 Cupiditatem
2655 835 2901 889 omnium
2967 833 3242 887 malorum
3305 829 3539 885 radicem
3609 827 3862 899 Spiritus

2214 925 2444 983 Domini
2480 941 2581 997 per
2610 922 2957 995 Apostolum
2993 919 3457 994 pronuntiavit(l
3487 919 3618 974 Tim.
3641 934 3719 981 v1,
3754 917 3861 987 10).

2211 1017 2352 1072 Eam
2366 1031 2481 1069 non
2496 1014 2552 1068 in
2568 1010 3040 1083 concupiscentia
3051 1009 3227 1065 alieni
3240 1012 3336 1063 tan
3349 1012 3467 1062 tum
3484 1006 3863 1063 constitutam

2213 1106 2636 1176 interpremur;
2672 1116 2808 1156 nam
2835 1104 2891 1155 et
2928 1100 3083 1170 quod
3125 1101 3391 1154 nostrum
3436 1096 3681 1161 videtur,
3726 1092 3863 1149 alie-

2215 1210 2357 1248 num
2380 1197 2470 1249 est
2498 1210 2510 1247 :
2537 1190 2683 1246 nihil
2707 1190 2861 1245 enim
2886 1192 3177 1254 nostrum,
3205 1186 3487 1258 quoniam
3516 1184 3611 1239 Dei
3644 1182 3863 1248 omnia,

2217 1284 2385 1354 cujus
2433 1281 2548 1353 ipsi
2593 1295 2826 1351 quoque
2876 1295 3004 1334 nos.
3055 1282 3254 1349 Itaque
3304 1275 3353 1332 si
3411 1275 3623 1330 damno
3672 1272 3867 1328 affecti

2217 1372 2595 1444 impatienter
2624 1368 2984 1425 senserimus
3012 1367 3075 1430 ⁸⁸,
3112 1382 3225 1421 non
3271 1366 3342 1420 de
3369 1365 3414 1398 ⁸⁸
3454 1367 3650 1419 nostro
3681 1360 3865 1416 amis-

2220 1477 2352 1518 sum
2386 1460 2670 1528 dolentes,
2705 1458 2910 1513 affines
2952 1454 3285 1527 cupiditatis
3338 1451 3865 1524 deprchendemur.

2219 1551 2488 1607 Alienum
2522 1547 2861 1620 quarimus,
2886 1562 3021 1600 cum
3054 1543 3309 1600 alienum
3336 1541 3623 1597 amissum
3646 1539 3690 1573 ⁸⁷
3723 1551 3869 1607 agre

2222 1641 2608 1697 sustinemus.
2668 1637 2775 1701 Qui
2833 1634 3033 1690 damni
3091 1631 3459 1704 impatientia
3522 1627 3865 1693 concitatur,

2220 1736 2451 1786 terrena
2483 1727 2819 1784 coelestibus
2875 1721 3303 1795 anteponendo,
3362 1720 3433 1775 de
3492 1717 3758 1791 proximo
3808 1714 3868 1769 in

2226 1821 2403 1876 Deum
2460 1821 2679 1890 peccat.
2738 1814 3021 1885 Spiritum
3079 1811 3235 1866 enim
3293 1825 3467 1880 quem
3529 1825 3565 1863 a
3620 1805 3869 1862 Domino

2217 1908 2489 1978 sumpsit,
2520 1904 2817 1962 sacularis
2856 1902 2938 1957 rei
2983 1900 3172 1973 gratia
3201 1897 3478 1955 concutit.
3522 1896 3798 1951 Libenter
3824 1893 3867 1927 ⁸³

2212 1998 2393 2070 igitur
2421 2001 2652 2052 terrena
2681 1993 3037 2061 amittamus,
3095 1986 3352 2045 calestia
3412 1991 3705 2041 tueamur.
3753 1983 3865 2037 To-

2215 2092 2343 2143 tum
2374 2086 2508 2141 licet
2537 2083 2814 2141 saculum
2848 2084 3066 2153 pereat,
3089 2080 3231 2134 dum
3263 2075 3607 2149 patientiam
3638 2072 3868 2128 lucrifa—

2214 2177 2387 2234 ciam.
2420 2177 2548 2231 Jam
2588 2174 2686 2245 qui
2722 2172 3017 2227 minutum
3048 2168 3162 2224 sibi
3192 2166 3414 2238 aliquid
3446 2168 3547 2220 aut
3576 2164 3749 2229 furto,
3767 2164 3868 2216 aut

2214 2267 2293 2335 vi,
2326 2269 2428 2321 aut
2483 2264 2663 2320 etiam
2715 2260 2971 2332 ignavia,
3033 2273 3149 2313 non
3199 2258 3534 2311 constanter
3582 2251 3871 2307 sustinere

2218 2354 2546 2420 constituit,
2584 2351 2776 2409 nescio
2823 2366 2895 2405 an
2943 2345 3132 2414 facile,
3162 2344 3250 2401 vel
3283 2361 3352 2399 ex
3381 2343 3598 2407 animo,
3632 2341 3760 2412 ipse
3792 2338 3874 2394 rei

2219 2462 2335 2502 sua
2366 2458 2604 2499 manum
2652 2440 2868 2496 inferre
2902 2440 3099 2510 posset
3150 2437 3207 2490 in
3262 2449 3440 2489 causa
3470 2431 3878 2501 eleemosyna.

2219 2535 2360 2603 Quis
2406 2533 2563 2589 enim
2613 2531 2685 2587 ab
2732 2529 2845 2586 alio
2898 2525 3082 2582 secari
3132 2523 3371 2580 omnino
3405 2538 3519 2577 non
3552 2519 3882 2582 sustinens,

2217 2624 2344 2697 ipse
2376 2623 2594 2678 ferrum
2635 2620 2694 2674 in
2744 2631 2984 2688 corpore
3033 2630 3139 2670 suo
3171 2614 3217 2649 ⁶⁹
3258 2612 3464 2668 ducit?
3496 2607 3791 2664 Patientia
3821 2607 3881 2661 in

2219 2694 2587 2768 detrimentis
2619 2705 2951 2764 exercitatio
2983 2708 3072 2759 est
3100 2699 3391 2774 largiendi
3435 2703 3490 2754 ct
3540 2694 3882 2753 communi-

2219 2801 2411 2859 candi.
2445 2804 2571 2855 Non
2605 2797 2765 2870 piget
2810 2795 3029 2850 donare
3078 2808 3232 2859 cum,
3267 2789 3366 2862 qui
3402 2805 3515 2843 non
3547 2786 3721 2842 timet
3750 2801 3882 2856 per-

2224 2892 2376 2947 dere.
2437 2886 2714 2959 Alioquin
2772 2882 3065 2957 quomodo
3134 2882 3280 2935 duas
3338 2878 3563 2933 habens
3618 2875 3880 2937 tunicas,

2222 2980 2462 3037 alteram
2494 2992 2696 3033 earum
2746 2974 2905 3029 nudo
2954 2971 3138 3037 dabit,
3173 2969 3285 3025 nisi
3317 2967 3471 3022 idem
3505 2965 3601 3030 sit,
3635 2963 3737 3035 qui
3772 2979 3879 3017 au-

2223 3067 2431 3124 ferenti
2503 3065 2790 3134 tunicam,
2861 3060 3036 3117 etiam
3107 3058 3350 3130 pallium
3409 3055 3615 3110 oﬁ‘erre
3693 3051 3881 3124 possit

2230 3157 2438 3229 (Matth.
2470 3156 2525 3227 ν)
2549 3154 2576 3209 ‘t
2624 3151 2924 3220 Quomodo
2975 3148 3193 3205 amicos
3225 3147 3295 3202 de
3329 3158 3671 3199 mammona
3702 3139 3880 3196 fabri-

2228 3246 2493 3303 cabimus
2526 3243 2695 3299 nobis
2722 3242 2868 3313 (Luc.
2897 3238 3032 3310 xvr),
3055 3237 3103 3293 si
3136 3253 3268 3291 eum
3302 3236 3359 3290 in
3394 3237 3627 3289 tantum
3652 3244 3881 3285 amave-

2228 3335 2439 3401 rimus,
2490 3337 2554 3388 ut
2600 3331 2888 3388 amissum
2938 3342 3056 3383 non
3098 3321 3500 3381 sufi'eramus?
3551 3319 3881 3376 Peribimus

2228 3440 2362 3481 cum
2395 3421 2641 3496 perdito.
2678 3418 2825 3483 Quid
2884 3416 2978 3472 hic
3034 3413 3393 3479 invenimus,
3426 3410 3526 3466 ubi
3592 3408 3883 3496 habemus

2228 3495 2495 3570 amittere
2524 3511 2635 3584 (40)
2655 3509 2683 3564 ?
2712 3506 3030 3565 Gentilium
3064 3508 3173 3570 est,
3207 3500 3480 3558 omnibus
3511 3495 3885 3554 detrimentis

2226 3601 2658 3674 impatientiam
2710 3596 3008 3663 adhibere,
3052 3592 3152 3666 qui
3206 3607 3329 3648 rem
3378 3587 3787 3663 pecuniariam
3842 3584 3886 3617 7°

1864 3746 2070 3810 Varias
2117 3745 2437 3807 lectiones.

476 3930 581 3985 MS.

539 3858 586 3967 ζ’
616 3862 893 3967 Βθϐξῐὶηοΐὶ
930 3864 1111 3946 Latin.
1138 3868 1272 3951 Jun.
1350 3869 1395 3904 ⁸⁸
1426 3870 1661 3942 Lingua
1692 3872 1855 3928 Fran.
1887 3872 2001 3928 {ide
2033 3871 2249 3928 Pamel.
2283 3887 2351 3926 ex
2378 3870 2485 3926 MS.
2517 3876 2568 3925 et
2594 3869 2721 3924 Jun.
2752 3865 2973 3938 probat.
3056 3862 3103 3897 3‘
3139 3859 3638 3916 Detrimentorum
3678 3859 3885 3912 Weuw.

710 3946 730 3966 ο
763 3936 842 3967 ιη.
884 3936 1059 3967 nu...“
1122 3941 1326 3967 ιηηιη..
1378 3943 1755 3967 μημεηι--
1804 3943 2019 3967 --ε-.-η
2062 3947 2215 3967 n_-_.--
2274 3948 2406 3967 .--..
2539 3942 2582 3967 ss
2612 3940 2689 3967 ῃ-
2733 3955 2846 3967 ...νη
2900 3937 3098 3967 “natm
3155 3935 3249 3967 mn
3371 3931 3413 3966 s7
3445 3928 3724 3967 nnlnnfna
3752 3925 3880 3967 add-

710 3936 1077 4015 {AltanltigalL
1108 3940 1342 4015 §emler.
1368 3936 1757 4015 (Impatientes
1801 3943 2022 4000 erimus
2053 3947 2235 4000 Paris.
2268 3948 2426 4015 Leop.

2539 3942 2582 3974 ⁸⁸
2611 3940 2691 3995 De
2733 3925 2849 3994 non
2900 3937 3099 3992 nostro
3148 3935 3268 4001 Rig.
3371 3931 3413 3966 ⁸⁷
3445 3928 3724 3985 Dolantes
3752 3925 3880 3981 add.

474 4002 639 4058 Fran.
718 4005 762 4039 ⁸⁸
792 4002 1071 4065 Dibentcs
1100 4013 1265 4067 Fran.
1300 4014 1428 4083 Rig.
1470 4002 1486 4014 ⁵
1506 4016 1551 4050 ⁶⁹
1583 4016 1821 4088 Corpori
1855 4033 1960 4073 suo
1990 4018 2109 4088 Rig.
2191 4017 2234 4052 ⁷ο
2263 4002 2653 4072 Ρθούηίετιιω
2684 4014 2856 4067 Fran.

1905 4158 2425 4222 Commentarius.

552 4274 660 4345 (34)
717 4278 791 4330 Et
856 4279 1138 4361 magistro.
1198 4280 1460 4353 Ignatius
1530 4283 1766 4357 Martyr,
1825 4286 1997 4358 epist.
2052 4286 2123 4341 ad

482 4348 845 4401 varnens.-
872 4357 951 4401 ait
984 4352 1185 4401 ﬁdeles
1215 4355 1478 4401 erudith
1508 4373 1539 4401 η
1570 4360 1737 4401 pntm
1768 4374 1868 4401 nam
1890 4358 2097 4401 Filium

528 4362 845 4435 mvrneps‘”
872 4352 951 4435 ait
984 4352 1185 4435 fideles
1215 4352 1478 4435 eruditos
1508 4373 1541 4410 a
1569 4352 1737 4435 Patre
1767 4352 2123 4428 per-Filium,

482 4415 693 4492 Πατέρα
736 4415 841 4474 διᾶ
870 4420 1033 4474 αὐτοῦ
1079 4422 1218 4495 ὑμᾶς
1264 4423 1575 4500 σοφίσαντα.
1627 4428 1738 4484 Gre
1767 4415 1795 4482 ι.
1848 4434 2019 4502 Nysa.
2066 4415 2125 4485 ili

484 4506 657 4555 opere
708 4492 779 4546 de
828 4494 1080 4555 perfecta
1126 4496 1441 4553 Christiani
1496 4500 1701 4555 forma.
1743 4445 2008 4555 ﬁouuens
2057 4503 2125 4555 de

484 4506 657 4573 opere
708 4496 779 4546 de
826 4496 1080 4581 perfecta
1116 4496 1441 4577 Christiani
1496 4500 1701 4568 forma,
1746 4496 2008 4573 loquens
2057 4503 2129 4557 de

483 4561 714 4643 Christo
768 4580 781 4619 :
859 4568 1022 4643 Ο-Ῑῳ
1070 4586 1147 4637 σῳ
1201 4567 1305 4641 βίῳ
1354 4565 1422 4622 δι’
1471 4569 1660 4623 ἑαυτοῦ
1707 4577 2017 4643 νομοθετῶν
2065 4573 2128 4627 τὸ

489 4632 861 4717 μαξρόθηυμονθ
916 4639 1040 4693 Vita
1088 4632 1209 4695 tua
1238 4632 1338 4713 per
1383 4643 1618 4713 seipsum
1662 4632 1805 4715 leges
1852 4632 2137 4717 patientiae

485 4704 653 4758 dedit.
690 4706 815 4760 LAC.

557 4775 669 4847 (36)
716 4778 822 4845 Qui
874 4789 1159 4853 postquam
1218 4786 1541 4853 supervenit.
1603 4786 1784 4841 Credo
1838 4788 1907 4843 ad
1969 4804 2130 4843 eam-

486 4847 615 4932 dem
653 4847 1131 4932 remspecta'tmn
1164 4854 1235 4932 ab
1279 4847 1646 4932 Hieronymo,
1678 4859 1848 4930 epist.
1881 4860 1951 4915 ad
1978 4865 2133 4917 Mar-

485 4920 699 5002 cellam.
740 4920 853 4976 ubi
900 4939 912 4978 :
968 4947 1000 5002 (ε
1028 4926 1133 5002 Qui
1182 4920 1727 5002 irasciturinon'se'
1754 4946 1882 4987 esse
1904 4932 2135 5002 judicat

487 4990 907 5078 Christianum:
968 5000 1135 5052 Cur?
1182 4998 1328 5078 Quia
1381 4990 1667 5078 Christus,
1728 5006 1785 5058 et
1841 4990 1931 5078 lex
1988 5021 2135 5078 nova

489 5063 708 5149 ademit
730 5066 1055 5149 jamiram,
1093 5086 1219 5149 qua
1251 5071 1404 5149 olim
1434 5089 1548 5127 non
1725 5075 1943 5149 _vetita.
1980 5098 2008 5126 »
2064 5077 2134 5131 Et

485 5134 806 5217 Cyprianus
851 5138 997 5221 dixit
1031 5134 1271 5221 Lit-Ipsa
1322 5147 1515 5221 actum
1568 5143 1788 5221 dirigit,
1824 5151 1889 5221 ut
1936 5151 2133 5221 tenere

486 5212 784 5291 possimus
831 5212 983 5291 viam
1034 5212 1271 5279 Christi,
1306 5215 1445 5271 dum
1478 5232 1580 5289 per
1609 5212 1736 5288 ejus
1766 5219 2135 5275 tolerantiam

485 5280 808 5352 gradimur.
840 5305 866 5331 ››
901 5284 1029 5339 Lac.

523 5351 665 5432 .(36)
706 5355 779 5432 (Ve
820 5353 984 5426 digne
1010 5356 1248 5432 quidem
1294 5358 1621 5432 male/acere
1668 5376 1977 5417 concessum
2032 5365 2135 5417 est.

483 5423 571 5507 Sic
611 5423 1343 5507 habent-antiquissimaL
1372 5423 1762 5507 g'emplaria;
1815 5449 1921 5489 nec
1962 5434 2131 5507 dubi-

483 5496 742 5576 tandum.
763 5497 918 5576 quin
940 5499 1021 5576 ita
1048 5496 1353 5576 scripserit
1383 5496 1797 5576 Tertullianus,
1832 5507 1916 5561 uti
1958 5506 2132 5560 etiam

484 5566 667 5648 edidit
696 5572 752 5622 et
780 5566 1105 5627 rectissime
1140 5566 1446 5643 explicavit
1495 5566 1833 5648 Rhenanus.
1878 5579 2132 5648 Evange-

489 5635 602 5690 lica
631 5637 756 5717 lege
787 5658 901 5695 non
932 5648 1021 5717 est
1049 5635 1394 5717 concessum
1436 5644 1657 5701 malum
1688 5648 1839 5705 malo
1872 5635 2131 5717 reddere,

488 5720 595 5793 nec
627 5710 777 5765 male
808 5714 1031 5793 meritis
1058 5715 1441 5793 malefacere,
1463 5718 1731 5786 quamvis
1762 5720 1907 5778 alias
1939 5710 2134 5793 dignis

489 5776 726 5847 talione,
758 5782 975 5852 quibus
1007 5786 1149 5845 adeo
1179 5787 1373 5859 digne,
1407 5776 1515 5844 hoc
1545 5792 1660 5861 est,
1680 5790 1816 5860 jure
1844 5776 1901 5850 et
1925 5776 2133 5851 merito

2238 4283 2388 4340 male
2420 4282 2597 4338 ﬁeret.
2633 4280 2761 4336 Rm.

2307 4355 2436 4438 (37)
2465 4355 2666 4410 Divite:
2719 4348 3094 4438 praedamnat.
3152 4342 3328 4409 Quasi
3397 4357 3455 4397 1n
3515 4344 3895 4396 antecessum

2230 4422 2437 4501 judicii
2472 4422 2763 4501 supremi.
2796 4422 2924 4501 R10.

2307 4499 2420 4571 (38)
2483 4482 2568 4571 ιιᾱ
2619 4496 3023 4571 ίξςινίηιοηέατη.
3064 4487 3372 4571 Patientia
3452 4487 3581 4571 990:.
3625 4482 3899 4571 Οδβοιξξει

2243 4554 2567 4640 sententia;
2597 4567 2826 4624 videtur
2870 4564 2952 4621 sic
3008 4554 3390 4640 intelligenda
3446 4554 3900 4640 distinguenda-

2244 4626 2357 4714 que
2390 4660 2404 4698 :
2436 4642 2522 4697 Ita
2553 4626 2832 4714 Dominus
2863 4626 3336 4714 praministfavit
3365 4626 3664 4714 pati-entia
3715 4626 3900 4681 detri-

2166 4686 2212 4752 D
2241 4686 2527 4780 mentm]:
2553 4686 2833 4767 us'uwbaud'i
2863 4686 3330 4780 rreiffaiiiiliaris,
3365 4686 3698 4780 ‘fastidium
3744 4714 3901 4780 opu:

2238 4787 2453 4855 lentia,
2488 4770 2887 4855 contemptum
2934 4770 3327 4855 divitiarum}
3390 4770 3769 4855 appositive:
3824 4773 3909 4855 ἀι

2241 4859 2320 4914 sit
2348 4842 2559 4913 sensus
2592 4872 2604 4912 :
2641 4842 2920 4911 Dominus
2949 4849 3176 4922 primus
3208 4842 3785 4922 ostendit'patientia
3820 4846 3904 4895 to-

2241 4913 2549 4986 lerandum
2612 4944 2740 4983 esse
2787 4913 3203 4981 detrimentum
3252 4916 3335 4971 rei
3382 4913 3717 4979 familiaris,
3749 4913 3901 4986 dum

2241 4984 2670 5058 docetdivitias
2699 5014 2829 5055 esse
2858 4989 3361 5051 comtemnendas.
3395 4987 3488 5043 Sic
3538 4990 3677 5058 apte
3708 4984 3905 5040 coha-

2245 5075 2395 5130 rsbit
2424 5070 2690 5129 clausula
2722 5086 2847 5142 qua
2881 5065 3170 5137 sequitur.
3206 5062 3389 5142 RasN.

2316 5146 2428 5218 (39)
2458 5148 2709 5218 Laesum;
2738 5129 3207 5218 quoqueearum,
3256 5135 3365 5187 etc.
3421 5134 3687 5218 Lasuras
3729 5129 3914 5218 jvocat

2243 5200 2596 5291 detrimenta
2660 5200 2781 5291 sive
2855 5200 3655 5291 dispendi-ancum‘aliquid
3718 5200 3915 5291 de‘re

2244 5271 2521 5348 familiari
2552 5290 2753 5343 nostra
2782 5271 3092 5340 amittitur.
3124 5271 3671 5348 Potuisset_dicere
3706 5271 3913 5342 jactu-

2244 5378 2362 5427 ras,
2403 5345 2504 5416 sed
2538 5359 2758 5430 placuit
2785 5370 3006 5430 novum
3030 5346 3400 5430 vocabulum;
3433 5345 3616 5399 Rass.
3718 5416 3726 5425 _

2314 5416 2427 5502 ([ᾸΟ)
2477 5416 2617 5501 ριὶίίί
2668 5430 2766 5486 hic
2811 5427 3149 5502 invenimus,
3181 5418 3566 5502 ubilia‘lgemus
3586 5416 3919 5502 (animaist.

2243 5486 2566 5559 Allud'itad
2599 5503 2773 5558 verba
2798 5497 3014 5557 Christi
3045 5486 3199 5569 apud
3239 5488 3452 5569 Matth.
3498 5505 3554 5569 x_,
3586 5486 3677 5569 39.
3711 5502 3724 5540 :

2244 5558 2812 5632 inveneritanimam
2856 5587 3035 5639 suam,
3058 5558 3248 5639 perdet
3292 5577 3469 5643 eamL
3496 5563 3545 5616 εί
3575 5558 3917 5643 qtyirerdi-

2240 5646 2384 5776 gerit
2439 5649 2687 5705 animam
2755 5661 2912 5702 suam
2976 5635 3199 5715 propter
3282 5649 3388 5702 mc,
3446 5635 3695 5688 inveniet
3749 5644 3921 5685 eam.

2291 5736 2366 5776 ια.

2291 5736 2366 5776 ιρι.
