4148 6194
272 374 428 433 1373

1558 372 1789 433 LIBER
1831 373 1935 432 DE
1976 374 2422 434 PATIENTIA.

3538 373 3693 430 1374

266 509 514 564 fortasse
570 506 775 562 anima
832 508 1207 578 anteponant.
1257 505 1404 561 Nam
1449 507 1490 540 '”
1569 509 1626 561 et
1676 506 1919 578 faciunt,
1954 513 1998 578 Α
2035 511 2099 562 ut
2128 507 2419 564 benedicti
2450 524 2578 564 esse
2608 508 2927 581 possimus.
2962 506 3022 563 Si
3043 524 3251 579 parum
3280 506 3689 579 aquanimiter

268 616 402 654 cum
435 597 585 653 lueri
615 598 655 652 1
673 596 824 653 262
849 595 1274 668 cupiditatibus
1298 599 1639 667 quastuosa
1669 596 1930 669 pericula

269 687 792 743 mercimoniorum
826 687 885 741 in
922 685 1069 741 mari
1101 689 1370 741 exercent
1400 706 1413 753 ;
1476 702 1611 741 cum
1667 687 1925 758 pecunia

266 793 446 831 causa
477 775 652 830 etiam
684 774 743 828 in
802 773 926 829 foro
982 772 1129 828 nihil
1178 774 1540 829 damnationi
1597 774 1925 829 timendum

268 862 506 936 aggredi
532 863 850 931 dubitant;
884 878 1018 917 cum
1053 862 1301 933 denique
1334 862 1473 917 ludo
1503 866 1557 917 et
1582 863 1794 919 castris
1816 864 1923 935 (41)

268 968 399 1008 sese
423 952 617 1007 locant
644 952 779 1023 (42),
813 967 947 1006 cum
978 967 1080 1023 per
1109 951 1263 1006 viam
1297 951 1355 1005 in
1378 968 1569 1007 mores
1598 952 1925 1009 bestiarum

268 1040 696 1096 latrocinantur
726 1040 858 1111 (43).
880 1039 997 1095 Nos
1012 1056 1144 1095 vero
1164 1041 1487 1096 secundum
1502 1042 1924 1111 diversitatem,

267 1146 544 1201 quacum
574 1129 691 1184 illis
725 1145 957 1195 sumus,
1008 1146 1125 1185 non
1177 1130 1436 1185 animam
1492 1148 1597 1203 pro
1655 1133 1923 1203 pecunia,

268 1219 370 1274 sed
407 1220 720 1291 pecuniam
755 1235 859 1291 pro
891 1218 1090 1274 anima
1148 1220 1441 1291 deponere
1488 1220 1775 1289 convenit,
1821 1237 1923 1278 seu

266 1312 474 1381 sponte
502 1309 561 1363 in
595 1307 919 1380 largiendo,
956 1322 1059 1364 seu
1092 1308 1386 1379 patienter
1417 1310 1475 1366 in
1509 1310 1849 1366 amittendo.

949 1451 1181 1507 CAPUT
1202 1452 1351 1507 VIII.

339 1578 535 1648 Ipsam
559 1576 817 1632 animam
850 1576 1163 1649 ipsumque
1191 1594 1404 1650 corpus
1436 1578 1495 1633 in
1543 1578 1754 1635 saeculo
1812 1580 1925 1635 isto

268 1666 603 1738 expositum
628 1666 907 1722 omnibus
938 1668 1007 1721 ad
1037 1667 1319 1737 injuriam
1352 1668 1636 1739 gerimus,
1682 1670 1926 1740 ejusque

267 1755 498 1827 injuria
532 1755 877 1826 patientiam
912 1754 1187 1811 subimus
1223 1773 1236 1823 ;
1286 1757 1578 1811 minorum
1637 1756 1923 1813 delibera-

265 1845 426 1901 tione
450 1845 495 1880 ⁷²
522 1844 805 1900 lademur
838 1844 949 1915 (44)
979 1844 1007 1899 ‘I
1040 1845 1204 1900 Absit
1257 1863 1291 1900 a
1321 1862 1485 1901 servo
1537 1845 1749 1902 Christi
1808 1847 1923 1904 tale

264 1932 807 2005 inquinamentum,
838 1937 905 1987 ut
929 1932 1230 2005 patientia,
1264 1934 1587 2004 majoribus
1643 1935 1920 1993 tentatio-

266 2024 445 2079 nibus
468 2028 816 2097 praparata,
849 2024 909 2078 in
943 2024 1167 2080 frivolis
1198 2026 1445 2081 excidat.
1473 2026 1533 2082 Si
1564 2042 1746 2083 manu
1786 2029 1922 2100 quis

260 2113 572 2168 tentaverit
602 2129 919 2184 provocare
939 2112 1244 2185 ",prasto
1290 2118 1379 2170 est
1434 2115 1744 2171 Dominica
1792 2133 1919 2173 mo-

262 2200 397 2256 nela
424 2201 571 2273 (45):
611 2201 931 2257 Verberanti
961 2206 1014 2258 te
1068 2202 1286 2274 (inquit
1342 2203 1545 2261 Matth.
1598 2222 1651 2271 v,
1711 2205 1803 2277 39)
1861 2207 1921 2260 in

259 2291 484 2360 faciem,
536 2291 705 2345 etiam
770 2291 1013 2345 alteram
1068 2308 1268 2359 genam
1324 2294 1563 2348 obverte.
1624 2293 1923 2366 Fatigetur

263 2379 610 2451 improbitas
650 2380 936 2452 patientia
992 2386 1114 2437 tua.
1162 2384 1341 2453 Cujus
1372 2384 1417 2418 7‘
1473 2384 1626 2440 ictus
1672 2384 1769 2442 ille
1823 2387 1918 2458 sit,

266 2468 467 2525 dolore
491 2475 548 2525 et
577 2470 937 2526 contumelia
991 2473 1366 2543 constrictus,
1425 2476 1660 2547 gravius
1718 2494 1751 2533 a
1807 2477 1919 2534 Do-

263 2557 429 2614 mino
475 2558 716 2630 vapulat
759 2561 893 2630 (46).
941 2560 1080 2615 Plus
1132 2561 1465 2633 improbum
1527 2564 1694 2620 illum
1744 2566 1918 2622 cadis

264 2646 613 2703 sustinendo
641 2648 670 2719 :]
704 2649 775 2704 ab
816 2666 882 2704 eo
933 2650 1089 2704 enim
1135 2650 1456 2722 vapulabit,
1516 2655 1686 2725 cujus
1730 2656 1918 2727 gratia

265 2736 548 2793 sustines.
581 2737 635 2792 Si
671 2737 884 2811 lingua
918 2740 1249 2795 amaritudo
1282 2742 1592 2798 maledicto
1625 2743 1746 2800 sive
1778 2761 1914 2800 con-

258 2824 408 2881 vicio
467 2827 745 2898 eruperit,
808 2827 1031 2899 respice
1090 2829 1313 2884 dictum
1399 2831 1613 2902 (Matth.
1674 2850 1728 2903 v,
1785 2834 1912 2905 l2):

265 2913 400 2968 Cum
456 2930 548 2969 vos
598 2915 1020 2982 maledixerint,
1096 2917 1353 2985 gaudete.
1444 2918 1733 2975 Dominus
1789 2920 1916 2992 ipse

264 3000 617 3073 maledictus
647 3002 708 3057 in
740 3002 867 3075 lege
908 3008 996 3060 est
1054 3004 1236 3076 (Deut.
1290 3023 1406 3077 xxx,
1455 3008 1568 3075 23),
1617 3013 1674 3063 et
1715 3013 1913 3065 tamen

263 3089 428 3145 solus
460 3095 548 3147 est
578 3092 922 3147 benedictus
954 3094 1265 3161 (Galat.1n,
1318 3095 1427 3165 13).
1483 3097 1666 3168 Igitur
1717 3098 1913 3153 Domi-

255 3195 399 3234 num
419 3181 570 3237 servi
593 3198 1050 3254 consequamur,
1072 3186 1129 3238 et
1150 3183 1573 3241 maledicamur
1595 3186 1911 3258 patienter,

2040 598 2274 653 audiam
2309 599 2526 652 dictum
2561 598 2795 669 aliquod
2830 598 2887 652 in
2930 613 3021 651 me
3070 601 3403 668 protervum
3458 601 3557 652 aut
3584 612 3691 653 ne-

2038 703 2237 757 quam,
2272 688 2512 741 reddam
2548 692 2604 741 et
2635 688 2756 757 ipse
2788 687 3205 742 amaritudinis
3236 686 3417 741 vicem
3454 702 3691 743 necesse

2037 780 2149 840 est,
2183 782 2281 829 aut
2336 777 2641 830 cruciabor
2697 775 3068 845 impatientia
3117 779 3299 830 muta.
3361 776 3503 830 Cum
3552 791 3688 847 ergo

2036 880 2378 935 percussero
2435 864 2865 929 maledictus“,
2899 865 3189 935 quomodo
3243 870 3482 919 secutus
3532 865 3688 919 inve-

2037 953 2164 1008 niar
2194 955 2517 1009 doctrinam
2552 954 2926 1025 Domini,qua
2956 954 3243 1009 traditum
3267 959 3354 1009 est
3378 954 3560 1026 (Marc.
3583 971 3689 1019 v11,

2040 1044 2123 1113 15,
2160 1044 2267 1114 18),
2305 1061 2418 1099 non
2466 1044 2839 1099 vasculorum
2889 1043 3358 1116 inquinamentis
3407 1042 3541 1116 (47),
3585 1044 3687 1098 sed

2037 1147 2237 1188 eorum
2272 1150 2399 1205 qua
2456 1134 2660 1189 I263
2711 1151 2777 1188 ex
2825 1151 2921 1188 ore
2981 1137 3355 1205 promuntur,
3388 1132 3685 1187 hominem

2035 1222 2460 1278 communicari
2502 1222 2591 1276 "‘5?
2642 1222 2819 1278 item:
2874 1223 3085 1293 (Matth.
3143 1222 3269 1295 x11),
3316 1238 3550 1277 manere
3582 1237 3687 1276 nos

2036 1312 2229 1368 omnis
2258 1312 2390 1367 vani
2422 1317 2480 1367 et
2520 1312 2865 1383 supervacui
2916 1312 3054 1366 dicti
3106 1317 3330 1367 reatum
3357 1312 3384 1366 ?
3413 1311 3688 1382 Sequitur

2035 1415 2171 1472 ergo
2205 1406 2334 1456 uta
2393 1417 2508 1472 quo
2538 1418 2644 1456 nos
2705 1401 2987 1456 Dominus
3041 1405 3219 1466 arcet,
3272 1400 3427 1456 idem
3471 1400 3541 1455 ab
3573 1400 3686 1456 alio

2037 1490 2446 1561 aequanimiter
2475 1490 2593 1560 pati
2624 1490 2955 1544 admoneat.
2990 1489 3091 1543 Hic
3132 1491 3257 1560 jam
3288 1490 3331 1523 τ’
3360 1490 3429 1543 de
3461 1489 3683 1561 patien-

2035 1580 2130 1634 tia
2163 1579 2481 1651 voluptate.
2514 1580 2662 1633 Nam
2690 1579 2884 1633 omnis
2911 1579 3149 1649 injuria,
3183 1594 3282 1633 seu
3325 1576 3547 1649 lingua,
3582 1595 3684 1633 seu

2036 1686 2214 1724 manu
2247 1669 2506 1739 incussa,
2541 1685 2674 1724 cum
2730 1666 3070 1739 patientiam
3124 1667 3449 1736 offenderit,
3480 1667 3684 1723 eodem

2034 1758 2188 1814 exitu
2225 1758 2613 1831 dispungetur
2642 1757 2776 1829 (48),
2811 1774 2925 1829 quo
2971 1756 3149 1812 telum
3203 1755 3440 1827 aliquod
3492 1756 3550 1810 in
3584 1771 3682 1828 pe-

2037 1849 2199 1903 tra"8
2256 1848 2751 1903 constantissima
2809 1846 3036 1901 duritia
3094 1845 3373 1901 libratum
3433 1845 3567 1916 (49),
3628 1849 3685 1901 et

2037 1938 2336 1993 obtusum.
2389 1936 2689 1993 Coincidet
2735 1935 2891 1991 enim
2950 1934 3168 1990 ibidem
3217 1933 3382 1988 irrita
3413 1950 3590 2006 opera
3628 1938 3684 1990 et

2029 2026 2418 2097 infructuosa,
2459 2029 2516 2080 et
2539 2040 2965 2096 nonnunquam
2989 2039 3401 2095 repercussum
3430 2022 3489 2077 in
3522 2039 3683 2094 eum,

2031 2115 2131 2186 qui
2162 2114 2378 2182 emisit,
2430 2114 2775 2185 reciproquo
2820 2113 3045 2184 impetu
3079 2111 3292 2168 saviet.
3338 2111 3558 2183 Nempe
3589 2111 3679 2167 id-

2030 2205 2180 2260 circo
2214 2204 2347 2276 quis
2378 2208 2433 2257 te
2458 2202 2637 2273 laedit,
2671 2206 2736 2256 ut
2764 2200 2985 2270 doleas,
3020 2201 3158 2272 quia
3206 2201 3431 2256 fructus
3462 2200 3676 2257 laden-

2029 2294 2105 2350 tis
2135 2294 2195 2348 in
2254 2292 2451 2348 dolore
2508 2290 2628 2347 Iasi
2672 2295 2780 2347 est.
2842 2295 2985 2362 Ergo
3045 2306 3177 2345 cum
3237 2290 3492 2346 fructum
3550 2292 3677 2361 ejus

2028 2383 2328 2448 everteris,
2390 2398 2505 2436 non
2565 2380 2835 2447 dolendo,
2893 2380 3019 2450 ipse
3066 2377 3257 2434 doleat
3306 2394 3544 2434 necesse
3588 2382 3679 2434 est

2028 2472 2345 2527 amissione
2377 2471 2603 2525 fructus
2634 2469 2722 2524 sui
2752 2486 2765 2525 :
2820 2474 2959 2524 tunc
2988 2472 3049 2523 tu
3085 2485 3198 2523 non
3252 2468 3424 2523 modo
3457 2467 3677 2524 illasus

2028 2562 2155 2617 abis
2175 2562 2239 2625 πθ,
2273 2561 2425 2631 quod
2457 2559 2632 2614 etiam
2665 2557 2858 2614 solum
2889 2556 2997 2612 tibi
3026 2555 3262 2625 sufﬁcit,
3296 2556 3395 2611 sed
3429 2557 3673 2628 insuper

2026 2649 2345 2706 adversarii
2392 2647 2477 2703 tui
2531 2652 2586 2703 et
2642 2646 3015 2701 frustratione
3072 2644 3417 2715 oblectatus,
3466 2650 3525 2699 et
3563 2645 3669 2701 do-

2025 2738 2145 2794 lore
2176 2739 2474 2793 defensus.
2527 2737 2654 2791 Hac
2704 2740 2792 2791 est
2836 2734 3123 2807 patientia
3154 2733 3372 2789 ulilitas
3421 2738 3478 2789 et
3504 2734 3669 2791 volu-

2025 2833 2155 2901 ptas
2179 2827 2242 2881 ⁸ο.

2665 2959 2895 3015 CAPUT
2942 2960 3035 3015 IX.

2094 3097 2174 3151 Ne
2206 3096 2303 3150 illa
2335 3095 2569 3167 quidem
2602 3094 2981 3166 impatientia
3009 3094 3231 3166 species
3263 3096 3577 3147 excusatur
3610 3092 3669 3147 in

2022 3185 2339 3241 amissione
2373 3190 2729 3252 nostrorum,
2781 3184 2880 3239 ubi
2924 3184 3120 3255 aliqua
3170 3182 3388 3239 doloris
3416 3182 3668 3254 patroci-

1702 3314 1906 3375 Varia
1935 3313 2260 3374 lectiones.

334 3423 553 3499 “Quid
583 3425 766 3499 talin.
844 3426 889 3460 ⁷³
921 3425 1274 3499 delibatione
1318 3430 1503 3483 Latin.
1551 3430 1699 3485 Pith.
1751 3438 1800 3485 et
1844 3430 2046 3499 Rigalt.
2098 3430 2355 3484 Statuunt

2408 3444 2559 3500 posse
2610 3444 2623 3483 :
2668 3429 2738 3482 de
2782 3427 3143 3484 liberatione.
3197 3426 3447 3481 Latinius
3487 3440 3669 3500 emen-

266 3493 448 3573 davit:
483 3494 883 3573 delibatione.
958 3498 1002 3573 ῘῨ
1034 3498 1335 3573 Provocari
1362 3500 1528 3573 Rhen.
1606 3502 1652 3535 π
1682 3502 1883 3567 Quivis
1909 3493 2091 3558 Fran.
2131 3503 2313 3556 Paris.
2355 3493 2539 3573 Rigal.
2614 3501 2657 3534 ⁷⁵
2692 3500 2999 3555 Maledicta
3032 3502 3198 3573 Fran.
3250 3501 3430 3573 Paris.
3476 3497 3672 3573 Amale-

267 3566 462 3642 dictus
503 3567 693 3642 Wouw.
729 3567 797 3624 Μ.
826 3570 880 3624 S.
959 3570 1002 3605 τθ
1032 3570 1413 3642 Coinquinari
1442 3574 1565 3629 alii.
1645 3574 1687 3608 ⁷⁷
1710 3566 2043 3630 Αάωουθεη
2072 3574 2247 3630 etiam
2280 3566 2445 3632 Junf
2494 3573 2536 3608 ⁷⁸
2562 3576 2791 3628 Petram
2813 3575 2942 3629 Jun.
3020 3571 3202 3627 7"Ibis
3250 3572 3420 3627 Rheu.
3473 3571 3517 3606 ⁸ο
3554 3570 3670 3627 Vo-

270 3637 468 3693 luntas
502 3638 673 3693 Rhen.

1711 3745 2234 3808 Commentarius.

338 3867 449 3941 (41)
484 3866 879 3941 Qumdenique
909 3868 1036 3925 ludo
1065 3872 1117 3924 et
1145 3872 1375 3925 castris.
1402 3872 1633 3928 Ludum

259 3937 479 3994 torium
510 3937 801 4011 intelligit,
835 3941 1001 4011 cujus
1032 3941 1338 4012 prafectus
1399 3944 1613 4000 lanista

258 4015 400 4066 tur:
433 4026 535 4081 per
566 4016 779 4079 castra,
810 4012 1101 4068 militiam.
1129 4013 1312 4069 RHEN.

335 4080 445 4163 (42)
478 4080 599 4137 Sese
632 4083 832 4163 locant.
883 4084 1047 4140 Fuite
1095 4085 1205 4163 iste
1266 4086 1652 4163 turpissimus
1711 4087 1909 4163 acqui-

258 4154 427 4208 rendi
459 4159 722 4228 quastus
756 4170 922 4209 mos:
960 4173 1095 4211 nam
1122 4154 1385 4214 honesto'
1404 4159 1577 4214 etiam
1610 4160 1735 4214 loco
1769 4154 1908 4228 n'ati,

255 4241 395 4299 cum
429 4226 498 4279 ad
531 4230 847 4299 egestatem
874 4234 1278 4299 pervenerant,
1312 4230 1585 4286 locabant
1642 4226 1909 4287 auctoraé

257 4298 523 4376 bant_qu_e
554 4314 616 4352 se
646 4297 719 4353 ad
756 4297 1703 4376 ludumgladiatorium.Meminit
1734 4304 1912 4376 hujus

258 4368 445 4447 moris
470 4369 691 4447 Seneca
721 4370 890 4447 epist.
925 4368 1003 4426 87
1021 4389 1121 4447 είς
1144 4374 1347 4430 Utrum
1409 4392 1469 4431 se
1525 4378 1597 4432 ad
1646 4368 1909 4447 gladium

256 4440 430 4509 locet,
458 4457 531 4519 an
559 4442 629 4496 ad
661 4442 1000 4519 cultrumu»
1027 4444 1191 4519 _Nihil
1252 4447 1467 4519 mirum
1500 4465 1535 4519 εΔ
1575 4440 1711 4502 ηαῖη
1768 4448 1909 4519 quid

255 4513 935 4641 ggngtrstagaqgipafgﬁcg
953 4515 1081 4641 ?Cde
1105 4535 1218 4589 qua
1247 4517 1442 4590 Cyrill.
1474 4517 1633 4575 Alex.
1666 4513 1825 4575 boni.
1853 4521 1909 4588 5,

776 4604 793 4641 ι
838 4627 849 4640 .
932 4605 965 4641 Α
1009 4629 1020 4641 .

296 4601 326 4638 e
350 4601 501 4642 [θείω
532 4601 849 4641 μαεεηαιιο.
887 4601 1020 4642 LAC.

358 4658 443 4724 43)
478 4659 581 4711 Per
612 4660 755 4712 viam
786 4660 844 4712 in
892 4675 1075 4715 mores
1127 4660 1426 4715 bestiarum
1486 4661 1907 4719 latrocinantur.

251 4728 447 4816 Codex
480 4728 707 4816 Pithai,
744 4745 839 4799 per
870 4732 965 4816 viq
992 4733 1050 4815 in
1098 4747 1388 4816 memores.
1450 4733 1715 4816 Vestigia
1772 4740 1912 4816 sunt

251 4816 403 4875 vera
432 4800 702 4875 lectionis
731 4818 905 4872 quam
941 4802 1122 4859 fuisse
1151 4804 1505 4859 arbitramur
1534 4800 1906 4875 hujusmodi:

254 4895 281 4921 ‹‹
316 4872 423 4927 Per
454 4873 609 4927 invia
647 4873 706 4928 in
769 4890 960 4929 mores
1010 4875 1333 4931 bestiarum
1382 4872 1835 4936 latrocinantur.
1880 4901 1908 4928 ››

249 4943 351 5020 Sic
384 4943 509 5020 ipse
540 4944 639 5011 lib,
663 4944 730 4999 de
759 4946 948 5020 anima
977 4963 1003 5020 :_
1043 4970 1069 4996 «
1098 4947 1244 5013 Quia
1303 4952 1359 5003 et
1390 4948 1520 5020 ipsa
1551 4949 1758 5004 bestiis
1808 4952 1913 5005 ob-

245 5016 465 5087 jecerit
494 5033 615 5081 eos,
638 5033 785 5087 quos
816 5015 873 5070 in
922 5018 1099 5087 sylvis
1132 5023 1190 5076 et
1238 5021 1383 5076 aviis
1415 5015 1840 5076 'trucidaverit.
1878 5046 1905 5074 »

255 5089 317 5143 in
352 5104 546 5162 mores
577 5088 926 5162 bestiarum,
950 5088 1061 5146 hoc
1092 5096 1201 5162 est,
1222 5092 1279 5147 in
1306 5108 1528 5148 morem
1560 5093 1906 5159 bestiarum,

252 5175 417 5214 more
447 5160 769 5215 bestiarum
782 5204 794 5217 .
830 5160 955 5216 Rio.

1720 3946 1910 4001 lceba-

1723 3873 1912 3929 ladia-
1946 3879 1988 3946 α

2024 3873 2291 3929 monendo
2323 3889 2424 3943 pro
2478 3874 2849 3942 monitione,’!
2882 3876 3036 3930 sicut
3080 3892 3112 3928 a
3145 3874 3415 3945 sequendo
3467 3889 3672 3944 seque-

2026 3945 2165 4001 lam.
2202 3950 2381 3999 RHEN.

2095 4017 2209 4088 (46)
2240 4016 2475 4071 Gravius
2519 4034 2552 4070 a
2602 4018 2829 4072 Domino
2882 4017 3136 4085 vapulat.
3188 4017 3312 4071 Ictu
3361 4014 3675 4083 contrario,

2023 4105 2123 4143 seu
2159 4104 2509 4160 repercussu
2542 4088 2749 4142 divina
2782 4089 3037 4144 ultionis.
3073 4088 3199 4142 Βία.

2093 4160 2205 4231 (47)
2227 4157 2359 4215 ’Νοη
2409 4162 2757 4214 vasculorum
2817 4159 3273 4231 inquinamentis.
3324 4158 3487 4231 Quod
3519 4157 3672 4231 apud

2022 4224 2255 4297 Matth.,
2289 4247 2415 4301 cap.
2450 4248 2539 4291 xv,
2571 4232 2781 4301 legitur
2814 4224 2927 4287 non
2962 4231 3160 4299 semel,
3206 4232 3384 4282 κοινοῖ
3439 4227 3531 4280 τὸν
3557 4224 3676 4280 ’ἄνι

2023 4304 2265 4375 θρωπον,
2300 4304 2698 4358 Tertullianus
2747 4304 2918 4359 vertit
2958 4304 3348 4375 communicat,
3386 4301 3671 4375 quemad-

2023 4373 2262 4429 modum
2296 4376 2470 4429 etiam
2512 4375 2779 4431 Aurelius
2830 4377 3195 4445 Augustinus
3240 4373 3398 4445 legit.
3435 4373 3534 4445 Est
3563 4389 3668 4426 au-

2022 4451 2139 4501 tem
2170 4450 2382 4500 κοινοῦν
2417 4464 2727 4503 commune
2771 4443 2976 4503 facere.
3013 4450 3078 4502 Et
3108 4445 3245 4517 quia
3272 4443 3480 4517 Judai,
3516 4445 3669 4514 quod

2022 4519 2320 4589 impurum
2383 4524 2490 4583 est,
2526 4519 2583 4573 id
2646 4519 2753 4587 ipsi
2806 4515 3139 4575 commune
3169 4520 3400 4584 vocant,
3452 4515 3669 4589 factum

2022 4588 2204 4645 est’ut
2230 4593 2441 4643 κοινοῦν
2472 4591 2591 4645 sive
2623 4593 3076 4657 communicare,
3118 4589 3195 4643 sit
3238 4589 3354 4643 illis
3403 4588 3669 4656 coinqui-

2021 4678 2180 4729 nare,
2210 4679 2309 4717 ceu
2344 4667 2506 4717 vetus
2553 4662 2994 4731 Evangeliorum
3038 4661 3212 4717 editio
3244 4660 3425 4733 habet
3450 4659 3505 4714 in
3539 4660 3667 4733 qui-

2021 4734 2268 4789 busdam
2303 4734 2739 4803 exemplaribus
2791 4736 3076 4805 praecipue
3120 4734 3355 4805 nostris:
3390 4731 3669 4787 Erasmus

2021 4805 2459 4875 elegantissime
2490 4807 2679 4868 vertit.
2714 4804 3011 4876 impurum
3042 4805 3299 4860 reddere.
3336 4804 3522 4858 RHEN.

2094 4880 2201 4946 (48)
2235 4878 2429 4933 Eodem
2457 4880 2613 4931 exitu
2652 4879 3043 4948 dispungetur.
3092 4877 3446 4945 Dispungore
3478 4876 3667 4948 delere

2021 4953 2190 5022 estet
2227 4949 2522 5018 inducere,
2557 4956 2793 5022 sumpta
2840 4947 3222 5005 translatione
3253 4965 3284 5002 a
3333 4947 3668 5022 ceratista—

2022 5020 2176 5075 bulis
2210 5022 2449 5077 nomina
2479 5020 2935 5086 continentibus,
2960 5022 3018 5075 in
3051 5022 3267 5091 quibus
3296 5035 3363 5074 ea
3395 5036 3522 5091 qua
3544 5021 3662 5076 dis-

2019 5092 2231 5165 soluta
2268 5099 2407 5148 sunt
2454 5092 2675 5164 grapho
2726 5095 3203 5165 dispunguntur,
3258 5091 3663 5165 delenturque.

2016 5164 2160 5218 Nam
2222 5164 2329 5220 hoc
2388 5164 2758 5236 verbumgad
2819 5164 3125 5220 ratidcinia
3184 5164 3468 5236 pertinere
3500 5165 3666 5219 docet

330 5230 740 5320 (44))Minoruim
770 5232 1167 5320 {telz'heratione
1198 5236 1483 5320 laetemur.
1515 5235 1707 5320 ‘Hano
1768 5236 1910 5320 scri-
1940 5256 1986 5320 Β
2010 5236 2303 5320 Ulpianuﬂs
2331 5234 2793 5320 iureconsultus,
2840 5254 2979 5320 cum
3012 5230 3250 5320 inquit:
3305 5236 3667 5320 Dispungere

252 5306 493 5377 pturani
524 5304 1006 5360 constantissime
1031 5312 1264 5361 servant
1295 5307 1425 5361 libri
1440 5310 1660 5363 veteres
1686 5330 1699 5377 ;
1724 5311 1909 5365 mino-

249 5389 400 5437 rum,
433 5374 543 5447 hoc
575 5380 686 5443 est,
725 5378 1000 5447 pecunia.
1050 5378 1453 5434 Deliberatione
1499 5374 1695 5435 autem
1750 5380 1907 5447 posi-

251 5449 385 5524 tum
408 5445 639 5524 videtur
664 5445 789 5518 pro,
822 5448 1178 5524 liberatione.
1211 5450 1277 5524 Et
1318 5450 1663 5524 Christiana
1716 5445 1905 5524 philo-

249 5516 478 5594 BOphia
538 5516 906 5594 scitum—est,
956 5520 1188 5575 divitias
1258 5522 1409 5594 inter
1486 5516 1909 5594 impedimenta

248 5590 498 5644 censeri.
519 5591 872 5666 Eodemque
903 5608 1076 5666 sensu
1104 5597 1301 5666 posset
1331 5593 1507 5648 etiam
1564 5590 1696 5666 legi.
1735 5617 1759 5649 α
1794 5596 1903 5652 Mi-

252 5676 469 5744 norum
504 5662 922 5788 acliberatione
951 5662 1331 5720 lademur?»
1370 5666 1527 5736 quod
1575 5662 1649 5723 et"
1682 5668 1905 5725 Pithon

252 5749 470 5788 Visum.
553 5750 629 5788 ιο.

249 5749 470 5790 νιευῐη.
507 5749 629 5789 1110.

325 5804 440 5877 (45)
464 5806 762 5863 Dominica
789 5806 1028 5864 moneta.
1072 5806 1165 5865 Sic
1222 5806 1516 5866 monelam
1573 5815 1818 5881 usurpat
1873 5826 1906 5866 a

2020 5313 2107 5362 est
2138 5310 2397 5365 conferre
2448 5312 2681 5378 accepta
2728 5314 2785 5363 et
2824 5310 2959 5364 data
3007 5310 3064 5363 II‘.
3125 5310 3195 5364 de
3243 5310 3549 5363 verborum
3587 5310 3662 5359 si-

2020 5380 2517 5451 gniﬁcationibus.
2551 5383 2732 5434 BHEN.

2090 5452 2203 5521 (49)
2235 5454 2346 5520 Quo
2369 5452 2534 5506 telum
2565 5451 2848 5507 libratum.
2881 5452 3110 5507 Librare
3128 5451 3221 5505 hic
3242 5466 3345 5520 pro
3376 5446 3665 5521 magnavi

2019 5520 2304 5594 conjicere
2337 5523 2566 5600 accipit,
2596 5523 2856 5600 imitatus
2884 5524 3023 5600 illud
3062 5522 3382 5600 Virgilii,_lx
3405 5520 3664 5600 Aineid._:

2019 5589 2321 5651 «Summa
2370 5589 2548 5650 telum
2603 5595 2857 5651 librabat
2906 5598 2977 5651 ab
3030 5589 3253 5649 aure.»
3302 5590 3528 5659 Alioqui
3584 5589 3661 5645 si-

2016 5668 2315 5737 gnificatio
2366 5668 2600 5740 propria
2646 5668 2817 5741 longe
2849 5668 2963 5723 alia
3009 5672 3121 5734 est,
3156 5682 3257 5736 pro
3317 5664 3659 5735 ponderare.

2016 5743 2163 5796 Pan.
