4148 6194
477 340 634 400 1379

1005 337 1531 399 TERTULLIANI
1578 337 1897 396 OPERUM
1948 335 2149 395 PARS
2196 333 2243 394 Ι.
2284 368 2361 377 -
2393 334 2668 397 SERIES
2714 336 2793 411 II,
2838 334 3320 398 DOGMATICA.

3738 334 3897 396 i380

476 474 704 545 tuagies
734 471 949 544 septies
982 472 1191 543 (Matth.
1218 472 1373 540 xvui)
1396 470 1423 523 ‘t
1455 468 1585 541 quis
1610 470 1903 541 judicium
1926 469 1968 503 ¹⁰
1990 483 2123 522 cum
2156 469 2211 535 Α
2242 473 2606 525 crumentum
2666 470 2798 541 (71),
2860 468 3174 524 Christiani
3232 468 3490 523 nominis
3546 468 3890 524 thesaurus,

479 560 809 619 adversario
859 577 960 615 suo
1009 560 1267 632 dirigens
1313 560 1468 631 (Luc.
1515 575 1606 627 v1;
1663 558 1846 613 Matth.
1899 560 1977 628 v),
2032 573 2130 611 ne-

477 652 702 726 gotium
748 649 1151 707 convenientia
1199 648 1383 703 solvet
1413 648 1547 719 (67),
1605 646 1717 703 nisi
1751 648 1914 719 prius
1948 644 2130 702 animi

477 739 761 806 dolorem,
818 738 1119 807 duritiam,
1172 736 1647 803 amaritudinem,
1698 752 1875 791 venas
1910 734 2132 790 scilicet

477 828 860 900 impatientia
894 825 1261 898 amputarit?
1293 825 1594 892 Quomodo
1628 825 1914 893 remittes,
1949 830 2006 879 et
2039 840 2129 878 re-

481 917 749 972 mittetur
768 916 899 983 tibi,
917 916 965 970 si
998 920 1171 970 tenax
1190 915 1416 985 injuriae
1438 931 1537 985 per
1555 913 1880 969 absentiam
1907 913 2129 985 patien-

479 1005 572 1061 tiaa
604 1006 829 1061 fueris?
876 1004 1056 1059 Nemo
1106 1002 1422 1059 convulsus
1473 1003 1737 1057 animum
1787 1002 1844 1057 in
1892 1003 2127 1057 fratrem

480 1112 657 1151 suum
707 1110 924 1149 munus
983 1092 1187 1149 1268
1249 1093 1403 1164 apud
1453 1092 1633 1146 altare
1685 1092 1968 1162 perficiet,
2014 1092 2135 1150 nisi

480 1185 644 1257 prius
676 1182 1105 1239 reconciliando
1154 1182 1317 1237 fratri
1350 1198 1619 1236 reversus
1670 1182 1742 1235 ad
1789 1182 2129 1252 patientiam

478 1274 675 1328 fuerit.
709 1274 819 1328 Sed
852 1288 1027 1343 super
1075 1272 1222 1325 iram
1270 1276 1531 1325 nostram
1566 1270 1613 1324 si
1647 1270 1946 1339 occiderit,
1979 1272 2129 1342 peri-

480 1362 772 1417 clitamur.
818 1362 945 1416 Non
995 1360 1129 1414 licet
1180 1358 1347 1413 nobis
1382 1376 1499 1413 una
1551 1358 1644 1412 die
1692 1358 1817 1413 sine
1850 1359 2130 1430 patientia

480 1466 737 1506 manere.
779 1453 855 1504 At
901 1448 1053 1504 enim
1099 1464 1232 1502 cum
1266 1463 1495 1502 omnem
1543 1448 1796 1519 speciem
1849 1448 2127 1504 salutaris

480 1538 804 1611 disciplinae
835 1539 1119 1607 gubernet
1155 1537 1373 1607 (Ephes.
1409 1537 1508 1607 xv),
1545 1537 1685 1607 quid
1722 1537 1939 1592 mirum
1971 1540 2125 1609 quod

479 1628 655 1684 etiam
674 1626 1023 1700 pmnitentiae
1045 1624 1360 1695 ministrat,
1381 1625 1561 1681 solita:
1584 1624 1765 1697 lapsis
1792 1626 2123 1697 subvenire,

479 1734 636 1789 cum,
687 1718 983 1789 disjuncto
1033 1715 1421 1785 matrimonio,
1456 1730 1524 1769 ex
1572 1731 1638 1770 ea
1685 1719 1883 1771 tamen
1925 1733 2122 1788 causa,

479 1824 595 1879 qua
626 1807 762 1862 licet
794 1822 896 1863 seu
928 1806 1071 1876 viro,
1124 1821 1226 1860 seu
1263 1805 1490 1860 femina:
1542 1804 1613 1859 ad
1662 1804 1963 1861 viduitatis
1996 1822 2123 1877 per-

479 1896 868 1954 severantiam
900 1894 1200 1960 sustineri,
1224 1894 1347 1950 haec
1380 1898 1693 1963 exspectat,
1722 1894 1840 1949 haec
1868 1900 2121 1966 exoptat,

478 1985 601 2041 haec
631 1989 829 2042 exorat
853 1987 892 2021 “
927 1985 1032 2054 (68)
1066 1984 1469 2055 paenitentiam
1503 1984 1855 2055 quandoque
1886 1984 2125 2039 inituris

478 2074 751 2132 salutem.
786 2076 1075 2140 Quantum
1116 2074 1158 2108 ¹²
1207 2072 1343 2128 boni
1392 2073 1626 2144 utrique
1675 2072 1934 2128 conferti
1989 2072 2124 2129 alte-

476 2181 609 2220 rum
642 2181 758 2220 non
789 2163 1119 2219 adulterum
1154 2163 1197 2197 1³
1228 2161 1366 2217 facit
1386 2162 1520 2233 (69),
1548 2161 1799 2217 alterum
1831 2162 2121 2218 emendat.

478 2253 573 2309 Sic
598 2257 655 2309 et
675 2251 793 2308 illis
814 2251 1254 2308 Dominicarum
1278 2250 1727 2306 simililudinum
1751 2250 2031 2323 exemplis
2053 2253 2124 2307 de

476 2342 759 2413 patientia
787 2341 1007 2397 sanctis
1058 2341 1246 2395 adest.
1296 2340 1609 2395 Erroneam
1645 2356 1808 2395 ovem
1842 2338 2125 2411 patientia

479 2432 733 2504 pastoris
766 2430 875 2502 (70)
909 2430 1147 2501 requirit
1186 2434 1244 2484 et
1291 2428 1537 2483 invenit.
1578 2429 1724 2483 Nam
1757 2429 2125 2500 impatientia

479 2537 657 2575 unam
689 2521 855 2574 facile
888 2524 1301 2574 contemneret.
1356 2520 1466 2572 Sed
1500 2517 1756 2573 laborem
1791 2518 2120 2589 inquisitio-

478 2610 571 2664 nis
601 2609 883 2680 patientia
914 2607 1183 2677 suscipit,
1216 2611 1273 2661 et
1321 2606 1585 2661 humeris
1618 2607 1859 2677 insuper
1890 2608 2123 2663 advenit

478 2698 715 2769 bajulus
744 2698 970 2767 patiens
994 2696 1373 2767 peccatricem
1401 2695 1755 2750 derelictam.
1782 2696 1952 2751 Illum
1978 2714 2119 2768 quo-

476 2803 589 2858 que
621 2785 929 2858 prodigum
961 2784 1149 2839 filium
1182 2784 1463 2855 patientia
1495 2784 1677 2855 patris
1717 2789 1773 2839 et
1808 2786 2030 2855 recipit,
2067 2791 2124 2840 et

475 2875 667 2941 vestit,
702 2879 758 2930 et
788 2874 995 2946 pascit,
1027 2879 1082 2927 et
1112 2873 1264 2944 apud
1297 2872 1726 2943 impatientiam
1762 2873 1891 2928 irati
1923 2873 2120 2929 fratris

475 2969 735 3021 excusat.
769 2963 973 3020 Salvus
1003 2969 1091 3018 est
1122 2963 1301 3034 igitur
1330 2965 1429 3033 qui
1462 2961 1734 3034 perierat,
1769 2963 1906 3033 quia
1937 2962 2120 3034 poeni-

474 3055 719 3110 tentiam
774 3054 925 3109 iniit.
976 3052 1322 3108 Poenitentia
1371 3068 1486 3108 non
1534 3052 1684 3123 perit
1716 3053 1780 3120 1‘,
1832 3053 1967 3123 quia
2019 3069 2119 3124 pa-

476 3144 746 3200 tientiam
778 3141 1015 3199 invenit.
1050 3141 1196 3197 Nam
1230 3138 1489 3211 dilectio,
1521 3158 1823 3197 summum
1857 3142 1990 3197 fidei
2027 3159 2118 3198 sa-

2238 574 2417 626 quam
2445 556 2759 631 Apostolus
2792 558 2930 615 totis
2959 558 3183 614 viribus
3216 558 3400 613 sancti
3440 557 3698 629 Spiritus
3728 573 3889 613 com-

2241 648 2498 716 mendat,
2527 649 2696 719 cujus
2728 647 2841 703 nisi
2874 647 3168 720 patientiae
3210 646 3543 718 disciplinis
3575 644 3892 701 eruditur?

2240 737 2501 809 Dilectio,
2524 737 2738 809 inquit,
2760 737 3135 807 magnanimis
3158 739 3235 791 est
3266 735 3399 806 (72).
3431 735 3517 791 Ita
3546 735 3891 807 patientiam

2240 826 2442 881 sumit.
2487 828 2728 896 Beniﬁca
2776 835 2892 890 est;
2943 826 3165 882 malum
3216 825 3498 898 patientia
3552 841 3668 880 non
3728 824 3887 880 facit.

2239 916 2356 971 Non
2384 916 2716 983 aemulatur;
2750 916 2807 970 id
2839 916 3079 987 quidem
3132 914 3414 987 patientia
3442 912 3743 985 proprium
3777 918 3885 969 est.

2240 1004 2343 1058 Nec
2366 1010 2682 1075 protervum
2724 1006 2908 1075 sapit;
2958 1002 3308 1059 modestiam
3343 1003 3413 1057 de
3462 1001 3741 1073 patientia
3770 1006 3889 1057 tra-

2239 1092 2340 1146 xit.
2380 1096 2505 1149 Non
2555 1095 2786 1163 inﬂatur
2830 1109 2941 1149 non
2992 1094 3225 1165 proterit
3271 1092 3381 1161 (73)
3414 1091 3456 1127 1⁵
3490 1107 3501 1145 :
3536 1090 3738 1147 I269
3772 1108 3889 1146 non

2241 1182 2395 1237 enim
2429 1183 2500 1236 ad
2548 1181 2888 1254 patientiam
2939 1182 3209 1254 pertinet.
3261 1182 3366 1236 Nec
3402 1197 3503 1235 sua
3552 1182 3810 1252 requirit,
3842 1180 3892 1235 si

2240 1270 2408 1325 offert
2440 1287 2548 1326 sua
2581 1272 2641 1338 ¹⁶,
2677 1272 2818 1326 dum
2848 1271 3015 1327 alteri
3046 1271 3231 1342 prosit
3264 1287 3276 1325 :
3306 1287 3402 1325 nec
3441 1270 3744 1331 incitatur;
3778 1286 3890 1325 caa-

2238 1364 2430 1414 terum
2455 1359 2493 1393 ¹⁷
2525 1360 2663 1431 quid
2688 1361 3063 1433 impatientia
3085 1359 3472 1433 reliquisset?
3500 1360 3644 1425 Ideo,
3674 1359 3890 1430 inquit,

2236 1448 2454 1504 dilectio
2484 1451 2679 1505 omnia
2725 1452 2976 1521 sustinet,
3026 1451 3213 1505 omnia
3251 1449 3467 1517 tolerat,
3518 1447 3720 1519 utique
3753 1447 3893 1519 quia

2235 1539 2491 1609 patiens.
2538 1539 2743 1595 Merito
2775 1555 2910 1611 ergo
2962 1555 3262 1611 nunquam
3296 1538 3559 1605 excidet;
3612 1554 3749 1593 nam
3780 1554 3891 1592 caa-

2234 1632 2355 1682 tera
2384 1628 2847 1699 evacuabuntur,
2878 1627 3474 1684 consummabuntur.
3509 1626 3891 1682 Exhauriun-

2234 1721 2329 1771 tur
2388 1718 2430 1753 ¹⁸
2486 1717 2721 1790 linguae,
2782 1717 3057 1785 scientiis,
3118 1716 3435 1789 prophetiae
3486 1734 3501 1783 ;
3558 1718 3890 1788 permanent

2232 1804 2384 1875 ﬁdes,
2414 1821 2556 1875 spes,
2599 1807 2856 1869 dilectio;
2908 1807 3076 1875 fides,
3109 1822 3287 1878 quam
3335 1805 3549 1862 Christi
3602 1804 3886 1877 patientia

2234 1894 2462 1949 induxit
2508 1912 2521 1949 :
2575 1912 2730 1967 spes,
2778 1912 2958 1967 quam
3007 1895 3268 1951 hominis
3316 1895 3599 1967 patientia
3646 1910 3881 1968 exspec-

2234 1988 2355 2051 tat;
2390 1983 2643 2053 dilectio,
2674 2002 2876 2056 quam,
2912 1986 3023 2041 Deo
3057 1985 3364 2057 magistro,
3400 1984 3683 2056 patientia
3711 1984 3890 2040 comi-

2233 2076 2411 2128 tatur.

2845 2209 3078 2265 CAPUT
3118 2208 3265 2265 XIII.

2305 2341 2499 2414 Usque
2544 2341 2659 2397 huc
2708 2342 2779 2397 de
2830 2342 3109 2415 patientia
3158 2343 3399 2398 tandem
3430 2343 3473 2378 ¹⁹
3523 2341 3777 2414 simplici
3829 2350 3884 2397 et

2234 2430 2536 2497 uniformi,
2594 2436 2651 2486 et
2708 2436 2938 2486 tantum
2988 2432 3045 2486 in
3097 2431 3292 2486 animo
3342 2431 3700 2497 constituta;
3750 2447 3883 2487 cum

2232 2521 2435 2575 eadem
2494 2521 2538 2554 ²⁰
2590 2520 2765 2575 etiam
2812 2520 2872 2575 in
2925 2536 3187 2592 corpore,
3234 2520 3588 2575 demerendo
3634 2520 3884 2575 Domino

2234 2608 2637 2681 multipliciter
2666 2608 2969 2678 allaberet,
2993 2614 3195 2681 utpote
3216 2626 3342 2680 qua:
3374 2610 3447 2664 ab
3471 2610 3599 2682 ipso
3632 2608 3882 2664 Domino

2230 2699 2290 2753 in
2341 2699 2602 2771 corporis
2661 2716 2893 2771 quoque
2949 2698 3163 2754 virtute
3219 2699 3376 2753 edita
3419 2702 3529 2769 est,
3589 2698 3884 2769 siquidem

2231 2792 2422 2844 rector
2446 2788 2680 2844 animus
2713 2788 2880 2844 facile
2901 2787 3299 2844 communicat
3324 2788 3569 2859 spiritus
3593 2787 3820 2842 invecta
3841 2788 3881 2828 ιι

2231 2894 2363 2933 cum
2397 2876 2731 2934 habitaculo
2749 2894 2874 2934 suo.
2895 2877 3028 2940 Quae
3049 2877 3228 2947 igitur
3249 2876 3565 2948 negotiatio
3588 2876 3882 2948 patientiae

2230 2966 2290 3021 in
2319 2967 2600 3038 corpore?
2627 2968 2688 3023 In
2722 2966 2927 3039 primis
2959 2965 3258 3023 afﬂictatio
3292 2965 3505 3035 carnis,
3551 2965 3745 3021 hostia
3767 2965 3885 3021 Do—

2230 3054 2387 3111 mino
2418 3056 2736 3127 placatoria
2768 3073 2870 3128 per
2900 3054 3330 3111 humiliationis
3345 3054 3883 3119 sacrificium,cum

2232 3146 2435 3201 sordes
2466 3162 2601 3201 cum
2630 3146 2907 3218 angustia
2928 3145 2973 3180 ²²
3022 3145 3212 3201 victus
3260 3143 3503 3200 Domino
3535 3144 3701 3213 libat,
3748 3160 3883 3199 con-

1905 3287 2107 3347 Variaa
2152 3287 2475 3351 lectiones.

547 3413 590 3447 ¹⁰
620 3412 760 3476 Quis
784 3412 1044 3483 judicem
1099 3409 1264 3465 Rhen.

475 3502 589 3539 non
641 3486 806 3539 Fran.
859 3484 1036 3537 Paris.
1068 3484 1195 3536 Jun.

475 3558 517 3591 ¹⁷
550 3554 908 3611 Ceteroauin
939 3555 1122 3607 Latin.
1229 3552 1270 3587 ⁸⁸
1314 3552 1741 3608 Exhaurientur
1787 3552 1915 3609 Jun:

482 3627 687 3683 Wouw.
720 3625 825 3682 MS.
901 3626 948 3659 ²²
980 3626 1169 3691 Quum
1201 3625 1533 3695 angustiam
1572 3626 1769 3681 Wouw.
1803 3626 1908 3680 MS.

1367 3411 1407 3443 ¹¹
1446 3411 1570 3465 Haec
1621 3410 1960 3466 exhortatur
2010 3413 2197 3467 Paris.

1304 3482 1349 3516 ιδ
1379 3481 1721 3536 Pmnitentia
1753 3499 1864 3537 non
1898 3482 2069 3554 periit
2094 3486 2223 3539 Jun.
2330 3486 2373 3519 ¹⁵
2404 3485 2444 3538 Ρ

1314 3552 1741 3608 Exhaurientur
1787 3556 1915 3609 Jun.
2022 3555 2065 3590 ιθ
2113 3557 2366 3611 Tantum
2414 3558 2446 3612 J

2164 3572 2366 3611 antum
2414 3572 2541 3612 Jun.

2308 3413 2350 3448 ί²
2380 3412 2684 3468 Salutem?
2731 3418 3014 3481 quantum
3062 3416 3172 3467 etc.
3220 3413 3348 3467 Jun.
3457 3413 3501 3448 ⁸³
3532 3410 3879 3466 Adulterum

2330 3486 2373 3519 ³⁵
2404 3484 2687 3540 Protervit
2730 3486 2901 3540 Fran.
2952 3486 3140 3539 Poris.
3247 3484 3291 3518 ¹⁶
3319 3483 3426 3537 Sed
3475 3483 3648 3539 offert
3692 3485 3878 3537 Latin.

2648 3557 2692 3591 3°
2722 3557 2999 3613 Eamdem
3048 3556 3220 3612 Rhea.
3272 3555 3475 3626 Rigalt.
3581 3556 3627 3591 ’ί
3660 3557 3881 3611 Invicta

1911 3762 2435 3824 Commentarius.

545 3884 655 3958 (67)
682 3886 970 3956 Negotium
1000 3885 1383 3958 convenientia
1427 3885 1613 3940 solvet.
1667 3886 1783 3941 Hoc
1831 3891 1940 3951 est,
1971 3903 2111 3941 con-
2145 3893 2187 3958 C
2227 3886 2464 3942 omnino
2499 3904 2511 3941 :
2545 3885 2875 3958 Nonifaoit,
2908 3901 3022 3940 non
3072 3884 3272 3958 mittit,
3301 3883 3511 3958 vadere
3540 3899 3686 3958 (non,
3714 3882 3877 3938 sinit.

470 3957 763 4022 ventione,

542 4028 653 4099 (68)
684 4027 811 4083 Haec
843 4032 1081 4098 exoptat,
1132 4028 1249 4085 haec
1276 4032 1486 4083 exorat.
1536 4027 1824 4084 Patientia
1872 4045 1982 4083 non
2018 4045 2114 4083 so-

468 4099 593 4153 lum
625 4106 921 4171 exspectat
962 4105 1135 4170 atque
1174 4106 1427 4171 exoptat,
1452 4170 1455 4171 ν
1480 4116 1674 4155 verum
1719 4100 1892 4156 etiam
1925 4106 2111 4155 extor-

474 4177 612 4244 quet
642 4170 1062 4242 poenitentiam,
1084 4172 1190 4225 hoc
1210 4178 1317 4235 est,
1337 4170 1488 4244 cogit
1520 4187 1618 4226 eos
1645 4188 1792 4241 quos
1823 4172 1905 4227 sic
1927 4189 2115 4244 aequa-

472 4243 709 4298 nimiter
765 4244 993 4308 tolerat,
1053 4244 1122 4296 ad
1177 4242 1579 4312 pcenitentiam
1643 4242 2009 4308 faciendam;
2053 4248 2116 4297 ut

471 4313 786 4387 aliquando
836 4319 1085 4370 salutem
1136 4313 1283 4387 inire
1331 4313 1579 4387 possint,
1641 4322 1695 4370 et
1750 4316 1885 4385 quia
1929 4317 2112 4380 addit,

468 4385 652 4443 solitae
678 4387 845 4457 lapsis
874 4387 1182 4450 subvenire,
1212 4385 1369 4455 loqui
1400 4387 1627 4440 videtur
1647 4388 1718 4442 de
1741 4387 2111 4454 Christianis,

470 4474 571 4512 seu
606 4458 743 4512 viris
765 4475 867 4513 seu
893 4459 1148 4522 feminis,
1176 4458 1276 4528 qui
1303 4475 1364 4512 se
1389 4457 1640 4512 ethnicis
1662 4460 1720 4512 in
1745 4460 2114 4513 matrimonio

468 4530 849 4601 conjungunt.
904 4531 1008 4584 Hic
1053 4529 1367 4596 aliquando
1413 4530 1805 4601 contingebat,
1858 4536 1922 4585 ut
1972 4547 2116 4585 uxor

468 4600 800 4656 Christiana
861 4602 1071 4656 marito
1119 4601 1352 4655 ethnico
1402 4602 1638 4654 tandem
1691 4602 2112 4657 continentiam

470 4674 865 4741 persuaderet,
900 4689 1075 4743 quam
1110 4672 1414 4743 amplexus
1436 4672 1534 4727 ille
1564 4675 1833 4729 servabat
1860 4692 1875 4737 ;
1908 4674 2117 4729 mulier

472 4758 603 4815 vero
634 4745 1035 4814 pmnitentiam
1068 4745 1295 4815 agebat,
1348 4749 1523 4815 atque
1556 4745 1717 4814 prius
1767 4747 1981 4800 factum
2015 4762 2113 4799 ex-

469 4812 849 4888 plabatapud
884 4812 1219 4883 Ecclesium,
1245 4812 1624 4888 juxta—ritum
1649 4820 1776 4887 ejus
1800 4817 2113 4888 temporis;

470 4888 641 4955 atque
673 4885 781 4941 hoc
811 4893 898 4942 est
928 4890 1077 4956 quod
1103 4887 1404 4956 sequitur:
1435 4885 1774 4952 «Quantum
1810 4885 1944 4943 boni
1971 4888 2113 4943 utri-

470 4973 583 5027 que
612 4961 867 5013 confert!
907 4959 1152 5012 alterum
1178 4959 1507 5013 adulterum
1535 4976 1644 5012 non
1682 4960 1836 5025 facit,
1864 4961 2115 5015 alterum

468 5031 761 5085 emendat.
798 5053 825 5077 ››
858 5031 1157 5086 Consentit
1191 5034 1342 5101 quod
1381 5033 1531 5084 infra
1564 5033 1723 5101 dicit,
1765 5053 1784 5079 α
1822 5032 2115 5087 Pozniten-

467 5101 610 5155 tiam
641 5106 894 5173 exoptat,
927 5102 1383 5173 exomologcsim
1417 5103 1696 5173 assignat.
1734 5104 1914 5158 RHEN.
1954 5128 1974 5155 ι

540 5172 649 5242 (69)
688 5172 939 5229 Alterum
975 5172 1295 5230 adulterum
1324 5191 1437 5228 non
1465 5172 1622 5245 facit.
1673 5175 1766 5229 Sic
1799 5176 2115 5231 Rhenanus

794 3961 962 4028 pacto
993 3956 1304 4011 amicabili.
1343 3956 1469 4011 Rm.

470 5244 726 5326 editione
774 5253 1100 5326 postrema:
1154 5247 1617 5326 sicuPam‘elius;
1671 5247 1901 5326 sicnlii.
1952 5250 2023 5301 At
2056 5247 2111 5326 in
2147 5264 2193 5326 Β

470 5317 906 5389 antiquissimis
945 5318 1375 5388 exemplaribus
1422 5318 1655 5387 legitur,
1693 5342 1718 5366 α
1750 5319 2009 5373 Alterum
2043 5318 2115 5371 ad

470 5387 716 5461 alterum
751 5408 863 5445 non
901 5392 1057 5455 facit,
1094 5387 1129 5438 ii
1153 5389 1306 5458 quod
1340 5390 1410 5442 ab
1462 5391 1582 5461 ipso
1613 5408 1741 5445 esse
1770 5389 2113 5446 Tertulliani

470 5460 620 5531 style
654 5462 817 5516 facile
851 5462 1200 5517 adducimur
1248 5462 1500 5533 credere.
1544 5462 1869 5533 Disjuncto,
1904 5461 2113 5532 inquit,

470 5547 537 5603 ex
568 5549 745 5587 causa
792 5533 1064 5588 adulterii
1098 5532 1491 5603 matrimonio,
1544 5535 1823 5603 patientia
1871 5535 2113 5589 interce-

469 5601 574 5669 dit,
607 5622 672 5658 ac
712 5603 1034 5675 plurimum
1084 5602 1219 5657 boni
1251 5603 1506 5675 putrique
1545 5601 1779 5660 'confert
1814 5625 1825 5661 :
1862 5605 2112 5662 alterum

469 5672 788 5749 neniae—it,
834 5676 941 5731 hoc
990 5678 1099 5749 est,
1133 5672 1463 5749 conjugem,
1515 5677 1819 5749 repudiata
1869 5680 2117 5749 conjuge

470 5741 753 5818 adultera,
776 5741 893 5802 non
925 5746 1104 5803 mittit
1133 5746 1205 5801 ad
1237 5741 1486 5800 alterum
1507 5741 1869 5819 conjugium.
1901 5741 1996 5805 Sic
2025 5741 2117 5805 ᾱὲι

2228 3959 2298 4013 Ut
2326 3958 2475 4014 libro
2506 3958 2577 4014 de
2607 3957 2786 4013 Pallio
2821 3954 3003 4025 {Quae
3048 3956 3117 4011 ad
3160 3957 3321 4011 illum
3350 3971 3420 4010 ex
3447 3954 3624 4027 Lybia
3653 3956 3883 4010 Ammon

2222 4032 2379 4101 facit,
2412 4031 2522 4085 hoc
2554 4035 2661 4098 est,
2694 4030 2871 4085 venit.
2905 4034 3029 4083 Rm.

2296 4102 2406 4171 (70)
2451 4097 2731 4178 Ratientia
2776 4103 3042 4178 pastoris.
3089 4099 3151 4178 id
3200 4102 3290 4178 est
3335 4097 3730 4178 Christi_,uqni
3758 4113 3877 4178 ,ρει-

2226 4177 2348 4227 δίον
2377 4167 2868 4263 Parentheses:
2886 4167 3879 4263 IS?EE:P§P‘E:922-?fi3l399‘12ﬁ3’i'

2225 4241 2487 4316 ποιμένος
2546 4242 2873 4320 πραοτάτου,
2916 4241 3166 4370 ’ξαςῑονίε
3218 4241 3674 4297 mansuetissimi.
3706 4244 3881 4311 Greg.

2225 4317 2360 4372 Naz.
2411 4320 2554 4372 orat.
2590 4320 2642 4372 1.
2686 4317 2837 4372 inter
2884 4315 2923 4370 C
2972 4313 3098 4370 risti
3149 4312 3357 4372 elogia.
3389 4314 3567 4367 etiam
3617 4311 3729 4366 hoc
3774 4312 3881 4367 ha-

2225 4329 2360 4372 Naz.
2411 4329 2554 4372 orat.
2590 4329 2642 4385 1,
2686 4329 2837 4372 inter
2884 4329 3098 4370 Christi
3149 4329 3357 4385 elogia,
3389 4329 3567 4367 etiam
3617 4329 3729 4366 noc
3774 4329 3882 4367 na-

2224 4388 2343 4467 b_e_t.
2378 4388 2471 4443 Sic
2502 4394 2560 4467 et
2589 4408 2622 4445 a
2659 4384 3133 4467 PetroCbrysol.
3184 4385 3448 4467 serm_._6.
3497 4382 3889 4467 Chr-istosci-

2227 4461 2378 4515 eitur
2420 4466 2611 4530 pastor
2666 4454 3007 4529 misericors,
3038 4460 3251 4527 datque
3299 4456 3489 4512 eidem
3538 4454 3889 4527 pastoralem

2224 4532 2581 4598 disciplinam
2610 4539 2662 4587 et
2685 4534 2981 4588 lenitatem.
3016 4531 3142 4585 Lac.

2295 4604 2409 4727 (71)
2467 4604 2691 4658 Dilectio
2743 4619 3017 4659 summum
3071 4600 3197 4723 gidet
3251 4606 3684 4678 sacramentum.
3744 4597 3886 4659 Qua

2344 4674 2467 4727 sola
2514 4674 2749 4727 exhibet
2795 4677 2854 4727 in
2895 4691 2958 4727 se
3008 4692 3067 4724 ου
3094 4663 3326 4727 κλήϐδην
3376 4686 3579 4725 omnes
3632 4674 3886 4724 Virtutes

2228 4663 2315 4729 vel
2344 4663 2467 4729 sola
2514 4674 2749 4731 exhibet
2795 4677 2854 4730 in
2895 4691 2958 4730 se
3008 4663 3326 4739 ουλλήϐδην
3376 4686 3579 4725 omnes
3632 4669 3896 4724 virtutes

2225 4745 2606 4801 Christianas.
2641 4746 2769 4801 Rm.

2297 4818 2406 4887 (72)
2440 4818 2684 4884 Dilectio,
2736 4817 2943 4887 inquit,
2994 4812 3362 4887 magnaminis
3412 4819 3512 4865 est.
3568 4810 3889 4887 Paulinum

2224 4882 2493 4954 verbum,
2530 4882 2886 4961 μακροθυμεῖ,
2920 4886 3096 4961 vertit
3119 4882 3539 4961 Tertullianus,
3582 4885 3894 4961 magna“:

2224 4963 2330 5015 mis
2360 4966 2474 5026 est;
2506 4953 2660 5033 quod
2692 4953 3042 5033 vocabulum
3078 4954 3292 5033 L_atinis
3324 4953 3585 5033 insolens
3618 4960 3711 5033 est
3734 4974 3747 5019 ;

2227 5049 2333 5105 suo
2360 5025 2712 5105 rmore°loqui
2748 5031 2913 5105 solet.
2949 5028 3270 5105 Cyprianus
3312 5026 3621 5105 aemulator
3650 5025 3891 5105 Tertul-

2228 5103 2397 5177 liani,
2428 5107 2526 5159 sed
2580 5096 2715 5177 st‘yli
2764 5096 3064 5177 purioris}
3099 5122 3136 5177 (ε
3162 5096 3447 5177 Charitas,
3505 5097 3735 5177 inquit,
3768 5114 3895 5177 ma-

2227 5167 2507 5246 gnanima
2536 5167 2706 5231 estf»
2742 5167 2899 5230 Idem
2936 5167 3893 5246 paxpoﬁuplav,magnanimitatem

2227 5241 2482 5302 reddidit
2513 5250 2569 5302 in
2602 5248 2750 5302 libro
2782 5248 2852 5301 de
2882 5241 3262 5313 Eleemosyna.
3289 5241 3435 5295 Aliis
3467 5241 3662 5312 placet
3693 5241 3896 5311 magis

2226 5321 2565 5389 longanimis
2594 5324 2651 5375 et
2683 5317 3098 5388 longanimitas.
3135 5320 3316 5392 itala.
3359 5383 3395 5392 _
3672 5383 3681 5392 _
3714 5383 3723 5392 ι

2296 5383 2409 5464 (73)
2440 5396 2559 5464 Non
2600 5383 2851 5464 inﬂatur,
2903 5404 3013 5443 non
3059 5387 3304 5464 proterit.
3357 5383 3437 5464 De
3486 5383 3768 5464 superbia
3798 5398 3901 5464 ex:

2226 5453 2405 5532 plicat
2437 5463 2515 5517 La
2559 5453 2761 5531 Cerda,
2811 5453 3011 5517 eorum
3045 5453 3267 5535 scilicet
3316 5455 3415 5535 qui
3468 5453 3721 5535 nimium
3772 5456 3898 5535 sibi

2226 5524 2567 5605 arrogantes
2612 5524 2759 5590 alios
2810 5536 3133 5605 proterunt.
3187 5524 3405 5605 Legunt
3437 5524 3537 5579 alii
3582 5530 3903 5605 protev-uit.

2226 5598 2506 5661 Erasinus
2538 5624 2652 5661 non
2688 5598 3058 5679 malevertit,
3102 5615 3224 5679 non;
3263 5604 3348 5679 est
3369 5613 3602 5679 procax,
3638 5598 3746 5679 hoc
3774 5604 3907 5679 est,

2228 5681 2294 5731 ut
2346 5693 2415 5731 ex
2463 5680 2676 5733 Grmcis
2734 5676 3087 5748 quibusdam
3144 5669 3386 5748 scholijs
3424 5669 3908 5748 interpretatur,

2228 5764 2343 5805 non
2374 5748 2603 5806 extollit
2632 5740 2768 5807 sese
2791 5763 2979 5822 neque
3004 5747 3279 5802 ostentat.
3316 5741 3394 5797 Ls
3422 5740 3525 5797 Pa.
