4148 6194
476 344 630 405 1383

1028 338 1555 401 TERTULLIANI
1602 338 1922 400 ΟΡΕῆοΜ
1967 336 2170 397 PARS
2218 336 2263 395 Ι.
2294 368 2371 380 -
2401 334 2676 397 SERIES
2721 336 2797 410 Il,
2851 336 3323 398 DOGMATICA.

3720 340 3872 401 i384

466 478 771 552 operarius
800 476 903 532 ille
932 473 1182 529 victoriis
1209 472 1329 539 Dei,
1364 471 1575 525 retusis
1597 470 1871 525 omnibus
1901 468 2115 541 jaculis
2144 481 2200 546 Α
2231 469 2495 524 mceroris
2555 474 2655 524 aut
2702 469 2798 523 ire:
2856 469 3175 540 rugositate
3224 474 3564 539 contracta;
3627 473 3875 533 remissa

466 568 857 624 tentationum
888 563 1068 618 lorica
1095 561 1411 632 clypeoque
1472 560 1782 630 patientiae,
1844 562 1901 613 et
1960 558 2109 612 inte-

464 658 738 730 gritatem
770 670 898 709 mox
929 650 1185 722 corporis
1212 667 1243 703 a
1277 649 1388 703 Deo
1421 647 1868 718 recuperavit”,
1901 651 1957 702 et
1987 664 2107 717 quae

465 748 743 803 amiserat
768 740 1175 813 conduplicata
1206 740 1250 773 ³⁸
1273 738 1547 808 possedit.
1584 739 1653 791 Et
1691 738 1739 791 si
1776 736 1925 793 ﬁlios
1971 754 2110 807 quo-

467 853 581 908 que
608 834 836 890 restitui
867 830 1167 892 voluisset,
1204 832 1365 898 pater
1395 826 1605 881 iterum
1639 830 1939 881 vocaretur
1968 825 2105 895 (86).

464 925 573 980 Sed
608 921 815 978 maluit
846 920 902 974 in
936 918 1034 973 illo
1076 918 1168 971 die
1191 916 1351 970 reddi
1404 916 1539 970 sibi.
1589 915 1838 970 Tantum
1884 913 2104 985 gaudii,

465 1029 708 1070 securus
740 1010 824 1065 sic
854 1010 923 1063 de
954 1007 1215 1071 Domino,
1250 1004 1480 1059 distulit
1509 1005 1536 1058 ?
1574 1004 1854 1059 sustinuit
1912 1008 2029 1058 tam
2062 1004 2104 1037 ³⁷

460 1101 853 1159 voluntariam
905 1098 1235 1163 orbitatem,
1288 1110 1358 1149 ne
1387 1093 1513 1149 sine
1571 1093 1770 1164 aliqua
1825 1092 2105 1163 patientia

460 1192 701 1247 viveret.

1064 1256 1294 1312 CAPUT
1323 1254 1441 1308 XV.

533 1372 691 1425 Adeo
739 1367 881 1423 satis
912 1365 1157 1419 idoneus
1213 1362 1506 1433 patientiae
1561 1364 1864 1431 sequester
1924 1361 2093 1417 Deus.

458 1461 518 1516 Si
551 1458 828 1530 injuriam
862 1452 1200 1525 deposueris
1244 1468 1420 1522 penes
1476 1466 1631 1518 eum,
1667 1450 1820 1505 ultor
1858 1454 1987 1518 est;
2048 1452 2097 1507 si

457 1550 765 1614 damnum,
790 1542 1091 1600 restitutor
1120 1546 1210 1596 est
1235 1565 1248 1606 ;
1276 1540 1325 1595 si
1358 1538 1635 1609 dolorem,
1674 1538 1936 1593 medicus
1962 1543 2051 1594 est
2082 1558 2095 1606 ;

455 1638 505 1695 si
529 1644 797 1704 mortem,
866 1629 1245 1686 resuscitator
1290 1634 1400 1683 cst.
1452 1627 1745 1689 Quantum
1804 1627 2097 1698 patientia:

452 1726 610 1793 licet,
645 1727 709 1779 ut
740 1722 923 1777 Deum
958 1718 1169 1773 habeat
1200 1716 1526 1772 debitorem
1562 1714 1573 1770 l
1609 1716 1723 1771 Nec
1780 1715 2093 1772 immerito.

454 1816 661 1873 Omnia
688 1814 842 1870 enim
866 1810 1079 1884 placita
1110 1810 1235 1879 ejus
1268 1808 1768 1863 tuetur:omnibus
1800 1808 2096 1863 mandatis

451 1908 581 1978 ejus
629 1903 954 1959 intervenit.
1010 1900 1206 1955 Fidem
1252 1898 1451 1953 I272
1500 1897 1711 1963 munit,
1762 1914 1962 1967 pacem
1988 1914 2092 1968 gu-

450 1998 678 2062 bernat,
701 1991 1067 2047 dilectionem
1093 1988 1349 2057 adjuvat,
1383 1985 1775 2041 humilitatem
1830 1986 2091 2057 instruit,

448 2082 847 2158 paenitentiam
905 2083 1220 2150 exspectat,
1278 2075 1729 2147 exomologesim
1793 2076 2086 2147 adsignat,

446 2190 681 2231 carnem
719 2172 887 2241 regit,
946 2167 1221 2238 spiritum
1275 2170 1485 2232 servat,
1526 2165 1826 2236 {linguam
1879 2165 2083 2233 frenat,

444 2278 686 2319 manum
729 2259 1007 2326 continet,
1067 2254 1415 2310 tentationes
1479 2254 1751 2321 inculcat,
1812 2253 2086 2310 scandala

442 2354 627 2427 pellit,
670 2350 949 2420 martyris
977 2350 1693 2415 consummat,pauperem
1725 2343 2080 2410 consolatur,

440 2444 678 2499 divitem
712 2440 1018 2509 temperat,
1053 2434 1351 2489 infirmum
1392 2450 1502 2487 non
1534 2434 1792 2488 extendit
1821 2434 1953 2503 (87),
1984 2450 2078 2487 va-

438 2533 655 2586 lentem
714 2545 828 2581 uun
886 2524 1177 2579 consumit
1233 2524 1365 2592 (88),
1427 2522 1599 2575 ﬁdem
1641 2521 1909 2589 delectat,
1940 2538 2079 2592 gen-

436 2621 603 2676 tilem
634 2618 863 2683 invitat,
898 2629 1127 2669 servum
1152 2610 1409 2675 domino,
1444 2608 1747 2664 dominum
1784 2610 1896 2664 Deo
1921 2626 2077 2664 com-

436 2708 694 2777 mendat,
726 2705 999 2761 feminam
1022 2706 1282 2766 exornat,
1309 2700 1500 2754 virum
1534 2700 1819 2771 approbat
1848 2704 2080 2755 amatur

431 2799 493 2854 in
528 2814 726 2870 puero,
762 2795 1035 2849 laudatur
1065 2791 1123 2845 in
1156 2791 1391 2859 juvene,
1425 2789 1753 2860 suspicitur
1782 2790 1840 2843 in
1892 2805 2028 2844 sene
2062 2806 2075 2843 :

434 2890 493 2945 in
522 2886 680 2943 omni
712 2901 874 2949 sexu,
912 2883 967 2935 in
1001 2878 1161 2936 omni
1192 2884 1355 2933 aetate
1376 2878 1635 2932 formosa
1665 2880 1902 2948 est.Age
1926 2878 2075 2947 jam,

434 2979 483 3033 si
515 2978 557 3012 ³⁸
587 2983 641 3032 et
663 2973 915 3045 efﬁgiem
942 2969 1328 3039 habitumque
1342 2967 1470 3037 ejus
1487 2966 2074 3037 comprehendamus.

428 3067 642 3123 Vultus
672 3062 755 3119 illi
786 3057 1163 3132 tranquillius
1185 3062 1243 3113 et
1263 3052 1716 3129 placidus,frons
1740 3054 2077 3126 pura,nulla

2220 574 2381 629 teque
2413 558 2470 612 in
2498 557 2696 613 laetum
2731 559 2973 613 modum
3006 559 3337 631 supercilia,
3372 560 3558 616 oculis
3626 561 3867 619 humili-

2219 651 2358 715 tate,
2437 664 2551 703 non
2612 646 2910 713 felicitate,
2965 648 3227 719 dejectis.
3290 649 3364 704 Os
3445 650 3867 709 taciturnitatis

2216 736 2434 791 honore
2466 737 2785 810 signatum.
2820 736 3205 807 Color,qualis
3238 738 3460 794 securis
3494 744 3550 794 et
3589 740 3861 798 innoxiis.

2218 825 2697 897 Motust‘requens
2720 825 2928 897 capitis
2949 826 3006 880 in
3040 827 3426 895 diabolum,et
3451 829 3649 884 minax
3686 831 3857 901 risus,

2216 914 2494 970 Caeterum
2548 915 2796 970 amictus
2856 915 3077 970 circum
3135 923 3369 987 pectora
3426 918 3735 985 candidus,
3804 925 3859 975 et

2216 1003 2442 1075 corpori
2472 1003 2821 1075 impressus,
2853 1009 2917 1058 ut
2947 1004 3045 1075 qui
3071 1021 3174 1059 nec
3206 1005 3470 1073 inﬂatur,
3502 1023 3607 1062 nec
3664 1008 3858 1081 inqui-

2215 1096 2390 1147 natur
2423 1094 2486 1147 ³9.
2540 1094 2711 1147 Sedet
2742 1092 2896 1148 enim
2945 1093 3005 1148 in
3051 1093 3263 1149 throno
3296 1094 3541 1165 spiritus
3571 1097 3702 1167 ejus
3750 1100 3859 1152 mi-

2212 1181 2431 1237 tissimi
2462 1186 2518 1237 et
2548 1181 3028 1249 mensuetissimi,
3064 1182 3161 1255 qui
3197 1199 3310 1238 non
3344 1184 3579 1240 turbine
3635 1186 3857 1257 glome-

2210 1275 2396 1339 ratur,
2431 1286 2543 1326 non
2576 1270 2777 1326 nubilo
2807 1270 2963 1338 livet,
2998 1273 3096 1326 sed
3131 1276 3217 1327 est
3248 1276 3458 1327 tenerae
3528 1274 3857 1332 serenitatis

2211 1362 2448 1430 apertus
2480 1363 2537 1415 et
2567 1359 2837 1431 simplex,
2876 1376 3052 1431 quem
3107 1361 3275 1416 tertio
3306 1361 3454 1416 vidit
3504 1362 3657 1419 Elias
3717 1364 3854 1433 (89).

2208 1448 2352 1503 Nam
2404 1449 2502 1504 ubi
2562 1449 2737 1519 Deus,
2782 1449 3002 1505 ibidem
3035 1449 3351 1505 etalumna
3371 1452 3520 1521 ejus,
3575 1453 3857 1524 patientia

2209 1537 2430 1593 scilicet
2462 1538 2669 1608 (Matth.
2706 1539 2837 1609 LVII)
2873 1555 2885 1593 :
2920 1555 3056 1594 cum
3073 1555 3209 1612 ergo
3236 1538 3481 1610 spiritus
3511 1540 3610 1597 Dei
3646 1543 3853 1599 1218

2207 1626 2509 1683 descendit
2574 1627 2705 1699 (90),
2776 1626 3081 1683 individua
3162 1628 3440 1698 patientia
3536 1630 3854 1687 comitatur

2206 1733 2339 1771 eum
2371 1718 2436 1773 τοο.
2488 1716 2547 1772 Si
2600 1733 2712 1771 non
2745 1718 2787 1752 ὀι
2835 1733 2967 1771 cum
3018 1716 3229 1788 spiritu
3280 1718 3724 1791 admiserimus,
3789 1722 3844 1777 in

2205 1806 2374 1861 nobis
2409 1805 2733 1861 morabitur
2780 1805 3054 1877 semper?
3094 1811 3217 1861 lmo
3249 1807 3446 1863 nescio
3495 1826 3569 1865 an
3617 1810 3846 1866 diutius

2205 1898 2530 1966 perseveret
2551 1896 2615 1947 ‘9.
2642 1895 2775 1949 Sine
2802 1911 2910 1949 sua
2941 1894 3150 1950 comite
3200 1912 3267 1951 ac
3326 1896 3622 1967 ministro,
3684 1898 3844 1954 omni

2203 1984 2329 2039 loco
2360 2001 2425 2039 ac
2456 1988 2716 2055 tempore
2748 1988 2998 2055 angatur
3041 2001 3277 2041 necesse
3305 1988 3848 2060 est.Quodcumque

2196 2074 2472 2128 inimicus
2503 2074 2657 2143 ejus
2688 2073 2983 2141 indixerit,
3039 2072 3205 2129 solus
3237 2075 3529 2132 sustinere
3589 2093 3705 2132 non
3740 2095 3841 2149 po-

2194 2162 2347 2233 terit,
2381 2178 2588 2217 carens
2619 2162 3011 2217 instrumento
3044 2164 3407 2222 sustinendi.

2815 2249 3044 2306 CAPUT
3088 2251 3234 2307 XVI.

2264 2340 2393 2394 Haac
2424 2339 2705 2412 patientia
2736 2338 2903 2405 ratio,
2938 2339 3057 2394 haec
3107 2341 3439 2413 disciplina,
3493 2342 3615 2398 haec
3668 2361 3843 2417 opera

2192 2428 2442 2485 caelestis
2473 2434 2529 2485 et
2579 2446 2733 2495 vera,
2794 2428 3018 2484 scilicet
3061 2429 3394 2486 Christiana
3445 2432 3527 2499 ‘3;
3575 2450 3718 2503 non,
3778 2441 3844 2490 ut

2190 2517 2290 2573 illa
2320 2518 2598 2590 patientia
2630 2518 2899 2589 gentium
2933 2521 3114 2587 terra},
3143 2519 3309 2587 falsa,
3346 2520 3643 2590 probrosa.
3693 2522 3835 2578 Nam

2189 2615 2273 2678 ut,
2306 2608 2363 2662 in
2392 2609 2500 2662 isto
2523 2624 2773 2679 quoque,
2807 2607 3052 2662 Domino
3106 2608 3378 2664 diabolus
3436 2610 3833 2678 aemularetur,

2190 2698 2357 2768 quasi
2390 2696 2561 2769 plane
2591 2714 2659 2751 ex
2690 2696 2836 2767 pari,
2864 2696 2975 2751 nisi
3008 2698 3161 2768 quod
3194 2698 3324 2769 ipsa
3353 2699 3665 2755 diversitas
3698 2702 3835 2755 mali

2188 2791 2245 2842 et
2276 2786 2411 2841 boni
2436 2785 2738 2857 aequaliter
2782 2786 3210 2859 magnitudinis
3237 2789 3283 2821 “
3318 2805 3422 2859 par
3475 2795 3583 2860 est,
3640 2791 3838 2846 docuit

2187 2880 2243 2930 et
2274 2892 2412 2930 suos
2444 2874 2786 2947 patientiam
2812 2876 3105 2946 propriam
3143 2892 3155 2930 :
3189 2874 3351 2931 illam
3394 2877 3682 2949 dico,quse
3716 2896 3839 2935 ma-

2186 2965 2333 3020 ritos
2354 2965 2486 3019 dote
2517 2962 2769 3030 venales,
2803 2968 2900 3018 aut
2936 2964 3142 3019 I214
3192 2963 3497 3021 lenociniis
3537 2969 3837 3040 negotian-

2185 3059 2272 3109 tes
2310 3054 2418 3123 (91)
2452 3067 2697 3108 uxorum
2731 3053 3123 3125 potestatibus
3153 3053 3405 3124 subjecit
3436 3073 3448 3121 ;
3479 3071 3604 3125 quia
3655 3074 3828 3112 occu-

1853 3199 2052 3259 Variae
2091 3196 2410 3259 lectiones.

500 3334 1233 3413 “Recuperatamthenn
1281 3334 1350 3413 _3°_
1385 3330 1983 3413 Reduplicatalf‘can.
2036 3332 2219 3413 Paris.
2272 3326 2667 3399 centuplicata
2970 3328 3213 3413 {inTum
3246 3328 3379 3413 ian.

1786 3404 1828 3436 ιο
1860 3407 2016 3457 Eam,
2072 3402 2131 3458 Si
2176 3418 2283 3457 nos
2331 3417 2456 3454 eam
2522 3415 2655 3454 cum
2709 3400 2916 3469 spiritu
2982 3404 3187 3456 Wonw.
3239 3400 3344 3455 MS.
3402 3400 3530 3456 lim.
3588 3409 3825 3469 mavult,

432 3488 714 3558 patientia
744 3482 1074 3538 comitatur.
1112 3472 1249 3558 Eam
1279 3477 1334 3558 si
1364 3492 1467 3530 nos
1499 3491 1631 3529 cum
1666 3473 1876 3555 spiritu
1910 3475 2067 3529 adm.
2101 3478 2211 3558 etc.
2288 3473 2330 3507 ⁴¹
2366 3472 2482 3526 Nos
2509 3473 2675 3558 Frano.
2711 3473 2894 3525 Paris.

429 3416 535 3472 MS.
639 3404 886 3469 Sis-Jun.
989 3408 1035 3441 ⁸⁹
1072 3404 1429 3475 lnquietatur
1497 3404 1674 3458 (then.

3431 3331 3557 3401 jam
3594 3334 3827 3389 Wouw.

2991 3471 3036 3505 "
3068 3471 3189 3526 Imo
3212 3471 3406 3547 nescio
3436 3490 3507 3547 an
3542 3474 3643 3529 diu
3688 3479 3825 3547 quis

432 3541 758 3630 perseveret
788 3554 912 3609 sine
944 3568 1051 3630 sua
1080 3548 1432 3630 comite'tun.
1469 3541 1893 3630 semper—nimo
1927 3563 2068 3630 n._a.
2130 3547 2185 3600 d.
2246 3547 2577 3630 perseveret
2613 3541 2748 3630 sine
2797 3557 2983 3630 suac.
3014 3559 3095 3630 ha.
3151 3543 3453 3630 Hiipistra.
3478 3545 3650 3630 omni
3781 3554 3821 3603 t.

426 3622 704 3702 tangatur
734 3644 793 3682 n.
824 3632 913 3680 est
944 3622 1117 3676 Rhea.

1221 3618 1264 3656 ‘3
1295 3618 1423 3673 Haac
1457 3613 1633 3689 opera
1668 3616 1918 3673 caelestis
1949 3622 2006 3673 et
2034 3633 2201 3687 verae,
2224 3613 2448 3671 scilicet
2494 3614 2837 3670 Christianae
2871 3613 3069 3684 Rigalt.
3147 3616 3192 3649 “
3242 3617 3645 3687 Magnitudine
3690 3620 3819 3675 Jun.

1865 3774 2382 3838 Commentarius.

422 3926 681 3995 undique
738 3922 1092 3995 perforatum
1144 3919 1267 3971 erat
1315 3932 1381 3970 ac
1428 3913 1605 3969 veluti
1651 3913 1935 3981 cribrum,
1999 3916 2062 3966 ut
2093 3915 2135 3980 C
2174 3910 2558 3995 hominesnon
2588 3916 2707 3989 erat
2736 3911 3464 3995 crer'natufusmam'ettum
3494 3912 3824 3995 ᾳᾴ-Ειίαηξε

420 3990 847 4055 ΡΙθυιῖηεινόορ
879 3998 1028 4047 utar.
1060 3990 1257 4066 Lappa.
1320 4058 1395 4066 Η
1491 4060 1499 4066 ⁸
1641 4061 1648 4066 _
1759 4058 1765 4066 I

494 4072 607 4142 (86)
638 4072 710 4146 Et
739 4068 787 4121 si
818 4066 959 4146 ﬁiios
992 4061 1216 4146 res/ttat
1244 4058 1521 4146 uoluisset,
1545 4061 1721 4146 pater
1745 4058 2069 4146 eo-

419 4129 655 4197 caretu'r.
682 4129 824 4202 Imo,
860 4135 1153 4206 inquiunt,
1181 4135 1345 4206 pater
1376 4129 1586 4206 iterum
1628 4132 1865 4206 vocatus
1910 4132 2062 4206 _es_t__;

422 4230 557 4267 nam
605 4213 658 4265 id
721 4199 917 4280 aperte
944 4199 1295 4280 Scriptura"
1326 4200 1568 4280 tradidit
1609 4215 1639 4279 ε.
1669 4200 1920 4280 fuerunt
1978 4199 2069 4253 illi

416 4289 615 4355 septem
647 4271 775 4355 ﬁlii”
800 4282 851 4333 et
880 4290 1006 4355 ires
1046 4271 1203 4343 ﬁliae.
1263 4272 1515 4355 Fuerunt
1538 4271 1782 4355 .q‘uidem'
1809 4288 1822 4355 ξ
1865 4286 2065 4323 verum

420 4341 551 4428 post
588 4341 715 4428 Jobi
755 4341 1180 4428 restitutionem
1211 4342 1501 4414 geniti.Ab
1535 4341 1667 4428 illos
1684 4342 1923 4428 totidem
1949 4357 2065 4423 uno

419 4413 598 4481 ruinas
650 4426 867 4495 impetu
936 4413 1237 4487 ademptos
1262 4431 1418 4495 "non
1455 4414 1694 4495 recepit,
1726 4428 1832 4495 nec
1863 4413 1959 4495 ab
1993 4413 2064 4467 iis

418 4505 581 4569 pater
606 4484 817 4550 iterum
844 4496 1081 4569 vocatus
1111 4484 1221 4542 est.
1261 4484 1711 4569 [inrumpigitur
1750 4484 2062 4569 orbi-tatem

420 4554 707 4624 sustinuit
746 4562 1153 4625 voluntariam,
1189 4572 1259 4611 ne
1291 4556 1418 4610 sine
1449 4554 1646 4625 aliqua
1670 4554 1950 4624 patientia
1981 4556 2063 4608 vi-

416 4645 594 4696 veret.
631 4640 736 4694 Sed
770 4637 901 4692 istis
934 4650 1046 4688 non
1084 4628 1355 4700 receptis,
1398 4643 1512 4697 quo
1560 4632 1734 4700 pacto
1773 4627 2065 4700 constabit

417 4712 679 4783 ejusdem
721 4709 1031 4779 Scriptura:
1062 4698 1815 4783 fides,aftirmantisnDeum
1865 4698 2062 4778 omnia

416 4770 544 4853 quum
575 4782 705 4836 Jobi
740 4770 970 4834 fuerant
997 4776 1229 4853 auxisse
1260 4771 1319 4852 in
1352 4770 1779 4853 dupluni‘tsane
1802 4770 2063 4839 acquies-

414 4841 604 4909 cimus
634 4868 831 4907 eorum
870 4845 1190 4922 sententiae,
1225 4841 1320 4922 qui
1348 4842 1700 4922 scripturam
1744 4846 1862 4921 tam
1895 4858 2056 4922 scru-

412 4926 621 4998 pulosa
652 4923 870 4977 trutina
919 4916 1237 4998 examinari
1284 4913 1655 4998 cavillatoria;
1698 4913 2057 4998 curiositatis

412 4985 551 5052 vitio
606 4997 893 5051 tribuunt.
948 4987 1204 5046 Tametsi
1267 4986 1743 5038 commodissime
1808 4985 2053 5051 dicatur,

416 5074 638 5141 septem
675 5067 805 5121 illos
860 5064 1081 5136 priores
1125 5060 1252 5113 ideo
1285 5072 1397 5138 non
1453 5056 1628 5111 fuisse
1680 5054 2054 5141 redliibitioni

411 5127 750 5197 cae‘terorum
804 5127 1242 5210 annumergtos,
1277 5127 1414 5210 quia
1466 5144 1600 5210 non
1649 5127 1801 5180 sicut
1850 5131 2053 5210 caetera

410 5213 723 5283 perierant,
758 5211 872 5283 sed
894 5222 1068 5283 penes
1099 5197 1369 5283 Deumjn
1394 5204 1753 5283 perpetuum
1788 5213 1891 5267 per
1922 5197 2047 5268 glo-

411 5272 557 5339 riam
590 5272 730 5338 .lobo
762 5280 873 5351 ipsi
895 5272 1095 5332 'vivere
1127 5272 1623 5351 intelligebaptur:
1660 5273 1779 5323 Rm.

481 5358 592 5427 (87)
625 5341 911 5422 Inﬁrnium
940 5365 1051 5404 non.
1078 5344 1345 5427 eirtgndz't.
1375 5341 1727 5397 Imbecillum
1779 5356 1892 5392 non
1919 5355 2049 5410 pre-

411 5417 519 5483 mit
559 5417 661 5483 aut
691 5417 892 5496 gravat
924 5436 1113 5476 onere.
1152 5417 1277 5470 R10.
1334 5488 1365 5497 Η
1444 5488 1479 5497 “
1530 5486 1539 5497 1
1648 5484 1681 5497 Ι,
1758 5482 1767 5492 ⁸

499 5501 589 5570 88)
628 5486 902 5553 Vnientem
958 5508 1067 5546 non
1097 5488 1385 5544 consumit.
1444 5486 1683 5539 Robusti
1716 5486 1867 5536 vires
1930 5498 2043 5537 non

404 5568 701 5625 exhaurit.
741 5568 870 5622 R16.
1259 5629 1266 5638 ⁸
1662 5626 1671 5635 ⁸
1915 5622 1925 5634 .
1956 5622 1967 5633 ⁹

474 5641 588 5713 (89)
621 5642 789 5713 Quem
822 5636 991 5713 terti0_
1015 5633 1147 5713 vidit
1180 5629 1347 5710 Elius.
1397 5626 1525 5696 Ipse
1556 5629 1926 5713 optimust;ng
1953 5639 2040 5713 in?

401 5694 871 5785 ιφέρτέεἶιίδμιν)
922 5705 1061 5785 αίὲυκ
1077 5694 1446 5785 ,Μίξνσίοηβνηέ
1466 5778 1476 5785 ,
1494 5694 1633 5785 Pati-
1647 5694 1916 5785 ἐξῃυὲξ
1930 5780 1953 5785 _
1968 5695 2041 5785 ἐξ

404 5766 715 5841 cleinentia
762 5766 869 5839 Dei
899 5794 914 5839 :
967 5775 1133 5846 Talis,
1166 5770 1377 5843 inquit,
1417 5766 1606 5843 utique
1640 5766 1811 5823 multo
1864 5766 2040 5838 magis

2177 3982 2291 4053 Non
2326 3983 2383 4053 in
2416 3982 2568 4052 igne,
2602 3982 2782 4050 inquit
2832 3981 3120 4053 Dominus,
3170 3982 3259 4035 sed
3315 3984 3376 4036 in
3427 3985 3631 4053 spiritu
3680 3989 3822 4040 miti.

2178 4052 2496 4122 Utrobique
2538 4057 2733 4107 autem
2786 4052 3039 4122 adspicit
3086 4053 3157 4106 ad
3207 4052 3514 4109 historiam
3550 4056 3708 4122 Elim,
3751 4057 3824 4111 IlI

2180 4124 2315 4194 Reg.
2353 4141 2400 4178 c.
2439 4124 2530 4194 10,
2561 4128 2617 4177 et
2667 4122 3003 4193 patientiam
3035 4124 3178 4178 dicit
3229 4126 3429 4180 sedere
3491 4128 3548 4180 in
3610 4128 3824 4183 throno

2178 4192 2752 4267 spiritusumitissimi
2784 4198 2841 4249 et
2872 4195 3358 4267 mansuetissimi,
3418 4214 3594 4267 quem
3656 4202 3824 4255 tertio

2174 4268 2319 4321 vidit
2378 4265 2553 4320 Elias.
2590 4266 2817 4319 Etenim
2871 4271 2990 4322 tres
3055 4266 3171 4320 illic
3228 4265 3479 4323 visiones
3508 4269 3641 4323 Elite
3700 4289 3826 4326 sese

2175 4339 2464 4404 offerunt;
2498 4336 2689 4409 prima
2712 4342 2772 4409 et
2804 4338 3081 4405 secunda,
3115 4340 3358 4409 angelus
3388 4340 3622 4395 Domini
3657 4360 3822 4397 man-

2176 4410 2311 4463 data
2342 4409 2509 4463 ati'ert
2539 4409 2610 4462 ad
2636 4408 2844 4477 Eliam,
2879 4410 3068 4473 tertia,
3105 4408 3229 4479 ipse
3271 4411 3555 4466 Dominus
3605 4430 3721 4467 non
3766 4416 3823 4469 in

2172 4486 2345 4535 vento
2378 4480 2779 4550 confringente
2815 4486 3028 4551 petras,
3063 4497 3176 4534 non
3210 4480 3266 4535 in
3298 4488 3467 4538 terra;
3501 4491 3823 4551 motu,non

2173 4552 2231 4605 in
2260 4552 2525 4634 igne,sed
2556 4557 2693 4634 post
2713 4568 2917 4605 auram
2951 4551 3338 4634 tranquillam
3361 4559 3416 4608 et
3447 4557 3654 4634 mitem
3684 4557 3827 4634 allo:

2172 4624 2376 4694 quitur
2407 4622 2748 4697 prophetam
2784 4640 2981 4677 suum.
3016 4624 3076 4677 In
3108 4622 3427 4697 illoigitur
3458 4628 3675 4697 spiritu
3708 4629 3826 4684 leni

2172 4694 2785 4767 teneraegserenitatis,
2820 4701 3018 4766 aperto
3077 4700 3133 4750 et
3188 4694 3441 4767 simplici
3482 4694 3692 4755 sedere
3746 4703 3826 4755 ait

2170 4765 2511 4837 patientiam
2552 4765 2890 4836 Septimius.
2932 4769 3057 4821 RIG.

2240 4836 2352 4905 (90,)
2386 4840 2520 4893 Cum
2572 4853 2701 4919 ergo
2753 4839 2987 4964 εϐἱζίεᾳδ
3031 4838 3463 4919 Dci'descendit,
3516 4844 3628 4896 etc.
3681 4845 3822 4921 Sen-

2244 4914 2427 4962 sest:
2490 4907 2708 4964 Spiritu
2819 4925 2867 4963 ei
2930 4926 2988 4963 in
3020 4907 3416 4964 Christianum
3474 4928 3819 4964 auemniam

2168 4923 2271 4984 sus
2296 4914 2427 4984 est_:
2490 4906 2708 4976 Spiritu
2768 4906 2867 4984 Dei
2930 4909 2988 4984 in
3020 4907 3416 4984 Christianum
3474 4915 3820 4984 quempiam

2165 4979 2575 5052 descendente,
2600 4998 2716 5034 una
2745 4981 2922 5035 etiam
2952 4981 3253 5052 descendit
3283 4979 3587 5052 patientia,
3617 4979 3819 5041 comes
3880 5006 3885 5011 ‘

2164 5050 2484 5105 individua.
2534 5051 2952 5106 Admittendus
3018 5050 3194 5118 igitur
3224 5050 3357 5107 cum
3419 5070 3529 5109 sua
3578 5059 3814 5111 comite.

2161 5121 2345 5194 Quam
2370 5122 2419 5176 si
2453 5136 2565 5194 non
2591 5122 3154 5177 admiserimuscum
3186 5124 3818 5194 Spiritu,credimusne

2160 5192 2283 5265 fore
2310 5199 2368 5248 ut
2395 5191 2635 5263 Spiritui
2686 5211 2919 5265 semper
2976 5194 3033 5248 in
3084 5191 3252 5250 nobis
3302 5198 3517 5251 morari
3579 5199 3817 5254 libeat?

2085 5280 2129 5343 D
2162 5263 2303 5327 Imo,
2340 5265 2533 5343 nescio
2565 5283 2636 5320 an
2665 5263 2919 5343 resideat
2947 5264 3391 5343 aliquantisper.
3418 5268 3649 5325 Etenim
3687 5272 3813 5326 sine

2164 5352 2267 5389 sua
2290 5336 2499 5408 comite
2529 5350 2594 5391 ac
2628 5338 2897 5393 ministra
2937 5338 3151 5408 ubiqus
3196 5336 3429 5408 semper
3473 5342 3688 5395 anxius
3748 5358 3812 5397 ac

2159 5406 2830 5480 perplexuslaborabit:
2873 5406 3266 5480 quodcunque
3319 5406 3592 5467 diabolus
3652 5415 3806 5467 inﬂi-

2154 5479 2323 5541 xerit,
2358 5478 2526 5561 solus.
2552 5482 2863 5561 sustinere
2887 5478 3000 5561 non
3036 5478 3259 5561 peterit,
3294 5487 3807 5561 carensusatellite

2154 5549 2567 5618 suo,patientia
2584 5549 3157 5616 scilicet,fortissimo
3201 5553 3534 5609 sustinendi
3585 5557 3807 5611 instru-

2154 5626 2370 5675 mento.
2406 5622 2527 5675 Rie.

2224 5692 2664 5769 (9‘1)Lenocin_iis
2712 5696 3067 5765 negotiantes.
3109 5696 3314 5769 Etiam
3361 5695 3482 5751 haec
3559 5698 3804 5769 phrasis

2149 5769 2238 5820 est
2259 5764 2839 5837 jureconsultorum:
2881 5782 3042 5834 nam,
3074 5770 3222 5825 teste
3252 5767 3522 5842 Ulpiano,
3559 5764 3645 5827 'de
3700 5769 3800 5828 his
