4148 6194
255 270 416 332 1385

1538 265 1771 327 LIBER
1812 268 1839 329 Ῑ
1883 270 1989 329 AD
2029 266 2386 330 UXOREM.

3510 273 3670 335 I386

248 402 461 475 pandis
516 398 868 456 orbitatibus
924 398 1035 468 (92)
1092 413 1327 454 omnem
1392 400 1573 454 coacti
1623 399 1893 471 obsequii
1925 408 1981 472 Α
2008 400 2119 455 Sed
2153 399 2361 455 viderit
2386 416 2493 455 sua
2522 398 2636 470 (95)
2658 404 2713 455 et
2734 400 2819 455 sui
2851 402 3115 472 praesidis
3148 402 3257 475 (96)
3290 404 3571 476 patientia
3592 407 3660 477 “,

245 493 507 547 laborem
540 488 801 544 mentitis
818 486 1223 542 affectionibus
1246 487 1452 543 tolerat
1478 505 1490 554 ;
1525 504 1651 558 quae
1673 490 1893 544 ventris

243 579 542 651 operarios
555 578 668 649 (93)
682 576 1118 631 contumeliosis
1133 576 1893 645 patrociniis‘5subjectione

245 668 533 725 libertatis
573 667 723 737 gulae
754 666 799 709 ὀδ
827 665 1074 721 addicit.
1115 665 1276 720 Talia
1310 666 1578 720 nationes
1611 667 1899 736 patientia:

246 758 446 815 studia
476 761 802 823 noverunt;
835 759 893 810 et
913 753 1057 809 tanti
1093 754 1228 808 boni
1261 769 1472 808 nomen
1500 754 1666 810 foedis
1696 772 1898 826 opera-

248 848 511 903 tionibus
541 847 831 916 occupant
861 860 874 899 :
909 843 1198 915 patientes
1230 842 1500 898 rivalium
1544 848 1600 898 et
1648 844 1896 900 divitum

251 941 309 992 et
336 935 717 991 invitatorum
740 933 871 1004 (94),
905 931 1279 1003 impatientes
1311 930 1495 987 solius
1529 931 1627 987 Dei
1675 932 1894 989 vivunt.

2005 505 2180 561 quam
2222 489 2425 544 subter
2472 489 2625 560 ignis
2679 491 2788 561 (97)
2849 495 3161 559 exspectat.
3219 492 3504 550 Caeterum
3558 513 3665 552 nos

2012 594 2257 633 amenus
2292 578 2627 649 patientiam
2660 579 3134 651 Dei,pattentiam
3168 581 3381 637 Christi
3419 600 3666 657 :repen-

2010 667 2219 722 damus
2249 666 2329 721 illi
2363 684 2538 737 quam
2572 686 2676 739 pro
2709 669 2879 723 nobis
2911 668 3035 739 ipse
3081 670 3359 742 dependit
3388 673 3452 730 ‘5.
3509 673 3665 729 Offe-

2011 770 2211 810 ramus
2242 754 2586 825 patientiam
2619 756 2884 827 spiritus,
2920 757 3262 829 patientiam
3305 761 3522 832 carnis,
3560 779 3639 835 qu

2009 843 2066 897 in
2099 844 2587 899 resurrectionem
2633 845 2677 879 ‘9
2729 845 2923 901 carnis
2966 852 3024 902 et
3055 846 3302 919 spiritus
3332 851 3655 907 credimus.

1676 1049 1879 1111 Varias
1910 1050 2230 1111 lectiones.

318 1159 363 1202 δα
388 1155 1170 1237 βρᾳῑυφθΙίρερνεξερᾳιηοηὶε
1208 1156 1411 1237 Wouzo.
1452 1153 1571 1236 ΜΞ..
1594 1155 2035 1237 contumeliosis
2078 1157 2341 1237 patronis
2389 1158 2592 1237 Κέρας..
2648 1159 2693 1203 ‘8
2738 1157 2885 1237 Gula
2934 1160 3136 1237 Wouw.
3172 1160 3296 1237 MS._
3341 1171 3649 1237 utrumque

244 1232 397 1286 abest
428 1231 639 1300 Rigalt.
714 1230 757 1264 ιτ
786 1228 1054 1283 Viderint
1084 1243 1249 1281 suam
1284 1227 1376 1282 sui
1406 1227 1682 1299 praasides
1713 1243 1889 1298 quam
1922 1227 2093 1283 Fraa.’
2162 1229 2207 1262 ⁸⁸
2233 1227 2499 1284 Defendit
2529 1230 2696 1285 Rhea.
2772 1230 2816 1266 ‘9
2845 1231 2951 1294 Qui
2989 1233 3477 1292 resurrectionem
3505 1227 3612 1293 lim
3636 1276 3650 1292 .

1688 1345 1835 1404 Com
1848 1345 2211 1405 mentarius.

240 1453 341 1526 qui
383 1456 664 1509 notantur
708 1449 951 1526 infamia
981 1453 1053 1518 (ο.
1105 1450 1147 1526 l.
1175 1448 1501 1526 _atl_iletas),_
1527 1448 1885 1526 lenocinium

245 1520 381 1581 facit
412 1527 511 1598 qui
547 1522 902 1598 quaestuaria
933 1521 1226 1598 mancipia
1254 1520 1551 1598 habuerit,
1578 1522 1767 1598 sedet
1788 1522 1885 1594 qui

240 1599 302 1652 ib
335 1593 533 1653 liberis
565 1593 735 1663 (adde
758 1610 823 1649 ex
854 1593 1143 1649 sententia
1165 1594 1418 1647 auctoris
1441 1593 1888 1664 uxorem),hunc

243 1675 470 1742 quaestu
483 1686 533 1723 m
567 1672 811 1742 exercet.
846 1666 991 1742 Pam.

319 1744 425 1811 (92)
459 1741 821 1812 Hucupandis
849 1737 1203 1812 orbitatibas.
1243 1735 1562 1812 Notissima
1604 1741 1691 1790 est
1721 1735 1890 1812 sedu-

242 1806 382 1868 litas
410 1806 896 1883 heredipetarum
929 1808 1029 1879 qui
1059 1808 1229 1863 orbos
1255 1807 1597 1883 cmlibesque
1632 1806 1887 1883 muneri-

246 1885 357 1959 bus
388 1878 666 1959 omgnique
686 1878 1012 1959 officiorum
1035 1895 1245 1959 genere
1278 1878 1592 1959 palpabant
1717 1880 1887 1959 haere-
1918 1886 1963 1949 Β

244 1957 347 2011 des
378 1949 789 2011 scriberentur.
824 1954 903 2008 De
948 1952 1020 2006 iis
1051 1949 1110 2003 in
1163 1949 1473 2013 Paradoxis
1524 1949 1773 2005 Tullius.
1808 1950 1887 2004 De

243 2028 452 2082 iisdem
492 2030 550 2082 Β.
588 2027 993 2095 Hieronymus,
1026 2021 1206 2092 Epist.
1239 2024 1295 2086 2,
1327 2039 1453 2093 quas
1502 2029 1591 2076 est
1620 2023 1693 2075 ad
1722 2021 1886 2084 Nepo-

241 2102 466 2155 tianum
510 2116 528 2152 :
579 2120 606 2147 ‹‹
667 2098 850 2152 Audio
907 2101 1204 2165 praeterea,
1279 2095 1333 2147 in
1394 2110 1564 2149 senes
1621 2100 1679 2147 et
1736 2111 1885 2147 anus

243 2172 464 2240 absque
496 2170 716 2237 liberis,
739 2167 1143 2245 quorumdam
1162 2171 1347 2245 turpe
1384 2165 1706 2245 servitium.
1738 2165 1884 2245 ipsis

243 2236 544 2314 apponunt
572 2236 875 2314 matulam,
908 2238 1179 2314 obsident
1204 2236 1439 2314 lectum,
1485 2236 1883 2314 purulentian‘.

242 2308 532 2369 stomachi
583 2320 638 2367 et
690 2311 1023 2383 phlegmata
1079 2308 1374 2383 pulmonis
1423 2325 1599 2383 manu
1652 2308 1883 2383 prepria

238 2387 575 2457 suscipiunt
602 2380 796 2457 atetc.
830 2380 973 2435 Vide
1005 2386 1184 2457 totam
1244 2380 1574 2457 epistolam,
1628 2385 1785 2457 torno
1838 2380 1878 2457 I.

243 2464 319 2513 DE
351 2450 454 2511 Pa.
486 2487 555 2496 —
592 2480 612 2505 ι
646 2456 783 2518 Qua:
832 2453 1198 2522 ancupandis
1245 2452 1621 2507 orbitatibus.
1658 2450 1884 2506 »Notat

236 2532 724 2585 testamentorum
757 2531 1107 2592 captatores,
1147 2539 1295 2594 quos
1325 2524 1505 2579 satira
1534 2523 1883 2577 duodecima

237 2602 434 2672 arguit
464 2599 782 2654 Juvenalis.
818 2598 1001 2673 Busa.
1116 2669 1125 2673 Δ
1282 2668 1293 2673 _
1429 2665 1466 2673 __
1516 2668 1526 2673 _
1797 2663 1806 2673 _

309 2665 423 2744 (93)
473 2673 605 2741 Quae
652 2670 858 2726 ventris
886 2669 1229 2744 _opemrios.__
1267 2665 1534 2737 Appellat
1584 2665 1881 2734 operarios

233 2736 661 2811 ventrisfcum
705 2736 1104 2811 parasitosiet
1158 2736 1483 2811 alienarum
1536 2751 1878 2790 mensarum

236 2810 515 2876 asseclas,
548 2815 763 2885 quibus
794 2812 940 2867 nihil
973 2810 1131 2866 aliud
1164 2816 1253 2865 est
1283 2810 1471 2885 magis
1503 2824 1686 2885 cura},
1701 2824 1877 2885 quam

238 2895 301 2943 ut
342 2887 529 2941 ventri
564 2879 832 2941 satisfiat
873 2901 885 2939 :
941 2887 1067 2936 tum
1113 2898 1212 2938 eos
1263 2879 1473 2952 quise
1521 2879 1581 2952 in
1632 2879 1877 2934 divitum

232 2959 563 3015 clientelam
602 2958 864 3022 tradunt,
899 2954 1115 3026 quibus
1164 2953 1245 3007 illi
1285 2951 1505 3026 postea
1536 2951 1875 3007 abutantur.

1998 1450 2531 1577 Pnst—ti'entris
2558 1454 2858 1524 operarios.
2895 1454 3189 1511 Parasitos
3221 1473 3373 1529 quos
3404 1462 3460 1515 et
3492 1458 3657 1515 Luci-

2023 1540 2133 1577 ius.
2217 1540 2284 1577 en
2322 1540 2411 1577 res
2446 1541 2458 1577 :

2023 1540 2133 1590 ius,
2177 1540 2411 1579 ventres
2446 1541 2458 1579 :

2215 1637 2387 1691 Vivite,
2422 1637 2658 1689 lurcones,
2686 1638 2994 1693 comedones,
3026 1641 3181 1693 vivite,
3218 1646 3436 1689 ventr-s.

2070 1741 2198 1812 ipse
2226 1737 2494 1812 Tertull._,
2546 1738 2605 1812 in
2653 1738 2874 1812 Apoloy.
2913 1757 2927 1812 ς
2961 1763 2989 1790 ‹‹
3037 1741 3283 1796 Parasiti
3337 1742 3493 1812 apud
3546 1758 3647 1797 vos

1997 1809 2269 1865 ati'eciant
2315 1809 2384 1863 ad
2434 1809 2704 1879 gloriam’
2755 1811 3103 1866 famulandae
3170 1809 3482 1878 libertatis,
3534 1814 3643 1869 sub

1997 1885 2436 1956 auctoramento
2460 1881 2676 1937 ventris
2699 1880 2851 1956 inter
2867 1884 3254 1939 contumelias
3269 1884 3643 1956 saginandi.»

1998 1953 2306 2023 Propterea
2350 1969 2480 2007 mox
2532 1952 2919 2023 parasitorum
2969 1956 3305 2012 invitatores
3338 1952 3643 2011 contume-

1995 2026 2173 2099 liosos
2198 2030 2471 2099 patronos
2506 2031 3037 2099 nuncupatrAtque
3067 2026 3179 2098 ipsi
3213 2029 3461 2098 parasiri
3486 2029 3639 2099 apud

1995 2098 2272 2181 comicos,
2317 2095 2712 2177 plagipatidae,
2735 2097 2950 2181 et'duri
2984 2095 3320 2181 capitones;
3379 2101 3446 2155 Et
3492 2095 3641 2156 invi-

1994 2175 2247 2223 tatorum
2284 2184 2496 2222 mensa:
2532 2168 2767 2237 iniquas,
2797 2167 3097 2225 Juvenalis
3129 2172 3250 2227 Sat.
3285 2172 3409 2226 RIG.

2069 2240 2182 2309 (94)
2215 2241 2489 2293 Patientes
2518 2239 2781 2293 rivalium
2810 2244 2859 2294 et
2890 2242 3131 2295 divitum
3171 2247 3220 2297 et
3261 2244 3640 2298 invitatorum.

1994 2310 2286 2366 Patientes
2314 2310 2583 2365 rivalium
2615 2312 2754 2365 dicit
2786 2313 3027 2368 maritos
3060 2314 3191 2368 dote
3220 2315 3456 2369 venales
3490 2331 3503 2369 :
3539 2314 3644 2368 Pa-

1993 2385 2204 2437 tientes
2254 2383 2499 2437 divitum
2553 2383 2935 2454 hazredipetas
2992 2385 3341 2441 insidiantes
3394 2385 3643 2440 divitum

1993 2454 2381 2527 orbitatibus;
2420 2454 2704 2525 patientes
2736 2455 3140 2525 invitatorum,
3192 2456 3506 2527 parasitos,
3539 2457 3643 2527 qui

1993 2527 2143 2597 apud
2177 2526 2515 2600 invitatores
2547 2526 3141 2600 contumeliosissime
3163 2526 3641 2600 pascebant.RiG.

2061 2598 2308 2671 (95)7Sed
2336 2598 2536 2671 viderit
2565 2615 2683 2652 sua.
2721 2598 2947 2654 Viderit
2988 2598 3270 2671 patientia
3298 2601 3638 2668 Nationum,

1991 2686 2118 2739 quas
2154 2669 2363 2724 rivales
2395 2674 2452 2724 et
2485 2669 2690 2725 divites
2720 2674 2779 2725 et
2808 2669 3147 2729 invitatores
3178 2671 3642 2728 contumeliosis-

1991 2742 2172 2795 simos
2206 2742 2442 2808 patitur.
2480 2741 2605 2796 Rm.

2063 2814 2170 2881 (96)
2205 2812 2306 2866 Sui
2332 2813 2624 2881 prasidiis.
2654 2816 2901 2868 Satanas.
2932 2814 3061 2869 RIG.

2060 2883 2166 2951 (97)
2201 2884 2394 3010 δεξιον
2422 2886 2585 2954 ignis.
2628 2885 2788 2956 Ignis
2817 2888 3014 2941 arcani
3066 2886 3175 2941 sub
3224 2890 3443 2943 terram
3511 2887 3641 2943 the-

2060 2972 2225 3010 urus.
2310 2972 2386 3010 ια.

1990 2970 2225 3010 ΒΕΠΓΠΒ.
2258 2970 2386 3010 HIG.

426 3234 607 3435 ρ.
732 3233 1286 3397 SEPT.
1414 3232 1986 3407 FLOR.
2108 3234 3455 3399 TERTULLIANI

842 3498 1058 3593 AD
1162 3494 1903 3595 UXOREM
1986 3494 2458 3595 LIBRI
2576 3496 2908 3596 Ι)υο
2955 3479 3025 3594 1.

1466 3665 1832 3758 LIBER
1900 3665 2388 3761 PRIMUS.

1623 3970 2251 4027 ABGIJMENTUM.

298 4086 702 4152 Tertullianus,
736 4086 855 4143 sive
884 4091 1046 4141 aetate
1077 4084 1161 4142 vel
1196 4084 1391 4140 morbo
1416 4085 1841 4154 ingravescente
1873 4086 2268 4152 monitus,sive
2293 4085 2411 4155 jam
2444 4085 2612 4142 rebus
2643 4086 3007 4143 saecularibus
3036 4086 3301 4142 nuntium
3343 4087 3640 4156 missurus,

227 4183 291 4231 ut
317 4176 530 4231 arctius
559 4175 937 4230 Christianam
975 4173 1328 4242 proﬁteretur
1358 4174 1745 4243 disciplinam,
1778 4182 1828 4229 et
1854 4174 1923 4228 ad
1978 4174 2243 4230 sublimis
2294 4176 2594 4232 sacerdotii
2642 4175 2862 4246 fastigia
2908 4174 3259 4243 eveheretur,
3310 4176 3379 4230 ad
3412 4191 3641 4232 uxorem

229 4267 391 4334 quasi
425 4265 744 4318 testamenti
779 4264 995 4317 tabulas
1023 4262 1319 4329 condidili,
1353 4264 1493 4319 duos
1523 4280 1728 4332 nempe
1761 4264 1928 4318 hosce
1958 4262 2153 4327 libros,
2186 4265 2244 4318 in
2276 4280 2517 4333 quorum
2554 4265 2735 4333 primo
2765 4281 2998 4320 uxorem
3058 4280 3224 4319 suam
3272 4264 3531 4319 hortatur
3586 4267 3649 4319 ut

228 4354 277 4407 si
312 4352 463 4422 prior
486 4352 607 4421 ipse
631 4352 698 4406 ad
737 4351 1039 4406 Dominum
1072 4351 1413 4420 migraverit,
1448 4368 1479 4405 a
1510 4351 1776 4407 secundis
1807 4351 2017 4420 nuptiis
2056 4351 2361 4419 abstineat,
2396 4353 2453 4406 in
2488 4352 2667 4407 altero
2715 4367 2843 4406 vero
2896 4351 3151 4422 praecipit
3203 4358 3263 4406 ut
3310 4352 3355 4406 si
3414 4351 3648 4421 nubere,

228 4440 388 4510 velil,
420 4446 639 4495 tantum
671 4455 801 4497 cum
833 4438 1152 4495 Christiano
1181 4440 1299 4495 viro
1325 4440 1721 4511 conjungatur.
1756 4440 1850 4495 Sic
1880 4455 1939 4494 se
1972 4438 2137 4495 habet
2166 4441 2343 4496 totius
2371 4441 2557 4511 operis
2579 4448 2927 4512 prospectus.

775 4686 1009 4742 CAPUT
1053 4685 1354 4741 PRIMUM.

311 4776 568 4845 Dignum
619 4775 755 4830 duxi
805 4776 848 4845 ³,
905 4773 1281 4828 dilectissime
1335 4774 1478 4827 mihi
1512 4774 1622 4828 ain
1648 4775 1892 4830 Domino

234 4881 540 4930 conserva,
574 4864 711 4934 quid
746 4863 851 4917 tibi
887 4863 1231 4918 sectandum
1280 4862 1356 4917 sit
1402 4867 1537 4933 post
1566 4864 1893 4919 discessum

232 4957 311 5010 de
343 4952 559 5009 saeculo
592 4969 813 5021 meum,
861 4952 910 5007 si
962 4952 1123 5023 prior
1152 4954 1207 5006 te
1255 4950 1420 5005 fuero
1469 4958 1728 5021 vocatus,
1766 4953 1894 5021 jam

2012 4687 2147 4742 hinc
2204 4688 2507 4759 providere
2566 4688 2816 4755 I275;
2879 4690 2943 4742 ut
3000 4684 3300 4758 provisum
3360 4686 3655 4757 observes,

2007 4778 2288 4832 mandare
2321 4778 2455 4832 ﬁdei
2485 4783 2613 4831 tum.
2648 4782 2788 4831 Nam
2823 4775 3204 4831 saacularibus
3244 4774 3389 4830 satis
3419 4781 3658 4848 agentes

2007 4882 2216 4919 sumus
2246 4871 2302 4920 et
2340 4866 2575 4937 utrique
2609 4870 2877 4919 nostrum
2930 4862 3265 4919 consultum
3308 4863 3582 4920 volumus
3613 4866 3653 4921 ‘.

2010 4953 2066 5008 Si
2100 4953 2319 5008 talibus
2359 4954 2592 5009 tabulas
2623 4953 2967 5009 ordinamus
3001 4952 3098 5023 (1),
3146 4967 3249 5008 cur
3299 4969 3416 5008 non
3468 4953 3659 5027 magis

1641 5071 1845 5131 Varia:
1890 5072 2211 5132 lectiones.

317 5182 332 5215 ¹
367 5177 607 5233 Additur
636 5178 707 5232 de
738 5176 873 5231 unis
904 5176 1129 5247 nuptiis
1161 5178 1325 5232 Fran.

1431 5177 1451 5210 ²
1480 5176 1732 5247 Dignum
1769 5177 1930 5244 duxi,
1965 5179 2133 5232 abero.
2163 5194 2197 5231 a
2222 5179 2405 5247 prima
2454 5175 2625 5231 Rhea.
2706 5177 2725 5211 ³
2756 5177 2836 5231 Ita
2883 5177 3048 5230 Fran.
3096 5176 3277 5232 Paris.
3339 5178 3461 5248 Rig.
3512 5179 3662 5236 mihi

230 5251 389 5306 delet
417 5250 646 5322 Semler.
683 5321 692 5322 ί
724 5249 747 5282 ⁴
777 5248 961 5322 Irata:
988 5250 1328 5322 auctoritate
1357 5249 1480 5304 cod.
1513 5249 1677 5319 Agob.
1714 5248 2017 5322 consrvol.
2054 5250 2266 5322 talibus
2297 5248 2515 5303 talibus
2549 5248 2675 5302 ord.
2709 5249 2853 5303 hunc
2884 5248 3060 5322 locum
3089 5248 3409 5322 emendavit,
3432 5252 3661 5322 Rigalt:

246 5324 545 5387 Wouwer;
574 5321 630 5375 Si
663 5321 733 5375 de
766 5319 982 5375 talibus
1013 5320 1136 5374 ord.
1169 5321 1340 5373 Seml.
1375 5336 1445 5375 ea;
1470 5324 1553 5375 ed.
1590 5324 1771 5391 princ.
1807 5320 2078 5375 volumus
2128 5320 2345 5377 talibus
2377 5322 2502 5376 ord.
2538 5322 2727 5377 cceteri
2759 5336 2772 5377 :
2805 5324 2863 5376 et
2892 5319 3110 5377 talibus
3146 5321 3294 5393 ord.,
3324 5320 3417 5377 vel
3447 5319 3664 5378 si'tali-

233 5397 355 5449 bus
386 5394 513 5448 ord.

1671 5493 2192 5555 Commentarius.

316 5602 393 5673 (1)
426 5602 649 5673 Talibus
688 5598 918 5673 tabulas
948 5596 1293 5673 ordinamus.
1339 5597 1761 5670 Tertullianus,
1812 5606 1908 5659 Ec-

242 5668 443 5732 clesiae
473 5668 955 5742 Carthaginensis
990 5668 1315 5740 presbyter,
1349 5674 1522 5726 astate
1561 5673 1679 5742 jam
1711 5668 1906 5747 ingra-

571 5802 843 5864 Panos.
890 5798 944 5864 Ι.

2018 5604 2286 5656 vescente
2346 5601 2703 5671 admonitus,
2768 5600 2948 5656 libros
3025 5602 3096 5657 ad
3174 5614 3414 5656 uxorem
3470 5598 3666 5671 adhuc

2016 5672 2273 5729 vividam
2307 5673 2478 5743 duos,
2509 5674 2676 5744 quasi
2707 5673 3046 5730 testamenti
3076 5671 3310 5729 tabulas
3357 5670 3618 5730 condidit
3646 5690 3662 5732 :

3262 5802 3343 5865 Η
