4148 6194
459 291 617 352 i387

1012 284 1539 346 TERTULLIANI
1584 282 1911 345 OPERUM
1957 282 2155 343 PARS
2200 282 2247 341 Ι.
2282 315 2360 325 -
2393 278 2664 342 SERIES
2708 279 2787 346 ΙΙ.
2833 276 3320 339 DOGMATIGA.

3717 274 3871 336 i388

462 425 532 479 de
560 420 774 477 divinis
806 424 983 490 atque
1015 418 1348 474 coelestibus
1378 415 1705 488 posteritati
1735 420 1944 471 nostra:
1977 431 2109 488 pro-
2140 416 2194 482 Α
2226 408 3214 483 saeculodigressisnullarestitutie
3232 409 3576 480 nuptiarum
3601 409 3658 462 in
3682 407 3872 461 diem9

461 511 685 584 spicere
718 509 1058 577 debeamus,
1091 511 1148 561 et
1188 506 1446 578 legatum
1495 505 1928 576 quodammodo
1961 521 2110 575 prm-

462 602 679 674 legare;
712 596 1176 654 admonitionem
1212 601 1267 649 et
1297 595 1859 651 demonstrationem
1906 609 2107 648 eorum

466 708 592 763 quae
624 707 693 746 ex
738 687 908 743 bonis
960 685 1414 751 immortalibus,
1459 689 1515 740 et
1565 685 1657 756 [de
1701 685 1743 755 ⁸]
1776 683 2114 738 hereditate

468 779 743 835 caelorum
776 778 1180 847 deputantur?
1209 775 1293 829 Tu
1332 774 1502 828 modo
1534 776 1599 827 ut
1628 772 1884 827 solidum
1910 787 2115 842 capere

468 867 682 941 possis,
736 867 842 921 hoc
889 879 1028 918 mea:
1096 863 1518 919 admonitionis
1566 863 1587 897 °
1635 861 1768 916 fidei
1835 860 2113 915 commis-

470 974 600 1014 sum
638 958 735 1027 (2),
771 956 918 1009 Deus
953 952 1129 1007 faciat
1164 969 1176 1006 :
1212 952 1301 1006 cui
1338 952 1413 1006 sit
1444 951 1652 1019 honor,
1703 950 1913 1021 gloria,
1946 949 2114 1003 clari-

468 1052 580 1116 tas,
612 1043 869 1116 dignitas
899 1044 941 1109 ⁷,
973 1046 1230 1112 potestas
1260 1042 1300 1110 ⁸,
1338 1057 1492 1095 nunc
1525 1045 1580 1095 et
1612 1040 1670 1094 in
1700 1039 1913 1094 saecula
1936 1055 2114 1094 saecu-

468 1137 682 1203 lorum,
715 1150 907 1189 amcn.
940 1130 1218 1201 PPEBClplO
1250 1130 1434 1201 igitur
1482 1128 1608 1196 tibi,
1662 1133 1882 1200 quanta
1932 1128 2116 1183 conti-

469 1224 669 1281 nentia
715 1227 900 1295 potes,
950 1224 1083 1291 post
1148 1236 1451 1274 excessum
1503 1225 1764 1273 nostrum
1818 1216 2118 1272 renunties

470 1312 691 1384 nuptiis
744 1328 757 1366 :
804 1308 951 1365 nihil
1000 1308 1145 1363 mihi
1194 1308 1306 1362 isto
1364 1307 1599 1362 nomine
1648 1306 1953 1372 collatura,
2008 1306 2119 1360 nisi

470 1402 626 1472 quod
676 1398 778 1454 iibi
846 1399 1052 1453 1276
1104 1396 1389 1468 proderis.
1441 1400 1718 1451 Caeterum
1771 1395 2121 1450 Christianis

2221 501 2666 558 resurrectionis
2714 498 3167 571 repromittitur,
3224 497 3531 552 translatis
3562 496 3787 551 scilicet
3818 496 3874 549 in

2223 591 2545 663 angelicam
2594 589 2940 661 qualitatem
3000 592 3054 642 et
3123 586 3497 641 sanctitatem
3561 604 3575 641 :
3631 585 3873 657 proinde

2224 680 2558 735 sollicitudo
2594 679 2757 734 nulla
2787 694 2914 749 quae
2947 678 3017 731 de
3048 677 3241 731 carnis
3275 675 3399 731 zelo
3444 677 3521 746 (3)
3553 674 3644 729 vel
3678 674 3733 728 in
3771 675 3870 728 Do-

2224 770 2368 823 mini
2404 768 2751 823 sententiam
2796 768 2958 821 illam
2994 767 3056 836 1°,
3092 781 3271 835 quam
3321 768 3544 836 septem
3601 763 3875 817 fratribus

2226 877 2328 932 per
2354 857 2783 914 successionem
2819 856 3046 928 nuptiis
3083 855 3414 925 voluerunt,
3465 854 3761 909 neminem
3795 857 3879 908 tot

2226 949 2569 1003 maritorum
2604 945 3049 1003 resurrectionis
3079 945 3138 999 in
3170 945 3263 999 die
3294 944 3567 1011 offendet,
3590 960 3697 998 nec
3720 943 3875 1014 quis-

2228 1054 2406 1107 quam
2441 1035 2600 1091 illam
2635 1036 2994 1091 confusurus
3022 1038 3314 1104 exspecta.
3364 1032 3615 1098 Quaestio
3655 1031 3879 1086 Saddu-

2226 1142 2476 1181 caeorum
2519 1124 2697 1181 cessit
2723 1122 3031 1179 sententiae
3059 1121 3306 1177 Domini.
3344 1122 3459 1177 Nec
3506 1123 3547 1157 ¹¹
3584 1137 3678 1175 me
3707 1126 3878 1192 putes

2228 1219 2465 1287 propter
2496 1214 2689 1269 carnis
2719 1218 2833 1268 tuas
2858 1210 3255 1285 integritatem
3278 1210 3425 1265 mihi
3447 1211 3880 1265 reservandam.

2228 1306 2300 1360 de
2331 1302 2697 1360 contumeliis
2746 1302 2944 1357 dolore
2995 1305 3359 1372 suspectum,
3410 1299 3713 1355 insinuare
3753 1298 3879 1368 jam

2229 1393 2365 1448 hinc
2417 1393 2519 1448 tibi
2561 1391 2877 1447 consilium
2924 1388 3229 1445 viduitatis
3282 1406 3296 1444 :
3350 1388 3497 1444 nihil
3550 1392 3690 1442 tunc
3731 1386 3885 1440 inter

1892 1495 2097 1557 Variae
2127 1494 2451 1555 lectiones.

547 1604 567 1639 ε
594 1595 673 1651 De
716 1594 866 1649 abest
894 1590 1050 1647 aliis.
1126 1593 1147 1627 ⁶
1179 1596 1259 1647 Ac
1289 1594 1541 1647 inserunt
1579 1592 1702 1647 alii.

546 1666 609 1722 ll.
644 1683 724 1722 n..
759 1682 856 1722 au.
891 1664 961 1718 de
995 1681 1043 1717 c.
1078 1664 1220 1718 zelo.
1256 1663 1355 1718 Vel
1388 1664 1618 1718 Domini
1653 1679 1702 1718 se

478 1683 609 1723 sou.
644 1683 724 1733 n.,

1780 1592 1799 1625 τ
1830 1591 1898 1645 Et
1939 1591 2077 1646 add.
2130 1591 2256 1645 alii.

2360 1589 2380 1624 ⁸
2430 1590 2498 1644 Et
2547 1588 2794 1645 additur.
2872 1587 2893 1622 θ
2935 1586 3037 1642 Die
3083 1586 3219 1642 alii.
3299 1585 3343 1622 ίο
3397 1584 3607 1655 Vulgo:
3640 1581 3887 1638 Proinde

759 1682 856 1734 qu.
891 1664 961 1718 de
995 1681 1043 1717 c.
1078 1664 1220 1718 zelo.
1256 1663 1355 1718 Vel
1388 1664 1618 1718 Domini
1653 1664 1941 1718 sententia
1968 1662 2240 1718 Seml.vel
2270 1660 2329 1714 in
2362 1662 2711 1734 sententiam
2748 1658 2912 1734 iliam
2937 1658 3035 1713 illa
3065 1661 3505 1734 quamsepteui
3525 1656 3707 1734 fr._pe_r
3730 1669 3884 1734 suae.

476 1724 751 1811 nupsisse
775 1724 1108 1811 voluerunt,
1141 1736 1355 1811 S_eml._:
1392 1735 1611 1811 nuptiis
1639 1734 1899 1790 evolvere
1930 1751 2099 1789 nemo
2132 1738 2218 1811 t_ot
2263 1750 2409 1811 mar.
2456 1750 2566 1789 res.
2602 1733 2694 1787 die
2726 1732 2999 1811 offendet.
3051 1724 3389 1811 Catia-Agat).
3427 1745 3439 1781 :
3472 1724 3882 1811 Proindesol}.

478 1830 537 1867 n.
563 1797 688 1880 quis
721 1810 791 1864 de
822 1824 870 1863 c.
902 1807 1025 1862 zelo
1053 1797 1231 1880 venit,
1264 1808 1438 1862 etiam
1475 1797 1633 1880 illam
1670 1823 1847 1878 quam
1883 1811 2105 1880 septem
2140 1806 2421 1880 fratribus
2453 1822 2554 1880 per
2583 1797 3401 1880 successionem_maritorum
3426 1797 3885 1880 resurrectionis

478 1868 603 1938 dies
626 1881 895 1949 offendet,
928 1884 1038 1934 etc.
1071 1868 1449 1946 unde'Rigalt.
1484 1879 1602 1935 haec
1632 1868 1749 1935 sola
1779 1868 2017 1933 retineri
2037 1879 2211 1947 jussit
2240 1895 2258 1932 :
2292 1868 2537 1932 Proin-de
2567 1876 2696 1932 sol].
2741 1893 2801 1932 n.
2854 1892 2980 1946 quae
3012 1874 3083 1930 de
3109 1891 3159 1929 c.
3211 1890 3260 1927 z.
3312 1872 3469 1927 venit
3507 1873 3687 1927 etiam
3720 1868 3883 1924 illam

480 1959 704 2026 septem
737 1951 1080 2007 maritorum
1111 1967 1224 2006 res.
1260 1952 1352 2006 die
1385 1950 1656 2006 offendet.
1737 1951 1777 1986 “
1809 1950 1889 2005 Ne
1922 1949 2148 2005 Semler.

1893 2047 2420 2111 Commentarius.

483 2165 733 2223 quorum
756 2146 947 2223 altero
979 2147 1222 2223 quidem
1250 2145 1653 2223 delectissimte
1699 2146 1964 2223 conjugis
1998 2146 2130 2202 ﬁdei
2162 2150 2210 2215 B
2238 2143 2557 2223 Sequentia
2586 2159 2720 2199 vero
2750 2159 2763 2198 ε
2805 2163 2826 2191 α
2862 2142 2968 2223 Illa
2997 2158 3172 2223 quam
3204 2144 3427 2223 septem
3476 2139 3757 2222 fratribus
3789 2154 3888 2223 per

483 2218 818 2284 committit,
850 2225 914 2274 ut
946 2219 993 2273 si
1028 2219 1185 2288 prior
1210 2218 1334 2289 ipse
1365 2220 1434 2272 ad
1486 2218 1800 2273 Dominum
1837 2219 2128 2290 migrave-

484 2294 580 2363 rit,
614 2292 837 2363 nuptiis
879 2290 1156 2363 secundis
1201 2290 1525 2363 abstineat;
1560 2290 1737 2346 altero
1772 2291 2033 2363 praecipit
2064 2294 2130 2363 ut

486 2366 537 2422 si
569 2360 768 2419 minus
815 2362 1233 2417 abstinendum
1283 2362 1395 2417 sibi
1450 2363 1644 2427 ducat,
1693 2360 1928 2417 tantum
1957 2360 2127 2416 Chri-

486 2436 661 2493 stiani
694 2434 933 2505 nuptias
964 2438 1266 2505 sequatur.
1316 2434 1517 2503 Itaque
1567 2434 1755 2504 priore
1790 2433 1951 2505 libro
1984 2450 2126 2505 prte-

488 2510 662 2578 fatur,
718 2506 904 2561 hance
954 2522 1154 2578 curam
1205 2504 1446 2578 homine
1490 2520 1619 2560 esse
1656 2504 2131 2578 _Chri_stiano_di-

489 2575 859 2652 gnissimam.
890 2577 1118 2652 Etenim
1169 2592 1373 2652 omnes
1425 2575 1606 2652 ferme
1639 2576 1923 2652 homines
1956 2576 2132 2652 rebus

491 2647 638 2714 suis,
670 2648 947 2703 humanis
976 2654 1033 2703 et
1065 2647 1433 2712 mortalibus,
1467 2648 1713 2703 sollicite
1762 2653 1933 2717 atque
1966 2648 2135 2703 anxie

493 2722 814 2795 providere,
848 2737 915 2775 ac
946 2736 1123 2795 super
1153 2719 1239 2795 iis
1257 2719 1491 2795 tabulas
1524 2720 1967 2795 ordinare,quas
1998 2718 2133 2795 dili-

493 2790 832 2865 gentissime
863 2792 1078 2846 servari
1111 2791 1373 2863 cupiant.
1412 2792 1571 2856 Quod
1626 2790 1673 2845 si
1709 2790 2135 2865 momentaneis

494 2862 559 2948 ac
590 2863 863 2948 perituris
895 2862 1471 2948 tantopere‘c‘avent,
1522 2879 1627 2945 cur
1670 2879 1783 2948 non
1830 2864 2017 2945 magis
2065 2862 2136 2916 de

494 2932 707 2993 divinis
737 2940 911 3005 atque
943 2932 1377 2989 immortalibus
1433 2934 1604 2989 bonis
1650 2934 1975 3004 posteritati
2016 2950 2134 2987 sua:

495 3007 831 3065 consultum
880 3006 1122 3060 velint?
1173 3027 1197 3056 ι)
1252 3011 1393 3060 Nam
1456 3005 1852 3070 saecularibus,
1925 3005 2134 3074 inquit,

495 3079 638 3136 satis
670 3082 907 3149 agentes
929 3082 1224 3143 sumus,et
1247 3078 1480 3147 utrique
1511 3082 1777 3132 nostrum
1803 3076 2137 3149 consultum

494 3148 787 3208 volumus.
821 3149 879 3203 Si
912 3148 1132 3205 talibus
1163 3149 1529 3215 ordinamus,
1558 3166 1667 3203 cur
1694 3165 1807 3202 non
1844 3148 2032 3220 magis
2069 3148 2141 3202 de

498 3222 714 3280 divinis
760 3224 935 3291 atque
987 3220 1321 3276 ccelestibus
1374 3220 1704 3291 posteritati
1753 3226 1965 3274 [108th
2008 3236 2139 3291 pro-

500 3295 722 3366 spicere
752 3292 1117 3366 debeamus?
1150 3292 1302 3366 »βία
1349 3291 1406 3345 in
1458 3291 1711 3366 vulgatis
1757 3291 2138 3366 editionibus.

497 3362 640 3422 Aliis
672 3364 908 3436 placuit,
940 3364 1081 3436 side
1115 3363 1326 3436 _talibus
1371 3363 1712 3419 ordinamus.
1775 3362 1947 3418 Liber
1997 3364 2144 3436 Ago-

501 3434 964 3507 bardi’genuinae
996 3434 1260 3507 lectionis
1305 3435 1550 3505 vestigia
1598 3436 1849 3507 servavit
1882 3451 1893 3489 :
1930 3456 1957 3484 «
1994 3434 2141 3507 Utri-

2241 2212 2673 2271 successionem
2723 2212 3029 2286 nupsissef
3067 2212 3400 2286 voluerunt,
3450 2212 3885 2286 neminem__tot

2240 2288 2585 2343 maritorum
2618 2281 3063 2342 resurrectionis
3096 2286 3190 2340 die
3219 2285 3490 2350 offendet,
3518 2304 3541 2333 ι
3578 2281 3885 2338 Tertullia-

2238 2359 2440 2414 nicum
2472 2358 2706 2413 dicendi
2754 2374 2940 2483 genus
2992 2357 3235 2413 minime
3284 2357 3545 2427 sapiunt.
3594 2354 3885 2426 Agobardi

2240 2430 2387 2483 liber
2436 2432 2718 2483 mendosa
2800 2447 2879 2483 aee
2909 2445 3039 2483 esse
3085 2429 3326 2483 indicat.
3372 2443 3573 2482 verum
3626 2443 3731 2480 nec
3765 2425 3885 2483 ipse

2240 2430 2387 2485 liber
2436 2432 2718 2485 mendosa
2756 2425 2879 2484 haec
2909 2445 3039 2485 esse
3085 2429 3326 2494 indicat,
3356 2425 3573 2482 verum
3626 2425 3731 2480 nec
3765 2425 3890 2497 ipse

2242 2506 2401 2557 caret
2432 2502 2684 2556 mendis.
2719 2502 2814 2556 Sic
2862 2502 3017 2556 enim
3052 2500 3228 2555 habet
3260 2517 3274 2555 :
3305 2522 3332 2549 ιε
3386 2499 3739 2554 Christianis
3789 2514 3890 2552 sae-

2243 2573 2372 2628 culo
2422 2573 2704 2644 digressis
2756 2572 2918 2627 nulla
2967 2571 3260 2626 restitutio
3310 2570 3760 2644 nuptiarum__in
3804 2571 3891 2644 die

2245 2640 2692 2700 resurrectionis
2732 2644 3181 2715 repromittitur,
3229 2640 3530 2697 translatis
3578 2640 3807 2715 scilicet
3834 2641 3889 2715 in

2244 2716 2568 2787 angelicam
2604 2712 2948 2787 qualitatem
2981 2722 3037 2771 et
3067 2715 3456 2787 sanctitatem.
3489 2714 3743 2768 Proinde
3774 2712 3892 2787 sol-

2244 2785 2486 2844 licitudo
2532 2785 2691 2843 nulla
2739 2805 2861 2858 quae
2918 2788 2989 2842 de
3046 2787 3239 2842 carnis
3286 2785 3405 2841 zelo
3450 2786 3631 2850 venit,
3683 2789 3741 2858 et
3762 2785 3892 2854 jam

2246 2860 2408 2913 illam
2463 2876 2637 2931 quam
2691 2865 2933 2931 septem,
2982 2859 3261 2913 fratribus
3310 2857 3893 2931 perisuccessionem

2248 2929 2593 2986 maritorum
2628 2930 3072 2985 resurrectionis
3111 2930 3236 2985 dies
3264 2930 3532 2995 offendet,
3588 2945 3694 2983 nec
3725 2929 3894 2999 quis-

2248 3019 2423 3074 quam
2459 3002 2617 3057 illam
2650 3003 3004 3057 confusurus
3037 3006 3349 3074 exspectat.
3388 3025 3408 3049 ι
3443 3001 3574 3055 Haec
3621 3000 3896 3055 vetustis-

2249 3074 2383 3130 simi
2436 3073 2784 3145 exemplaris
2830 3074 3121 3145 scriptura
3171 3073 3315 3128 satis
3370 3074 3892 3145 admonet_veram

2250 3151 2424 3217 atque
2480 3142 2817 3215 germanam
2862 3142 3194 3199 adulterina
3261 3145 3593 3217 superjecta
3637 3142 3899 3217 vitiatam

2252 3215 2453 3281 fuisse,
2490 3234 2554 3273 ac
2613 3217 2736 3271 vitii
2800 3222 3023 3287 partem
3084 3232 3225 3271 sane
3279 3215 3521 3270 discutit
3555 3232 3568 3269 :
3602 3215 3899 3287 reliquum

2253 3288 2503 3343 discerni
2536 3304 2601 3343 ac
2634 3288 2846 3343 discuti
2877 3304 3046 3358 posse
3077 3287 3222 3342 mihi
3252 3287 3500 3355 videtur,
3534 3287 3584 3343 si
3619 3288 3901 3356 posterio-

2254 3376 2373 3414 rem
2409 3360 2713 3431 periodum
2757 3360 2836 3413 sic
2870 3359 3122 3430 legimus
3157 3376 3169 3413 :
3208 3381 3235 3408 »
3260 3359 3536 3431 Proinde,
3569 3358 3903 3413 sollicitudo

2256 3430 2421 3487 nulla
2448 3448 2573 3502 qua:
2603 3433 2673 3486 de
2706 3431 2900 3486 carnis
2928 3431 3049 3485 zelo
3080 3431 3448 3495 venit,etiam
3482 3430 3644 3484 illam
3679 3436 3900 3502 septem

504 3502 915 3583 quenostrum
960 3506 1296 3583 consultum
1345 3502 1618 3583 volumus
1654 3505 1881 3583 talibus
1927 3506 2145 3583 talibus
2178 3516 2219 3583 ρ
2262 3503 2607 3583 maritorum
2637 3502 3082 3583 resurrectionis
3122 3503 3216 3557 die
3264 3502 3541 3583 AoffenAdet,
3593 3518 3717 3583 nec_
3747 3502 3904 3583 quis-

505 3577 866 3647 6rdinamus,
907 3601 927 3626 ι»
966 3583 1074 3631 etc.
1109 3577 1315 3631 Facilis
1348 3577 1727 3632 hallucinatio
1752 3577 1881 3641 fuit,
1914 3578 2146 3632 Talibus

506 3652 815 3720 scripsisse
848 3665 949 3718 pro
981 3649 1220 3720 Tabulis,
1244 3649 1633 3720 precedentis
1663 3647 1929 3703 vocabuli
1980 3664 2144 3719 repe-

504 3718 703 3777 cussu.
737 3724 924 3785 Quare
972 3719 1054 3773 sic
1103 3718 1395 3774 edidimus
1446 3737 1458 3774 :
1507 3743 1535 3770 «
1587 3720 1828 3791 Utrique
1877 3718 2143 3776 nostrum

502 3792 841 3849 consultum
890 3791 1162 3846 volumus
1210 3791 1430 3845 talibus
1476 3791 1712 3846 tabulas
1758 3791 2093 3847 ordinamos
2131 3809 2145 3848 :

503 3882 607 3920 cur
636 3880 750 3919 non
781 3864 964 3932 magis
994 3864 1064 3917 de
1118 3862 1332 3935 divinis
1383 3867 1557 3934 atque
1589 3863 1927 3935 coelestibus
1958 3868 2145 3935 poste-

501 3936 660 3992 ritati
692 3941 903 3990 nostras
935 3934 1263 4006 prospicere
1294 3935 1612 3989 debeamus
1641 3934 1668 3988 ?
1708 3958 1736 3984 »
1769 3938 1892 3990 R16.

573 4009 647 4079 (2)
684 4010 757 4063 Tu
794 4008 949 4061 modo
1000 4007 1335 4079 utisolidum
1381 4022 1575 4077 capere
1616 4022 1810 4079 possis,
1861 4009 1958 4060 hoc
2003 4020 2145 4079 mea;

497 4076 896 4135 admonitionis
925 4094 988 4132 ac
1016 4078 1147 4147 ﬁdei
1193 4080 1559 4133 commissum.
1609 4077 1829 4132 Alludit
1872 4078 1941 4131 ad
1972 4076 2143 4132 solidi

499 4152 881 4223 capacitatem
914 4150 1066 4204 inter
1094 4150 1283 4223 virum
1317 4156 1374 4204 et
1405 4166 1668 4223 uxorem,
1703 4166 1835 4223 quas
1862 4166 1977 4204 non
2029 4148 2144 4203 nisi

498 4220 673 4279 certis
706 4222 940 4278 casibus
974 4221 1424 4291 permittebatur
1453 4238 1519 4276 ex
1551 4221 1675 4290 lege
1722 4220 1878 4275 Julia
1915 4224 1969 4275 et
2003 4224 2146 4291 Pap-

495 4294 609 4364 pia.
641 4296 765 4360 Qua
796 4294 865 4347 de
898 4310 955 4347 re
986 4297 1172 4347 exstat
1203 4293 1355 4347 inter
1388 4294 1711 4365 fragmenta
1743 4291 1973 4365 Ulpiani
2006 4292 2143 4365 titu-

494 4362 591 4421 tus
637 4384 751 4421 xw.
800 4365 881 4419 Ad
930 4365 1163 4419 easdem
1233 4362 1666 4435 quoquevleges
1713 4362 1916 4418 allusit
1962 4362 2139 4435 etiam

493 4437 643 4493 libro
673 4437 739 4492 de
767 4436 1107 4506 Monogamia
1136 4453 1148 4490 :
1188 4456 1215 4484 ‹‹
1246 4434 1414 4491 Aliud
1449 4441 1539 4491 est
1570 4434 1616 4491 ei
1652 4436 1805 4505 apud
1838 4434 2140 4489 Christum

492 4509 722 4581 legibus
751 4507 926 4563 Juliis
958 4507 1049 4577 agi
1100 4507 1369 4570 credunt,
1403 4512 1474 4581 _et
1526 4506 1862 4581 existimant
1911 4506 2141 4561 caelibes

494 4578 753 4637 et'orbos
783 4596 875 4705 ἐκ
918 4583 1268 4634 testamento
1324 4578 1419 4634 Dei
1466 4579 1722 4634 solidum
1768 4593 1975 4651 capere
2022 4594 2137 4632 non

494 4669 687 4705 nosse.
720 4673 748 4702 »
835 4667 910 4705 ια.

536 4669 687 4708 0886.
720 4673 748 4702 ))
784 4667 910 4706 I‘UG.

493 4669 687 4724 posse.
720 4673 748 4702 »
784 4669 910 4706 me.

565 4725 637 4790 (3)
672 4722 908 4778 Proinde
955 4720 1259 4775 sollicitudo
1279 4721 1481 4792 nulla,
1542 4736 1667 4792 quae
1698 4720 1771 4774 de
1797 4720 1994 4792 carnis
2022 4719 2137 4774 zelo

490 4796 657 4850 venit.
693 4796 753 4848 In
776 4792 1029 4863 vulgatis
1051 4790 1407 4847 editionibus
1437 4790 1691 4863 legitur:
1727 4814 1753 4840 ‹‹
1784 4790 2135 4847 Christianis

492 4864 703 4921 saeculo
725 4863 1007 4935 digressis
1031 4863 1192 4918 nulla
1214 4864 1507 4920 restitutio
1532 4864 1871 4933 nuptiarum
1898 4865 1953 4935 in
1979 4863 2133 4917 diem

492 4933 939 4992 resurrectionis
970 4936 1421 5005 repromittitur,
1484 4934 1787 4991 translatis
1828 4933 2051 4989 scilicet
2080 4935 2137 4989 in

492 5009 816 5079 angelicam
850 5006 1191 5075 qualitatem
1225 5012 1281 5061 et
1311 5009 1705 5079 sanct‘tatem,
1749 5007 1997 5079 Proinde
2027 5006 2140 5060 sol-

491 5077 736 5136 licitudo
769 5078 930 5132 nulla
962 5094 1085 5149 quae
1117 5080 1187 5133 de
1218 5079 1413 5134 carnis
1445 5079 1587 5147 zelo,
1619 5078 1705 5133 vel
1740 5077 1965 5132 Domini
1998 5094 2133 5132 sen-

489 5153 696 5220 tentia,
730 5150 832 5206 illa
863 5166 1043 5222 quam,
1071 5155 1297 5221 septem
1354 5152 1637 5206 fratribus
1670 5166 1771 5222 per
1809 5149 2134 5222 successio-

488 5241 623 5280 nem
655 5220 931 5294 nupsisse
959 5220 1291 5294 voluerunt,
1326 5222 1623 5278 neminem
1655 5220 1739 5277 tot
1788 5220 2133 5294 maritorum

487 5292 936 5353 resurrectionis
981 5292 1071 5349 die
1128 5295 1398 5359 offendet,
1453 5312 1557 5350 nec
1610 5295 1917 5364 quisquam
1971 5292 2130 5348 illam

485 5369 840 5425 confusurus
872 5370 1186 5435 exspectat.
1221 5366 1470 5431 Quaestio
1522 5367 1973 5423 Sadducaaorum
1996 5381 2133 5435 ces-

486 5442 567 5497 sit
612 5438 915 5495 sententise
968 5434 1216 5491 Domini.
1268 5460 1295 5487 »
1369 5439 1501 5502 Quaa
1569 5437 1736 5493 lectio
1785 5434 2134 5491 Tertulliani

484 5529 725 5568 sensum
758 5526 904 5579 pene
937 5508 1135 5563 obruit
1164 5509 1711 5579 praefocatqueﬂaao
1744 5509 2129 5576 enim,Proin-

484 5585 556 5639 de
604 5582 915 5637 sollicitudo
962 5581 1124 5634 nulla
1172 5594 1299 5648 quae
1342 5579 1407 5633 de
1452 5582 1639 5635 carnis
1690 5581 1822 5645 zelo,
1877 5581 2132 5650 pendent

484 5653 845 5725 imperfecta.
874 5652 998 5707 Jam
1045 5650 1187 5706 illud
1228 5650 1324 5706 Vel
1368 5652 1591 5725 Domini
1630 5653 1926 5725 sententia,
1964 5650 2131 5719 plane

482 5722 888 5797 importunum
937 5725 1047 5792 est,
1096 5726 1153 5779 et
1200 5723 1585 5795 sequentibus
1630 5722 1786 5779 haud
1836 5725 2126 5796 congruit.

2257 3592 2435 3647 quam
2469 3574 2627 3629 illam
2660 3574 3017 3647 confusurus
3048 3578 3364 3647 exspectat.
3398 3575 3651 3647 Qumstio
3685 3575 3906 3647 Saddu-

2256 3644 2504 3702 elisorum
2536 3647 2714 3702 cessit
2755 3645 3057 3701 sententiae
3111 3644 3356 3701 Domini.
3392 3668 3418 3695 »ι
3457 3647 3545 3699 Ait
3590 3644 3903 3700 Tertullia-

2256 3736 2387 3787 nus,
2422 3736 2595 3773 suum
2628 3717 2770 3771 illud
2805 3718 2877 3773 ad
2915 3734 3151 3772 uxorem
3193 3718 3264 3771 de
3306 3717 3523 3787 nuptiis
3578 3734 3694 3771 non
3743 3734 3903 3787 repe-

2255 3790 2447 3844 tendis
2472 3789 3101 3871 praeceptum,minime
3123 3805 3251 3844 esse
3271 3789 3381 3843 viri
3401 3788 3704 3871 zelotypus
3728 3787 3902 3843 livore

2256 3862 2546 3927 succensi,
2578 3862 2673 3916 cui
2705 3862 2897 3916 doleat
2928 3863 3081 3932 quod
3117 3877 3178 3917 se
3208 3867 3440 3915 mortuo
3475 3878 3617 3914 uxor
3647 3863 3900 3915 alterum

2254 3934 2364 3988 sibi
2396 3934 2587 3988 forsan
2623 3933 2941 4004 quaesitura
2964 3934 3039 3987 sit
3072 3933 3346 3988 maritum
3373 3952 3387 3999 ;
3423 3932 3645 3987 nullam
3671 3932 3810 3986 hinc
3834 3939 3901 3986 ad

2254 4006 2597 4059 defunctum
2630 4004 3045 4060 contumeliam
3092 4005 3430 4075 pervenire;
3467 4021 3678 4075 nempe
3711 4021 3902 4057 resur-

2254 4076 2502 4130 recturis
2533 4076 2880 4131 Christianis
2908 4076 3128 4132 nullam
3184 4076 3508 4146 repromitti
3560 4077 3903 4145 nuptiarum

2256 4149 2708 4212 restitutionem,
2743 4148 2929 4203 otioso
2961 4154 3018 4202 et
3046 4148 3240 4203 inutili
3273 4154 3414 4202 tunc
3466 4147 3905 4201 immortalibus

2253 4235 2498 4274 sexuum
2523 4219 2732 4287 officio,
2776 4220 2933 4289 quod
2982 4219 3075 4275 hic
3123 4220 3471 4274 mortalibus
3521 4220 3817 4289 tantisper
3846 4220 3902 4272 in

2252 4291 2522 4346 solatium
2558 4290 2947 4355 mortalitatis,
2992 4299 3047 4345 et
3077 4290 3499 4346 substituendae
3528 4291 3754 4346 sobolis
3779 4307 3907 4362 gra~

2251 4363 2330 4417 tia
2390 4363 2579 4418 fuerat
2635 4379 3001 4418 concessum.
3059 4362 3161 4417 Cui
3217 4364 3518 4417 sententias
3572 4362 3900 4416 firmandis.

2249 4433 2461 4489 Christi
2533 4434 2720 4504 ipsius
2785 4434 3187 4489 testimonium
3244 4436 3482 4505 profert,
3536 4435 3638 4503 qui
3690 4451 3823 4488 cum
3878 4451 3907 4486 a

2248 4506 2585 4587 Sa‘dducseis
2604 4511 2957 4587 argumento
2990 4506 3048 4586 in
3082 4506 3344 4561 fraudem
3377 4505 3703 4575 composito
3737 4522 3904 4587 roga-

2250 4581 2430 4650 retur.
2477 4608 2543 4618 -
2600 4577 2747 4640 Quid
2806 4579 2959 4650 olim,
2996 4577 3085 4650 in_
3114 4593 3425 4650 corporum
3474 4578 3907 4650 resurrectione

2248 4649 2514 4703 futurum
2546 4654 2702 4703 esset
2734 4649 2962 4704 mulieri
2996 4648 3256 4715 cuidam,
3288 4667 3414 4720 qua:
3465 4655 3687 4719 septem
3726 4648 3908 4703 mari-

2246 4724 2441 4775 torum
2475 4736 2619 4774 uxor
2650 4720 2857 4789 fuerat,
2890 4720 2998 4775 hoc
3029 4725 3137 4787 est,
3163 4720 3331 4776 elatis
3356 4721 3487 4792 jam
3514 4736 3615 4775 sex
3666 4722 3905 4775 maritis

2245 4792 2495 4863 septimo
2542 4796 2843 4916 nupserat,
2896 4792 3083 4847 sexies
3130 4792 3305 4848 vidua
3345 4791 3630 4863 septimas
3660 4792 3905 4863 nuptias

2249 4863 2602 4916 constitutas
2677 4863 2886 4916 abebat
2923 4882 2935 4916 :
2970 4863 3254 4916 malitiam
3287 4864 3633 4916 quaestionis
3662 4863 3902 4916 simpli-

2249 4863 2602 4918 constitutas
2634 4863 2886 4919 habebat
2923 4882 2935 4918 :
2970 4863 3255 4919 malitiam
3287 4864 3633 4934 quaestionis
3662 4863 3902 4933 simpli-

2249 4935 2487 4990 cissimo
2538 4952 2818 5005 responso
2870 4936 3193 4989 confutavit
3244 4952 3256 4989 :
3308 4935 3531 4989 nullam
3583 4940 3730 4990 tunc
3785 4939 3906 4991 fore

2249 5006 2588 5077 nuptiarum
2624 5006 2981 5061 mentionem
3015 5006 3355 5061 hominibus
3378 5006 3695 5063 sanctitate
3722 5024 3900 5073 ange-

2245 5077 2358 5132 lica
2388 5078 2660 5146 donatis;
2698 5078 3057 5149 proindeque
3088 5096 3202 5133 non
3236 5095 3365 5134 esse
3403 5096 3508 5133 cur
3538 5077 3639 5131 illa
3670 5085 3903 5149 septem

2246 5149 2873 5230 maritorummetuat,
2905 5166 2977 5205 ne
3008 5150 3243 5230 quis-de
3286 5155 3374 5206 tot
3422 5149 3652 5230 maritis
3699 5167 3903 5230 resur:

2244 5221 2522 5276 rectionis
2555 5221 2650 5276 die
2679 5227 2961 5291 tanquam
2995 5221 3279 5278 rivalibus
3330 5221 3702 5277 exulceratas
3736 5222 3901 5276 uxori

2244 5295 2541 5365 quondam
2574 5310 2695 5349 suae
2725 5293 2801 5349 sit
2848 5292 3159 5365 molestus,
3186 5294 3608 5365 racrrepetitas
3658 5294 3905 5364 nuptias

2240 5364 2401 5420 velut
2430 5365 2706 5436 probrum
2740 5364 3004 5433 objictat.
3055 5365 3146 5420 Sic
3181 5364 3313 5420 libri
3346 5364 3560 5421 veteris
3607 5365 3901 5421 beneﬁcio

2240 5453 2412 5492 verus
2442 5454 2507 5491 ac
2538 5453 2855 5508 germanus
2884 5436 3231 5491 Tertulliani
3266 5453 3477 5493 sensus
3509 5437 3733 5507 optime
3766 5454 3899 5491 con-

2241 5509 2528 5563 stituitur.
2567 5510 2633 5563 Et
2660 5508 2770 5563 erit
2799 5525 2983 5577 operae
3018 5509 3271 5579 pretium
3308 5508 3579 5580 pluscula
3609 5508 3790 5563 etiam
3826 5510 3898 5563 de

2240 5580 2623 5652 sequentibus
2662 5581 2730 5652 ad
2792 5581 3059 5636 eamdem
3119 5581 3390 5637 incudem
3445 5582 3895 5652 refingere,quzs

2239 5669 2371 5725 cum
2406 5651 2663 5707 editione
2700 5651 2963 5725 Pamellii
2994 5653 3043 5708 si
3087 5655 3484 5721 conferantur,
3517 5651 3737 5725 oppido
3770 5651 3897 5708 me-

2239 5723 2405 5795 liora,
2438 5724 2618 5782 etiam
2650 5740 2743 5780 me
2772 5723 3065 5783 indicente
3096 5727 3482 5801 apparebunt.
3517 5723 3648 5783 sic.
