4148 6194
319 332 345 390 Ι
358 329 476 389 389

317 549 544 614 frivola,
578 552 699 601 tam
731 562 945 616 spurca
976 550 1125 600 Deus
1174 546 1299 600 suis
1349 545 1674 617 pollicetur.
1729 546 1839 601 Sed
1890 562 1963 600 an

312 642 419 697 tibi
472 637 562 693 vel
613 636 943 707 cuicunque
993 636 1196 691 I277
1256 634 1354 689 alii
1403 634 1627 690 feminae
1678 636 1747 690 ad
1782 635 1964 690 Deum

319 728 634 804 pertinenti
665 728 741 801 (4)
778 727 1064 799 proficiat,
1098 744 1213 799 quo
1247 727 1591 794 suademus,
1615 726 1751 781 licet
1780 730 1966 781 retra-

319 826 479 879 ctare
512 820 578 874 ¹².

980 948 1209 1005 CAPUT
1239 950 1307 1004 Il.

390 1090 513 1144 Non
567 1086 804 1160 quidem
855 1084 1175 1140 abnuimus
1219 1084 1691 1155 conjunctionem
1744 1083 1849 1138 viri
1902 1099 1967 1137 ac

318 1179 548 1234 feminae
581 1175 950 1231 benedictam
984 1192 1017 1229 a
1064 1173 1309 1229 Domino
1360 1174 1423 1238 η,
1476 1177 1541 1227 ut
1588 1174 1875 1228 sciremus
1928 1172 1970 1206 "

317 1268 513 1340 generi
571 1267 828 1321 humano
887 1266 941 1319 et
991 1262 1270 1335 replendo
1329 1261 1455 1317 orbi
1514 1267 1571 1317 et
1622 1262 1966 1317 instruendo

318 1357 529 1414 saeculo
588 1354 1021 1426 excogitatam,
1081 1357 1257 1423 atque
1313 1352 1522 1408 exinde
1579 1352 1963 1423 permissam;

322 1463 502 1502 unam
532 1450 754 1500 tamen.
785 1448 932 1498 Nam
965 1446 1022 1497 et
1048 1442 1231 1497 Adam
1263 1459 1416 1497 unus
1451 1443 1572 1497 EV&
1607 1442 1874 1507 maritus,
1915 1445 1971 1497 et

324 1538 440 1593 Eva
470 1550 587 1590 una
617 1550 761 1589 uxor
790 1532 974 1601 illius,
1005 1548 1125 1587 una
1155 1530 1384 1599 mulier,
1432 1548 1550 1586 una
1589 1536 1771 1587 costa.
1821 1532 1971 1587 Sane

320 1626 475 1699 apud
532 1628 758 1680 veteres
817 1627 1050 1678 nostros
1109 1621 1389 1693 ipsosque
1440 1621 1805 1693 patriarchas
1854 1636 1968 1675 non

325 1715 493 1770 modo
528 1713 763 1779 nubere,
800 1712 895 1765 sed
931 1711 1108 1765 etiam
1158 1710 1525 1782 plurifariam
1578 1711 1970 1765 matrimoniis

1596 323 1834 384 LIBER
1874 324 1901 384 I
1946 323 2051 383 AD
2096 321 2449 384 UXOREM.

314 478 422 517 nos
453 457 759 515 dedecoris
788 455 1129 527 voluptuosi
1161 458 1636 511 resumetur.Nec
1657 456 1814 511 enim
1837 459 1961 510 tam
1993 457 2047 522 Α

3573 322 3731 386 i390

2665 454 2903 511 CAPUT
2949 455 3047 511 III.

2146 553 2257 608 Sed
2290 569 2407 608 non
2438 553 2567 610 ideo
2600 554 2984 625 praemiserim
3023 554 3094 609 de
3122 553 3389 610 libertate
3417 554 3727 611 vetustatis

2075 646 2132 698 et
2157 643 2363 698 I278
2400 642 2760 714 posteritatis
2791 642 3195 713 castigatione,
3229 648 3328 698 aut
3376 649 3726 714 praestruam

2075 731 2376 787 Christum
2431 732 2777 803 separandis
2826 732 3219 786 matrimoniis
3268 738 3325 787 et
3375 732 3416 767 ιε
3463 732 3729 788 delendis

2077 820 2593 891 conjunctionibus
2626 820 2953 890 advenisse,
2986 821 3155 891 quasi
3180 822 3307 891 jam
3358 820 3495 877 hinc
3548 821 3726 878 finem

2076 910 2335 964 nubendi
2381 910 2779 982 prazscribam.
2832 910 3118 976 Viderint,
3168 910 3269 980 qui
3320 910 3472 965 inter
3523 915 3731 967 caetera

2076 999 2525 1070 perversitatum
2554 1015 2798 1054 suarum
2833 999 2903 1068 (6)
2936 998 3276 1071 disjungere
3320 1000 3550 1069 docent,
3599 1017 3730 1056 car-

2078 1105 2211 1144 nem
2245 1090 2315 1144 de
2346 1091 2391 1124 ¹⁹
2420 1088 2651 1144 duobus
2684 1103 2885 1149 unam.
2942 1093 3228 1160 negantes
3278 1105 3436 1158 eum,
3488 1089 3591 1161 qui
3644 1089 3727 1145 fe-

2079 1179 2304 1234 minam
2362 1179 2434 1233 de
2490 1176 2752 1233 masculo
2812 1180 3139 1245 mutuatus,
3191 1178 3305 1233 duo
3361 1194 3604 1250 corpora
3662 1194 3731 1234 ex

2079 1269 2343 1339 ejusdem
2393 1266 2649 1323 materia:
2697 1265 2991 1322 consortio
3043 1271 3302 1338 sumpta,
3338 1284 3543 1324 rursus
3574 1268 3634 1323 in
3668 1284 3730 1323 se

2079 1356 2440 1413 matrimonii
2512 1356 2917 1427 compactione
2976 1356 3020 1395 ⁴²ο
3080 1357 3408 1428 compegit.
3469 1356 3731 1428 Denique

2079 1446 2375 1519 prohiberi
2420 1445 2654 1517 nuptias
2700 1461 2996 1515 nusquam
3055 1445 3293 1499 omnino
3350 1444 3619 1516 legimus,
3667 1448 3732 1500 ut

2081 1537 2295 1590 bonum
2332 1533 2599 1589 scilicet:
2634 1532 2771 1604 quid
2806 1537 2961 1588 tame
3008 1534 3158 1588 bono
3208 1533 3319 1589 isto
3370 1534 3580 1590 melius
3629 1534 3728 1601 sit,

2080 1624 2403 1692 accipimus
2452 1622 2523 1677 ab
2572 1620 2870 1692 Apostolo,
2925 1622 3299 1693 permittente
3346 1623 3584 1694 quidem
3619 1639 3729 1679 nu-

2082 1714 2217 1767 bere
2267 1713 2364 1783 (7),
2413 1712 2511 1766 sed
2546 1710 2963 1765 abstinentiam
2998 1712 3339 1782 przeferente
3372 1727 3386 1766 :
3420 1710 3564 1766 illud
3598 1728 3732 1783 pro-

322 1806 407 1860 uti
441 1806 529 1858 fas
562 1802 687 1869 fuit,
721 1805 885 1856 erant
914 1806 969 1855 et
998 1801 1336 1855 concubinae
1376 1818 1389 1855 :
1421 1800 1520 1855 sed
1554 1800 1710 1853 lucet
1754 1800 1969 1869 ﬁgura-
2006 1825 2051 1888 Β
2085 1807 2211 1874 pter
2240 1800 2484 1856 insidias
2518 1799 2928 1866 tentationum,
2980 1800 3087 1854 hoc
3141 1806 3382 1871 propter
3426 1801 3730 1872 angustias

326 1901 453 1949 tum
490 1894 533 1928 ³⁸
562 1894 620 1947 in
649 1906 1002 1964 synagogam
1037 1894 1093 1945 et
1142 1889 1456 1944 Ecclesiam
1509 1890 1549 1923 “
1596 1888 1858 1956 cesserit,
1910 1893 1973 1943 ut

327 1989 525 2039 tamen
560 1980 906 2051 simpliciter
930 1980 1406 2050 interpretemur,
1438 1977 1831 2032 necessarium
1865 1977 1975 2032 fuit

328 2073 660 2136 instituere,
710 2085 837 2139 quae
889 2073 1087 2139 postea
1138 2070 1239 2121 aut
1287 2066 1576 2136 amputari
1622 2071 1723 2120 aut
1752 2072 1973 2138 tempe-

330 2161 443 2217 rari
503 2164 903 2215 mererentur.
964 2161 1395 2227 Superventura
1451 2156 1608 2210 enim
1664 2155 1754 2209 lex
1811 2160 1973 2223 erat,

327 2250 633 2321 oportebat
664 2247 807 2319 legis
840 2244 1227 2316 adimplenda:
1260 2260 1468 2299 causas
1499 2243 1970 2315 praecucurrisse.

326 2340 486 2394 Idem
522 2339 563 2374 ¹⁷
599 2353 731 2391 mox
764 2333 875 2405 legi
924 2349 1263 2388 succurrere
1312 2333 1585 2399 habebat,
1639 2332 1735 2387 Dei
1783 2350 1974 2388 sermo

324 2425 832 2483 circumcisionem
890 2422 1176 2477 inducens
1234 2420 1582 2493 spiritalem.
1644 2421 1827 2493 Igitur
1874 2438 1977 2494 per

324 2516 623 2573 licentiam
655 2519 792 2569 tunc
825 2511 1119 2585 passivam
1152 2510 1249 2582 (5),
1301 2509 1557 2565 materiae
1606 2512 1974 2583 subsequen-

331 2606 483 2660 tium
514 2602 993 2658 emendationum
1029 2598 1657 2671 prazministrabantur,
1693 2616 1839 2672 quas
1875 2602 1976 2656 Do-

328 2694 528 2749 minus
560 2689 866 2762 Evangelio
898 2705 1027 2753 suo,
1060 2688 1269 2743 dehinc
1319 2687 1628 2759 Apostolus
1681 2690 1734 2743 in
1782 2694 1975 2744 extre-

324 2782 632 2839 mitatibus
659 2779 856 2835 saaculi
887 2782 989 2834 aut
1018 2777 1234 2834 excidit
1260 2778 1790 2843 redundantes,aut
1816 2795 1973 2834 com~

324 2870 526 2944 posuit
556 2869 905 2926 inconditas.

2085 1897 2415 1963 temporum
2450 1908 2462 1945 :
2499 1906 2613 1961 qua
2646 1890 2867 1944 ratione
2898 1888 3208 1960 utriusque
3235 1890 3729 1961 pronuntiationis

2081 1980 2349 2052 inspecta
2381 1977 2546 2033 facile
2577 1978 2924 2043 dinoscitur,
2976 1978 3323 2033 necessitate
3372 1979 3542 2034 nobis
3591 1996 3729 2034 con-

2082 2086 2305 2125 cessam
2328 2086 2453 2124 esse
2478 2068 2734 2122 nubendi
2761 2068 3293 2139 potestatemzquod
3321 2073 3514 2123 autem
3540 2084 3735 2124 neces-

2083 2159 2227 2215 sitas
2251 2157 2801 2229 prasstat,depretiat
2823 2157 3142 2228 ipsa.Quod
3168 2157 3418 2229 denique
3444 2158 3733 2230 scriptum

2084 2254 2192 2317 est,
2227 2248 2429 2303 Melius
2459 2257 2537 2302 est
2566 2246 2772 2301 nubere
2800 2262 2965 2317 quam
2999 2248 3089 2300 uri
3116 2246 3167 2317 (l
3195 2249 3323 2302 Cor.
3356 2263 3456 2313 vn,
3478 2245 3737 2317 9),quale

2085 2337 2193 2392 hoc
2225 2338 2443 2391 bonum
2475 2340 2705 2401 est,oro
2739 2336 2977 2405 te,quod
3014 2334 3151 2390 mali
3183 2335 3543 2405 comparatio
3576 2351 3728 2389 com-

2087 2424 2368 2479 mandat?
2401 2423 2472 2478 Ut
2502 2424 2629 2478 ideo
2662 2423 2872 2480 melius
2899 2425 2972 2478 sit
3004 2424 3241 2489 nubere,
3290 2423 3428 2494 quia
3477 2424 3737 2479 deterius

2085 2519 2174 2570 est
2203 2514 2313 2568 uri.
2348 2513 2579 2568 Atenim
2611 2518 2832 2583 quanto
2884 2513 3096 2567 melius
3139 2516 3229 2567 est
3280 2528 3469 2583 neque
3518 2513 3738 2567 nubere

2086 2619 2273 2672 neque
2306 2600 2435 2657 uri!
2470 2601 2602 2674 [Sed
2634 2602 2673 2635 ²¹
2710 2601 2889 2656 etiam
2939 2602 2996 2656 in
3051 2601 3560 2673 persecutionibus
3610 2618 3734 2657 me—

2085 2692 2197 2747 lius
2230 2694 2318 2746 est
2347 2690 2394 2724 ²²
2445 2705 2513 2744 ex
2562 2690 2853 2761 permissu
2906 2690 3101 2760 fugere
3134 2690 3203 2745 de
3234 2690 3447 2761 oppido
3476 2689 3535 2744 in
3567 2690 3735 2762 oppi-

2084 2782 2433 2851 dum,quam
2467 2778 2959 2850 comprehensum
2990 2782 3048 2834 et
3077 2779 3391 2834 distortum
3422 2780 3737 2851 negare(8).

2082 2872 2274 2940 Atque
2305 2868 2433 2923 ideo
2465 2866 2771 2935 beatiores,
2807 2867 2907 2938 qui
2957 2866 3152 2922 valent
3201 2866 3365 2922 beata
3414 2866 3738 2923 testimonii

1742 2992 1943 3053 Variae
1984 2994 2306 3055 lectiones.

397 3109 441 3144 ¹²
470 3108 847 3173 Pertractare,
880 3105 1007 3161 alii.
1123 3105 1169 3140 ¹³
1199 3109 1308 3159 Deo
1339 3106 1472 3160 alii.

326 3246 632 3309 abolendis
663 3246 864 3321 Rigalt.
970 3250 1013 3285 ¹⁹
1045 3246 1113 3303 In
1139 3246 1264 3303 alii.

1586 3106 1631 3181 f‘
1663 3105 1735 3181 Ut
1765 3108 2148 3164 seminarium
2180 3107 2685 3181 generisghumani
2718 3108 2921 3175 Rigalt.

334 3180 821 3254 ﬁguraliteriﬂig.
894 3180 937 3214 ¹⁶
970 3178 1360 3254 ln_synagoga
1392 3176 1637 3254 ecclesia
1669 3179 2066 3254 intercesserit
2098 3176 2218 3251 Hii.

1367 3250 1411 3323 ξο
1442 3249 1576 3304 Com
1589 3251 1882 3318 putatione
1915 3254 2034 3323 Rig.

3037 3106 3078 3140 ¹⁶
3122 3108 3332 3178 Figura
3383 3110 3513 3163 Jun.
3565 3113 3737 3166 Fran.

2298 3182 2339 3217 1⁷
2372 3179 2571 3234 Eidem
2604 3182 2768 3234 Fran.
2806 3181 2982 3234 Paris.
3020 3180 3159 3234 Item
3194 3181 3315 3247 Rig.
3396 3181 3438 3215 1⁸
3470 3182 3539 3235 Et
3567 3183 3742 3243 abest;

2141 3254 2180 3291 ἰ
2218 3253 2330 3307 Sed
2361 3253 2527 3307 Seml.
2562 3252 2721 3320 Leop.
2756 3255 2929 3306 omitt.
2964 3252 3086 3306 alii.
3191 3252 3236 3285 ²²
3263 3253 3344 3306 lla
3388 3254 3605 3307 omissis
3653 3270 3737 3307 vv.

324 3344 394 3382 ex
427 3325 715 3396 permissu
746 3323 859 3377 cod.
894 3321 1066 3394 Agob.
1098 3322 1337 3391 praebuit
1370 3322 1624 3396 Rigalliq.
1658 3325 1754 3391 qui
1786 3328 1969 3378 tamen
1987 3321 2241 3395 reposuit
2272 3342 2289 3376 :
2323 3329 2497 3394 atque
2530 3324 2641 3377 isto
2676 3323 2985 3387 beatiores,
3012 3323 3110 3393 qui
3134 3354 3200 3363 —
3224 3325 3595 3396 confessione
3626 3342 3741 3379 non

326 3393 612 3453 excidere.
643 3393 985 3467 Rhenanus:
1020 3409 1423 3467 compressum
1459 3397 1515 3447 et
1545 3393 1859 3449 distortum
1897 3393 2129 3467 negare,
2160 3402 2334 3466 atque
2366 3393 2477 3449 isto
2510 3396 2680 3449 beata
2710 3400 2820 3450 est.
2856 3396 3083 3449 ldemve
3137 3394 3276 3466 quid
3330 3405 3539 3467 negent
3586 3396 3741 3451 beati

324 3468 671 3532 testimonii,
724 3466 987 3521 excidere
1038 3470 1158 3538 cet.)
1192 3466 1467 3520 Pomelius
1495 3483 1512 3518 :
1543 3469 1601 3519 at
1632 3482 1761 3537 quae
1792 3468 1905 3522 ista
1936 3466 2184 3523 beatitas
2211 3474 2320 3522 est.
2358 3467 2489 3522 Ideo
2522 3483 2593 3521 ne
2619 3466 2718 3538 qui
2753 3470 2944 3537 neget,
2981 3468 3127 3538 beati
3160 3467 3482 3522 testimonii
3513 3469 3741 3523 confes-

325 3542 490 3597 sione
515 3540 777 3595 excidere
794 3538 822 3592 ?
854 3541 1100 3592 Possum
1134 3537 1190 3591 d.
1227 3553 1324 3606 qu.
1360 3553 1542 3607 perm.
1578 3554 1693 3592 non
1724 3545 1813 3594 est
1842 3540 2085 3595 bonum.
2120 3540 2263 3604 Quid
2301 3539 2457 3595 enim
2493 3556 2614 3594 nec.
2641 3537 2798 3594 mori
2832 3537 3019 3593 mihi?
3045 3538 3093 3593 si
3125 3538 3308 3610 ploro,
3339 3541 3557 3596 bonum
3603 3543 3693 3597 est
3726 3556 3739 3595 :

326 3615 375 3670 si
409 3614 608 3668 timeo.
643 3611 804 3677 Quod
830 3626 1015 3681 perm.
1048 3638 1118 3649 —
1147 3624 1437 3663 caussam.

1771 3706 2291 3767 Commentarius.

400 3816 477 3888 (4)
507 3815 749 3871 Femina"
789 3812 859 3868 ad
902 3813 1071 3868 Deum
1121 3812 1442 3883 pertinenti.
1494 3809 1612 3866 Hoc
1659 3815 1766 3883 est,
1818 3812 1977 3868 Chri-
2008 3819 2049 3886 ί]
2091 3811 2306 3888 minus
2334 3811 2627 3888 intellecta
2676 3811 3036 3888 ﬂaccescere»
3068 3812 3351 3888 videatur.
3413 3812 3507 3869 Sic
3562 3812 3747 3868 edidit

331 3890 561 3946 stianze.
606 3891 730 3941 Hic.

404 3961 480 4031 (5)
512 3960 813 4013 Licentiam
842 3956 1144 4025 passivam.
1176 3954 1424 4026 Nuptias
1456 3953 1810 4026 multiplices
1842 3972 1974 4027 pas-

331 4032 442 4087 sim
471 4046 799 4086 concessas.
834 4032 960 4083 Βία.

404 4105 480 4173 (6)
512 4105 664 4159 Inter
692 4106 894 4173 caetera
922 4098 1351 4173 perversitatum
1385 4113 1636 4173 suarum.
1672 4097 1975 4173 Marcioni-

330 4170 423 4231 tas
464 4170 678 4239 nutat;
725 4172 881 4243 apud
932 4170 1282 4224 Marcionem
1329 4171 1504 4243 enim,
1542 4175 1604 4243 ut
1636 4170 1904 4243 scribitl.
1932 4186 1979 4243 _I,

327 4248 387 4302 in
415 4247 711 4305 eumdem.
747 4241 861 4298 non
898 4242 1148 4311 tingitur
1177 4257 1331 4306 caro,
1367 4241 1478 4295 nisi
1514 4241 1695 4311 virgo,
1732 4242 1844 4296 nisi
1892 4241 1980 4294 vi-

328 4320 468 4383 dua,
502 4318 614 4372 nisi
646 4315 876 4381 caelebs,
910 4315 1025 4369 nisi
1059 4313 1303 4368 divortio
1354 4312 1647 4384 baptisma
1702 4320 1980 4368 mercata.

333 4392 522 4445 RHEN.

402 4461 480 4530 (7)
511 4460 863 4515 Permittente
896 4456 1121 4530 quidem
1150 4454 1607 4530 nubereNuptign
1640 4455 1987 4530 ρθινφίιωη.

332 4525 432 4587 tur
463 4525 534 4586 ob
564 4525 989 4597 inﬁrmitatem,
1025 4527 1125 4581 sed
1158 4526 1232 4579 iis
1265 4525 1843 4598 abstinentia’potior
1887 4528 1985 4580 ha-

336 4606 542 4667 betur;
578 4603 660 4658 sic
719 4602 871 4671 apud
924 4604 979 4654 S.
1027 4598 1424 4671 Ambrosium,
1482 4599 1574 4652 lib.
1629 4614 1647 4650 ι
1694 4599 1757 4653 de
1818 4600 1985 4666 Virg.,

337 4699 365 4726 ‹‹
417 4679 550 4740 Quae
600 4670 770 4727 nubit
818 4689 930 4727 non
986 4670 1436 4740 reprehenditur
1483 4685 1495 4723 :
1553 4685 1679 4739 qua:
1730 4671 1988 4724 abstinet

335 4747 630 4801 laudatur.
666 4766 693 4792 »
744 4745 809 4798 Et
857 4744 919 4797 Β.
954 4742 1342 4811 Hieronymus
1390 4741 1447 4793 in
1498 4758 1563 4794 ea
1614 4742 1786 4794 verba
1834 4745 1989 4812 Apo-

337 4818 471 4874 stoli
509 4833 521 4872 :
558 4838 584 4866 ‹‹
609 4816 669 4871 Si
699 4818 896 4869 autem
931 4815 1223 4882 acceperis
1257 4827 1639 4876 uxorem,non
1676 4814 1987 4882 peccasti.»

337 4829 471 4874 stou
509 4833 521 4872 :
558 4838 584 4866 ‹‹
609 4829 669 4871 Si
699 4829 896 4869 autem
931 4830 1223 4882 acceperis
1257 4829 1639 4876 uxorem,n0n
1676 4829 1987 4936 peccasti.»

336 4889 510 4945 Aliud
545 4893 632 4943 est
662 4888 844 4952 enim,
893 4884 1105 4956 inquit,
1157 4900 1272 4938 non
1325 4900 1583 4955 peccare,
1639 4884 1795 4937 aiud
1845 4885 1991 4939 bene

340 4964 549 5016 facere.
591 4960 667 5012 LE
698 4958 798 5011 Pa.

414 5032 490 5102 (8)
524 5032 721 5085 Etiam
768 5031 827 5102 in
870 5026 1339 5102 persecutionibus
1385 5024 1583 5102 melius
1627 5031 1710 5079 est
1749 5042 1813 5080 e1
1864 5043 1989 5096 per-

336 5096 515 5158 missu
542 5105 731 5172 fugere
762 5100 826 5155 de
854 5096 1255 5172 cppida,quum
1286 5096 1737 5172 comprehensum
1756 5114 1989 5172 negare.

338 5168 664 5252 Notissima
694 5177 782 5252 est
815 5168 980 5225 Pauli
1007 5171 1077 5252 ad
1110 5169 1442 5224 Corinthios
1492 5168 1841 5252 scribentis“
1862 5186 1993 5223 sen-
2032 5188 2077 5252 D
2108 5175 2285 5229 dubio

339 5246 527 5302 tentia
561 5261 574 5300 :
611 5245 802 5299 Melius
832 5259 945 5298 esse
975 5242 1178 5296 nubere
1228 5257 1393 5311 quam
1440 5241 1553 5294 uri.
1605 5239 2001 5296 Tertullianus

342 5320 613 5389 disputat
644 5314 1083 5389 contenditque,
1121 5312 1301 5389 multo
1336 5312 1547 5366 melius
1578 5328 1707 5389 esse
1734 5329 1837 5367 nec
1889 5331 2000 5389 nu-

342 5384 499 5455 bere,
538 5403 642 5444 nec
675 5387 950 5457 uri,quod
984 5390 1047 5439 ut
1077 5384 1326 5450 evincat,
1346 5385 1786 5457 comparatione
1816 5386 2004 5457 utitur

343 5462 590 5518 alterius
620 5456 928 5514 sententias
961 5473 1077 5527 qua
1107 5457 1367 5517 docetur,
1400 5456 1614 5511 melius
1665 5473 1793 5512 esse
1843 5456 2003 5511 Chri-

348 5535 541 5589 stiano
593 5531 651 5585 in
707 5528 1211 5601 persecutionibus
1242 5527 1461 5601 fugere,
1496 5545 1672 5601 quam
1708 5529 2003 5585 Christum

348 5620 598 5675 negare;
634 5597 726 5658 cui
760 5602 962 5657 statim
991 5599 1263 5675 subjecit,
1297 5597 1465 5675 longe
1498 5600 1869 5675 meli_us_esse
1902 5618 2006 5656 nec

350 5670 713 5750 fug-eranteo
745 5690 976 5746 negare.
1002 5672 1110 5750 Qui
1140 5670 1303 5750 locus
1332 5670 1390 5750 in
1425 5670 1857 5750 exemplaribus
1888 5676 2007 5750 edi:

357 5743 452 5809 tis
469 5743 613 5806 adeo
646 5743 995 5820 depravatus
1026 5743 1433 5802 circumfertur
1464 5745 1527 5799 ut
1550 5743 1637 5800 vis
1680 5747 2011 5816 argumenti

2090 3884 2383 3939 Pamelius
2422 3900 2433 3937 :
2470 3906 2496 3932 ‹‹
2533 3886 2591 3938 In
2626 3885 3136 3955 persecutionibus
3160 3884 3369 3939 melius
3401 3890 3489 3939 est
3517 3902 3584 3940 ex
3615 3902 3740 3955 pero

2090 3956 2279 4009 missu
2312 3958 2511 4026 fugere
2542 3956 2611 4009 de
2644 3956 2856 4027 oppido
2893 3956 2952 4009 in
3003 3956 3304 4027 oppidum,
3358 3972 3533 4026 quam
3583 3972 3746 4010 com-

2088 4043 2360 4099 pressum
2393 4034 2448 4082 et
2477 4027 2790 4099 distortum
2820 4043 3064 4099 negare:
3101 4033 3162 4099 at
3191 4044 3314 4095 quas
3338 4028 3460 4099 ista
3492 4028 3743 4081 beatitas

2091 4098 2180 4155 est
2206 4115 2221 4149 :
2245 4099 2373 4152 ideo
2408 4114 2478 4153 ne
2511 4098 2609 4169 qui
2643 4098 2995 4169 neget,beati
3029 4098 3350 4153 testimonii
3382 4099 3747 4153 confessione

2092 4169 2399 4226 excidere?
2434 4171 2674 4224 Possum
2710 4169 2900 4225 dicere
2951 4185 2963 4224 :
3016 4171 3169 4240 quod
3222 4170 3743 4241 permittitur_non

2092 4248 2181 4298 est
2214 4242 2621 4305 bonum.Quid
2652 4244 2806 4297 enim
2841 4239 3075 4296 necesse
3108 4239 3253 4295 mori
3289 4242 3464 4295 mihi?
3484 4241 3531 4295 si
3564 4239 3744 4309 plore,

2093 4316 2315 4369 bonum
2349 4320 2437 4368 est
2471 4331 2482 4368 :
2521 4314 2567 4368 si
2603 4314 2964 4377 timeo.Quod
3000 4313 3382 4384 permittitur,
3407 4318 3743 4383 suspectam

2096 4387 2270 4440 habet
2302 4386 2711 4457 permissionis
2744 4403 2861 4440 suae
2895 4385 3371 4457 causamniMire
3394 4385 3572 4457 torsit
3603 4384 3749 4437 Rhe-

2098 4476 2319 4512 nanum
2354 4458 2447 4511 hic
2480 4457 2661 4522 locus,
2697 4462 2753 4511 et
2783 4463 2871 4512 est
2918 4458 2990 4510 ab
3034 4474 3099 4511 eo
3152 4456 3346 4512 editus
3391 4456 3500 4511 hoc
3548 4461 3749 4509 tenore

2095 4532 2406 4584 verborum
2444 4545 2456 4581 :
2492 4535 2686 4599 atque,
2722 4534 2786 4582 ut
2817 4527 3131 4583 verisimile
3162 4535 3272 4596 est,
3325 4527 3749 4597 manuscriptis

2098 4602 2179 4655 ita
2210 4600 2815 4656 commonstrantibus
2851 4618 2862 4654 :
2904 4620 2922 4647 ε
2960 4601 3164 4656 Melius
3196 4604 3284 4652 est
3335 4617 3403 4655 ex
3453 4600 3746 4671 permissu

2101 4674 2300 4744 fugere
2333 4673 2403 4727 de
2435 4673 2649 4743 oppido
2683 4674 2738 4725 in
2773 4672 3077 4743 oppidum,
3112 4687 3290 4743 quam
3344 4687 3750 4744 compressum

2101 4743 2473 4799 et’distorum
2510 4761 2741 4814 negare,
2774 4750 2950 4814 atque
2980 4744 3091 4797 isto
3143 4745 3308 4798 beata
3358 4748 3464 4798 est.
3521 4743 3750 4797 ldemve

2102 4816 2241 4887 quid
2278 4820 2489 4887 negent
2518 4816 2670 4870 beati
2705 4815 3023 4870 testimonii
3059 4814 3424 4869 confessione
3463 4814 3749 4868 excidere.

2102 4886 2594 4942 Possum'dicere.
2630 4889 2790 4952 Quod
2821 4886 3182 4955 permittitur
3209 4903 3322 4939 non
3372 4888 3460 4941 est
3504 4887 3747 4940 bonum.

2103 4959 2251 5023 Quid
2305 4959 2460 5012 enim
2514 4975 2749 5013 necesse
2799 4963 2888 5012 est
2937 4958 3083 5012 mori
3136 4957 3302 5023 mihi,
3353 4958 3401 5013 si
3455 4956 3617 5028 ploro
3651 4958 3751 5012 bo-

2105 5048 2243 5085 num
2281 5036 2369 5085 est
2402 5047 2414 5084 :
2451 5030 2500 5084 si
2534 5030 2730 5085 timeo.
2769 5030 2930 5096 Quod
2967 5030 3347 5101 permittitur,
3414 5034 3755 5101 suspectam

2105 5103 2281 5156 habet
2336 5101 2744 5171 permissionis
2796 5118 2914 5155 sua:
2967 5100 3225 5156 causam.
3281 5122 3308 5149 ››
3361 5102 3495 5165 Quae
3547 5100 3751 5171 procul

2386 5174 2481 5228 oni
2539 5191 2749 5229 sensus
2805 5173 3061 5243 expertia
3117 5176 3274 5228 sunt.
3323 5172 3635 5227 Videamus
3682 5188 3756 5226 an

2111 5245 2463 5316 exemplaris
2528 5246 2736 5316 nostri,
2781 5245 3059 5300 beneficio
3120 5261 3284 5300 mens
3342 5244 3751 5316 Auctorisnre-

2113 5319 2243 5372 duci
2280 5314 2476 5387 queat.
2513 5317 2575 5371 In
2611 5334 2674 5371 eo
2727 5315 2939 5387 legitur
2990 5332 3001 5370 :
3056 5338 3083 5366 ‹‹
3140 5320 3201 5373 In
3251 5314 3761 5388 persecutionibus

2114 5389 2325 5445 melius
2391 5394 2480 5444 est
2538 5391 2744 5461 fugere
2797 5389 2866 5444 de
2919 5389 3172 5461 oppido,
3243 5406 3420 5461 quam
3474 5402 3760 5461 compre-

2116 5461 2366 5533 hensum
2402 5460 2803 5533 etdistortum
2836 5459 3080 5533 negare;
3116 5459 3444 5533 atquerideo
3471 5459 3761 5533 beatiores

2116 5532 2212 5602 qui
2248 5532 2441 5586 valent
2472 5532 2638 5588 beata
2680 5530 2999 5589 testimonii
3050 5530 3412 5589 confessione
3460 5530 3755 5597 excedere,

2116 5608 2372 5677 Possum
2398 5604 2609 5671 dicere,
2646 5606 2795 5675 quod
2832 5606 3201 5677 permittitur
3222 5606 3444 5677 bonum
3478 5619 3591 5657 non
3643 5608 3752 5659 est.

2118 5674 2265 5740 Quid
2284 5675 2438 5732 enim
2458 5674 2694 5734 necesse
2712 5682 2798 5734 est
2817 5674 2962 5733 mori
2985 5676 3206 5749 mihi,si
3226 5674 3385 5748 ploro
3406 5676 3624 5749 bonurn
3644 5679 3750 5749 est.

2118 5748 2275 5816 Quod
2304 5750 2352 5806 si
2383 5750 2563 5808 timeo
2595 5752 2750 5823 quod
2785 5746 3163 5823 permittitur,
3196 5746 3534 5821 suspectam
3580 5746 3759 5806 habet
