4148 6194
396 279 544 340 1391

394 409 757 466 confessione
786 410 1059 465 excedere
1090 412 1336 463 Possum
1369 406 1558 462 dicere
1594 423 1605 462 :
1640 405 1845 462 1279
1882 406 2044 473 Quod
2076 407 2129 472 Α

393 500 753 573 permittitur
780 499 1001 555 bonum
1035 514 1151 553 non
1176 496 1439 560 est.Quid
1473 493 1658 551 enim?
1678 494 1925 551 Necesse
1956 499 2047 551 est

396 590 545 645 mori
580 588 806 644 mihi.Si
840 587 1024 659 ploro,
1056 586 1275 641 bonum
1309 590 1418 656 est,
1452 586 1604 657 quod
1659 584 1706 639 si
1758 585 1802 619 ³³
1849 585 2047 652 timeo,

410 679 562 751 quod
582 677 1299 751 permittitur,suspectam
1321 674 1914 747 habetpermissionis
1933 691 2049 735 sua:

400 784 634 824 causam
656 786 668 823 :
691 766 845 838 quod
882 770 1077 821 autem
1112 764 1323 819 melius
1356 769 1649 829 est,nemo
1682 764 2052 835 permisit,ut

401 855 802 911 indubitatum
821 858 878 909 et
897 871 1003 909 sua
1020 854 1353 908 sinceritate
1374 851 1904 907 manifestum.Non
1929 868 2051 923 pro-

397 951 596 1018 pterea
625 944 953 1017 appetenda
982 947 1123 998 sunt
1154 942 1592 1014 quedam,quia
1616 958 1729 995 non
1753 945 2046 1008 vetantur,

396 1035 507 1090 etsl
538 1032 968 1105 quodammodo
1001 1036 1430 1097 vetantur,cum
1458 1030 1571 1084 alia
1600 1030 1715 1083 illis
1739 1030 2051 1101 praeferun-

393 1128 494 1179 tur
524 1140 536 1179 :
571 1121 830 1194 praelatio
861 1120 1015 1177 enim
1049 1120 1417 1191 superiorum
1451 1120 1495 1153 ²⁴
1519 1118 1812 1174 dissuasio
1843 1124 1931 1173 est
1958 1119 2047 1173 in-

392 1214 700 1268 firmorum
725 1212 926 1266 ".Non
962 1209 1090 1265 ideo
1123 1208 1263 1281 quid
1295 1210 1513 1264 bonum
1548 1208 1802 1280 est,quia
1824 1208 2047 1262 malum

392 1319 508 1359 non
542 1306 672 1358 est:
707 1316 813 1356 nec
858 1300 985 1354 ideo
1045 1299 1262 1353 malum
1317 1316 1429 1353 non
1478 1303 1565 1354 est
1618 1298 1681 1362 ’6,
1736 1297 1874 1369 quia
1932 1314 2047 1353 non

390 1393 575 1447 obest.
610 1391 784 1445 Porro
816 1388 990 1460 plane
1020 1389 1063 1421 ²⁷
1095 1389 1312 1443 bonum
1354 1387 1463 1442 hoc
1515 1388 1836 1458 antecedet,
1890 1388 2045 1459 quod

400 1496 515 1534 non
548 1478 723 1533 modo
755 1494 869 1531 non
904 1476 1197 1543 obest,sed
1231 1476 1471 1546 insuper
1501 1475 1980 1546 prodest.ltaque
2003 1475 2049 1509 ³⁸

395 1567 566 1623 malle
598 1567 802 1632 debeo,
836 1565 987 1636 quod
1024 1565 1278 1636 prodest,
1316 1580 1489 1636 quam
1523 1564 1676 1636 quod
1710 1580 1827 1618 non
1858 1564 2043 1620 obest.

397 1658 480 1711 Ad
507 1656 763 1729 primum
795 1653 951 1709 enim
980 1652 1172 1708 locum
1207 1658 1499 1708 certamen
1532 1669 1703 1707 omne
1727 1654 2043 1708 contendit:

393 1746 691 1801 secundus
716 1743 987 1799 solatium
1010 1742 1513 1813 babet,victoriam
1542 1759 1654 1797 non
1682 1742 2044 1809 habet.Quod

393 1835 441 1888 si
474 1833 751 1905 Apostolo
792 1832 1217 1895 auscultamus,
1265 1831 1426 1885 obliti
1485 1826 1896 1902 posteriorum,
1948 1849 2044 1887 ex-

393 1924 709 1977 tendamur
741 1922 786 1956 ²⁹
811 1921 868 1974 in
893 1919 1106 1990 priora,
1138 1925 1194 1976 et
1225 1920 1530 1973 meliorum
1566 1921 1948 1975 donationum
2002 1922 2047 1956 3°

392 2015 711 2067 sectatores
740 2009 1015 2064 simus.Si
1045 2008 1212 2064 nobis
1242 2008 1287 2042 ³2
1320 2008 1597 2078 laqueum
1627 2025 1740 2063 non
1774 2009 2042 2080 imponit:

394 2099 534 2171 quid
570 2098 845 2153 utilitatis
876 2098 973 2164 sit,
1003 2097 1278 2161 ostendit,
1310 2097 1511 2152 dicens
1542 2098 1587 2166 (1
1610 2101 1737 2153 Cor.
1770 2115 1866 2166 vn,
1900 2100 1992 2167 94)
2029 2116 2041 2154 :

391 2190 626 2258 Innupta
655 2187 721 2242 de
749 2187 1038 2241 dominici:
1067 2188 1280 2255 coyimt,
1330 2188 1415 2240 uti
1466 2202 1695 2256 corpore
1740 2192 1792 2239 et
1842 2190 2045 2257 spiritu

391 2282 583 2333 sancta
614 2278 708 2331 sit.
740 2277 921 2347 Nupta
951 2291 1101 2340 vero,
1132 2276 1373 2330 so’licita
1402 2283 1479 2330 est.
1510 2276 1773 2346 quomodo
1822 2277 2045 2347 coniugi

389 2384 492 2425 suo
509 2368 1032 2438 placeat.Caeterum
1058 2380 1350 2434 nusquam
1379 2365 1456 2419 ita
1479 2364 1716 2435 nuptias
1734 2366 2039 2437 permittit,

392 2462 457 2511 ut
486 2472 602 2511 non
636 2454 826 2525 patius
854 2470 927 2508 an
960 2469 1136 2507 suum
1168 2451 1501 2522 exemplum
1536 2470 1644 2509 nos
1676 2454 1819 2508 eniti
1853 2454 2036 2510 malit.

392 2544 638 2599 Felicem
672 2542 838 2598 illum
875 2542 975 2613 qui
1008 2540 1171 2596 Pauli
1204 2541 1418 2596 similis
1448 2541 1734 2597 exstiterit
1761 2543 1867 2615 (9).

944 273 1473 335 TERTULLIANI
1516 271 1837 334 OPERUM
1882 271 2082 332 PARS
2124 274 2171 333 Ῑ.
2207 304 2286 318 --
2313 273 2587 333 SERIES
2630 274 2709 349 Il,
2754 274 3240 335 DOGMATICA.

3652 272 3808 332 l392

2682 406 2889 463 I280
2920 405 3154 461 CAPUT
3185 405 3279 461 IV.

2229 496 2335 550 Sed
2388 512 2618 551 carnem
2667 494 2920 568 legimus
2975 495 3291 556 inﬁrmam.
3342 498 3398 549 et
3446 494 3585 550 hinc
3634 492 3804 549 nobis

2160 584 2473 640 adulamur
2505 585 2831 656 impensius
2865 602 2877 639 :
2909 584 3163 657 legimus
3194 589 3389 639 tamen
3423 590 3480 639 et
3529 584 3801 654 spiritum

2160 674 2572 729 ﬁrmum.Naln
2605 675 2660 728 in
2696 691 2809 729 uno
2842 690 3021 729 sensu
3054 680 3369 745 utrumque
3401 673 3658 745 positum
3690 678 3798 728 est.

2159 762 2303 818 Caro
2335 769 2564 818 terrena
2610 762 2854 818 materia
2899 766 3007 830 est,
3059 762 3303 833 spiritus
3344 779 3478 817 vero
3527 764 3799 818 ccelestis.

2159 856 2271 906 Cur
2299 869 2433 923 ergo
2466 853 2534 907 ad
2570 853 3003 908 excusationem
3039 852 3361 924 proniores,
3387 868 3512 923 quae
3545 852 3600 906 in
3637 851 3801 907 nobis

2158 941 2393 997 inﬁrma
2425 946 2585 1008 sunt,
2621 942 2975 1014 opponimus
3026 959 3038 997 :
3092 958 3217 1013 quea
3266 957 3398 995 vero
3453 941 3689 996 fortiora
3733 940 3801 1007 ³³,

2160 1048 2273 1086 non
2307 1030 2585 1086 tuemur?
2614 1036 2727 1086 Cur
2757 1030 3092 1087 cmlestibus
3123 1036 3358 1086 terrena
3387 1046 3502 1085 non
3552 1029 3804 1085 cedant?

2158 1120 2205 1175 si
2239 1120 2484 1191 spiritus
2504 1109 2685 1174 ‘carne
2721 1120 2941 1191 fortior,
2972 1120 3108 1189 quia
3137 1122 3192 1174 et
3218 1118 3574 1190 generosior,
3606 1124 3806 1173 nostra

2158 1208 2331 1281 culpa
2359 1210 2744 1264 infirmiorem
2776 1209 2820 1243 ³⁸
2852 1213 3168 1265 sectamur.
3200 1208 3347 1263 Nam
3396 1208 3710 1278 disjunctis
3756 1209 3801 1242 ³⁸

2160 1298 2531 1353 matrimonio
2591 1300 2716 1353 dua:
2775 1299 2999 1370 species
3057 1297 3330 1352 humanm
3382 1296 3804 1352 imbecillitatis

2158 1385 2517 1441 necessarias
2550 1385 2785 1458 nuptias
2818 1385 3060 1441 faciunt.
3096 1385 3289 1440 Prima
3320 1385 3558 1456 quidem
3600 1390 3804 1457 poten-

2156 1475 2406 1546 tissima,
2436 1492 2561 1546 quae
2592 1476 2748 1531 venit
2775 1475 3251 1547 concupiscentia
3280 1474 3473 1530 carnis
3507 1490 3521 1528 :
3551 1491 3803 1545 sequens

2156 1566 2226 1620 de
2258 1566 2732 1637 concupiscentia
2763 1564 2981 1620 saeculi.
3013 1565 3121 1619 Sed
3156 1568 3404 1635 utraque
3437 1564 3803 1635 repudianda

2156 1658 2245 1708 est
2274 1670 2307 1709 a
2336 1654 2520 1708 servis
2554 1654 2672 1719 Dei,
2706 1654 2804 1725 qui
2857 1660 2913 1708 ct
2964 1652 3204 1707 luxurias
3256 1657 3313 1707 et
3360 1652 3663 1707 ambitioni
3715 1670 3803 1707 rc-

2157 1743 2521 1798 nuntiamus.
2572 1744 2776 1799 Carnis
2834 1742 3311 1813 concupiscentia
3370 1742 3556 1796 atatis
3611 1742 3805 1797 ofﬁcia

2157 1832 2431 1896 defendii,
2466 1832 2691 1887 decoris
2725 1848 2976 1887 messem
3010 1831 3276 1903 requirit,
3309 1833 3523 1901 gaudet
3550 1831 3619 1886 de
3663 1848 3803 1885 con-

2156 1923 2401 1977 tumelia
2432 1939 2539 1977 sua
2571 1938 2585 1977 :
2619 1922 2763 1977 dicit
2794 1921 2983 1976 virum
3017 1922 3411 1977 necessarium
3446 1921 3632 1985 sexui,
3668 1926 3731 1975 ut
3759 1922 3801 1956 ³⁸

2155 2009 2519 2066 auctoritatis
2552 2015 2607 2066 et
2635 2010 2823 2066 solatii
2859 2026 3058 2076 causa,
3092 2009 3177 2065 vel
3215 2015 3279 2065 ut
3307 2011 3351 2045 ³⁸
3404 2028 3439 2065 a
3482 2010 3654 2065 malis
3704 2028 3802 2064 ru-

2156 2103 2418 2154 moribus
2450 2105 2574 2155 tula
2603 2100 2701 2155 sit.
2736 2104 2801 2152 Et
2836 2104 2896 2154 tu
2928 2099 3211 2154 adversus
3241 2097 3490 2153 consilia
3521 2098 3643 2153 haec
3675 2100 3802 2167 ejus

2154 2189 2364 2243 adhibe
2394 2205 2659 2243 sororum
2693 2192 3026 2242 nostrarum
3060 2187 3346 2258 exempla,
3397 2204 3650 2257 quarum
3702 2205 3803 2239 nn-

2152 2277 2310 2333 mino
2342 2292 2520 2349 penes
2554 2276 2865 2331 Dominum
2900 2276 3034 2346 (10),
3067 2291 3197 2346 quae
3229 2274 3451 2329 nullam
3488 2276 3684 2330 forma
3712 2276 3799 2329 vel

2152 2365 2339 2421 aetatis
2370 2364 2739 2421 occasionem
2771 2364 3094 2436 premissis
3138 2363 3363 2420 maritis
3410 2364 3707 2420 sanctitati
3760 2365 3803 2398 ³⁷

2150 2460 2516 2526 anteponunt
2544 2454 2655 2524 (11)
2692 2470 2704 2508 :
2739 2453 2968 2508 malunt
3020 2452 3176 2507 enim
3227 2454 3337 2508 Deo
3386 2453 3631 2520 nubere,
3686 2459 3799 2507 Deo

2148 2544 2443 2615 speciosae,
2474 2544 2587 2598 Deo
2619 2546 2761 2598 sunt
2793 2541 2997 2614 puellm
3031 2558 3044 2596 :
3078 2558 3210 2597 cum
3245 2542 3344 2597 illo
3392 2543 3613 2611 vivunt,
3666 2559 3797 2596 cum

1804 2723 2007 2785 Variae
2038 2722 2360 2783 lectiones.

463 2865 509 2899 ³³
540 2864 702 2931 Quod
734 2862 783 2919 si
815 2861 991 2918 timeo
1021 2864 1143 2930 Rz'g.
1177 2933 1185 2934 ί
1222 2862 1268 2896 ²⁸
1298 2863 1449 2918 Recte
1474 2864 1617 2934 conj.
1653 2863 1861 2920 Semler

1926 2880 1987 2937 ro
2017 2865 2287 2937 superior
2313 2867 2580 2936 scriptum
2626 2866 2793 2934 fuisse
2843 2866 3235 2936 superiorum.
3291 2894 3353 2906 ο
3406 2867 3468 2920 Et
3518 2870 3694 2922 Fran.
3748 2875 3804 2920 et

463 2882 509 2899 ιη
540 2882 702 2931 quoa
734 2882 783 2919 ει
815 2882 991 2918 umeo
1021 2882 1143 2930 mg.
1224 2882 1268 2896 υ
1298 2882 1449 2918 necte
1474 2882 1617 2934 conj.
1653 2882 1861 2920 oemier
1881 2882 1987 2971 pro
2017 2882 2287 2937 superior
2313 2882 2580 2936 scriptum
2626 2882 2793 2934 [uisse
2843 2882 3235 2936 superiorum.
3291 2894 3353 2906 -
3406 2882 3468 2920 at
3518 2882 3694 2922 rran.
3748 2882 3804 2920 et

393 2936 947 3014 flig._inﬁrruorum.
1016 2934 1061 2967 ²³
1079 2933 1464 3014 inﬁrmorum
1495 2936 1657 3014 Flran.
1692 2938 1842 3014 R_ig._
1903 2936 2077 3014 {Non
2110 2938 2239 3014 ideo
2272 2939 2550 3014 b.Ae._nec
2586 2937 2713 3014 ideo
2746 2937 2969 3014 malum
3004 2955 3117 3014 non
3145 2937 3475 3014 esti’eneta.
3549 2938 3803 3014 “imane
3898 3002 3913 3014 ο

392 3006 621 3063 Sernler.
700 3007 743 3041 ³⁸
774 3011 1040 3077 Namque
1071 3006 1235 3061 Seml.
1272 3011 1476 3078 Itaque
1506 3009 1672 3062 Fran.
1705 3008 1886 3062 Paris.
1925 3008 2087 3063 illud.
2122 3010 2241 3077 Rig.
2338 3009 2383 3043 ²⁹
2415 3009 2483 3063 Et

393 3080 484 3113 Qin
517 3096 548 3113 η
607 3079 712 3113 οιος
776 3080 868 3113 Da’n
987 3078 1032 3111 32
1070 3077 1252 3113 βῆν·ιίο
1292 3080 1435 3113 ι’..ηυ
1500 3080 1606 3113 βίην
1719 3079 1764 3113 83
1802 3080 2124 3113 [nn-nn:nnn
2166 3082 2299 3113 Ε’κηη
2367 3082 2495 3113 Dmm'

864 3096 889 3131 ν.
987 3080 1032 3111 ³²
1066 3080 1259 3131 Fortia
1288 3080 1457 3134 Fran.
1494 3080 1625 3135 Par.
1719 3080 1764 3113 ³³
1798 3080 2129 3136 Inﬁrmiora
2159 3082 2323 3136 Fran.
2359 3082 2541 3135 Paris.
2638 3081 2683 3115 3‘
2711 3082 2757 3135 A
2786 3086 2956 3136 matr.
2989 3082 3111 3149 Rig.
3206 3080 3252 3116 ⁸⁸
3285 3080 3382 3137 Vel
3414 3082 3543 3136 Jun.
3626 3083 3667 3121 ³⁸
3696 3080 3801 3136 Vel

864 3148 989 3223 ulla,
1014 3148 1209 3223 forma:
1240 3149 1327 3205 vel
1357 3150 1541 3205 aetatis
1574 3151 1877 3206 occasione
1910 3168 2122 3223 pressa:
2155 3151 2382 3208 maritis
2411 3154 2581 3208 Fran.
2623 3153 2875 3207 Parisin.
2911 3152 3134 3207 nullam
3165 3152 3409 3207 formam
3432 3183 3501 3195 —-
3523 3153 3808 3208 sanctita-

392 3080 486 3135 Sic
517 3096 574 3134 n.
606 3079 739 3143 etsi,
772 3080 889 3143 Rig.
987 3078 1032 3111 ³²
1066 3077 1259 3131 Fortia
1288 3077 1457 3134 Fran.
1494 3080 1625 3135 Par.

394 3158 459 3206 ut
485 3156 661 3207 Fran.
737 3151 779 3185 ³⁷

392 3228 513 3279 tem
543 3223 770 3279 Semler.
808 3221 1135 3293 permissis,
1167 3225 1277 3276 etc.

3002 3010 3046 3044 3°
3077 3009 3490 3064 Donativorum
3523 3011 3655 3065 alii.
3748 3010 3795 3045 ³³

3206 3080 3252 3116 ⁸⁸
3285 3080 3382 3137 Vel
3414 3082 3543 3136 Jun.
3626 3083 3667 3121 ³⁸
3696 3080 3801 3136 Vel

2338 3009 2383 3043 ²⁹
2415 3009 2483 3063 Et
2513 3009 2742 3064 extend.
2776 3010 2906 3065 alii.

2638 3081 2683 3115 3‘
2711 3082 2757 3135 A
2786 3086 2956 3136 matr.
2989 3082 3111 3149 Rig.

1833 3340 2352 3402 Commentarius.

398 3471 805 3545 permissionis
835 3488 952 3526 suae
986 3486 1243 3545 causam.
1276 3488 1302 3519 ι
1325 3474 1427 3545 με.
1458 3470 1696 3545 omnino
1744 3470 1839 3525 ille
1888 3474 2035 3543 Ago-
2069 3472 2111 3539 C
2150 3472 2448 3545 inAvitium
2481 3471 2901 3545 imbecillitatis
2934 3472 3237 3541 incideret,
3271 3472 3483 3528 melius
3542 3474 3798 3543 profecto

396 3541 564 3599 bardi
599 3544 762 3609 liber,
794 3544 888 3613 qui
923 3543 1096 3595 etiam
1130 3558 1237 3611 ope
1278 3541 1487 3613 aliqua
1540 3541 1785 3611 indiget,
1832 3541 2033 3597 verum

399 3616 714 3681 levissima,
748 3612 876 3677 hac,
910 3614 1116 3682 Opinor
1150 3630 1163 3678 ;
1198 3636 1225 3660 «
1276 3612 1459 3666 Etiam
1510 3614 1566 3666 in
1619 3614 2035 3683 persecutioni-

400 3688 512 3741 bus
544 3686 753 3739 melius
785 3690 873 3739 est
919 3700 987 3738 ex
1037 3684 1324 3754 permissu
1376 3685 1590 3753 fugere,
1642 3701 1819 3754 quam
1874 3703 2032 3740 com-

400 3756 757 3829 prehensum
809 3762 869 3829 et
915 3756 1228 3829 distortum
1275 3771 1516 3829 negare,
1549 3763 1724 3823 atque
1752 3756 1865 3810 isto
1899 3760 2038 3812 bea-

392 3826 573 3883 tiores
606 3828 702 3899 qui
732 3828 926 3881 valent
958 3828 1124 3881 beata
1154 3826 1472 3882 testimonii
1506 3829 1871 3883 confessione
1921 3846 2034 3884 non

390 3901 669 3956 excidere.
709 3900 948 3954 Possum
984 3899 1173 3953 dicere
1226 3916 1238 3955 :
1290 3900 1451 3963 Quod
1504 3901 1880 3969 permittitur,
1936 3902 2033 3956 bo-

390 3990 532 4028 nu'n
591 3988 701 4026 non
736 3976 843 4027 est.
878 3970 1023 4036 Quid
1060 3970 1261 4025 enim?
1290 3970 1537 4025 Necesse
1567 3976 1656 4025 est
1687 3971 1832 4025 mori
1868 3972 2032 4027 mihi.

386 4045 444 4099 Si
477 4046 661 4116 ploro,
695 4043 919 4116 bonum»
943 4048 1052 4097 est.
1085 4042 1243 4104 Quod
1280 4043 1326 4116 si
1360 4041 1536 4116 timeo
1570 4044 1721 4112 quod
1758 4044 2037 4111 permitti-

388 4113 504 4184 tur,
540 4126 875 4185 suspectam
910 4114 1085 4170 habet
1118 4113 1524 4183 permissionis
1556 4131 1673 4168 sum
1705 4132 2034 4169 caussam.»

386 4189 483 4242 Ait
512 4186 905 4241 Tertullianus
940 4203 952 4239 :
987 4186 1364 4256 Christianis
1391 4186 1462 4239 ab
1512 4192 1756 4256 tyranno
1813 4187 1880 4239 ad
1936 4188 2033 4239 de-

387 4260 693 4314 fectionem
728 4257 1235 4329 requisitis,licere
1268 4255 1500 4329 quidem
1540 4255 1674 4329 fuga
1705 4256 1883 4311 saluti
1919 4275 2035 4311 sua:

384 4336 709 4397 consulere,
743 4346 807 4384 ac
842 4328 1054 4383 melius
1086 4345 1212 4383 esse
1245 4328 1326 4381 uti
1360 4328 1649 4397 permissu
1700 4345 1767 4382 ex
1818 4330 2032 4395 fugere,

382 4419 559 4473 quam
594 4401 1045 4473 comprehensos
1078 4399 1529 4473 cruciatibusad
1556 4401 1859 4472 perﬁdiam
1884 4417 2034 4454 com-

380 4471 539 4544 pelli.
578 4471 791 4528 Deinde
821 4471 1082 4542 apponit,
1116 4471 1285 4541 longe
1316 4471 1525 4527 melius
1555 4471 1683 4526 esse
1732 4472 1842 4525 fixo
1892 4474 2033 4542 pede

377 4551 689 4617 tyrannum
726 4550 783 4617 et
810 4548 1083 4617 iuncoset
1112 4560 1316 4597 cruces
1348 4549 1686 4613 exspectare
1702 4560 1781 4617 _ac
1812 4546 2033 4617 perpeti

377 4613 483 4671 n'ec
513 4618 657 4671 dates
688 4616 916 4671 Christo
950 4616 1082 4670 fidei
1125 4620 1558 4671 sacramentum
1606 4613 1839 4670 violare.
1895 4615 2031 4670 Per-

377 4690 463 4759 git
494 4688 883 4758 gravissimus
915 4703 1141 4749 censor,
1175 4692 1228 4740 et
1267 4686 1459 4757 fugam
1495 4686 1655 4742 illam
1686 4702 1861 4812 gnam
1896 4704 2029 4757 per-

377 4759 620 4812 missam
656 4776 779 4812 esse
810 4759 1058 4812 dixerat.
1094 4758 1365 4812 obstruit.
1408 4758 1651 4812 Possum
1730 4760 1896 4812 icere.
1943 4760 2028 4811 in-

376 4758 620 4814 missam
656 4776 779 4813 esse
810 4759 1058 4822 dixerat,
1094 4758 1365 4813 obstruit.
1408 4758 1651 4813 Possum
1686 4758 1896 4815 dicere.
1943 4760 2028 4811 in-

2154 3542 2376 3610 fuisset,
2413 3560 2526 3597 non
2561 3544 2800 3616 fugisse,
2845 3545 3455 3616 comprehensumque
3500 3542 3797 3600 termenta

2149 3618 2379 3668 fortiter
2409 3615 2741 3684 pertulisse,
2774 3632 2958 3685 neque
2990 3633 3261 3686 negasse.
3306 3615 3433 3671 Bia.

2217 3686 2293 3811 (9?
2326 3688 2564 3768 Felicem
2596 3688 2883 3768 illumqui
2914 3690 3079 3742 Pauli
3119 3688 3326 3742 similis
3373 3688 3674 3767 exstiterit;
3728 3687 3792 3741 B.

2217 3775 2264 3811 tu
2296 3776 2393 3811 um
2426 3758 2680 3811 czelibem
2719 3776 2930 3811 vmsse
2964 3761 3214 3811 probant
3242 3760 3362 3811 haec
3394 3760 3599 3811 verba:
3649 3758 3792 3811 illud

2149 3757 2393 3813 Paulum
2426 3758 2680 3812 caelibem
2719 3757 2930 3813 vixisse
2964 3761 3214 3829 probant
3242 3760 3362 3813 haec
3394 3760 3599 3824 verba;
3649 3758 3792 3812 illud

2147 3836 2341 3883 autem
2402 3831 2559 3899 apud
2609 3830 3039 3885 Tertullianum
3089 3831 3517 3895 certissimum;
3553 3838 3794 3899 excepto

2147 3902 2301 3955 enim
2328 3901 2386 3954 Β.
2424 3902 2867 3971 Petro,apostoli
2900 3917 3105 3956 omnes
3138 3903 3500 3958 continentes
3535 3903 3794 3965 fuerunt,

2148 3978 2212 4026 ut
2244 3979 2403 4041 patet
2431 3989 2498 4026 ex
2532 3973 2628 4026 lib.
2664 3973 2727 4027 de
2758 3975 2971 4039 Monog.
3008 3974 3083 4027 Ls
3120 3975 3218 4028 Pa.

2218 4045 2327 4113 (l0)
2362 4043 2607 4110 Quarum
2637 4046 2865 4099 nomina
2898 4062 3061 4111 penes
3114 4047 3434 4100 Dominum.
3485 4043 3649 4114 Saepe
3696 4061 3791 4098 oc-

2147 4116 2328 4168 currit
2360 4116 2417 4169 in
2449 4116 2705 4186 antiquit
2735 4117 3181 4242 Martirologiis,
3214 4118 3278 4171 Et
3304 4117 3413 4170 alii
3437 4118 3638 4180 sancti,
3670 4132 3798 4187 quo—

2147 4202 2272 4239 rum
2298 4189 2525 4241 nomina
2558 4188 2695 4241 Deus
2719 4191 2838 4242 scit.
2920 4205 2951 4241 ε
2981 4192 3083 4242 Ρη.

2145 4202 2272 4239 rum
2298 4189 2525 4241 nomina
2558 4188 2695 4241 Deus
2719 4191 2838 4242 scit.
2874 4188 2951 4242 Ls
2981 4192 3083 4244 PR.

2216 4258 2328 4326 (ll)
2383 4260 2517 4325 Quae
2560 4259 2783 4313 nullam
2832 4266 3033 4325 formae
3078 4259 3162 4315 vel
3220 4259 3399 4314 artatis
3455 4259 3798 4312 occasionem

2143 4332 2449 4397 prwinissis
2496 4333 2721 4384 mariti:
2764 4334 3059 4385 sanctitati
3108 4339 3466 4401 anteponunt.
3520 4329 3655 4383 Post
3703 4346 3796 4381 re-

2147 4417 2408 4470 pressam
2432 4403 2758 4470 eorum,qui
2781 4403 3198 4457 imbecillitatis
3220 4403 3491 4455 humanae
3516 4408 3796 4468 pretextu

2147 4474 2424 4527 secundis
2455 4473 2676 4543 nuptiis
2704 4474 3031 4543 impensius
3068 4475 3356 4537 favebant,
3413 4472 3796 4534 sententiam,

2144 4544 2541 4598 Tertullianus
2601 4547 2761 4599 uxori
2820 4562 2941 4600 suae
3000 4546 3282 4601 adversus
3346 4545 3532 4612 ipsam
3598 4544 3791 4595 imbe-

2151 4615 2449 4688 cillitatem
2493 4616 2747 4688 consilia
2794 4616 2996 4677 dictat,
3049 4616 3214 4688 quasi
3250 4616 3525 4688 atnuleta,
3560 4613 3647 4688 vel
3688 4630 3795 4688 po-

2152 4687 2272 4760 tius
2304 4687 2626 4760 vmmvﬁpza.
2663 4710 2689 4735 «
2746 4687 3081 4756 Disjunctis’
3126 4687 3517 4760 matrimonio,
3569 4687 3795 4760 inquit,

2142 4759 2267 4811 dum
2328 4759 2551 4829 species
2620 4759 2889 4813 humanae
2943 4759 3367 4814 imbecillitatis
3424 4759 3793 4813 necessarias

378 4830 537 4912 quit,_
560 4832 712 4912 quod
751 4830 1353 4912 pe.rmit.tit.ur,bonum
1392 4847 1503 4912 pop
1537 4830 1809 4912 est.Qu_id
1844 4830 2031 4912 enim?
2064 4847 2106 4909 ί)
2142 4830 2389 4912 nuptias
2412 4830 2653 4885 faciunt.
2694 4830 2882 4912 Prima
2909 4832 3152 4912 quidem
3189 4830 3621 4912 potentissima,
3656 4847 3789 4912 qua:

374 4903 646 4957 imminet
678 4902 881 4957 cervici
910 4902 1162 4969 gladius,
1199 4906 1410 4956 zestuat
1462 4903 1685 4966 fornax,
1734 4906 2028 4956 tormenta

373 4978 632 5043 crepant,
667 4990 904 5028 necesse
936 4978 1025 5029 est
1058 4974 1201 5027 mori
1237 4974 1403 5028 mihi.
1439 4973 1494 5027 Si
1530 4975 1664 5029 ﬁetu
1700 4978 1756 5027 et
1804 4973 2024 5041 ejulatu

371 5046 612 5117 pavidus
642 5050 953 5113 tormenta,
1006 5047 1266 5100 morbem
1318 5046 1617 5115 deprecor,
1673 5045 1885 5117 bonum
1938 5050 2026 5101 est

372 5118 527 5188 quod
563 5118 943 5187 permittitur,
980 5133 1190 5187 nempe
1225 5117 1442 5188 fugere.
1478 5118 1637 5181 Quod
1672 5116 1719 5170 si
1751 5116 1894 5188 illud
1934 5117 2024 5185 ip-

371 5187 504 5244 sum
540 5190 691 5259 quod
728 5189 1086 5259 permittitur
1116 5187 1315 5250 timeo,
1364 5189 1616 5243 dictante
1664 5187 2025 5243 conscientia

366 5264 487 5315 tam
516 5261 697 5315 beata
718 5262 925 5316 mortis
949 5261 1146 5329 fugam
1168 5260 1501 5316 indecorem
1524 5277 1654 5316 esse
1668 5259 2019 5327 Christiano,

368 5332 426 5387 id
459 5339 657 5403 ipsum
689 5334 838 5401 quod
872 5348 1039 5387 mens
1070 5348 1195 5386 mea
1216 5332 1408 5403 fugam
1434 5332 1778 5402 permissam
1814 5347 2022 5401 sugge-

369 5405 446 5458 rit
476 5405 737 5475 quidem,
785 5421 901 5458 non
954 5410 1147 5458 tamen
1201 5405 1327 5458 sine
1388 5410 1547 5459 metu
1601 5403 1817 5471 probri,
1880 5403 2021 5457 satis

369 5478 559 5545 arguit
595 5481 927 5547 suspectam
963 5491 1091 5529 esse
1124 5475 1529 5543 permissionis
1562 5475 1722 5529 illius
1756 5490 2015 5547 causam:

372 5548 633 5602 animum
670 5546 893 5602 seilicet
927 5547 1391 5618 parumgl'ortem,
1428 5564 1631 5615 parum
1664 5552 1925 5601 tenacem
1961 5546 2021 5599 fi-

371 5619 496 5683 dei;
532 5619 736 5674 vitium
771 5616 1210 5683 imbecillitatis;
1232 5618 1320 5671 cui
1354 5617 1508 5673 malo
1540 5618 1677 5688 fuga
1709 5634 1809 5685 pro
1843 5634 2020 5672 reme-

370 5689 467 5745 dio
498 5690 575 5746 sit
605 5690 853 5747 indulta.
873 5692 1026 5747 Adeo
1057 5688 1105 5743 si
1136 5689 1230 5745 cui
1262 5690 1483 5745 bonum
1516 5689 1688 5744 fuerit
1717 5690 2017 5760 fugere,ne

2138 4902 2293 4955 venit
2358 4904 2429 4957 de
2504 4903 2980 4972 concupiscentia
3049 4902 3244 4958 carnis
3313 4918 3325 4954 :
3396 4917 3653 4967 sequens
3717 4902 3794 4955 de

2137 4973 2614 5043 concupiscentia
2667 4975 2882 5029 saeculi.
2943 4975 3047 5029 Sed
3106 4979 3355 5043 utraque
3420 4972 3795 5041 repudianda

2134 5055 2212 5099 est
2249 5062 2278 5098 a
2310 5046 2491 5099 servis
2524 5046 2643 5109 Dei,
2695 5047 2792 5115 qui
2842 5051 2898 5099 et
2948 5045 3189 5100 luxurias
3233 5051 3290 5099 et
3336 5043 3793 5115 ambitionire-

2135 5117 2500 5171 nuntiamus.
2546 5114 2751 5172 Carnis
2809 5118 3288 5186 concupiscentia
3342 5116 3527 5171 aetatis
3586 5114 3790 5171 officia

2133 5188 2412 5254 defendit,
2447 5189 2674 5243 decoris
2708 5205 2955 5243 messem
2988 5188 3254 5259 requirit,
3284 5189 3497 5258 gaudet
3524 5187 3599 5241 de
3647 5203 3793 5259 con-

2131 5260 2373 5313 tumelia
2426 5277 2566 5323 sua:
2623 5261 2763 5315 dicit
2808 5259 2994 5313 virum
3050 5258 3443 5314 necessarium
3494 5258 3687 5323 sexui,
3724 5264 3794 5312 ut

2132 5333 2502 5387 auctoritatis
2533 5337 2590 5387 et
2619 5331 2806 5386 solatii
2841 5347 3072 5395 caussa,
3107 5331 3193 5386 vel
3224 5337 3287 5384 ut
3316 5329 3487 5385 malis
3530 5333 3791 5384 rumori-

2133 5401 2242 5455 bus
2271 5408 2402 5458 tuta
2435 5405 2605 5458 sit.Et
2624 5408 2682 5456 tu
2705 5403 2985 5458 adversus
3011 5402 3256 5458 consilia
3283 5402 3404 5457 haec
3419 5402 3547 5472 ejus
3570 5401 3791 5457 adhibe

2130 5489 2397 5529 sororum
2420 5480 2766 5546 nostrarum
2800 5475 3087 5546 exempla,
3123 5491 3372 5545 quarum
3405 5474 3648 5546 nomina
3679 5490 3783 5543 pe-

2130 5561 2234 5599 nes
2267 5545 2601 5609 Dominum,
2636 5561 2763 5616 quea
2794 5545 3186 5603 nulla’formaa
3230 5546 3316 5602 vel
3367 5545 3555 5600 aetatis
3603 5561 3782 5600 occa-

2129 5618 2291 5674 sione
2343 5624 2576 5688 pressis,
2628 5618 2855 5673 maritis
2904 5618 3276 5674 sanctitatem
3317 5622 3709 5687 anteponunt.
3751 5639 3773 5663 ι

2127 5689 2255 5745 Haac
2287 5690 2396 5743 fuit
2412 5690 2469 5745 in
2487 5689 2742 5761 vulgatis
2763 5690 3046 5746 hactenus
3067 5688 3425 5746 editionibus
3452 5688 3773 5761 scriptura.
