4148 6194
365 339 523 398 1393

1667 336 1902 396 LIBER
1946 337 1970 396 Ι
2018 339 2121 397 AD
2173 336 2517 401 UXOREM.

3630 339 3783 399 1394

365 470 465 525 illo
496 469 968 524 sermocinantur
1002 485 1014 523 :
1047 468 1214 523 illum
1264 469 1472 525 diebus
1501 472 1559 524 et
1591 469 1861 524 noctibus
1895 475 2010 523 tra-
2044 473 2095 537 Α
2129 486 2243 524 non
2277 469 2513 539 quidem
2546 469 2855 525 monilium
2886 470 3279 542 pondera,non
3306 470 3555 526 vestium
3590 473 3780 539 taedis,

365 563 526 613 ctant
556 575 569 611 :
605 556 896 613 orationes
928 558 1127 613 I281
1166 574 1304 613 suas
1350 558 1507 612 velut
1560 559 1723 612 dotes
1771 557 2017 613 Domino

367 648 713 718 assignant:
750 647 821 701 ab
866 648 1069 701 eodem
1119 647 1516 719 dignationem
1571 646 1726 701 velut
1774 663 2018 701 munera

367 734 661 791 maritalia
691 734 756 799 ³⁸,
780 735 1243 805 quotiescunque
1275 736 1627 806 desiderant,
1645 752 2011 806 consequun-

362 829 481 880 tur.
528 823 621 879 Sic
666 829 949 878 aeternum
1000 823 1111 878 sibi
1160 824 1380 878 bonum
1431 824 1661 878 Domini
1691 824 1736 858 3°
1765 841 2014 895 occupa-

361 919 591 982 verunt,
624 929 692 967 ac
715 913 840 983 jam
895 914 953 965 in
987 911 1156 967 terris
1190 928 1303 967 non
1345 913 1640 983 nubendo,
1675 914 1745 968 de
1796 912 2018 967 familia

362 1002 627 1075 angelica
656 1002 1013 1073 deputantur
1041 1002 1174 1069 (12).
1196 1000 1422 1056 Talium
1458 988 1743 1073 exemplis
1768 1002 2013 1058 femina-

362 1109 495 1147 rum
555 1092 626 1146 ad
686 1090 1118 1146 emulationem
1179 1095 1235 1145 te
1292 1090 1658 1145 continentiae
1716 1107 2011 1161 exercens,

362 1179 613 1254 spiritali
640 1179 944 1236 aﬂectione
967 1179 1261 1235 carnalem
1295 1179 1455 1233 illam
1477 1180 2012 1252 concupiscentiam

364 1272 680 1337 humabis;
714 1268 1059 1340 temporalia
1086 1274 1143 1324 et
1192 1268 1436 1323 volatica
1475 1270 1767 1324 desideria
1816 1270 2011 1324 formae

358 1359 446 1415 vel
480 1360 669 1415 aetatis
716 1358 1151 1413 inimicantium
1201 1358 1488 1412 bonorum
1538 1348 2013 1430 Compensatione

358 1449 607 1505 delendo
646 1449 710 1504 ‘0.
745 1448 1029 1503 Cancrum
1082 1448 1125 1482 ⁴¹
1174 1446 1291 1501 ἱ]ωο
1350 1447 1648 1502 saecularis
1700 1448 2006 1518 concupis-

358 1540 551 1595 centia
606 1554 849 1593 caussas
908 1536 1083 1591 habet
1137 1535 1405 1607 gloriam,
1444 1536 1848 1609 cupiditatem,
1883 1554 2010 1592 am-

358 1626 665 1692 bitionem,
718 1624 1197 1680 insufﬁcientiam
1254 1641 1352 1695 per
1402 1642 1549 1696 quas
1603 1626 2009 1681 necessitatem

358 1715 617 1771 nubendi
654 1716 960 1779 subornat,
992 1712 1261 1768 videlicet
1290 1713 1545 1769 cmlestia
1575 1716 2008 1785 repromittens,

357 1804 649 1859 dominari
699 1803 760 1857 in
791 1802 981 1858 aliena
1030 1802 1269 1869 familia,
1304 1802 1363 1857 in
1408 1802 1615 1857 alienis
1659 1803 1869 1874 opibus
1914 1803 2008 1857 in-

356 1894 635 1949 cumbere
664 1894 731 1959 ‘2,
765 1891 989 1947 cultum
1040 1892 1111 1946 de
1141 1891 1329 1947 alieno
1368 1898 1711 1963 extorquere
1740 1898 2006 1964 sumptu,

356 1996 533 2051 quem
570 1998 684 2035 non
716 1980 936 2035 sentias
973 1980 1175 2034 cedere
1203 1979 1261 2032 in
1294 1984 1369 2034 te.
1402 1979 1533 2034 Haec
1571 1981 1770 2051 procul
1802 1998 1835 2035 a
1866 1981 2006 2035 ﬁde-

355 2070 533 2135 libus,
571 2069 788 2140 quibus
840 2067 1002 2123 nulla
1045 2085 1185 2124 cura
1232 2068 1546 2124 tolerandis
1592 2070 1740 2139 vitae,
1792 2070 1905 2125 nisi
1959 2070 2009 2125 si

355 2158 686 2214 diffidimus
718 2158 787 2213 de
834 2157 1144 2229 promissis
1189 2158 1309 2225 Dei,
1344 2162 1399 2213 et
1428 2174 1568 2213 cura
1616 2165 1672 2214 et
1700 2158 2009 2231 providen-

353 2248 437 2303 tia
464 2248 509 2282 ⁴⁸
543 2264 556 2302 :
591 2246 692 2319 qui
724 2246 846 2302 lilia
877 2247 1130 2319 agrestia
1158 2248 1203 2281 ⁴⁴
1233 2248 1425 2316 vestit,
1460 2247 1562 2318 qui
1594 2247 1852 2303 volatilia
1881 2248 2009 2303 cmli

355 2335 517 2391 nullo
551 2336 815 2408 ipsorum
846 2335 1042 2391 labore
1075 2336 1281 2406 pascit,
1316 2335 1413 2407 qui
1455 2335 1725 2407 prohibet
1753 2338 1824 2392 de
1854 2354 2011 2393 cras-

352 2425 477 2479 tino
533 2425 810 2496 victuque
860 2424 904 2458 “
952 2425 1287 2495 vestituque
1317 2426 1360 2459 ⁴⁶
1410 2425 1637 2492 curari;
1689 2428 2012 2498 spondens,

354 2512 505 2568 scire
535 2528 623 2579 se,
658 2513 798 2584 quid
830 2512 1043 2584 cuique
1085 2529 1380 2569 servorum
1433 2530 1675 2569 suorum
1709 2531 1857 2586 opus
1888 2516 1965 2570 sit
1998 2533 2012 2571 :

2129 576 2241 613 non
2275 557 2519 630 gallicos
2552 558 2767 614 multos
2795 560 2836 593 ‘7
2867 560 2977 630 (13)
3013 575 3117 614 nco
3147 560 3509 630 germanicos
3545 560 3780 630 hajulos

2128 663 2254 717 quae
2288 648 2626 718 nuptiarum
2670 646 2917 719 gloriam
2951 648 3313 715 accendunt;
3347 648 3449 703 sed
3483 648 3779 703 sufficien-

2124 737 2291 803 tiam,
2326 754 2450 808 qum
2484 737 2782 792 modestia:
2817 742 2873 791 et
2905 737 3197 808 pudicitiae
3244 742 3379 809 apta
3410 743 3519 793 est.
3554 743 3781 793 Praesu-

2128 842 2347 893 me,oro
2381 826 2608 892 te,nibil
2640 826 2744 881 tibi
2773 843 2920 898 opus
2952 832 3059 892 est,
3095 828 3145 882 si
3175 827 3423 882 Domino
3456 844 3779 898 apparens;

2125 914 2243 971 imo
2291 914 2491 970 omnia
2541 915 2777 985 habere,
2829 915 2877 970 si
2928 917 3144 971 habeas
3194 916 3554 972 Dominum:
3608 917 3780 986 cujus

2125 1004 2321 1059 omnia
2351 1004 2394 1039 ⁸⁸
2422 1004 2683 1060 ccelestia
2711 1004 2916 1061 I282
2950 1006 3222 1076 recogita,
3256 1009 3311 1060 et
3360 1009 3593 1061 terrena
3641 1005 3779 1060 des-

2124 1092 2319 1163 picies.
2355 1092 2511 1147 Nihil
2544 1094 2810 1150 viduitati
2842 1096 2997 1165 apud
3052 1097 3231 1150 Deum
3282 1094 3639 1167 subsignatte
3673 1110 3776 1149 ne-

2122 1180 2439 1237 cessarium
2470 1187 2579 1252 est,
2614 1200 2785 1254 quam
2821 1199 3206 1254 perseverare.

2776 1272 3002 1326 CAPUT
3038 1271 3104 1325 V.

2192 1360 2494 1430 Adjiciunt
2523 1360 2756 1428 quidem
2789 1361 2899 1416 sibi
2942 1360 3212 1416 homines
3262 1377 3505 1416 caussas
3541 1360 3772 1431 nuptia-

2121 1466 2254 1504 rum
2311 1451 2382 1505 de
2437 1448 2835 1505 sollicitudine
2895 1449 3279 1521 posteritatis,
3338 1454 3394 1503 et
3451 1449 3771 1503 liberorum

2121 1537 2495 1593 amarissima
2542 1538 2860 1609 voluptate.
2895 1538 3006 1593 Sed
3058 1538 3115 1592 id
3150 1554 3383 1609 quoque
3436 1554 3611 1609 penes
3665 1554 3772 1593 nos

2120 1628 2390 1682 odiosum
2423 1632 2511 1683 est
2541 1629 2765 1682 ".Nam
2788 1627 2927 1698 quid
2951 1627 3276 1699 gestiamus
3303 1626 3521 1682 liberos
3551 1643 3771 1698 gerere,

2121 1732 2267 1787 quos
2299 1732 2431 1771 cum
2466 1716 2771 1786 habemus,
2805 1717 3155 1789 praemittere
3185 1722 3480 1787 optamus,
3502 1720 3770 1786 respectu

2119 1804 2341 1861 scilicet
2387 1806 2828 1861 imminentium
2869 1805 3275 1876 angustiarum
3309 1806 3443 1875 (14),
3477 1803 3677 1875 cupidi
3714 1807 3770 1858 et

2116 1894 2229 1967 ipsi
2278 1895 2653 1967 iniquissimo
2702 1895 2812 1949 isto
2857 1895 3066 1950 saeculo
3121 1893 3295 1948 eximi
3325 1894 3368 1927 ⁵ο
3398 1898 3455 1948 et
3484 1892 3663 1962 recipi
3695 1892 3767 1946 ad

2116 1985 2454 2051 Dominum,
2487 1985 2641 2055 quod
2673 1984 2846 2039 etiam
2880 1982 3154 2055 Apostolo
3185 1989 3379 2038 velum
3418 1982 3544 2037 fuit.
3579 1981 3764 2035 Nimi-

2118 2091 2245 2128 rum
2274 2072 2607 2128 necessaria
2652 2072 2885 2127 suboles
2915 2088 3080 2127 servo
3130 2070 3251 2125 Dei.
3303 2069 3457 2126 Satis
3505 2070 3661 2125 enim
3695 2070 3768 2124 de

2120 2161 2309 2216 salute
2340 2168 2541 2216 nostra
2572 2160 2611 2194 ⁶¹
2633 2160 2821 2215 securi
2846 2160 2892 2194 ⁸³
2917 2176 3122 2215 sumus
3148 2162 3212 2213 ut
3231 2158 3432 2214 liberis
3451 2174 3725 2213 vacemus
3754 2174 3767 2213 :

2123 2251 2433 2323 querenda
2484 2249 2654 2306 nobis
2705 2266 2882 2305 onera
2929 2253 3087 2319 sunt,
3122 2265 3247 2319 quis
3294 2248 3468 2303 etiam
3501 2265 3534 2303 a
3581 2246 3771 2320 genti-

2122 2340 2265 2394 lium
2299 2339 2342 2374 ”
2382 2338 2642 2410 profanis
2689 2339 2967 2406 vitantur,
3025 2354 3151 2409 quin
3199 2336 3427 2409 legibus
3476 2336 3774 2403 coluntur,

2125 2446 2253 2501 quis
2280 2428 2611 2499 parricidiis
2643 2433 3053 2499 expugnantur
3085 2428 3215 2497 (15).
3248 2426 3425 2482 Nobis
3456 2425 3501 2460 “
3535 2425 3774 2499 quidem

2126 2517 2449 2589 plurimum
2469 2517 3247 2589 importuna(16),quantum
3272 2516 3403 2570 fidei
3425 2514 3773 2587 periculosa.

1770 2630 1975 2691 Variis
2007 2630 2327 2692 lectiones.

434 2736 477 2771 ³⁸
507 2734 737 2791 Dotalia
764 2736 891 2792 alii.
968 2736 1013 2770 3°
1045 2735 1357 2809 Dominum
1387 2736 1516 2792 Jun.
1550 2740 1776 2791 Bonum
1808 2737 2028 2792 donum
2074 2736 2307 2792 Domini
2359 2739 2476 2809 Rig.
2532 2738 2636 2793 Pro
2683 2737 2981 2803 humabis,
3020 2754 3094 2793 an
3141 2734 3455 2793 domabis?
3526 2736 3571 2771 ⁴⁰
3601 2740 3772 2809 ϐοω-

363 2823 622 2891 pepsans
674 2810 793 2891 vel_
810 2808 1219 2891 conipepsabis
1250 2811 1441 2891 ‘Rhen.
1494 2808 2492 2891 compensans'Paris.“.compensas
2540 2809 2785 2865 delenda
2824 2810 3052 2891 Semler.

982 2880 1027 2914 ⁴³
1057 2880 1370 2952 sumptum
1396 2911 1461 2919 —
1494 2880 1683 2947 edere,
1718 2880 1844 2936 sine
1876 2883 1933 2935 in
1972 2886 2044 2946 le,
2078 2882 2197 2952 Rig.

1862 2954 1903 2986 ⁸⁷
1934 2951 2185 3008 Gallicos
2216 2952 2410 3009 mulos
2438 2952 2570 3019 alii,
2604 2951 2821 3009 multos
2863 2954 3067 3022 Rigalt.

360 2880 407 2918 ⁴²
437 2880 722 2935 Incubare
754 2880 876 2947 Rig.

359 2952 551 3022 gratia
584 2952 757 3005 vestit
784 2953 903 3021 Rig.
1007 2952 1051 2994 ‘6
1084 2951 1431 3022 Vestituque
1460 2952 1563 3007 del.
1598 2952 1763 3007 Seml.

363 3040 530 3097 num,
563 3026 733 3093 cujus
764 3022 960 3077 omnia
994 3039 1006 3076 :
1042 3024 1169 3097 ccel.
1200 3024 1326 3078 Jun.
1408 3024 1653 3097 ‘9_Nobis
1686 3024 1937 3079 otiosum
1970 3029 2078 3095 est,
2109 3027 2228 3097 Rig.

358 3096 429 3149 de
458 3102 619 3150 sorte
652 3100 852 3149 nostra
882 3094 1070 3148 securi
1100 3112 1329 3161 sumus,
1364 3102 1427 3149 ut
1455 3094 1656 3150 liberis
1691 3112 1961 3152 vacemus
1990 3099 2119 3153 Jun.

363 3167 563 3239 risque
593 3167 797 3236 Rigalt.
877 3166 921 3199 ⁸⁴
953 3170 1196 3222 Demum
1230 3168 1347 3236 Rig.
1380 3169 1575 3223 omisso
1606 3168 1864 3238 quidem.

3158 2812 3199 2845 ⁴¹
3236 2810 3363 2865 Haec
3396 2809 3569 2864 omitt.
3600 2808 3769 2862 Seml.

2300 2882 2345 2915 “
2373 2882 2441 2936 Et
2473 2898 2522 2936 c.
2559 2888 2615 2935 et
2645 2898 2732 2952 pr.
2781 2882 2926 2937 abest
2972 2882 3039 2937 ab
3087 2883 3238 2938 aliis.
3345 2882 3389 2916 ⁸⁵
3414 2882 3557 2951 Agri
3609 2883 3770 2952 tanta

3166 2954 3207 2988 ⁴⁸
3240 2954 3297 3009 Si
3332 2950 3547 3007 habeas
3578 2950 3772 3006 Domi-

2306 3026 2349 3067 ‘0
2386 3024 2585 3080 Excuti
2615 3026 2742 3080 Jun.
2768 3042 2797 3080 ε
2828 3026 2945 3081 Mss.
2977 3026 3265 3080 Vaticanis.
3342 3025 3382 3059 ⁸¹
3418 3024 3571 3079 Satis
3603 3022 3761 3077 enim

2219 3097 2264 3131 ⁸³
2296 3097 2463 3152 Enim
2496 3098 2710 3152 desunt
2742 3103 2962 3167 nostra,
2995 3097 3045 3155 si
3076 3097 3266 3153 securi
3296 3097 3463 3153 Seml.
3566 3095 3609 3128 ⁸³
3641 3094 3769 3149 Ple-

1795 3274 2319 3354 Commentarios.

358 3399 524 3455 Unde
556 3398 771 3469 aliquis
812 3399 984 3465 dicat,
1012 3397 1331 3454 invalidum
1364 3416 1493 3455 esse
1524 3399 1633 3454 hoc
1662 3398 2007 3454 Tertulliani
2040 3405 2082 3471 ί]

354 3472 641 3526 adversus
664 3472 950 3525 secundas
972 3470 1207 3542 nuptias
1240 3477 1676 3542 argumentum,
1712 3473 1783 3526 ab
1813 3487 2008 3527 exem-

358 3542 471 3615 plis
503 3559 729 3605 earum,
762 3559 889 3612 qua:
923 3542 1085 3596 nulla
1113 3542 1314 3599 formie
1344 3544 1432 3597 vel
1467 3545 1653 3598 aetatis
1701 3545 2007 3598 occasione

354 3632 590 3685 presszn,
628 3616 853 3669 maritis
875 3616 1246 3669 sanctitatem
1280 3620 1663 3685 anteponunt.
1689 3616 1833 3669 Nam
1867 3616 2005 3685 quid

360 3688 573 3741 mirum
624 3686 673 3740 si
722 3685 1011 3741 deibrmes
1056 3692 1113 3740 et
1147 3687 1271 3756 jam
1322 3687 1551 3751 vetulae,
1610 3687 1667 3739 in
1729 3688 2009 3742 viduitate

355 3763 735 3828 perseverant
782 3757 809 3810 ‘t
866 3765 1038 3812 castas
1097 3765 1257 3822 sunt,
1313 3760 1453 3828 quia
1531 3774 1702 3811 nemo
1762 3761 2007 3828 rogavit,

354 3836 413 3884 et
487 3846 579 3884 res
637 3828 885 3899 exempli
942 3828 1135 3896 fuerit,
1197 3831 1245 3883 si
1306 3846 1418 3899 qua
1483 3829 1592 3883 hoc
1645 3829 1865 3884 afﬂicta
1920 3830 2006 3884 in-

356 3901 633 3965 fortunio,
669 3901 918 3955 alterum
971 3899 1229 3955 inveniat
1261 3906 1559 3955 maritum.
1594 3901 1810 3971 Nempe
1842 3900 2011 3956 aliter

354 3973 613 4028 exaravit
645 3989 855 4025 manus
908 3972 1194 4037 Auctoris,
1229 3972 1360 4039 styli
1413 3974 1501 4027 sui
1535 3972 2007 4043 diligentissima.

352 4044 590 4098 Veteres
649 4047 1005 4097 membranae
1062 4045 1331 4099 habent:
1393 4067 1421 4093 ‹‹
1482 4044 1551 4097 Et
1607 4052 1670 4100 tu
1731 4045 2008 4100 adversus

358 4117 601 4169 consilia
656 4115 774 4169 haec
846 4116 996 4185 ejus,
1057 4115 1269 4171 adhibe
1328 4132 1591 4170 sororum
1674 4122 2008 4171 nostrarum

356 4188 640 4257 exempla,
678 4203 927 4257 quarum
981 4189 1218 4241 nomina
1270 4204 1447 4257 penes
1500 4186 1835 4251 Dominum,
1883 4205 2008 4257 qua:

358 4259 579 4313 nullam
642 4258 839 4312 formis
884 4257 969 4330 vel
1017 4259 1206 4313 aetatis
1260 4261 1644 4322 occasionem,
1689 4259 2009 4330 praemissis

356 4330 611 4395 maritis,
662 4329 975 4401 sanctitati
1013 4337 1395 4401 anteponunt.
1432 4353 1461 4378 »
1496 4329 1702 4384 Utitur,
1729 4332 2010 4396 exemplis

357 4418 559 4456 earum
609 4418 737 4471 qua:
787 4400 1015 4456 maritis
1059 4400 1185 4456 suis
1226 4403 1350 4471 jam
1406 4402 1548 4457 coelo
1602 4402 1867 4472 receptis,
1902 4401 2008 4456 hos

357 4475 514 4528 enim
548 4473 886 4543 praemissos
918 4473 1060 4526 dicit
1091 4473 1189 4543 qui
1244 4474 1523 4527 uxoribus
1564 4473 1689 4526 suis
1720 4474 1791 4527 ad
1825 4474 2009 4528 Deum

356 4546 654 4628 praeivere,
713 4545 1219 4628 achdiemsuum
1284 4544 1505 4628 priores
1562 4543 1799 4628 obiere;
1859 4561 2007 4627 qua},

356 4616 625 4686 inquam,
657 4616 887 4671 maritis
936 4617 1060 4669 suis
1083 4616 1392 4687 janiccelo
1440 4616 1707 4685 receptis,
1740 4617 2010 4687 quamvis

360 4690 650 4770 formosis,
683 4687 951 4770 quamvis
976 4692 1164 4770 aetate
1211 4686 1503 4770 florentes,
1536 4686 1771 4769 nullam
1809 4694 2007 4770 tamen

2122 3401 2218 3455 bus
2249 3402 2519 3465 locuntur,
2555 3418 2657 3472 pro
2698 3402 2905 3471 legibus
2946 3403 3222 3456 coluntur.
3273 3399 3363 3455 Sic
3405 3400 3477 3472 de
3521 3398 3771 3472 calonica

2120 3474 2431 3542 gloria,pro
2460 3474 2525 3527 de
2556 3470 2803 3527 lucanica
2833 3474 3033 3543 gloria.
3058 3474 3256 3543 Itaque
3286 3471 3379 3526 hic
3406 3470 3727 3543 legendum
3757 3484 3771 3525 :

2117 3540 2367 3600 Gallicos
2422 3543 2658 3608 multos,
2711 3540 3247 3599 nec'Germanicos
3307 3540 3555 3611 bajulos.
3605 3540 3770 3597 Unde

2118 3622 2312 3671 ortum
2364 3616 2527 3681 illud,
2561 3618 2715 3687 quod
2750 3617 2805 3670 in
2860 3615 3118 3671 Rhenani
3169 3615 3528 3670 editionibus
3577 3612 3765 3687 cerni-

2119 3695 2233 3754 tur,
2288 3688 2517 3743 Gallicos
2569 3682 2769 3742 uultus.
2805 3687 2934 3743 Scio
2998 3688 3221 3759 placere
3282 3703 3454 3756 posse
3497 3685 3654 3759 quod
3707 3682 3767 3736 in

2119 3760 2473 3829 quihusdam
2526 3776 2665 3813 mss.
2730 3761 2969 3828 reperiri
2998 3756 3203 3826 'aiunt,
3255 3759 3483 3813 Gallicos
3541 3756 3767 3829 mulos;

2119 3825 2258 3911 quia
2296 3830 2541 3911 scilicet“
2563 3825 2841 3911 sequente
2886 3833 3031 3911 libro
3075 3832 3133 3885 in
3169 3832 3457 3911 ejusdem.
3494 3825 3765 3911 precepti

2119 3896 2462 3956 tractatione
2508 3896 2827 3972 Septimius
2872 3904 3025 3956 dicat
3057 3919 3069 3955 :
3106 3924 3132 3951 ‹‹
3169 3896 3349 3966 Οὐίιθ,
3404 3896 3516 3954 nisi
3566 3896 3767 3972 adia-

2119 3975 2272 4039 holo,
2308 3969 2601 4026 maritum'
2620 3980 2819 4043 petant
2856 3974 3131 4028 idoneum
3158 3973 3493 4043 exhibendae
3526 3969 3682 4043 sella}
3713 3973 3770 4024 et

2123 4045 2394 4099 mulabus
2440 4051 2498 4097 et
2546 4040 2848 4099 cinerariis
2901 4046 3217 4114 peregrinas
3271 4042 3640 4114 proceritatis
3660 4040 3767 4114 ?_‘»

2120 4117 2228 4171 Sed
2262 4133 2395 4169 cum
2428 4114 2643 4169 ibidem
2672 4115 2787 4170 alia
2818 4110 3003 4169 multa
3034 4110 3099 4171 ex
3136 4115 3242 4169 hoc
3272 4110 3450 4169 ctiam
3480 4112 3629 4168 libro
3657 4110 3767 4166 ali-

2120 4196 2206 4242 ter
2250 4192 2498 4241 tractata
2545 4188 2930 4256 reperiantur,
2963 4194 3019 4241 et
3067 4186 3381 4241 multitudo
3434 4185 3768 4256 bajulorum

2116 4259 2469 4314 Gallicorum
2501 4264 2557 4312 et
2586 4255 3065 4314 Germanicorum
3094 4275 3317 4327 pompae
3344 4255 3610 4311 muliebri
3638 4272 3773 4309 con-

2120 4332 2333 4395 veniat,
2369 4331 2669 4384 relinenda
2705 4331 2847 4384 mihi
2880 4331 3109 4384 videtur
3138 4328 3486 4398 exemplaris
3518 4329 3771 4398 Agobar-

2120 4404 2244 4457 dini
2277 4403 2588 4473 scriptura,
2627 4423 2652 4451 ‹‹
2684 4402 2805 4456 Non
2842 4401 3092 4456 Gallicos
3142 4402 3361 4473 multos
3395 4417 3500 4454 nec
3529 4406 3769 4473 Germa-

2121 4475 2282 4528 nicos
2332 4468 2582 4540 bajulos.
2630 4495 2656 4521 ››
2704 4474 2849 4527 Nam
2896 4484 2949 4527 et
3002 4473 3154 4541 apud
3207 4472 3561 4541 clementem
3610 4468 3770 4524 Alex.

2119 4546 2266 4599 libro
2301 4539 2535 4619 titl’wtt.
2584 4561 2711 4619 ca_p_.
2754 4546 2787 4619 ξι
2825 4539 3069 4619 legitur,
3122 4543 3225 4598 Καὶ
3276 4539 3517 4619 φοράδην
3582 4541 3773 4615 βεστά-

2122 4621 2301 4685 ζοντες
2332 4614 2521 4669 Κελτοὶ
2564 4614 2786 4670 πολλοί.
2824 4614 2950 4671 Ριιὰ.

2194 4689 2303 4759 (14)
2337 4691 2593 4759 Respectu
2641 4689 3052 4743 imminentium
3100 4687 3504 4758 angustiarum.
3537 4686 3627 4740 Sic
3673 4700 3771 4739 su-

359 4759 822 4839 pulchritudinis
876 4764 994 4839 aut
1037 4759 1299 4839 juventae
1357 4760 1739 4839 occasionem
1807 4760 2011 4839 obten-
2040 4776 2088 4839 Β
2122 4761 2814 4839 ρι-ξιΔιΡνρριει-ιᾳηρ-αδιίαδ
2845 4768 3168 4839 temporum.
3199 4764 3325 4839 Bia.

357 4833 527 4894 dunt,
561 4847 664 4885 nec
720 4830 969 4885 blandiri
1002 4830 1112 4884 sibi
1145 4831 1449 4901 patiuntur
1480 4846 1493 4886 :
1527 4831 1627 4885 sed
1667 4832 1861 4885 carnis
1892 4849 2009 4886 suae

359 4904 758 4971 integritatem
807 4902 1112 4974 unicarum
1146 4900 1507 4974 nuptiarum
1549 4902 1756 4957 honori
1787 4919 1853 4957 ac
1886 4920 2009 4957 me-

360 4975 559 5057 moriae
620 4973 1749 5057 persgrvant.‘PergiaiTertullianus'5
1810 4997 1839 5024 ‹‹
1888 4974 2012 5057 Ματ-

362 5047 494 5101 lunt
542 5044 699 5100 enim
749 5046 865 5100 Deo
914 5044 1169 5111 nuberej
1207 5046 1323 5101 Deo
1361 5047 1657 5116 speciosae,
1695 5044 1823 5116 ,Deo
1874 5048 2015 5100 sunt

364 5118 608 5191 puellas;
644 5134 777 5173 cum
811 5116 910 5173 illo
943 5117 1297 5185 vivunt,cum
1334 5115 1432 5173 illo
1464 5115 1949 5181 sermocinantur,
1983 5139 2013 5166 ››

360 5190 468 5247 etc.
506 5190 632 5244 Rte.

432 5263 543 5331 (12)
576 5263 648 5315 De
695 5260 918 5329 familia
947 5261 1214 5331 angelica
1258 5260 1616 5330 deputantur.
1668 5257 2012 5331 Quasijam

362 5328 665 5389 translatae
696 5328 755 5386 in
792 5330 1113 5403 angelicam
1148 5328 1584 5399 qualitatemmt
1614 5348 1743 5401 sup.
1779 5336 1834 5383 et
1860 5328 1961 5383 lib.
1997 5347 2014 5383 1

363 5407 439 5461 de
471 5405 630 5459 Cultu
660 5409 789 5473 fem.
826 5419 839 5458 :
877 5424 905 5451 ‹‹
935 5405 1082 5455 Nam
1115 5407 1171 5455 et
1203 5404 1366 5458 vobis
1412 5404 1612 5459 eadem
1667 5408 1807 5457 tunc
1838 5403 2013 5456 subs-

362 5477 551 5533 tantia
582 5475 844 5547 angelica
876 5473 1259 5547 repromissa.
1288 5497 1308 5523 ι
1343 5478 1467 5529 Rio.

436 5548 550 5619 (13)
582 5544 696 5619 Non
726 5548 952 5619 gallicas
993 5545 1209 5601 multos.
1245 5546 1307 5619 In
1330 5544 1669 5619 exemplari
1716 5544 2015 5619 scribitur,

365 5621 488 5675 Non
517 5617 744 5700 ralligos
790 5618 1009 5682 multos,
1045 5633 1147 5699 pr_o
1176 5618 1444 5700 ‘gallicos.
1479 5617 1823 5700 Hujusmodi
1872 5618 2016 5673 naavi

366 5698 654 5762 apparent
711 5690 769 5743 in
832 5688 1247 5762 manuscriptis
1302 5705 1417 5762 non
1476 5705 1624 5762 raro,
1685 5688 2015 5762 litterarum

367 5758 851 5835 transpositione.
883 5759 977 5818 Sic
1006 5758 1181 5832 paulo
1210 5765 1365 5833 post,
1397 5759 1503 5816 hac
1534 5758 1663 5832 ipsa
1690 5776 1825 5839 pag.
1858 5761 2018 5835 Legi-

2191 4832 2300 4901 (15)
2342 4827 2672 4886 Parricidiis
2730 4827 3142 4900 expugnantur.
3202 4828 3515 4892 Abortivis,
3576 4827 3769 4883 disso-

2121 4902 2244 4957 luto
2271 4904 2758 4958 medicaminibus
2784 4908 3085 4972 conceptu.
3119 4902 3212 4957 Sic
3236 4902 3336 4957 lib.
3369 4902 3432 4956 de
3460 4900 3771 4969 Virginibus

2123 4974 2224 5029 vel.
2260 4973 2423 5039 dixit,
2458 4976 2704 5043 Infantes
2736 4975 3115 5045 aliquandiua
3148 4974 3419 5029 matribus
3449 4972 3768 5027 debellatos.

2123 5046 2325 5111 (Idem.

2195 5045 2513 5187 :igillnera
2547 5116 2847 5171 liberorum
2879 5116 3033 5169 nobis
3076 5117 3383 5185 plurimum
3431 5116 3767 5183 importuna.

2122 5187 2217 5241 Sic
2276 5189 2420 5242 libro
2478 5188 2542 5242 de
2600 5188 2833 5242 Iz’xhort.
2877 5193 3012 5242 cast.
3074 5190 3241 5250 dixit,
3299 5190 3773 5258 Importunitatem

2125 5259 2440 5314 liberorum.
2490 5260 2572 5313 Ad
2623 5275 2772 5328 quos
2820 5258 3248 5328 suspiciendos,
3298 5259 3510 5330 inquit,
3545 5258 3773 5327 legibus

2125 5331 2557 5402 compelluntur
2586 5330 2873 5386 homines.
2908 5331 3085 5386 Idem.

2193 5397 2275 5443 -”
2294 5402 2597 5470 Quaerenda
2627 5403 2781 5458 nobis
2812 5419 2985 5458 onaru
3020 5406 3164 5468 sunt,
3190 5416 3315 5472 qua
3345 5399 3553 5467 legibus
3582 5397 3771 5453 colun-

2126 5482 2234 5529 tur.
2264 5475 2405 5529 Jure
2433 5474 2596 5529 filum
2628 5474 2966 5531 liberorum.
2996 5473 3320 5538 Juvenalis,
3352 5472 3471 5526 Sat.
3504 5486 3560 5525 1x
3592 5486 3605 5525 :

2280 5587 2396 5631 Jure
2422 5588 2634 5645 parentis
2656 5589 2822 5641 habes,
2851 5594 3046 5647 propter
3075 5600 3151 5632 me
3173 5585 3403 5633 scriberis
3434 5584 3609 5636 haeres,

2288 5651 2516 5708 Legatum
2545 5666 2686 5698 omne
2715 5655 2864 5711 capis,
2894 5666 3077 5698 necnon
3105 5659 3152 5697 et
3178 5650 3319 5695 dulce
3345 5648 3595 5711 caducum.

2282 5715 2546 5761 Commoda
2574 5710 2812 5774 praeterea
2834 5717 3092 5771 jungentur
3120 5713 3266 5757 multa
3293 5710 3493 5756 caducis

2284 5777 2334 5823 Si
2359 5790 2629 5834 numerum,
2656 5779 2699 5825 si
2723 5785 2824 5824 tres
2847 5778 3128 5835 implevero.
3210 5776 3328 5823 R10.
