4148 6194
463 353 621 415 1399

1009 354 1536 416 TERTULLIANI
1582 353 1907 416 OPERUM
1951 351 2153 413 PARS
2196 352 2243 412 Ι.
2280 384 2354 397 -
2386 352 2658 414 SERIES
2702 354 2779 424 II,
2828 351 3313 413 DOGMATICA.

3721 346 3879 407 1400

468 487 603 542 dida
622 487 694 541 de
750 485 1059 542 sanctitate
1106 487 1478 544 describitur.
1538 488 1650 557 (28)
1707 486 2104 543 Sacerdotium
2140 487 2193 552 Α
2226 485 2400 539 venit.
2435 486 2496 541 In
2531 485 2631 540 illa
2671 486 2880 557 gratia,
2929 486 2986 538 in
3045 485 3157 539 ista
3214 481 3417 539 1288
3463 480 3653 535 virtus
3711 495 3879 535 coro-

470 573 791 637 viduitatis,
825 578 881 628 et
910 574 952 608 ⁹²
992 574 1347 628 celebratum
1391 580 1479 629 est
1537 575 1736 631 1287
1803 576 1953 646 apud
2015 591 2116 627 na-

473 663 687 728 tiones,
749 679 849 734 pro
896 662 1115 718 diaboli
1175 664 1397 718 scilicet
1452 664 1842 719 aemulatione.
1905 668 2118 734 Regem

471 751 691 822 saculi,
724 752 1066 807 Pontificem
1093 753 1412 806 maximum
1446 754 1583 823 (29),
1636 770 1842 807 rursus
1901 754 2120 807 nubere

474 842 638 897 nefas
695 846 829 897 est:
882 846 1168 913 quantum
1237 842 1352 896 Deo
1393 844 1674 896 sanctitas
1715 840 1925 913 placet,
1986 858 2119 895 cum

472 930 637 985 illam
664 930 838 985 etiam
872 930 1147 985 inimicus
1178 929 1430 999 affectat,
1456 948 1570 985 non
1620 931 1819 998 utique
1847 936 1910 985 ut
1938 930 2121 985 alicu-

468 1019 567 1089 jus
594 1018 729 1073 boni
752 1018 967 1087 afﬁnis,
1007 1019 1109 1074 sed
1170 1026 1233 1073 ut
1278 1018 1377 1074 Dei
1439 1019 1662 1074 Domini
1723 1018 1937 1091 placita
1988 1034 2119 1073 cum

475 1106 833 1163 contumelia
860 1105 1171 1163 aﬁ'ectansl

1098 1250 1330 1307 CAPUT
1371 1250 1518 1306 VIII.

548 1375 693 1431 Nam
726 1375 796 1429 de
827 1375 870 1410 ⁹³
898 1374 1198 1429 viduitatis
1226 1374 1546 1430 honoribus
1602 1377 1754 1447 apud
1816 1376 2121 1432 Dominum

482 1479 598 1519 uno
646 1464 801 1517 dicto
861 1464 990 1533 ejus
1042 1478 1145 1533 per
1194 1462 1542 1534 Prophetam
1599 1465 1930 1536 expeditum
1990 1471 2125 1522 est:

486 1554 645 1608 Juste
672 1554 839 1623 facile
869 1552 915 1586 9‘
961 1550 1139 1607 vidum
1186 1558 1237 1606 et
1280 1553 1511 1621 pupillo,
1563 1562 1617 1608 et
1656 1556 1839 1609 venite
1884 1554 2127 1625 dispute-

478 1657 623 1711 mus,
654 1641 787 1695 dicit
836 1642 1115 1711 Dominus.
1151 1641 1275 1696 Duo
1298 1642 1411 1695 ista
1444 1641 1683 1697 nomina
1720 1642 1781 1697 in
1839 1649 2127 1714 quantum

480 1730 781 1802 despectui
829 1731 872 1765 95
910 1730 1190 1799 humano,
1242 1730 1301 1784 in
1354 1735 1584 1785 tantum
1643 1732 1851 1786 divinae
1901 1733 2128 1787 miseri-

2229 581 2419 629 natur.
2481 576 2755 639 Quaedam
2816 573 2971 629 enim
3021 582 3161 627 sunt
3216 572 3426 626 divinae
3486 569 3882 632 liberalitatis,

2228 665 2489 733 quaedam
2525 668 2740 719 nostra
2778 663 3153 733 operationis.
3188 663 3318 725 Quae
3353 660 3656 715 aDomino
3688 657 3882 712 indul-

2230 758 2459 823 gentur,
2495 770 2603 807 sua
2632 753 2819 823 gratia
2852 752 3259 823 gubernantur
3291 771 3304 817 ;
3331 767 3457 820 qum
3514 750 3585 803 ab
3647 747 3885 801 homine

2232 846 2563 911 captantur,
2633 842 2827 896 studio
2880 844 3308 912 perpetrantur.
3357 838 3537 893 Stude
3582 838 3765 909 igitur
3814 837 3883 889 ad

2233 930 2505 986 virtutem
2566 930 2936 985 continentiae
2980 928 3307 998 [modestiae
3349 927 3435 998 1³⁸],
3494 944 3623 998 quae
3677 925 3883 996 pudori

2234 1025 2545 1090 procurat;
2579 1019 2898 1083 sedulitati,
2932 1035 3059 1089 quae
3095 1034 3276 1089 nugas
3307 1033 3424 1072 non
3458 1015 3593 1070 facit
3625 1039 3641 1081 ς
3697 1014 3885 1079 fruga-

2232 1107 2403 1173 litati,
2438 1124 2565 1177 quaa
2596 1107 2875 1163 saeculum
2896 1108 2941 1150 99
2976 1106 3222 1177 spernit.
3264 1104 3603 1160 Convictum
3634 1107 3648 1139 ί
3708 1108 3886 1175 atque

2233 1196 2581 1251 commercia
2613 1197 2728 1252 Deo
2760 1196 2937 1269 digna
2966 1201 3207 1262 sectare,
3244 1210 3470 1249 memor
3508 1192 3671 1248 illius
3701 1192 3884 1247 versi—

2236 1284 2376 1352 cuti,
2410 1284 2755 1340 sanctiticati
2790 1301 2892 1356 per
2925 1282 3267 1356 Apostolum
3299 1301 3313 1338 :

2466 1428 2630 1472 Bonos
2658 1432 2971 1484 corrumpunt
2998 1437 3170 1472 mores
3197 1436 3494 1482 congressus
3522 1423 3655 1468 mali.

2912 1606 3143 1663 CAPUT
3175 1606 3264 1663 1X.

2311 1733 2626 1803 Loquaces,
2660 1731 2883 1799 otiosae,
2908 1732 3140 1797 VIDOSlB,
3192 1730 3435 1786 curiosae
3484 1728 3883 1785 contubernac

480 1818 689 1873 cordia
738 1819 1023 1891 exposita,
1061 1818 1319 1889 suscepit
1346 1819 1498 1873 tueri
1560 1823 1730 1875 Pater
1776 1822 2039 1875 omnium
2063 1823 2124 1877 οδ.
2158 1838 2205 1902 Β
2236 1820 2343 1889 les,
2368 1820 2457 1875 vel
2493 1821 2740 1876 maxime
2768 1822 3065 1892 proposito
3109 1820 3413 1875 viduitatis
3461 1819 3745 1873 officiunt.
3786 1819 3889 1873 Per

480 1906 625 1961 Vide
657 1924 831 1979 quam
865 1924 930 1963 ex
964 1925 1128 1979 aequo
1162 1908 1410 1962 habetur
1449 1907 1546 1979 qui
1592 1910 1779 1963 viduis
1829 1911 2125 1966 benefece-

482 1995 581 2061 rit,
632 1998 836 2067 quanti
893 2002 982 2052 est
1034 1997 1208 2051 vidua
1265 1997 1413 2067 ipsa,
1459 1997 1630 2067 cujus
1686 2005 1944 2054 assertor
1998 2016 2131 2054 cum

486 2085 734 2140 Domino
756 2086 867 2157 (30)
898 2086 1307 2156 disputavit”!
1339 2086 1463 2141 Non
1514 2090 1742 2141 tantum
1802 2088 2129 2160 virginibus

486 2177 692 2231 datum
723 2174 950 2246 opinor,
984 2174 1117 2229 licet
1146 2175 1201 2228 in
1236 2174 1352 2229 illis
1384 2174 1689 2247 integritas
1716 2176 1902 2231 solida
1924 2184 1979 2232 et
2009 2183 2131 2233 tota

484 2264 769 2320 sanctitas
798 2264 868 2318 de
890 2265 1152 2335 proximo
1177 2263 1374 2319 visura
1403 2266 1478 2319 sit
1509 2265 1712 2319 faciem
1766 2266 1887 2321 Dei.
1910 2267 2126 2321 Tamen

480 2354 658 2408 vidua
683 2352 855 2408 habet
884 2352 1105 2424 aliquid
1137 2353 1475 2424 operosius:
1502 2354 1638 2424 quia
1668 2354 1835 2409 facile
1877 2360 1966 2410 est
2013 2372 2127 2411 non

480 2446 752 2513 appetere
784 2442 935 2513 quod
972 2442 1220 2506 nescias,
1243 2448 1299 2497 et
1319 2442 1572 2499 aversari
1628 2445 1781 2515 quod
1840 2445 2131 2500 desidera-

478 2532 632 2586 veris
688 2548 1016 2603 nunquam.
1062 2530 1358 2587 Gloriosor
1420 2530 1802 2599 continentia,
1871 2550 1996 2604 quae
2024 2535 2128 2603 jus

481 2636 654 2675 suum
684 2619 898 2686 sentit;
934 2636 1059 2691 quae
1084 2620 1223 2691 quid
1258 2620 1673 2685 viderit,novit.
1707 2623 1924 2677 Poterit
1967 2624 2127 2694 virgo

2241 1910 2653 1982 loquacitatem
2688 1912 2954 1982 irrepunt
2982 1911 3156 1965 verba
3180 1910 3418 1981 pudoris
3444 1909 3686 1963 inimica
3719 1928 3732 1975 ;
3788 1924 3887 1979 per

2241 2002 2423 2057 otium
2458 2018 2491 2055 a
2520 2001 2821 2055 severitate
2856 2001 2875 2033 ³
2928 2000 3227 2053 deducunt
3256 2024 3269 2063 ;
3346 2014 3446 2070 per
3502 1997 3881 2051 vinolentiam

2241 2090 2473 2162 quidvis
2506 2088 2641 2144 mali
2678 2088 2980 2144 insinuant
3012 2106 3026 2157 ;
3061 2105 3160 2159 per
3179 2088 3576 2142 curiositatem
3638 2083 3878 2139 aemula-

2240 2182 2455 2235 tionem
2491 2178 2754 2233 libidinis
2793 2177 3140 2233 convehunt.
3193 2176 3366 2232 Nulla
3413 2174 3752 2246 hujusmodi
3808 2174 3883 2227 fe-

2240 2270 2532 2323 minarum
2567 2268 2637 2321 de
2659 2268 2811 2322 bono
2862 2266 3186 2321 univiratus
3236 2265 3394 2337 loqui
3426 2266 3447 2298 ³
3496 2264 3694 2318 novit:
3749 2262 3886 2316 Deus

2237 2358 2395 2413 enim
2426 2356 2548 2412 illis
2579 2357 2667 2427 (ut
2690 2357 2770 2411 ait
2803 2354 3137 2426 Apostolus)
3170 2357 3362 2410 venter
3381 2363 3463 2409 est
3490 2353 3760 2423 (Philipp.
3796 2367 3885 2419 IlI,

2240 2448 2349 2514 19),
2385 2447 2541 2501 itaet
2591 2462 2719 2516 quae
2779 2445 2963 2499 ventri
3003 2443 3353 2515 propinqua.
3414 2442 3543 2497 Haec
3608 2441 3713 2494 tibi
3761 2441 3886 2510 jam

2237 2534 2372 2589 hinc
2405 2534 2773 2599 commendo,
2822 2550 3101 2588 conserva
3147 2531 3516 2594 charissima,
3558 2534 3692 2601 post
3735 2532 3888 2600 Apo-

2237 2622 2449 2679 stolum
2484 2622 2717 2693 quidem
2750 2638 2817 2676 ex
2856 2620 3182 2676 abundanti
3226 2624 3556 2690 retractata,
3626 2619 3724 2673 sed
3786 2614 3890 2670 tibi

480 2708 706 2763 felicior
762 2708 986 2773 haberi,
1034 2714 1093 2763 at
1143 2708 1316 2763 vidua
1365 2708 1750 2766 laboriosior:
1796 2710 1899 2766 illa
1972 2712 2127 2784 quod
2161 2709 2203 2775 Ο
2240 2713 2416 2768 etiam
2450 2712 2659 2767 solatio
2696 2712 2913 2777 futura,
2969 2711 3124 2781 quod
3184 2727 3377 2766 meam
3432 2706 3801 2773 memoriam,
3844 2705 3894 2760 si

481 2796 703 2853 bonum
732 2812 967 2869 semper
995 2797 1202 2853 habuit
1228 2815 1245 2869 ;
1275 2797 1409 2867 ista,
1440 2798 1593 2869 quod
1625 2798 1848 2854 bonum
1882 2801 1993 2856 sibi
2038 2801 2135 2856 in-

2243 2802 2326 2857 ita
2355 2803 2626 2869 evenerit,
2660 2800 2717 2855 in
2744 2799 2861 2855 illis
2893 2800 3313 2872 frequentabis.

1902 2927 2103 2987 Varia
2148 2927 2466 2988 lectiones.

559 3050 603 3085 ⁹²
659 3048 1047 3104 Οωιίὺαωυω
1102 3049 1303 3118 Rigalt.
1381 3050 1425 3085 ’3
1480 3049 1849 3107 Viduitatum
1905 3052 2134 3106 Semler.
2221 3052 2264 3087 “
2320 3052 2513 3107 Facito
2570 3051 2732 3107 Seml.
2796 3051 2839 3086 9'
2900 3050 3193 3105 Destitutaa
3255 3047 3470 3104 auxilio
3526 3048 3695 3103 hum.
3768 3048 3895 3115 Rig.

489 3120 751 3176 "Tueri.
785 3121 952 3177 Pater
980 3122 1289 3194 omnium;
1342 3122 1467 3176 vide
1516 3122 1683 3178 Seml.
1745 3124 1786 3157 ⁹⁷
1834 3123 2167 3194 Diaputabit
2220 3126 2449 3193 Franeq.
2512 3126 2756 3178 Parisin.
2820 3139 2950 3177 cum
3006 3123 3251 3178 Domino
3300 3122 3624 3194 disputabit
3691 3120 3893 3194 Rigalt.

487 3194 712 3249 "Abest
745 3193 1041 3266 modestiae
1091 3194 1219 3266 Βία.
1261 3197 1304 3229 99
1352 3194 1662 3264 Speculum
1721 3196 1849 3265 Rig.
1914 3192 1955 3230 ι’
1989 3199 2295 3250 Convictus
2367 3192 2541 3266 atque
2592 3194 2882 3265 colloquia
2929 3195 3052 3266 Rig.
3103 3194 3124 3228 ³
3183 3194 3255 3248 Se
3298 3193 3540 3248 veritate
3594 3192 3898 3246 deducunt

484 3266 657 3320 Fran.
684 3265 1051 3320 securitatem
1084 3265 1372 3320 inducunt
1398 3268 1526 3321 Jun.
1563 3268 1741 3321 Paris.
1777 3269 1797 3301 ³
1831 3266 2027 3322 Noluit
2056 3269 2175 3338 Rig.
2203 3267 2367 3322 male.

1925 3394 2452 3454 Commentarius.

491 3514 659 3581 dixit,
726 3513 1069 3569 Tertulliani
1132 3513 1383 3569 sentiam
1433 3515 1785 3570 contrariam
1839 3515 2138 3585 Apostolo,

490 3586 808 3658 nelminem
841 3586 942 3656 qui
968 3586 1309 3655 Apostolum
1342 3586 1548 3657 legerit
1596 3592 1971 3658 negaturum.
2011 3588 2137 3642 Hic.

565 3645 677 3726 (28)
708 3657 831 3710 Tota
856 3645 967 3711 illa
1006 3645 1243 3711 Ecclesia
1300 3645 1545 3712 candida
1598 3645 1999 3713 deusanctitate
2046 3660 2140 3713 de-

489 3730 772 3782 scribitur.
828 3730 1268 3782 Emendandum
1329 3734 1391 3782 ut
1447 3736 1536 3782 est
1595 3730 1650 3782 in
1740 3731 2139 3784 membranis:

564 3799 711 3852 ’I‘ota
742 3798 843 3854 illa
883 3799 1147 3854 Ecclesiae
1198 3800 1449 3854 candida
1505 3801 1575 3854 de
1635 3802 1949 3856 sanctitate
2003 3818 2138 3855 con-

494 3870 798 3944 scribitur.
830 3892 857 3920 »
889 3870 1203 3926 Candidam
1239 3871 1504 3927 Ecclesiae
1564 3889 1666 3942 pro
1707 3873 1991 3944 dignitate
2044 3891 2142 3944 po—

494 3942 633 4017 suit,
669 3947 734 4017 ut
765 3941 911 4017 libro
942 3944 1012 3998 de
1041 3948 1282 4017 Corona,
1328 3941 1634 3999 Candidam
1676 3941 1965 4017 martyrii,
1998 3941 2057 4000 et
2085 3946 2144 4001 in

493 4014 824 4086 Scorpiaco,
876 4016 1184 4070 Candidam
1230 4017 1528 4071 claritatis.
1565 4017 1632 4071 Et
1662 4014 2142 4089 apud'Augusti-

495 4103 661 4159 num,
692 4103 873 4140 massa
899 4089 1167 4159 candida,
1228 4105 1329 4159 pro
1383 4095 1707 4159 martyrum
1768 4090 2146 4145 multitudine

494 4158 828 4228 splendida,
858 4176 1128 4215 sermone
1162 4158 1282 4228 112,
1319 4161 1414 4215 ubi
1448 4161 1517 4215 de
1548 4158 1920 4217 erodentibus
1952 4162 2010 4216 in
2044 4178 2144 4216 no-

495 4229 652 4304 mine
689 4229 783 4304 Dei
817 4247 829 4285 :
865 4254 892 4281 «ι
926 4231 1054 4286 Haec
1086 4238 1176 4287 est
1208 4232 1395 4302 prima
1423 4237 1742 4304 martyrum
1767 4250 1995 4298 caussa,
2055 4232 2145 4287 in-

494 4301 825 4375 quit,__haec
879 4304 1123 4358 candida
1183 4301 1504 4375 martyrum
1552 4301 1767 4360 massa.
1823 4304 1878 4361 Si
1936 4321 2147 4361 caussa

495 4347 766 4441 gandida,
799 4377 855 4429 et
886 4390 1083 4432 massa
1112 4347 1381 4431 candida.
1413 4379 1605 4431 Massa
1660 4376 1818 4432 enim
1857 4375 2011 4433 dicta
2059 4380 2149 4432 est

2251 3517 2321 3570 de
2343 3515 2569 3570 numeri
2604 3512 2983 3568 multitudine
3015 3529 3027 3566 :
3061 3512 3330 3578 candida,
3362 3512 3433 3565 de
3454 3527 3678 3566 caussae
3711 3510 3899 3580 fulgo-

2256 3604 2329 3641 re.
2366 3610 2392 3636 »
2426 3586 2519 3641 Sic
2550 3586 2674 3656 ipse
2703 3585 3099 3641 Tertullianus
3153 3586 3300 3640 libro
3352 3584 3612 3656 adversus
3657 3582 3897 3637 Marcio-

2250 3676 2375 3713 nem
2406 3676 2479 3724 1v,
2540 3655 2843 3712 Candidam
2890 3659 3106 3721 salutis,
3166 3672 3268 3729 pro
3312 3655 3498 3726 gloria
3541 3656 3779 3719 salutis;
3850 3658 3903 3707 et

2249 3732 2351 3785 lib.
2382 3746 2417 3783 v
2449 3730 2795 3785 Phariseram
2852 3730 3165 3794 candidam,
3214 3744 3316 3799 pro
3368 3729 3521 3781 fastu
3580 3734 3637 3780 et
3694 3741 3900 3795 super—

2252 3804 2348 3858 bia
2372 3802 2817 3856 Pharisznorum.
2844 3800 2969 3855 Rio.

2324 3874 2433 3943 (29)
2482 3874 2801 3943 Pontiﬁcem
2872 3874 3206 3926 maximum.
3268 3868 3550 3939 Intelligit
3603 3868 3900 3943 flaminem

2256 3942 2493 4011 dialem,
2518 3945 2618 4015 qui
2654 3961 2765 3999 non
2798 3943 2988 3999 solum
3024 3943 3285 4015 pontifex,
3312 3957 3607 3995 maxumus
3667 3942 3898 4015 diceba-

2256 4023 2370 4084 tur,
2430 4013 2552 4071 sed_
2583 4019 2757 4071 etiam
2809 4032 2925 4083 rex,
2983 4016 3119 4085 quia
3152 4014 3385 4085 arbiter
3430 4029 3624 4066 rerum
3680 4013 3901 4085 divina-

2255 4106 2385 4143 rum
2409 4095 2465 4143 et
2494 4088 2911 4143 humanarum.
2945 4083 3287 4149 Tértullian.
3323 4085 3379 4138 in
3412 4085 3629 4139 exhort.
3661 4083 3733 4137 ad
3778 4084 3901 4138 Cas-

2252 4163 2494 4225 titatem,
2527 4176 2654 4231 cap.
2686 4160 2793 4213 ult.
2830 4160 2963 4215 Lac.
3134 4229 3160 4233 _
3275 4229 3283 4233 _
3463 4228 3472 4233 _
3631 4230 3638 4233 A
3823 4225 3833 4233 ,

2326 4233 2439 4303 (30)
2469 4228 2635 4302 Cujus
2663 4239 2900 4303 assertor
2945 4244 3067 4303 cum
3118 4229 3373 4303 Domino.
3402 4228 3718 4303 __Assertor
3780 4228 3907 4303 vin-

2257 4296 2366 4359 dex
2393 4296 2500 4369 est,
2534 4296 2636 4375 qui
2687 4302 2943 4375 aliquem
3002 4299 3364 4375 vindicat_in
3402 4297 3758 4375 libertatem“,
3816 4296 3907 4349 hic

2257 4392 2360 4447 pro
2392 4368 2635 4447 patro‘uo
2653 4374 2755 4446 qui
2780 4368 3081 4429 hominem
3107 4371 3396 4426 tuendum
3419 4370 3688 4440 suscipit.
3723 4368 3905 4423 Busa.

1647 4718 2021 4815 LIBER
2095 4717 2765 4813 SECUNDUS.

503 5063 908 5120 Aacuumuu.
970 5094 1037 5107 -
1094 5064 1349 5123 Eiusdem
1392 5067 1509 5136 fere
1557 5067 1874 5137 argumenti
1918 5066 2008 5120 hic
2053 5063 2192 5121 liber
2236 5080 2358 5119 cum
2404 5064 2705 5134 superiore,
2754 5062 2866 5118 nisi
2911 5060 3071 5131 quod,
3111 5060 3372 5115 humanae
3416 5054 3764 5129 fragilitatis
3808 5070 3913 5109 me-

582 5169 719 5221 mor,
754 5169 991 5210 uzorem
1020 5154 1221 5209 Auctor
1250 5155 1585 5211 adhortatur
1614 5164 1692 5222 ut,
1725 5157 1777 5210 si
1799 5155 2066 5209 secundas
2123 5154 2343 5224 nuptias
2374 5152 2675 5225 aliquando
2703 5150 3043 5221 cogitaverit,
3097 5166 3131 5203 a
3172 5147 3531 5203 matrimonio
3567 5160 3691 5199 cum
3740 5144 3913 5214 genti-

580 5242 723 5297 libus
750 5244 1053 5313 abstineat,
1085 5248 1268 5314 utpote
1300 5245 1521 5311 illicito,
1557 5249 1745 5315 stupro
1768 5244 1970 5309 simili,
2002 5243 2131 5312 ﬁdei
2158 5245 2375 5308 nociva,
2426 5244 2495 5295 ad
2536 5239 2921 5295 infidelitatem
2968 5252 3160 5309 prono,
3213 5238 3500 5307 alienoque
3545 5234 3618 5289 ab
3662 5233 3917 5287 Ecclesia

572 5336 912 5387 sacramento
943 5334 1312 5399 matrimonii,
1345 5334 1487 5405 quod
1537 5334 1823 5405 magniﬁce
1872 5331 2221 5387 describitur.
2255 5331 2480 5385 Primus
2520 5330 2687 5397 igitur
2736 5328 2898 5382 docet
2950 5327 3135 5381 liber:
3190 5325 3211 5379 Ι
3267 5324 3676 5378 Matrimonium
3723 5337 3758 5375 α
3810 5324 3915 5373 Deo

578 5422 919 5489 institutum,
951 5436 1125 5473 unum
1150 5436 1280 5487 esse,
1313 5436 1358 5475 c.
1396 5425 1445 5489 1,
1478 5424 1530 5474 2.
1568 5427 1635 5475 II.
1693 5422 2095 5477 Abstinentiam
2142 5420 2501 5474 matrimonio
2548 5416 2857 5478 meliorem,
2888 5431 2933 5470 c.
2982 5415 3034 5469 3.
3082 5414 3179 5468 Ill.
3211 5412 3473 5482 Exempla
3516 5409 3916 5465 continentium

578 5511 897 5576 viduarum,
927 5525 974 5563 c.
1009 5510 1059 5563 li.
1097 5508 1183 5565 IV.
1217 5510 1491 5565 Secundus
1519 5513 1747 5582 nuptias
1777 5511 1843 5564 ob
1895 5511 2094 5565 liberos
2139 5507 2508 5578 suscipiendos
2564 5521 2674 5559 non
2721 5505 2997 5577 expedire,
3045 5520 3093 5558 ο.
3125 5504 3179 5559 5.
3234 5502 3293 5556 V.
3348 5501 3614 5570 Exempla
3643 5515 3676 5551 a
3723 5497 3916 5550 matri-

579 5599 760 5653 monio
790 5598 1188 5653 abstinentiam
1215 5613 1262 5651 c.
1296 5600 1349 5653 6.
1383 5598 1475 5653 VI.
1509 5600 1739 5669 Nuptias
1783 5599 2046 5654 secundas
2085 5600 2189 5653 Deo
2236 5599 2423 5652 minus
2462 5596 2701 5667 placere,
2734 5610 2780 5648 c.
2828 5596 2883 5649 7.
2917 5593 3032 5649 VII.
3065 5594 3160 5647 His
3190 5592 3357 5660 ﬁnem
3385 5588 3575 5661 adjicit
3632 5585 3911 5641 viduitatis

581 5689 909 5742 encomium.
944 5686 1008 5741 In
1056 5685 1353 5757 posteriori
1399 5685 1542 5742 libro
1592 5689 1851 5743 statuitur
1882 5706 1901 5741 :
1930 5689 1974 5742 Ι.
2006 5687 2422 5743 Matrimonium
2470 5701 2592 5740 cum
2643 5683 2839 5753 gentili
2886 5684 3130 5747 vetitum,
3184 5696 3233 5735 c.
3291 5682 3343 5750 1,
3373 5677 3534 5732 2.11.
3566 5674 3919 5731 lmmundum

584 5779 643 5829 ut
672 5781 948 5846 stuprum,
978 5790 1024 5830 c.
1058 5776 1112 5830 3.
1148 5775 1245 5832 III.
1277 5776 1426 5835 Vera:
1461 5775 1756 5848 religionis
1782 5777 1985 5847 ofﬁciis
2014 5779 2413 5849 importunum,
2445 5791 2493 5832 c.
2528 5775 2578 5829 4.
2611 5773 2698 5831 IV.
2737 5774 3049 5829 Gentilium
3079 5770 3159 5828 ad
3186 5771 3329 5826 ritus
3358 5766 3749 5834 excitativum,
3782 5779 3827 5818 ε.
3858 5762 3915 5826 6,
