4148 6194
366 362 525 421 1405

1631 361 1861 421 LIBER
1907 362 1959 422 ΙΙ
2005 362 2106 421 AD
2152 362 2510 423 UXOREM.

3626 360 3783 421 1406

366 506 538 545 carne
569 489 773 562 gentili
806 490 1323 563 inquinamentum
1353 489 1732 561 praecavisse?
1756 491 1873 545 Hoc
1895 490 2018 546 loco
2051 494 2098 558 Α
2135 491 2418 546 admissio
2452 494 2647 549 minus
2682 495 2968 566 templum
3000 495 3099 550 Dei
3140 493 3333 560 violat,
3368 492 3565 547 minus
3597 507 3781 546 mem-

366 579 519 636 dicet
550 579 804 652 aliquis:
838 582 987 644 Quid
1032 597 1167 652 ergo
1200 580 1375 635 refert
1432 580 1584 635 inter
1614 596 1769 634 emm
1806 579 1907 651 qui
1964 580 2023 633 in

368 670 745 725 matrimonio
777 670 1014 742 gentilis
1046 688 1079 725 a
1112 670 1357 725 Domino
1417 668 1714 740 allegitur,
1747 674 1803 723 et
1860 669 2021 736 olim,

363 758 421 813 id
453 766 542 814 est
571 764 705 813 ante
739 760 974 830 nuptias
1009 758 1261 829 ﬁdelem,
1323 762 1386 812 ut
1417 774 1529 812 non
1567 758 1811 829 proinde
1860 757 2021 813 carni

366 865 483 904 suae
507 853 768 918 caveant,
807 865 941 904 cum
966 848 1115 903 alter
1144 847 1417 918 anuptiis
1446 846 1699 902 inﬁdelis
1733 851 2021 916 arceatur,

367 936 515 992 alter
544 936 604 991 in
637 937 712 993 iis
734 953 1106 1008 perseverare
1129 937 1411 1006 jubeatur
1439 936 1467 990 ‘I
1494 940 1607 990 Cur
1662 936 1713 991 si
1759 953 1792 990 a
1816 934 2023 1008 gentili

362 1025 767 1097 inquinamur,
803 1042 918 1080 non
950 1025 1049 1079 ille
1098 1024 1485 1096 disjungitur,
1517 1024 2020 1095 quemadmodum

363 1112 476 1169 iste
496 1131 609 1169 non
633 1113 929 1185 obligatur
957 1114 983 1168 ?
1006 1114 1391 1185 Respondebo
1426 1130 1439 1167 :
1494 1114 1552 1168 Si
1620 1113 1865 1184 spiritus
1916 1113 2019 1167 de-

362 1202 534 1270 derit,
568 1207 701 1258 ante
726 1203 925 1257 omnia
953 1202 1210 1272 allegans
1238 1201 1554 1256 Dominum
1601 1202 1790 1273 magis
1824 1206 2019 1256 ratum

361 1291 579 1347 habere
613 1290 1058 1346 matrimonium
1092 1308 1206 1347 non
1240 1289 1533 1357 contrahi,
1574 1307 1751 1361 quam
1780 1291 2021 1346 omnino

362 1380 624 1452 disjungi
660 1398 673 1436 :
708 1380 960 1451 denique
981 1380 1297 1434 divortium
1333 1378 1626 1450 prohibet,
1687 1380 1799 1435 nisi
1831 1379 2020 1452 stupri

360 1484 562 1535 causa,
584 1469 1007 1523 continentiam
1030 1485 1166 1526 vero
1188 1469 1581 1523 commendat.
1622 1468 1811 1524 Habet
1840 1469 2022 1539 igitur

360 1556 462 1612 ille
498 1557 906 1628 perseverandi
967 1558 1403 1622 necessitatem,
1460 1556 1556 1612 hic
1615 1574 1785 1628 porro
1844 1559 2019 1613 etiam

360 1661 476 1700 non
510 1646 769 1700 nubendi
806 1651 1179 1717 potestatem.
1213 1647 1374 1701 Tunc
1407 1646 1457 1701 si
1512 1648 1838 1702 secundum
1869 1647 2019 1702 Scri-

361 1740 596 1805 pturam
622 1735 721 1805 qui
754 1734 814 1789 in
850 1735 1225 1790 matrimonio
1257 1735 1460 1807 gentili
1493 1752 1525 1790 a
1550 1736 1667 1791 ﬁde
1698 1736 2019 1807 deprehen-

2134 580 2240 635 bra
2277 581 2488 637 Christi
2536 600 2670 639 cum
2729 585 3015 639 membris
3072 582 3345 639 adultera)
3399 580 3784 636 commiscet?

2136 670 2293 733 Quod
2323 671 2525 738 sciam,
2571 690 2687 727 non
2749 690 2959 727 sumus
3004 672 3188 728 nostri
3247 672 3378 742 (42),
3439 671 3539 725 sed
3600 670 3783 740 pretio

2133 759 2312 828 empti
2346 778 2359 827 ;
2388 764 2447 813 et
2475 760 2634 831 quali
2686 760 2919 833 pretio?
2970 760 3259 832 sanguine
3307 759 3428 813 Dei.
3483 757 3780 812 Laedentes

2130 844 2313 917 igitur
2341 864 2573 902 carnem
2606 850 2803 917 istam,
2861 867 2995 904 eum
3043 849 3333 903 laedimus.
3386 847 3464 903 De
3518 846 3781 918 proximo

2132 935 2272 1005 quid
2301 936 2415 991 sibi
2455 936 2637 992 voluit
2690 938 2785 994 ille
2843 938 2944 1010 qui
2979 937 3145 1002 dixit,
3200 936 3481 991 delictum
3542 936 3781 1006 quidem

2131 1039 2259 1078 esse
2285 1030 2558 1081 extraneo
2594 1027 2843 1093 nubere,
2868 1028 2968 1083 sed
3031 1026 3367 1091 minimum,
3419 1040 3553 1080 cum
3612 1022 3780 1089 alias,

2131 1114 2389 1184 seposita
2420 1115 2614 1170 carnis
2645 1114 2863 1187 injuria
2920 1117 2991 1171 ad
3051 1114 3361 1170 Dominum
3413 1112 3779 1184 pertinentis,

2131 1217 2303 1257 omne
2328 1202 2606 1259 delictum
2628 1204 3028 1261 voluntarium
3064 1205 3119 1259 in
3156 1204 3406 1259 Domino
3438 1203 3652 1272 grande
3684 1200 3779 1256 sit.

2131 1290 2356 1355 Quanto
2378 1292 2534 1347 enim
2568 1299 2826 1364 potestas
2856 1294 3078 1348 vitandi
3115 1292 3244 1359 fuit,
3276 1296 3435 1345 tanto
3479 1298 3779 1345 contuma-

2130 1381 2229 1435 cia:
2257 1381 2502 1436 crimine
2538 1389 2834 1438 oneratur.
2871 1384 3303 1438 Reeenseamus
3362 1397 3516 1435 nunc
3573 1384 3781 1434 caetera

2128 1469 2387 1541 pericula
2413 1475 2469 1525 et
2488 1470 2750 1537 vulnera,
2786 1478 2846 1526 ut
2876 1471 3013 1539 dixi,
3049 1469 3182 1525 ﬁdei
3213 1471 3287 1524 ad
3345 1467 3618 1538 Apostolo
3652 1482 3781 1537 pr0'

2126 1560 2271 1625 visa,
2304 1577 2418 1614 non
2446 1560 2607 1614 carni
2642 1566 2894 1626 tantum,
2918 1577 3123 1616 verum
3153 1559 3330 1613 etiam
3388 1557 3500 1629 ipsi
3542 1554 3774 1628 spiritui

2128 1648 2566 1704 molestissima.
2603 1650 2742 1714 Quis
2774 1650 2930 1704 enim
2992 1649 3218 1704 dubitet
3266 1646 3588 1703 oblitterari
3634 1662 3779 1716 quo—

2128 1737 2266 1792 tidie
2298 1737 2472 1792 ﬁdem
2506 1738 2857 1794 commercio
2882 1738 3143 1793 inﬁdeli?
3174 1737 3363 1792 Bonos
3393 1739 3782 1805 corrumpunt

360 1823 604 1889 duntur,
647 1828 951 1895 propterea
984 1841 1096 1879 non
1131 1824 1684 1896 inquinantur,quia
1705 1841 1837 1879 cum
1873 1824 2016 1896 ipsis
2046 1868 2094 1934 B
2130 1842 2320 1880 mores
2353 1826 2856 1882 confabulationes
2891 1827 3091 1894 malae;
3118 1830 3339 1897 quanto
3367 1824 3553 1895 magis
3581 1823 3780 1879 convi-

361 1911 456 1934 -l2:
498 1928 720 1934 _--_._---
757 1912 1203 1934 -___x:n-__;___
1236 1929 1248 1934 -
1305 1914 1426 1934 -3..-
1495 1913 1664 1934 J__L!_
1730 1913 1823 1934 2-12
1931 1911 2004 1934 ,-_2
2131 1920 2246 1934 ᾼιηφ
2292 1920 2336 1934 ,ι
2373 1915 2418 1934 2,,
2449 1915 2589 1934 19"!)
2771 1933 2775 1934 ,
2897 1915 2966 1934 ,s)
3029 1918 3067 1934 Λ
3169 1916 3242 1934 ,J,
3318 1914 3525 1934 ,-__11-_
3584 1912 3775 1934 ΩΔ-Ιὲ-

359 1911 458 1966 alii
494 1928 725 1982 quoque
756 1912 1249 1967 sanctiﬁcantur:
1303 1914 1431 1968 sine
1489 1913 1669 1967 dubio
1730 1913 1850 1980 isti,
1910 1911 2008 1983 qui

358 2006 495 2055 ante
527 2001 763 2070 nuptias
787 2002 1137 2057 sanctiﬁcati
1188 2008 1350 2072 sunt,
1406 2003 1453 2057 si
1515 2007 1799 2058 extranea
1848 2002 2010 2057 carni

355 2090 874 2157 commisceantur,
925 2092 1292 2147 sanctiﬁcare
1321 2109 1450 2147 eam
1499 2108 1614 2147 non
1651 2098 1915 2163 possunt,
1950 2093 2009 2147 in

356 2195 472 2249 qua
497 2196 608 2235 non
644 2185 784 2234 sunt
813 2180 1183 2251 deprehensi.
1235 2181 1335 2236 Dei
1385 2186 1581 2235 autem
1631 2182 1819 2253 gratia
1864 2180 2008 2236 illud

355 2270 697 2339 sanctiﬁcat,
730 2271 883 2339 quod
926 2270 1165 2324 invenit.
1195 2271 1280 2325 ita
1312 2271 1469 2342 quod
1502 2271 1859 2325 sanctiﬁcari
1894 2286 2008 2325 non

354 2357 567 2428 potuit,
616 2358 993 2414 immundum
1045 2365 1189 2427 est;
1250 2360 1407 2431 quod
1472 2359 1838 2414 immundum
1898 2365 2006 2427 est,

354 2463 489 2501 cum
524 2451 725 2502 sancto
758 2465 872 2502 non
904 2447 1079 2504 habet
1117 2452 1364 2519 partem,
1390 2448 1505 2504 nisi
1563 2454 1627 2504 ut
1673 2450 1744 2505 de
1783 2466 1889 2504 suo
1919 2449 2008 2504 in-

356 2536 562 2607 quinet
591 2541 647 2592 et
677 2537 925 2592 occidat.

1004 2669 1234 2727 CAPUT
1265 2669 1364 2725 III.

427 2803 558 2858 Haec
584 2819 719 2858 cum
745 2802 828 2858 ita
856 2802 999 2869 sint,
1031 2801 1232 2858 ﬁdeles
1279 2802 1590 2875 gentilium
1631 2802 2007 2859 matrimonia

356 2893 680 2949 subeuntes
712 2891 905 2964 stupri
936 2908 1061 2947 reos
1095 2908 1223 2947 esse
1245 2896 1479 2948 constat
1517 2896 1573 2947 et
1617 2893 1903 2948 arcendos
1930 2894 2003 2949 ab

353 2982 512 3037 omni
540 2981 1074 3037 communicatione
1108 2979 1508 3050 fraternitatis,
1530 2997 1598 3037 ex
1629 2980 1833 3036 litteris
1848 2985 2001 3053 Apo-

350 3071 487 3127 stoli
509 3071 776 3142 dicentis,
805 3088 928 3126 cum
971 3071 1242 3143 ejusmodi
1298 3087 1394 3126 nec
1441 3072 1626 3125 cibum
1675 3073 2002 3127 sumendum

348 3161 391 3231 (ι
424 3164 553 3218 Cor.
586 3162 891 3231 v,1l).Aut
920 3161 1203 3231 numquid
1231 3159 1463 3215 tabulas
1495 3160 1789 3231 nuptiales
1809 3162 1880 3216 de
1900 3160 1998 3216 illo

2122 1920 2253 1970 ctus
2284 1920 2341 1970 et
2372 1915 2713 1971 individuus
2767 1915 2966 1971 usus?
3027 1916 3254 1980 Quaevis
3315 1914 3528 1969 mulier
3584 1912 3776 1967 ﬁdelis

2122 2004 2436 2058 Dominum
2472 2006 2741 2059 observet
2774 2022 3012 2060 necesse
3069 2010 3177 2060 est.
3240 2005 3309 2059 Et
3342 2002 3635 2075 quomodo
3669 2018 3773 2073 po-

2119 2098 2235 2148 test
2266 2094 2498 2149 duobus
2521 2094 2773 2149 dominis
2803 2094 3116 2161 deservire,
3156 2093 3403 2149 Domino
3452 2098 3509 2147 et
3541 2092 3769 2156 marito,

2122 2183 2292 2247 adde,
2325 2182 2529 2254 gentili
2559 2182 2897 2239 ?Gentilem
2932 2183 3086 2239 cnim
3120 2182 3482 2239 observando
3527 2180 3773 2252 gentilia

2120 2271 2434 2339 exhibebit,
2495 2273 2702 2328 I294
2761 2274 3032 2342 formam,
3119 2271 3575 2327 exstructionem
3636 2270 3772 2340 (43),

2120 2361 2448 2415 munditias
2507 2361 2843 2433 saeculares,
2903 2361 3222 2417 blanditias
3278 2359 3594 2431 turpiores,
3642 2359 3773 2430 ipsa

2118 2451 2293 2505 etiam
2326 2440 2685 2506 matrimonii
2718 2458 2941 2507 secreta
2972 2452 3269 2507 maculosa
3311 2468 3324 2518 ;
3351 2467 3466 2505 non
3500 2455 3562 2504 ut
3594 2465 3771 2520 penes

2118 2543 2354 2595 sanctos
2386 2540 2579 2595 ofﬁcia
2608 2557 2785 2596 sexus
2819 2542 2928 2609 (44)
2958 2558 3093 2596 cum
3151 2541 3372 2595 honore
3429 2538 3616 2610 ipsius
3669 2555 3770 2592 ne-

2118 2628 2411 2684 cessitatis
2442 2634 2723 2700 tanquam
2747 2630 2857 2684 sub
2890 2629 3074 2685 oculis
3106 2630 3206 2685 Dei
3240 2628 3504 2685 modeste
3556 2632 3612 2682 et
3644 2643 3769 2682 mo-

2117 2717 2315 2773 derate
2347 2718 2757 2789 transiguntur
2790 2718 2923 2790 (45).

2793 2860 3025 2917 CAPUT
3056 2860 3149 2915 IV.

2186 2984 2296 3040 Sed
2322 2984 2552 3050 viderit,
2585 2984 2838 3057 qualiter
2860 2984 2981 3039 viro
3013 2984 3207 3040 ofﬁcia
3244 2984 3481 3055 pendat,
3515 2982 3760 3038 Domino

2112 3078 2266 3128 certe
2300 3090 2412 3128 non
2444 3079 2630 3145 potest
2660 3092 2761 3145 pro
2790 3074 3102 3145 disciplina
3142 3073 3499 3137 satisfacere,
3533 3071 3760 3126 habens

2110 3160 2169 3216 in
2230 3161 2408 3217 latere
2452 3162 2668 3217 diaboli
2715 3179 2971 3228 servum,
3032 3166 3467 3232 procuratorem
3528 3159 3758 3215 Domini

349 3250 506 3321 apud
541 3250 803 3305 tribunal
836 3251 1041 3306 I293
1075 3248 1307 3304 Domini
1343 3250 1704 3320 proferemus
1732 3249 1759 3303 ?
1788 3255 1845 3304 et
1876 3266 1997 3304 ma-
2033 3237 2075 3303 C
2113 3251 2203 3306 sui
2238 3253 2307 3305 ad
2341 3251 2715 3322 impedienda
2746 3251 3007 3305 ﬁdelium
3041 3250 3237 3304 studia
3268 3256 3325 3304 ct
3347 3249 3573 3305 ofﬁcia:
3612 3255 3676 3303 ut
3707 3249 3754 3303 si

353 3340 700 3395 trimonium
726 3340 831 3394 rite
855 3344 1217 3395 contractum
1269 3340 1312 3372 ¹⁰
1366 3337 1753 3410 allegabimus
1776 3339 1803 3393 ἱ)
1847 3340 1998 3409 quod

351 3428 536 3483 vetuit
568 3429 693 3500 ipse
726 3428 859 3500 (4|),
892 3446 1005 3484 non
1039 3428 1394 3483 adulterium
1428 3433 1517 3483 est
1544 3428 1570 3482 ?
1601 3428 1756 3499 quod
1807 3428 1999 3499 prohi-

350 3518 539 3573 bituni
562 3523 671 3586 est,
731 3535 848 3574 non
897 3523 1174 3590 stuprum
1223 3525 1313 3573 est
1358 3517 1387 3571 ?
1439 3517 1710 3573 Extranei
1742 3517 2000 3575 hominis

2110 3340 2283 3396 statio
2316 3341 2583 3395 facienda
2636 3345 2743 3406 est,
2802 3340 3054 3394 maritus
3108 3341 3176 3394 de
3234 3339 3328 3393 die
3386 3338 3655 3393 condicat
3685 3337 3757 3391 ad

2110 3429 2350 3485 balneas
2383 3430 2492 3502 (46)
2528 3448 2543 3500 ;
2577 3429 2627 3485 si
2648 3429 2881 3501 jejunia
2911 3429 3274 3484 observanda
3306 3433 3467 3498 sunt,
3509 3427 3759 3482 maritus

2109 3521 2314 3576 eadem
2344 3521 2439 3576 die
2485 3519 2814 3576 convivium
2872 3523 3178 3589 exerceat;
3212 3518 3263 3574 si
3319 3516 3754 3590 procedendum

1796 3671 2001 3733 Variae
2042 3672 2358 3733 lectiones.

422 3797 467 3832 ¹⁹
496 3797 622 3853 Haec
658 3796 734 3853 W.
768 3793 1214 3852 matrimonium
1246 3793 1355 3850 rite
1384 3798 1750 3850 contractum
1777 3794 1973 3851 desunt
2003 3796 2062 3851 in
2092 3796 2176 3852 ed.
2209 3797 2418 3868 Rigalt.

1796 3936 2321 3998 Commentaries.

422 4063 532 4133 (41)
584 4062 847 4133 Nunquid
893 4064 1109 4118 tabulas
1183 4061 1469 4131 nuptiales
1526 4059 1618 4114 die
1691 4059 1799 4115 illo
1855 4062 2001 4131 apud

348 4135 599 4188 tribunal
631 4132 854 4189 Dornini
881 4138 1225 4205 proferemus
1253 4138 1279 4186 .9
1332 4141 1382 4188 et
1436 4132 1799 4202 allegabimus
1853 4134 2000 4203 quod

346 4208 524 4277 vetuit
557 4208 716 4275 ipse?
744 4211 928 4261 Erant
959 4204 1178 4262 soilicet
1210 4223 1335 4277 qua:
1393 4205 1618 4277 maritis
1662 4221 1789 4277 _non
1839 4204 1999 4259 Chri-

347 4276 526 4330 stiani
560 4274 867 4339 nuberent,
893 4296 956 4332 ac
992 4274 1378 4333 nihilominus
1408 4276 1469 4331 in
1508 4274 1754 4331 Domino
1779 4278 1999 4331 nubere

346 4348 690 4403 crederent:
723 4350 947 4418 nuptiis
968 4350 1234 4405 videlicet
1257 4348 1439 4419 justis
1482 4365 1547 4401 ac
1606 4346 1907 4419 legitimis,
1943 4354 1999 4402 et

346 4420 669 4473 liberorum
706 4423 1175 4488 quinrendorum,
1220 4438 1335 4475 non
1394 4419 1680 4483 libidinis,
1736 4436 1992 4485 caussa;

343 4507 551 4545 verum
584 4492 759 4543 hosce
791 4490 1009 4547 colores
1067 4492 1239 4546 diluit
1295 4490 1709 4560 Tertullianus,
1753 4508 1995 4546 conver-

347 4578 570 4631 susque
604 4562 672 4615 ad
703 4578 975 4617 uxorem:
1009 4568 1131 4617 Non
1166 4563 1311 4618 satis
1342 4566 1452 4628 est,
1502 4561 1714 4632 inquit,
1764 4564 1873 4618 rite
1929 4579 1996 4617 ac

346 4633 617 4706 legitime,
642 4632 1266 4706 nupsisse,etconjugii
1290 4634 1464 4706 ﬁdem
1483 4639 1683 4706 sancte
1711 4634 1996 4706 coluisse;

349 4704 456 4759 nec
515 4704 623 4759 tibi
682 4722 923 4760 cansam
988 4713 1122 4761 ante
1182 4704 1412 4760 Domini
1466 4705 1720 4760 tribunal
1782 4707 1995 4761 dicenti

346 4776 683 4860 quidquam
709 4777 964 4860 proderit
994 4777 1224 4860 tabulas
1254 4777 1546 4860 nuptiales
1576 4777 1996 4860 proferre,nam

346 4846 581 4903 tabulas
612 4846 939 4919 allegando,
972 4848 1311 4920 conjugium
1339 4846 1623 4920 allegabis
1682 4866 1815 4905 cum
1872 4850 2002 4904 inﬁ-

348 4920 466 4992 deli
501 4926 597 4976 :et
627 4921 975 4991 allegatione
1006 4927 1109 4977 tua
1147 4926 1202 4976 te
1256 4922 1444 4992 ipsam
1495 4920 1802 4977 damnabis
1860 4938 1997 4992 pec-

347 4991 489 5055 cati,
522 4993 677 5064 quod
711 4993 913 5064 evitari
946 4993 1229 5049 Dominus
1265 4991 1367 5064 per
1423 4992 1765 5060 Apostolum
1788 4991 1993 5063 jussit.

348 5063 500 5126 Quid
534 5062 689 5118 enim
722 5063 815 5121 his
838 5066 1049 5135 verbis,
1086 5062 1313 5120 Tantum
1361 5065 1421 5120 in
1454 5064 1724 5135 ,Domino,
1748 5062 1997 5118 vetitum

347 5140 523 5205 putas
552 5137 579 5189 ?
608 5136 974 5192 Adulterium
1008 5138 1034 5191 ?
1066 5137 1194 5192 Hinc
1224 5137 1336 5192 alio
1368 5134 1603 5207 quidem
1634 5134 1781 5207 legis
1812 5137 1998 5206 capite

347 5211 641 5276 vetantur,
670 5224 785 5262 non
818 5208 949 5274 isto,
983 5208 1374 5275 Christianus,
1437 5224 1538 5261 seu
1601 5209 1705 5274 vir,
1766 5224 1869 5262 seu
1921 5207 1997 5261 fe-

348 5279 532 5344 mina,
566 5278 856 5349 templum
886 5280 985 5333 Dei
1014 5284 1122 5333 est.
1172 5281 1407 5335 Femina
1453 5279 1809 5342 Christiana,
1870 5293 1997 5348 qua)

343 5351 472 5421 viro
505 5350 674 5405 nubit
705 5368 817 5405 non
851 5349 1197 5417 Christiano,
1229 5350 1515 5421 templum
1558 5351 1658 5406 Dei
1712 5349 1995 5421 contami-

346 5420 479 5477 nari
508 5426 563 5477 et
592 5421 890 5492 inquinari
923 5421 1303 5493 patiturzimo
1333 5419 1589 5492 turpius,
1615 5440 1792 5493 quam
1826 5419 1997 5493 adul-i-

346 5504 495 5549 tera.
531 5493 751 5563 Nempe
774 5493 947 5548 alieni
1003 5492 1108 5545 viri
1167 5493 1449 5564 admissio
1502 5492 1787 5564 templum
1848 5492 1995 5547 illud

348 5566 551 5621 minus
577 5566 771 5627 violat,
808 5566 1005 5619 minus
1038 5563 1300 5618 membra
1328 5564 1544 5635 Christi
1567 5563 1995 5635 commembris

346 5635 632 5694 adulterae
663 5636 1023 5709 commiscet.
1057 5635 1217 5699 Quod
1256 5639 1342 5709 ‘ut
1396 5633 1550 5709 scias
1580 5651 1644 5689 ac
1689 5633 1998 5709 diligenter

349 5708 683 5783 perpendes
706 5779 720 5783 _
743 5707 919 5783 etiam
962 5711 1150 5783 atque
1194 5705 1383 5783 etiam
1410 5704 1574 5783 _volo.
1606 5708 1762 5783 Non_
1787 5704 1995 5783 sumus

353 5776 545 5839 nostri
576 5797 589 5849 ;
625 5779 725 5837 sed
758 5779 945 5852 pretio
976 5776 1174 5851 empti,
1204 5781 1259 5835 et
1288 5776 1526 5850 quidem
1556 5778 1844 5848 sanguine
1872 5780 1995 5843 Dei.

2112 4062 2405 4116 Laadentcs
2429 4060 2608 4132 igitur
2637 4078 2870 4116 carnem
2900 4059 3098 4129 istam,
3136 4061 3316 4115 Deum
3371 4058 3641 4114 laedimus
3684 4058 3754 4113 de

2112 4134 2375 4204 proximo
2409 4135 2508 4203 qui
2529 4150 2762 4188 carnem
2795 4135 2924 4203 ejus
2982 4132 3275 4196 laedimus,
3328 4148 3563 4204 carnem
3612 4147 3753 4185 san-

2108 4203 2285 4275 guine
2320 4206 2506 4277 ipsius
2541 4206 2922 4277 redemptam.
2983 4205 3113 4259 Haec
3171 4203 3409 4260 omnino
3443 4203 3552 4257 fuit
3584 4218 3751 4257 mens

2109 4276 2477 4333 Tertulliani.
2524 4277 2649 4331 Βία.

2179 4350 2289 4418 (42)
2318 4348 2467 4415 Quod
2494 4351 2688 4413 sciam,
2722 4364 2829 4401 non
2860 4364 3050 4401 sumus
3081 4348 3278 4402 nostri.
3326 4344 3509 4418 Vetus
3566 4359 3754 4418 exem-

2108 4417 2256 4490 plar,
2336 4421 2486 4486 Quod
2585 4423 2742 4474 sciat.
2840 4420 3300 4490 Scribendumh
3350 4417 3499 4490 quod,
3585 4417 3751 4490 scias,

2103 4486 2212 4617 illis],
2247 4491 2385 4562 quod
2413 4493 2604 4558 sciam,
2641 4490 3032 4546 usitatissima
3089 4486 3445 4545 Tertulliano
3478 4486 3750 4553 formula,

2160 4580 2233 4617 ιο.

2160 4580 2233 4618 1G.

2177 4635 2286 4704 (43)
2328 4635 2607 4697 Formam,
2666 4635 3081 4689 extruetionem.
3134 4631 3599 4687 Exstructionem
3657 4629 3750 4704 in-

2105 4706 2299 4776 tellige
2330 4705 2524 4777 capilli
2556 4707 2855 4765 struicem,
2918 4710 3285 4775 suggestum,
3340 4719 3456 4775 quo
3496 4706 3627 4758 Juv.
3685 4703 3743 4756 in

2107 4778 2142 4832 6
2174 4795 2186 4833 :
2224 4779 2407 4832 Altum
2432 4777 2670 4845 wdiﬁcat
2698 4783 2879 4847 caput.
2914 4781 3036 4830 Hie.

2179 4850 2290 4920 (44)
2322 4850 2383 4905 Ut
2435 4844 2600 4921 penes
2660 4844 2871 4921 sanctos
2900 4848 3082 4918 ofﬁcia
3106 4861 3285 4901 sexus.
3347 4849 3456 4921 etc.
3493 4850 3591 4921 _J)e
3641 4844 3750 4899 hac

2105 4938 2242 4975 voce
2274 4917 2400 4989 jam
2435 4917 2735 4984 diximus,
2794 4919 2888 4973 hic
2931 4917 3141 4973 autem
3202 4934 3305 4989 per
3350 4917 3536 4988 ofﬁcia
3591 4933 3752 4971 sexus

2105 4992 2384 5064 intelligit
2454 4991 2617 5064 ἁγνὴν
2681 4990 3066 5064 ᾼάναστροφὴνλ
3136 4992 3307 5064 vitam
3362 4990 3750 5064 castissimum,

2108 5069 2172 5118 ut
2220 5062 2509 5136 estiapud‘
2551 5064 2613 5119 Β.
2676 5062 2907 5118 Petrum
2971 5062 3150 5135 Epist.
3211 5062 3421 5134 prioris
3478 5078 3605 5133 cap.
3666 5078 3749 5116 III.

2107 5136 2185 5190 LE
2214 5136 2317 5190 Pa.

2177 5208 2289 5275 (45)
2350 5208 2629 5276 Tanquam
2686 5204 2788 5258 sub
2847 5206 3016 5260 oculis
3071 5206 3171 5260 Dei
3224 5204 3463 5260 modeste
3491 5215 3541 5258 et
3570 5203 3750 5258 mode-

2107 5286 2222 5332 rate
2249 5281 2641 5346 transiguntur
2693 5281 2755 5329 In
2787 5278 3050 5332 eamdem
3083 5279 3434 5333 sententiam
3474 5276 3748 5342 Hierony-

2108 5366 2262 5415 mus,
2323 5351 2385 5403 in
2442 5350 2617 5416 Epist.
2678 5348 2747 5401 ατί
2810 5350 3013 5413 Titum,
3073 5367 3197 5419 cap.
3258 5365 3344 5403 ιιι
3414 5370 3438 5400 α
3490 5347 3559 5401 Ut
3616 5363 3749 5399 cum

2108 5421 2329 5489 pudore
2360 5423 2417 5473 et
2450 5420 2817 5485 verecundia,
2860 5426 2917 5475 et
2950 5425 3117 5491 quasi
3152 5420 3512 5491 necessitate
3554 5433 3748 5491 sexus,

2106 5488 2310 5545 reddat
2336 5491 2530 5561 potius
2562 5492 2818 5546 debitum
2850 5488 2983 5547 viro
3006 5510 3183 5563 quam
3243 5491 3370 5563 ipsa
3429 5488 3621 5563 exigat
3678 5490 3749 5542 ab

2106 5579 2195 5627 eo,
2220 5567 2276 5616 et
2304 5579 2479 5633 opera
2504 5564 2814 5619 liberorum
2840 5571 2972 5619 ante
2986 5560 3185 5619 oculos
3200 5562 3299 5616 Dei
3320 5566 3376 5616 et
3403 5560 3747 5631 angelorum

2105 5640 2441 5706 perpetrare
2471 5651 2534 5690 se
2564 5637 2778 5691 credat.
2817 5660 2843 5686 »
2876 5637 2995 5691 R16.

2179 5705 2286 5774 (46)
2339 5706 2566 5762 Maritus
2611 5707 2677 5762 de
2713 5707 2800 5762 die
2855 5707 3105 5766 candicat
3154 5704 3223 5760 ad
3282 5703 3529 5761 balneas.
3560 5703 3745 5759 Vetus

2104 5776 2421 5849 exemplar,
2454 5778 2733 5836 Concedat.
2766 5779 2893 5835 RIG.
