4148 6194
296 303 453 364 1409

293 521 592 577 sustinent
652 535 901 590 quorum
965 518 1132 573 dotes
1206 518 1534 589 objections
1589 518 1848 573 nominis
1902 518 1948 551 ²³

291 611 610 667 mercedem
655 608 871 663 silentii
922 607 1161 675 faciant,
1212 607 1433 662 scilicet
1464 606 1618 678 apud
1666 607 1951 662 arbitrum

293 697 724 773 speculatorem
772 694 1100 767 litigaturi.’
1127 696 1289 759 Quod
1334 694 1621 766 plerasque
1669 711 1785 749 non
1827 712 1954 766 pro-

291 789 575 853 videntes,
629 792 731 841 aut
781 800 840 839 re
890 783 1241 855 excruciata,
1292 788 1393 839 aut
1441 784 1551 838 ﬁde
1592 783 1821 854 perdita
1860 801 1951 838 re-

295 882 603 933 cesserunt
628 876 695 928 ²⁴.

1558 298 1793 358 LIBER
1835 298 1886 359 ΙΙ
1929 298 2033 358 AD
2078 297 2430 358 UXOREM.

293 433 449 505 quod
478 431 724 486 credunt
755 432 1009 495 servent,
1043 429 1090 484 si
1148 429 1296 483 forte
1330 428 1618 484 laedantur
1642 428 1752 499 (52)
1783 427 1893 499 ipsi
1929 444 1943 483 :
1978 433 2030 498 Α

3550 301 3710 360 {MO

2705 428 2935 484 CAPUT
2974 429 3068 484 VI.

2131 518 2393 573 Moretur
2422 518 2521 573 Dei
2556 518 2771 574 ancilla
2816 535 2949 573 cum
2994 518 3214 573 laribus
3246 519 3453 575 alienis
3484 521 3619 593 (53),
3651 526 3708 578 et

2060 607 2213 663 inter
2242 606 2374 661 illos
2406 608 2678 662 omnibus
2708 607 3029 663 honoribus
3062 610 3394 664 daemonum
3418 611 3484 675 π,
3518 612 3706 666 omni-

2060 696 2174 750 bus
2205 696 2409 751 1298
2455 695 2820 751 solemnibus
2869 713 3134 766 regnum,
3185 698 3498 769 incipiente
3529 718 3705 772 anno,

2059 783 2375 854 incipiente
2434 801 2655 855 mense,
2717 786 2920 840 nidore
2987 786 3174 842 thuris
3232 789 3569 859 agitabitur.
3642 792 3711 845 Et

2062 874 2335 945 procedet
2378 873 2447 927 de
2497 875 2685 944 janua
2731 874 2991 930 laureata
3039 880 3096 931 et
3142 875 3459 945 lucernata,
3524 882 3586 932 ut
3636 880 3709 934 de

2063 979 2210 1018 novo
2243 962 2591 1019 consistorio
2640 962 2951 1019 libidinum
2984 964 3349 1037 publicarum
3382 967 3533 1039 (54);
3585 968 3707 1023 dis-

1734 1077 1937 1138 Variae
1984 1077 2307 1139 lectiones.

371 1185 416 1220 ³³
450 1184 571 1255 Rig.
601 1182 912 1239 Sustinent
939 1183 1204 1252 quidam,
1236 1186 1551 1249 reservent,
1579 1182 1627 1237 si
1656 1182 1695 1238 f.
1723 1181 2031 1237 ladantur.
2066 1182 2390 1251 Sustinent,
2423 1200 2524 1253 qu.
2563 1185 2620 1239 d.
2655 1184 3017 1255 subjectione
3050 1185 3325 1253 nominis,
3367 1193 3476 1242 etc.

293 1257 408 1313 ced.
452 1258 653 1311 Woaw.
690 1256 811 1323 Περ.
847 1270 1259 1326 recognoscere
1291 1257 1687 1324 consuerunt;
1737 1256 1927 1311 caeteri
1954 1260 2393 1311 recensuerunt.

295 1328 637 1385 nominibus
668 1327 1025 1383 daemonum.

2472 1200 2524 1240 u.
2563 1190 2620 1239 d.
2655 1190 3017 1255 subjectione
3050 1190 3325 1253 nominis,
3367 1193 3476 1242 etc.
3554 1190 3599 1224 ²⁴
3630 1192 3712 1245 Ita

2472 1256 2516 1290 ²⁶
2545 1257 2663 1328 Rig.
2700 1273 2832 1312 cum
2882 1257 3181 1314 laboribus
3213 1258 3419 1315 alienis
3450 1290 3517 1301 —
3545 1278 3706 1317 omn.

1737 1417 2259 1478 Commentarius.

298 1526 538 1600 quidem
568 1524 1011 1581 conversatione
1059 1527 1117 1579 et
1154 1522 1427 1600 familiari
1460 1522 1726 1600 convictu
1760 1524 1953 1600 Eccle-

298 1595 397 1656 size
459 1600 851 1666 sacramenta,
908 1612 1036 1668 qua;
1100 1595 1313 1651 melius
1380 1596 1532 1650 inter
1585 1596 1951 1668 Christianos

301 1672 579 1743 conjuges
612 1667 961 1743 celarentur,
984 1668 1040 1722 in
1070 1668 1447 1743 profanorum
1471 1667 1669 1743 oculos
1698 1669 1952 1743 veniant,

305 1740 463 1799 unde
486 1740 891 1812 captatoribus
941 1742 1277 1812 occasiones
1309 1740 1555 1812 vexandi
1586 1740 1951 1795 calumnian-

310 1818 489 1886 dique
539 1810 923 1886 praebeantur.
960 1810 1105 1886 Nam
1157 1811 1258 1883 qui
1308 1810 1432 1886 fieri
1481 1814 1671 1886 potest
1729 1817 1793 1866 ut
1840 1828 1954 1886 non

304 1881 626 1958 aliquando
658 1881 1190 1956 deprehendatura
1216 1882 1422 1937 marito
1456 1881 1689 1958 mulier,
1718 1900 1852 1937 cum
1884 1885 1955 1938 ad

306 1954 540 2015 omnem
576 1954 953 2029 progressum
994 1960 1168 2029 atque
1204 1959 1586 2029 promotum,
1622 1954 1691 2009 ad
1722 1971 1956 2029 omnem

307 2031 534 2086 aditum
576 2025 636 2084 et
682 2025 921 2091 exitum,
955 2028 1025 2081 ad
1076 2025 1348 2081 vestitum
1398 2030 1454 2080 et
1503 2025 1848 2095 calceatum,
1882 2028 1954 2081 ad

308 2104 563 2167 lavacra,
614 2101 684 2153 ad
746 2114 1001 2161 mensas,
1048 2099 1118 2152 ad
1170 2097 1417 2165 lumina,
1468 2100 1539 2151 ad
1598 2099 1834 2169 cubilia,
1883 2100 1954 2153 ad

311 2174 539 2241 sedilia,
571 2171 821 2226 frontem
865 2172 1055 2226 crucis
1106 2169 1406 2241 signaculo
1437 2173 1631 2224 teret?
1678 2186 1810 2225 cum
1843 2186 1955 2224 aras

310 2243 593 2301 fumantis
624 2243 859 2298 odorem
907 2242 1241 2296 nidoremve
1293 2242 1579 2295 detestata
1626 2241 1959 2297 exsufﬂabit

307 2334 373 2373 ac
405 2314 695 2386 despuet‘?
725 2331 859 2369 cum
892 2314 1142 2382 denique
1189 2328 1304 2386 per
1338 2317 1576 2386 noctem
1598 2313 1668 2367 ad
1703 2330 1955 2369 conven-

304 2396 403 2445 tus
470 2383 849 2443 antelucanos
926 2383 1200 2456 hymnos
1248 2383 1477 2456 Christo
1546 2383 1661 2439 Deo
1727 2385 1958 2440 dictura

306 2458 557 2530 surget?
591 2459 715 2512 Haec
760 2457 856 2512 ille
889 2455 1535 2530 nonuinterpretabitur
1579 2457 1746 2526 quasi
1773 2456 1954 2523 diras,

307 2539 364 2589 et
400 2527 741 2593 deﬁxiones,
790 2535 849 2584 et
879 2528 1107 2599 magica
1155 2529 1420 2599 quaedam
1472 2527 1959 2583 incantamenta?

308 2605 434 2660 Non
466 2602 632 2667 sciet,
684 2617 816 2655 cum
862 2604 1148 2655 servatam
1200 2599 1361 2653 domi
1410 2599 1824 2654 eucharistiam
1857 2617 1955 2654 su-

310 2692 435 2730 mes
456 2674 483 2727 ?
510 2673 635 2727 Non
662 2671 1059 2727 sciscitabitur
1078 2670 1393 2738 curiosius,
1418 2670 1557 2742 quid
1586 2677 1805 2727 secreto
1823 2675 1957 2726 ante

308 2761 545 2804 omnem
577 2744 773 2799 cibum
822 2742 1067 2815 gustes?
1116 2747 1181 2797 Et
1207 2742 1521 2815 sisciverit
1550 2759 1757 2813 panem
1805 2759 1956 2809 esse,

310 2836 427 2896 non
459 2816 737 2896 uoutinuo
760 2814 1771 2896 secumnreputabit,.panernﬁillum
1803 2832 1955 2896 esse,

308 2890 410 2962 qui
443 2888 659 2962 dicitur
690 2886 1039 2942 infanticidii
1090 2902 1294 2962 cruore
1341 2886 1539 2957 tingi?
1568 2886 1703 2962 Quae
1734 2887 1955 2942 calum-

310 2958 409 3017 nia
436 2959 794 3016 Christianos
825 2963 946 3012 tum
984 2960 1235 3012 maxime
1282 2963 1543 3013 vexabat.
1579 2958 1795 3013 Demus
1826 2974 1954 3012 vero

309 3034 565 3104 aliquem
616 3029 877 3104 reperiri,
932 3028 1034 3099 qui
1083 3028 1227 3104 nihil
1270 3030 1366 3104 de.
1406 3030 1660 3104 magicis
1706 3029 1956 3104 artibus,

312 3099 459 3161 nihil
507 3103 579 3157 de
626 3099 940 3156 infantium
999 3101 1172 3163 caede,
1226 3099 1370 3154 nihil
1412 3102 1482 3155 de
1510 3099 1714 3155 'crudaa
1763 3101 1956 3155 carnis

310 3173 549 3249 pabulo,
587 3172 734 3227 nihil
783 3173 854 3226 de
902 3172 1956 3249 pane__cruentato_suspicetur_;__sed

311 3242 539 3313 eorum,
598 3261 726 3315 qua:
783 3259 964 3313 supra
1030 3243 1308 3315 diximus,
1366 3242 1650 3315 signaculi
1709 3242 1955 3309 scilicet,

312 3313 757 3383 exsufﬂationis,
809 3317 1063 3369 ccetuum
1092 3313 1618 3385 antelucanorum,
1664 3315 1831 3385 panis
1870 3315 1957 3369 di-

312 3389 595 3463 ligentius
652 3385 935 3442 asservati
993 3384 1247 3463 rationes
1296 3384 1961 3463 simpliciter’ignoret;

319 3456 392 3518 an
444 3464 617 3533 putas
636 3530 645 3533 _
665 3474 798 3533 eum
815 3472 995 3533 _esse,
1049 3456 1341 3533 qui._h_z_ec_
1364 3456 1967 3533 ignoratausustineat

320 3525 463 3589 sine.
495 3530 764 3599 gemitu?
808 3527 968 3601 Certe
1019 3525 1080 3582 si
1118 3525 1262 3601 nihil
1311 3525 1578 3601 de'pane
1621 3528 1721 3583 illo
1773 3529 1961 3601 furiali

319 3610 377 3661 et
406 3603 654 3681 barbaro
681 3600 1035 3681 suspicetur,
1069 3603 1126 3681 at
1156 3600 1227 3654 de
1259 3616 1405 3681 pane
1427 3600 1715 3681 venenato
1739 3600 1963 3681 aliquid

313 3672 954 3746 suspicabiturtetjam
975 3674 1232 3746 metuere
1264 3672 1523 3746 incipiet,
1552 3688 1621 3746 ne
1645 3688 1746 3744 pro
1780 3672 1966 3746 matre

311 3740 569 3802 familias
590 3745 901 3799 veneficam
923 3740 1171 3796 duxerit.
1196 3746 1269 3795 At
1299 3740 1418 3797 haec
1452 3740 1968 3799 omnia—sustinent

312 3819 578 3892 quidam,
614 3816 744 3871 sine
773 3813 1016 3887 gemitu,
1053 3813 1180 3867 sine
1231 3814 1820 3892 suspicioneyeneni.
1853 3816 1962 3892 Sed

307 3885 611 3946 sustinent
644 3893 707 3943 ut
740 3885 947 3941 uirores
977 3901 1117 3939 suas
1145 3889 1441 3953 proterant
1488 3903 1553 3941 ac
1577 3885 1831 3941 ludibrio
1865 3886 1963 3941 ha-

306 3963 511 4027 beant,
546 3975 795 4031 quarum
842 3973 1064 4031 arcana
1118 3954 1197 4031 in_
1224 3956 1379 4031 hunc
1422 3974 1595 4012 usum
1646 3962 1959 4031 reservent,

300 4040 370 4089 ut
427 4027 683 4087 habeant
740 4029 896 4084 unde
948 4028 1022 4082 iis
1059 4027 1405 4098 (periculum
1464 4045 1661 4084 creare
1711 4029 1961 4098 possint,

299 4106 351 4161 si
386 4105 531 4159 forte
564 4104 622 4158 in
667 4100 960 4167 adulterii,
997 4097 1141 4171 falso
1189 4098 1534 4171 plerumque
1566 4097 1792 4165 crediti,
1826 4118 1960 4156 sus-

298 4178 591 4263 picione‘m
625 4172 878 4263 veniaut.
926 4170 1254 4263 ‘Sustirhept,
1300 4170 1959 4263 etmcumexploravere,

300 4242 546 4320 ipsimet
575 4263 665 4320 ea__
692 4244 966 4320 produnt,
1016 4247 1081 4297 ut
1113 4242 1287 4297 fidem
1341 4242 1733 4320 Christianam
1786 4261 1957 4299 excu-

297 4314 455 4377 tiant
484 4314 765 4373 uxoribus
798 4314 923 4368 suis
974 4330 1182 4385 parum
1229 4316 1663 4384 constantibus,
1696 4321 1798 4371 aut
1828 4332 1961 4370 con-

296 4390 687 4459 stantioribus
746 4387 985 4459 dotem._
1028 4386 1207 4459 Erant
1265 4394 1420 4459 enim
1492 4405 1618 4459 quae
1681 4388 1960 4459 pecunias

296 4458 760 4519 concussoribus
798 4472 865 4511 ac
899 4454 1263 4509 delatoribus
1292 4454 1637 4513 darent—non
1674 4454 1955 4525 modicas,

297 4552 375 4592 ne
435 4532 821 4602 deferrentur,
887 4526 1299 4602 nec_deerant
1360 4530 1553 4602 mariti
1607 4532 1705 4602 qui
1767 4536 1960 4601 capta-

298 4612 452 4672 rent,
481 4621 547 4659 ac
591 4601 901 4677 delatores
936 4596 1707 4677 subornarentquibuscum
1760 4596 1957 4673 de'pe.

295 4669 485 4734 cupias
537 4678 718 4746 quota
751 4669 1081 4746 _subjectis_
1108 4669 1445 4746 nominibus
1500 4669 1954 4746 paciscerentur,

294 4765 487 4818 eaque
519 4739 1206 4827 subjectionenpominis,
1253 4740 1310 4795 id
1343 4749 1434 4827 est
1479 4739 1804 4827 creditori-3,
1838 4745 1955 4827 ple-

296 4810 553 4890 rumque
584 4810 830 4871 uirorum
880 4810 1350 4890 Christianarum
1402 4814 1565 4890 doles
1608 4810 1958 4890 turpissima

295 4894 374 4948 de
433 4882 697 4962 pactione
731 4902 857 4962 _pro
916 4882 1179 4962 mercede
1238 4883 1461 4962 silentii
1518 4882 1953 4962 praedabantur.

295 4953 452 5021 Nam
484 4962 528 5015 si
582 4953 861 5030 fraudatis
914 4953 1068 5030 dotis
1098 4960 1294 5025 ageret
1345 4953 1534 5021 uxor,'
1560 4961 1783 5023 statim,
1819 4959 1957 5030 quia

294 5034 652 5096 Christiana,
676 5031 748 5086 ab
771 5027 1151 5091 delatoribus,
1179 5043 1327 5098 quos
1356 5030 1600 5085 maritus
1631 5027 1958 5097 subiecerat

297 5124 368 5164 ac
402 5105 839 5166 subornaverat,
869 5100 926 5153 in
950 5098 1263 5171 discrimen
1298 5101 1507 5171 capitis
1530 5103 1954 5169 adducebatur,

300 5179 393 5236 sic
442 5177 565 5247 ipse
609 5174 857 5230 maritus
917 5169 1268 5247 speculator,
1312 5169 1419 5247 qui
1462 5192 1563 5247 per
1618 5174 1957 5247 nuptiarum

298 5241 670 5308 occasionem
700 5258 927 5320 arcana
960 5241 1292 5320 Christiana
1328 5241 1578 5320 subdole
1621 5241 1957 5320 speculatus

298 5325 450 5386 erat,
484 5320 606 5376 litis
638 5318 856 5374 arbiter
896 5312 1090 5387 fiebat,
1138 5320 1262 5369 erat
1290 5318 1448 5387 enim
1499 5312 1738 5375 necesse
1768 5317 1957 5387 uxori,

300 5384 602 5452 nisi'mori
636 5384 1009 5463 paratissima
1041 5389 1232 5463 esset,
1277 5386 1448 5463 fidem
1482 5392 1710 5447 Christo
1742 5384 1957 5463 dictam

345 5466 572 5533 erdere,
622 5454 709 5519 vel
763 5462 1009 5536 dotem._
1040 5454 1449 5536 Hoc-“omnino
1502 5465 1683 5519 voluit
1730 5460 1957 5518 Tertul-

345 5487 572 5533 CI'HBI‘B,
625 5487 709 5519 VB!
763 5487 979 5515 uuwln.
1042 5487 1157 5508 uuu
1210 5487 1449 5515 υωυιιιυ
1504 5487 1683 5519 γοιυιι
1740 5487 1957 5518 ,ιϐῐίυι-

299 5487 526 5596 llanus.
566 5536 868 5612 Iis_autem
895 5525 1106 5612 νθῲίξΰ,
1142 5526 1224 5612 ξι,
1270 5532 1322 5583 εί
1357 5535 1575 5612 sciverit
1603 5552 1815 5605 panem,
1850 5552 1961 5612 non

304 5609 483 5682 illum
529 5607 702 5663 credit
744 5601 1002 5682 βεδε-ηιιὶ
1041 5597 1961 5682 (ἰίςίιιιζηροῐειπιΑἱῄῐθῐιτοέέᾶοάὶ

305 5681 559 5738 minime
589 5675 993 5749 apponendam
1023 5674 1119 5749 qui
1144 5674 1502 5749 existimant,
1527 5678 1828 5749 falluntur,
1853 5685 1965 5738 ete-

310 5755 439 5813 nim
473 5743 764 5808 comm'ata
796 5763 922 5821 quis
952 5743 1306 5800 antecedunt
1338 5743 1580 5824 quasque
1610 5743 1961 5825 sequuntur,

1988 4707 2035 4772 D

2062 1523 3076 1599 apertissimoﬂsensudinterrogant.
3130 1529 3330 1599 Itaque
3374 1528 3491 1584 illic
3532 1529 3705 1585 etiam

2062 1596 2383 1667 interrogat
2433 1597 2854 1653 ’I‘ertullianus.
2910 1596 2993 1653 Ᾰῐι
3041 1616 3175 1655 vero
3225 1596 3416 1655 simile
3448 1600 3712 1656 videatur

2063 1667 2474 1744 Christianam,
2526 1684 2656 1739 quae
2702 1668 2900 1739 gentili
2951 1672 3170 1740 nupsit,
3224 1674 3501 1744 mysteria
3545 1673 3708 1727 Chri-

2064 1740 2257 1794 stiana
2282 1740 2473 1812 celare
2505 1744 2589 1795 sic
2622 1757 2812 1812 posse,
2849 1747 2913 1795 ut
2935 1759 3069 1797 cum
3100 1740 3515 1799 eucharistiam
3551 1745 3708 1799 domi

2065 1811 2488 1886 servabittille
2539 1811 2653 1886 non
2704 1813 2965 1886 inquirat
3011 1816 3148 1885 quid
3208 1816 3280 1870 ab
3329 1832 3397 1869 ea
3444 1816 3713 1886 religiose

2067 1883 2377 1957 servetur?
2427 1888 2483 1937 et
2531 1884 2615 1938 sci
2673 1883 2904 1957 sciverit
2960 1883 3188 1955 panem,
3249 1887 3461 1957 inquit,
3520 1883 3712 1942 nonne

1987 1964 2036 2029 Β
2067 1955 2263 2031 credet
2292 1971 2423 2031 eum
2475 1971 2603 2011 esse
2648 1955 2745 2027 qui
2780 1956 3013 2025 dicitur,
3048 1958 3105 2012 id
3154 1962 3264 2025 est,
3297 1955 3469 2029 quem
3500 1960 3713 2031 vulgus

2065 2027 2313 2082 infamat
2336 2031 2357 2081 Ρ
2388 2026 2512 2081 RIG.

2136 2099 2249 2168 (52)
2286 2098 2531 2164 Quarum
2582 2114 2789 2154 arcana
2837 2100 2895 2153 in
2944 2098 3258 2166 periculum
3302 2101 3440 2170 quod
3484 2101 3714 2157 credunt

2065 2174 2359 2235 reservent,
2392 2172 2444 2223 si
2466 2173 2607 2240 forte
2658 2170 2963 2225 laedantur.
3019 2170 3270 2225 Uxorum
3305 2190 3517 2227 arcana
3548 2173 3711 2239 dicit,

2068 2242 2223 2314 quod
2258 2259 2465 2296 uxores
2499 2259 2639 2296 suas
2669 2242 3016 2297 Christianis
3046 2244 3228 2297 sacris
3259 2250 3564 2314 Operantes
3598 2262 3713 2299 non

2067 2313 2334 2385 prodant.
2392 2314 2604 2367 Earum
2656 2314 2839 2385 igitur
2887 2331 3098 2368 arcana
3149 2313 3341 2369 mariti
3392 2316 3607 2371 ethnici
3654 2316 3713 2370 in

2069 2384 2391 2458 periculum
2425 2386 2577 2458 quod
2616 2384 2861 2458 credunt
2894 2391 3209 2452 reservant,
3242 2386 3349 2441 hoc
3380 2392 3487 2453 est,
3521 2388 3579 2442 in
3614 2404 3712 2458 pe-

2067 2456 2321 2511 riculum
2372 2457 2521 2526 quod
2574 2456 2796 2511 nomini
2854 2457 3185 2512 Christiano
3237 2458 3541 2513 imminere
3589 2456 3712 2514 c're-

2067 2528 2232 2594 dunt,
2286 2528 2691 2598 persecutione
2749 2535 2811 2583 ut
2871 2536 3109 2599 sperant
3166 2546 3463 2598 exai-sura,
3515 2532 3595 2585 ita
3645 2535 3711 2586 ut

2068 2604 2205 2653 tunc
2265 2599 2695 2672 temporiseeas
2742 2600 3015 2670 produnt,
3066 2600 3115 2655 si
3169 2619 3286 2672 qua
3335 2603 3474 2657 forie
3530 2602 3713 2657 animi

2064 2675 2278 2797 ﬁssura
2303 2670 2617 2726 undeunde
2646 2678 2923 2742 concepta
2953 2670 3268 2745 perniciem
3300 2675 3383 2729 eis
3414 2680 3709 2746 exoptent.

2119 2758 2197 2796 ια.

2119 2758 2197 2796 IG.

2137 2844 2205 2851 —
2236 2812 2296 2886 Si
2322 2813 2465 2886 [ον-ιε
2497 2811 2792 2868 laedantur.
2842 2812 2959 2868 Hoc
3013 2817 3122 2879 est,
3153 2814 3200 2869 si
3232 2832 3349 2886 qua
3396 2816 3537 2872 forie
3568 2815 3714 2870 inci-

2066 2884 2165 2938 dat
2195 2883 2375 2967 auimi
2409 2883 2639 2967 laesura,
2688 2886 2735 2967 si
2785 2886 2968 2967 quod“
2990 2883 3272 2967 iurgium,
3304 2889 3353 2967 si
3386 2905 3502 2967 gua
3534 2887 3712 2967 laesio,

2066 2956 2323 3029 querela,
2376 2956 2619 3029 offensa,
2670 2958 2718 3011 si
2769 2974 2886 3027 qua
2934 2956 3028 3029 lis,
3070 2956 3119 3012 si
3170 2960 3324 3029 quod
3372 2956 3713 3014 discrimen.

2070 3028 2211 3101 Hinc
2242 3027 2361 3101 llltB
2407 3027 2723 3101 allectuum
2773 3043 2940 3083 voces
2990 3028 3046 3081 in
3079 3027 3483 3101 sepulcrorum
3534 3032 3713 3085 incri-

2066 3099 2368 3170 ptionibus
2402 3114 2415 3151 :
2449 3098 2531 3152 Ds
2560 3115 2674 3159 oua
2704 3116 2865 3153 NIHIL
2900 3098 3287 3158 nom'rus'ss'r.
3324 3107 3399 3157 Ds
3428 3120 3541 3164 οοΑ
3571 3119 3713 3156 NUL-

2065 3187 2185 3225 LUM
2217 3186 2482 3223 DOLOREM
2525 3186 2863 3225 ACCEPERAT.
2914 3176 3041 3224 CUM
3089 3188 3202 3233 QUA
3232 3190 3381 3228 VIXIT
3410 3190 3538 3228 SINE
3568 3189 3714 3227 ULLA

2067 3258 2207 3305 LITB,
2241 3258 2362 3295 SINE
2396 3257 2536 3294 ULLO
2582 3257 2809 3296 JURGIO.
2861 3242 2995 3296 SINE
3041 3259 3185 3298 ULLA
3230 3262 3397 3300 ANIMI
3447 3260 3707 3300 L/ESURA.

2072 3313 2210 3367 Sim-3
2240 3329 2385 3377 BILE,
2419 3316 2477 3365 et
2502 3318 2707 3368 cetera
2738 3312 3103 3383 hujusmodi.
3134 3316 3256 3370 Bis.

2147 3384 2257 3453 (53)
2296 3384 2536 3439 Moralar
2587 3386 2685 3439 Dei
2729 3386 2933 3439 ancilla
2980 3402 3105 3440 cum
3162 3386 3439 3441 laboribus
3494 3385 3715 3441 alienis.

2073 3454 2652 3529 Sicuemendav‘imus
2707 3458 2859 3526 quod
2910 3463 3044 3511 ante
3089 3464 3381 3528 repertum
3431 3458 3717 3529 Agobardi

2073 3526 2329 3599 codicem
2363 3526 2682 3599 legebatur,
2720 3544 2845 3581 cum
2891 3529 3103 3582 laribus
3138 3526 3358 3584 alienis.
3394 3526 3717 3584 Mehdosis-

2075 3598 2243 3653 sime.
2277 3597 2506 3653 Nam—si
2539 3597 2690 3653 lares
2741 3616 2842 3670 pro
2873 3600 3171 3654 domicilio
3224 3602 3451 3665 dixerit,
3484 3619 3595 3655 non
3630 3604 3720 3655 est

2073 3686 2178 3755 eui:
2207 3671 2419 3755 domus
2452 3670 2643 3724 mariti
2684 3670 2894 3755 alieua‘
2923 3672 3197 3755 conjungi
3233 3673 3455 3755 censeri
3488 3674 3718 3755 debeat.

2070 3741 2132 3795 Si
2165 3741 2315 3796 lares
2349 3743 2485 3795 deos
2530 3741 2765 3812 penales
2817 3741 3356 3812 intelligat,inepte
3386 3745 3720 3801 Christiano

2075 3762 2132 3795 D1
2167 3762 2315 3796 lares
2349 3762 2485 3795 (1808
2530 3762 2765 3812 penales
2817 3762 3128 3811 ιηιεῑιιιςξιι,
3160 3762 3254 3799 me
3302 3762 3356 3798 te
3386 3762 3717 3801 UDI‘ISUBDO

2075 3813 2211 3886 quis
2240 3813 2498 3881 objiciet,
2545 3815 2697 3884 quod
2750 3816 2900 3886 lares
2925 3814 3154 3886 alienos
3202 3762 3374 3886 colat,
3408 3835 3520 3872 non
3555 3832 3717 3884 suos,

2071 3883 2174 4009 gui
2225 3900 2328 3938 nec
2377 3900 2514 3938 suos
2566 3883 2829 3953 agnoscit
2880 3885 3048 3940 ullos.
3102 3892 3175 3939 At
3220 3883 3370 3958 jure’
3412 3890 3722 3958 exprobrat

2120 3955 2431 4009 hristianaa.
2493 3970 2641 4009 ante.
2701 3972 2830 4009 cum
2893 3958 3106 4009 ancilla
3162 3961 3250 4009 Dvi
3314 3958 3410 4009 sit-
3460 3962 3722 4009 moratur

2120 3955 2431 4015 hristianaa.
2493 3970 2641 4024 quis,
2701 3972 2830 4009 cum
2893 3958 3106 4011 ancilla
3162 3955 3250 4012 Dei
3314 3958 3411 4020 sit,
3460 3955 3723 4013 moratur

2073 4043 2205 4099 cum
2254 4026 2550 4099 laboribus
2595 4025 2821 4099 alienis,
2858 4043 3034 4097 quam
3087 4029 3418 4085 conveniret
3449 4028 3719 4099 occupari

2072 4096 2693 4173 suis.___Sunt__labores
2737 4096 3217 4173 ChriStianorumr
3258 4102 3477 4173 proprii
3520 4117 3532 4154 :
3577 4096 3718 4154 sunt

2071 4168 2392 4241 gentilium.
2429 4169 2643 4223 Horum
2682 4168 2909 4241 labores
2963 4175 3178 4227 Auctor
3208 4168 3399 4226 in'nui't
3432 4190 3444 4226 :
3485 4188 3721 4226 concur-

2071 4259 2201 4297 sare
2248 4247 2303 4295 et
2342 4242 2609 4310 occupari
2665 4242 2816 4314 circa
2864 4242 3194 4298 daemonum
3248 4245 3460 4309 cultus,
3511 4249 3565 4299 et
3615 4258 3717 4314 pro

2069 4313 2244 4367 variis
2275 4328 2475 4366 eorum
2512 4312 2847 4385 nominibus
2879 4315 3035 4369 varia
3077 4316 3356 4369 sacriﬁcia
3387 4312 3718 4385 procurare,

2072 4386 2380 4450 instruere,
2413 4385 2716 4446 conficere,
2752 4384 2867 4438 alia
2911 4387 3059 4451 Jovi,
3093 4386 3208 4441 alia
3249 4384 3438 4452 Marti,
3470 4387 3585 4440 alia
3616 4386 3715 4439 Ce-

2072 4457 2200 4521 reri,
2261 4456 2511 4509 ovantiis
2560 4460 2617 4509 et
2675 4456 3041 4512 solemnibus
3091 4460 3378 4512 Cassarum
3431 4459 3716 4512 interesse

2069 4528 2383 4600 incipiente
2441 4544 2614 4593 anno,
2692 4526 3004 4600 incipiente
3062 4546 3297 4597 mense;
3358 4530 3428 4584 ad
3473 4531 3719 4600 januam

2067 4598 2300 4681 laurum
2335 4598 2985 4681 depan.gere,llucerna_s
3026 4602 3358 4681 accendere.
3393 4598 3723 4681 Hi‘labores

2070 4672 2308 4743 omnino
2358 4669 2706 4743 alieni’sunt
2752 4670 3120 4727 Christianis.
3173 4676 3243 4727 At
3274 4678 3411 4727 sunt
3460 4673 3557 4727 alii
3592 4689 3721 4743 pro-

2069 4744 2189 4813 prie
2245 4742 2733 4809 Christianorum,
2796 4759 2945 4812 quos
3014 4750 3064 4797 et
3123 4744 3245 4814 ipse
3316 4742 3715 4801 Tertullianus

2066 4814 2345 4869 describit
2378 4831 2389 4866 :
2426 4815 2706 4867 stationes
2746 4814 2935 4887 _obire,
2961 4815 3191 4885 jejunia
3221 4816 3547 4874 observare.
3582 4834 3713 4887 pro-

2068 4888 2290 4950 cedere,
2314 4890 2653 4955 pernoctare
2676 4884 3038 4939 solemnibus
3064 4890 3319 4956 Pascha,
3344 4889 3400 4942 in
3426 4884 3717 4943 carcerem

2069 4958 2137 5012 ad
2202 4956 2523 5031 osculanda
2584 4961 2902 5031 martyrum
2963 4958 3196 5031 vincula
3247 4966 3493 5031 reptare,
3544 4959 3721 5014 alicui

2069 5031 2317 5104 fratrum
2350 5030 2433 5104 ad
2454 5028 2718 5104 osculum
2753 5030 3081 5101 convenire,
3129 5028 3340 5104 aquam
3376 5037 3716 5088 sanctorum

2077 5102 2324 5174 pedibus
2354 5100 2577 5174 offerre.
2615 5100 2741 5174 RIC.

2140 5174 2251 5243 (54)
2283 5174 2349 5225 Et
2378 5172 2619 5243 procidet
2666 5171 2732 5224 de
2781 5170 2947 5243 ianua
2998 5172 3257 5230 laureata
3305 5180 3355 5231 et
3409 5175 3715 5241 lucernula,

2068 5247 2128 5299 ul
2157 5244 2222 5299 de
2248 5242 2387 5318 novo
2424 5244 2759 5318 gonsialorz'a
2787 5242 3086 5318 libidinum
3128 5246 3502 5318 publicarum.
3541 5247 3717 5302 Moris

2068 5322 2193 5389 erat
2224 5313 2804 5389 apuduEthnicosein
2852 5313 3051 5389 lectitia
3097 5313 3331 5389 publica
3378 5337 3492 5373 non
3526 5321 3715 5372 solum

2069 5386 2765 5459 lauv‘os'afﬂigerejanuis
2787 5386 2997 5442 aadium
3018 5386 3283 5459 suarum,
3311 5406 3509 5445 verum
3542 5389 3718 5443 etiam

2111 5478 2173 5515 er
2224 5461 2379 5515 diem
2434 5460 2698 5514 lucernas
2745 5462 3079 5515 accendere.
3138 5464 3298 5528 Quod
3350 5466 3412 5515 ut
3460 5459 3717 5513 dicatum

2111 5478 2173 5515 er
2224 5478 2379 5515 diem
2434 5478 2698 5514 lucernas
2745 5478 3079 5515 accendere.
3138 5478 3298 5528 uuou
3350 5478 3412 5515 ut
3460 5478 3717 5513 meatum

2070 5478 2274 5588 llonori
2308 5532 2618 5587 numinum
2654 5531 3049 5599 profanorum,
3084 5538 3146 5588 ut
3177 5538 3398 5588 natura;
3420 5534 3478 5585 et
3509 5529 3720 5586 rationi

2070 5604 2586 5667 contumeliosum,
2621 5604 2872 5676 denique
2914 5609 2977 5658 ut
3024 5604 3257 5676 signum
3310 5602 3438 5659 novi
3472 5601 3720 5672 alicujus

2070 5677 2397 5747 lupanaris,
2448 5675 2759 5732 Christiani
2812 5675 3220 5748 abhorrebant.
3275 5676 3570 5748 Septimus
3618 5690 3721 5748 no-

2073 5746 2194 5807 ster
2242 5749 2303 5805 in
2353 5750 2699 5821 Apologelico
2744 5766 2763 5804 :
2820 5767 2842 5796 ι
2875 5747 2989 5803 Cur
3035 5749 3128 5804 die
3168 5748 3300 5805 listo
3332 5746 3450 5806 non
3502 5746 3721 5805 laureis
