4148 6194
434 284 586 343 1411

976 284 1509 346 TERTULLIANI
1552 285 1880 347 OPERUM
1927 284 2128 346 PARS
2171 283 2222 344 Ι.
2256 315 2332 330 --
2362 283 2639 346 SERIES
2682 283 2761 356 Π,
2806 283 3291 347 DOGMATICA.

3687 287 3835 347 1412

433 415 672 470 cumbet
700 429 831 469 cum
864 415 1072 469 merito
1108 415 1167 470 in
1192 414 1506 480 sodalitiis,
1539 432 1690 488 saepe
1711 417 1770 471 in
1805 415 2035 488 p0pinis
2059 435 2073 483 -,
2110 423 2163 488 Α
2192 416 2436 486 spiritus
2458 414 2821 487 refrigerium
2845 415 2874 469 ‘2
2901 415 3001 470 ubi
3019 413 3214 470 divina
3231 415 3557 471 benedictio
3579 415 3608 470 ?
3638 416 3842 471 Omnia

430 509 486 559 et
515 504 875 559 ministrabit
921 521 1340 573 nonnunquam
1391 505 1633 577 iniquis,
1688 505 1860 561 solita
1889 521 2083 576 quon-

430 595 566 649 dam
598 592 821 649 sanctis
855 594 1231 660 ministrare;
1264 598 1320 648 et
1352 610 1467 649 non
1501 594 1639 649 hinc
1673 594 2078 666 praeiudicium

429 683 827 738 damnationis
879 699 996 737 suae
1056 687 1350 755 agnoscet,
1402 699 1498 737 eos
1558 684 1892 753 observans,
1935 699 2082 753 quos

428 777 554 827 erat
580 772 914 841 judicatura
934 770 960 823 ‘l
1008 771 1189 840 Cujus
1239 787 1480 825 manum
1532 770 1889 825 desiderabit
1920 770 2083 840 (55)?

429 861 500 916 de
530 861 701 930 cujus
732 859 937 931 poculo
971 858 1392 931 participabit?
1424 859 1569 925 Quid
1595 860 1798 914 1299
1836 860 2082 914 maritus

429 966 574 1005 suus
622 948 728 1014 illi,
783 947 871 1003 vel
923 947 1129 1003 marito
1179 948 1321 1019 quid
1371 948 1470 1003 illa
1518 949 1821 1004 cantabit?
1870 949 2082 1003 Audiat

428 1054 591 1103 sane,
616 1036 816 1092 audiat
837 1036 1058 1107 aliquid
1082 1037 1153 1091 de
1178 1053 1375 1101 scena,
1398 1038 1469 1092 de
1493 1037 1756 1105 taberna,
1780 1037 1851 1093 de
1871 1053 2077 1110 ganea;

428 1143 556 1198 quis
588 1126 684 1180 Dei
736 1124 1001 1180 mentio?
1053 1142 1181 1197 qua:
1214 1124 1432 1179 Christi
1482 1126 1815 1181 invocatio?
1863 1125 1964 1181 ubi
1995 1126 2079 1180 fo-

428 1218 629 1272 menta
683 1215 820 1270 ﬁdei
870 1215 941 1271 de
992 1213 1434 1287 Scripturarum
1483 1214 1931 1271 interlectione?
1979 1214 2079 1270 ubi

2194 510 2485 571 extranea,
2536 505 2735 559 omnia
2782 503 3040 570 inimica,
3093 505 3291 559 omnia
3338 505 3637 573 damnata,
3682 507 3838 561 adte-

2191 594 2383 649 renda
2406 594 2451 629 ²⁶
2481 592 2655 649 saluti
2686 610 2720 649 a
2754 591 2907 648 malo
2938 592 3228 648 immissa.

2820 734 3053 791 CAPUT
3084 735 3207 791 VII.

2263 859 2391 913 Haec
2421 859 2471 914 si
2502 858 2617 915 illis
2648 875 2883 931 quoque
2929 858 3158 915 evenire
3200 860 3429 931 possint
3457 862 3590 931 (56),
3625 878 3749 933 quis
3778 862 3835 917 in

2190 948 2566 1004 matrimonio
2588 948 2825 1021 gentilis
2848 949 3021 1004 ﬁdem
3046 949 3265 1019 adepta
3298 955 3624 1016 morantur,
3643 956 3835 1006 tamen

2190 1042 2564 1104 excusantur,
2596 1042 2662 1092 ut
2691 1038 2750 1091 in
2801 1037 2949 1110 ipsis
2980 1038 3358 1109 deprehensae
3407 1055 3441 1093 a
3488 1038 3625 1106 Deo,
3662 1045 3719 1093 et
3742 1043 3836 1110 ju-

2190 1128 2406 1181 bentur
2470 1142 2842 1199 perseverare
2908 1131 2963 1182 et
3029 1126 3475 1182 sanctiﬁcantur
3538 1132 3595 1183 et
3674 1144 3833 1197 spem

2191 1212 2534 1271 lucrationis
2600 1215 2918 1287 accipiunt.
2975 1216 3032 1272 Si
3089 1231 3224 1287 ergo
3282 1220 3479 1272 ratum
3537 1220 3625 1272 est
3682 1217 3834 1289 apud

1865 1341 2068 1402 Variae
2115 1340 2436 1401 lectiones.

500 1447 544 1481 ²⁶
576 1447 743 1503 Rhea.
777 1447 1156 1516 abterrendae,
1189 1447 1567 1519 adterrendaa,
1599 1449 1679 1504 al.
1716 1448 2078 1504 abtenendaa.

1880 1537 2397 1600 Commentarius.

426 1666 622 1734 postes
672 1661 1147 1735 obumbramus?
1180 1678 1283 1717 nec
1316 1661 1570 1717 lucernis
1603 1663 1755 1718 diem
1807 1663 2075 1735 infringi-

432 1735 611 1791 mus?
645 1756 672 1783 ι)
707 1735 1009 1789 Rationem
1040 1734 1303 1806 ridendo
1352 1736 1661 1806 subjungit
1695 1751 1707 1791 :
1739 1757 1765 1785 α
1801 1735 2075 1804 Honesta,

428 1806 640 1877 inquit,
687 1823 779 1861 res
835 1812 924 1861 est
970 1804 1341 1861 solemnitate
1390 1804 1626 1878 publica
1680 1807 1944 1879 exigente
1994 1809 2078 1862 in-

428 1880 606 1933 duere
651 1879 851 1933 damui
904 1883 1015 1933 tua:
1050 1879 1336 1950 habitum,
1366 1880 1617 1950 alicujus
1667 1882 1795 1935 novi
1828 1879 2073 1949 lupana-

427 1950 530 2005 ris.
557 1972 591 2022 ῃ
642 1950 709 2004 Et
758 1965 771 2004 :
825 1950 1030 2012 «Quis
1078 1952 1234 2004 enim
1287 1949 1701 2022 philosophum
1755 1953 2080 2007 sacriﬁcare

427 2028 529 2077 aut
555 2021 826 2076 lucernas
850 2021 1091 2075 meridie
1115 2039 1290 2076 vanas
1316 2021 1663 2094 prostituere
1687 2023 2023 2094 compellit?
2050 2045 2076 2072 »

427 2099 618 2165 Atque
648 2095 750 2148 hoc
782 2110 958 2148 sensu
991 2110 1211 2149 canone
1241 2096 1309 2148 37
1357 2111 1517 2150 conc.
1572 2095 1850 2149 Eliberini
1882 2095 2079 2165 prohi-

427 2164 617 2231 betur,
652 2186 679 2213 ‹‹
714 2165 795 2220 Ne
821 2164 1108 2238 lucernas
1158 2166 1390 2238 publice
1439 2168 1759 2223 accendant
1792 2164 2014 2235 ﬁdeles,
2050 2188 2077 2215 »

426 2254 532 2308 per
560 2238 716 2292 diem
749 2236 991 2308 scilicet,
1044 2236 1173 2292 ritu‘
1191 2239 1430 2309 gentili;
1484 2245 1539 2294 et
1569 2256 1697 2294 can.
1748 2240 1817 2292 24
1849 2238 2075 2294 concilii

424 2309 580 2383 Arei.
607 2309 664 2383 _Il
696 2309 1105 2383 communione
1134 2311 1398 2383 privatur
1426 2314 1738 2383 episcopus
1768 2311 1869 2381 qui
1902 2310 2076 2366 etiam

424 2380 690 2435 infideles
722 2381 779 2434 in
805 2383 1095 2453 territorio
1118 2380 1341 2452 patitur
1363 2380 1575 2453 facula:
1604 2380 1928 2439 accendere.
1964 2383 2073 2437 Sed

428 2460 483 2508 et
512 2454 579 2507 34
610 2468 798 2508 canon
831 2452 1163 2508 Eliberinus
1202 2459 1356 2509 vetat
1388 2472 1585 2510 cereos
1640 2455 1697 2509 in
1746 2455 2076 2510 ccemeterio

425 2540 530 2596 per
561 2524 715 2578 diem
760 2525 1013 2589 incendi,
1065 2542 1135 2579 ne
1182 2527 1424 2597 spiritus
1457 2530 1793 2582 sanctorum
1844 2527 2072 2598 inquie-

426 2600 639 2650 tentur.
698 2597 884 2669 Quare
934 2602 1125 2669 autem
1180 2597 1519 2667 hujusmodi
1567 2599 1776 2653 ofﬁciis
1830 2597 2077 2669 spiritus

425 2674 763 2741 sanctorum
789 2667 1098 2741 inquietari
1115 2671 1503 2741 contingeret,
1520 2670 1719 2726 docuit
1739 2667 2075 2725 Lactantius

426 2739 751 2813 asperrima
783 2740 929 2793 ritus
952 2740 1186 2809 gentilis
1219 2739 1617 2813 increpatione
1640 2742 1741 2796 lib.
1767 2759 1841 2807 v1,
1867 2760 1993 2813 cap.
2018 2744 2074 2799 2.

425 2811 1208 2885 Subindetamencerearum
1222 2811 1598 2869 candelarum
1613 2814 1785 2868 etiam
1807 2811 2071 2885 perdiem

426 2899 570 2938 usus
603 2883 661 2937 in
690 2883 945 2938 Ecclesia
966 2885 1161 2953 cmpit;
1189 2901 1292 2939 nec
1311 2886 1499 2940 defuit
1527 2903 1556 2941 e
1586 2883 1977 2941 sanctissimis
1997 2897 2076 2940 at-

425 2971 541 3029 que,
559 2954 923 3029 doctissimis
947 2956 1459 3029 Hieronymus,qui
1484 2958 1660 3012 talem
1688 2958 1934 3025 ritum,si
1958 2974 2072 3013 non

424 3026 679 3098 probari,
709 3025 917 3098 saltem
960 3025 1222 3082 excusari
1255 3046 1319 3083 ac
1369 3025 1603 3085 tolerari
1634 3030 1842 3085 debere
1873 3031 2072 3085 adver-

423 3097 525 3154 sus
572 3097 959 3170 Vigilantium
1012 3101 1387 3155 contenderet
1427 3118 1439 3156 :
1487 3106 1549 3156 ut
1599 3101 1795 3156 mirari
1846 3103 2073 3167 subeat,

424 3171 577 3245 acris
606 3170 837 3245 ingenii
860 3172 1047 3245 virum
1087 3171 1277 3245 calore
1309 3173 1648 3245 disputandi
1700 3189 2071 3238 succensum,

424 3242 963 3316 laudato‘mulieris
993 3243 1201 3297 Christi
1237 3242 1421 3315 pedes
1458 3245 1752 3316 unigentis
1784 3244 2048 3316 exemplo

424 3315 495 3368 de
554 3312 869 3384 Vigilantio
926 3330 1031 3369 suo
1086 3332 1199 3369 non
1238 3290 1464 3371 Iiecisse
1523 3290 1855 3372 lsocarioten.
1917 3290 2147 3373 [deuia

425 3385 817 3457 Hieronymus
875 3403 1096 3441 morem
1153 3388 1541 3442 Ecclesiarum
1594 3389 1775 3443 totius
1825 3389 2078 3444 Orientis

428 3458 611 3540 fuisse
643 3462 910 3540 testatur,
944 3459 1251 3540 Evangelia
1273 3459 1532 3540 legendo.
1555 3459 1871 3540 luminaria
1901 3461 2075 3540 etiam

427 3529 860 3603 solerutilante
889 3529 1126 3603 accendi
1162 3547 1174 3584 :
1214 3552 1247 3603 ‹ς
1273 3529 1397 3585 Non
1450 3532 1652 3602 utique
1685 3533 1754 3587 ad
1788 3531 2078 3603 fugandas

426 3601 722 3666 tenebras,
746 3601 846 3655 sed
873 3601 943 3653 ad
976 3601 1210 3671 signum
1238 3601 1449 3655 laetitiis
1472 3601 2020 3659 demonstrandum.
2051 3626 2071 3652 ιο

428 3671 568 3747 Quae
597 3672 740 3725 ratio
774 3672 949 3747 ritum
981 3671 1237 3726 ostendit
1258 3689 1323 3747 eo
1356 3675 1542 3747 magis
1572 3675 1895 3747 ethnicum,
1920 3676 2075 3747 quod

424 3759 491 3819 ea
523 3743 712 3813 signa,
770 3742 985 3819 quibus
1034 3748 1235 3819 gentes
1269 3745 1327 3798 in
1377 3742 1578 3799 lzetitia
1622 3746 1799 3819 etiam
1849 3742 2077 3819 proter-

421 3815 580 3885 viore
612 3830 677 3868 ac
718 3813 996 3884 nequiore
1041 3813 1383 3885 utebantur,
1420 3813 1865 3873 sacratissimis'
1890 3819 2075 3874 Evan-

422 3884 709 3957 geliorum
752 3885 1101 3942 lectionibus
1148 3890 1749 3945 accommodarentur.
1798 3890 1985 3953 Quare
2016 3890 2074 3944 in

426 3959 552 4032 hac
581 3958 756 4032 etiam
809 3959 1003 4032 specie
1034 3959 1269 4032 diceret
1323 3961 1641 4032 Septimius,
1694 3979 1969 4018 accensas
2016 3962 2074 4017 in

424 4029 682 4104 Ecclesia
716 4046 815 4101 per
846 4030 1012 4104 diem;
1033 4031 1300 4086 lucernas
1324 4029 1631 4104 adinquare
1663 4051 1769 4089 nos
1801 4034 2074 4102 ethnicis,

426 4118 525 4185 eas
556 4101 736 4185 igitur
785 4108 954 4185 atque
1003 4102 1410 4185 hujuscemodi
1446 4101 1836 4185 _alia_meritq
1882 4101 2073 4185 repre-

425 4174 625 4240 hendi,
686 4174 840 4244 quod
900 4176 1055 4245 apud
1118 4175 1272 4230 idola
1322 4176 1688 4231 celebrentur
1732 4194 1745 4231 :
1791 4176 1874 4231 sic
1920 4174 2076 4231 enim

426 4245 574 4318 ipse.
618 4245 1156 4318 AAt_Hieronymus,
1209 4247 1412 4301 eadem
1463 4247 1584 4311 illa,
1618 4248 1756 4318 quia
1803 4253 1943 4304 tunc
1978 4249 2076 4304 ﬁe-

424 4317 570 4372 bant
612 4316 808 4382 idolis,
859 4316 1076 4390 idcirco
1135 4319 1478 4374 detestanda
1535 4316 1772 4390 quidem
1835 4320 2017 4375 fuisse
2061 4336 2075 4375 :

426 4406 583 4443 nunc
610 4388 951 4463 vero,_quia_
998 4390 1135 4458 Deo,
1180 4390 1326 4463 quia
1377 4388 1733 4463 martyribus
1786 4391 1881 4446 Dei
1913 4390 2078 4446 dedi-

422 4466 653 4534 cantur,
686 4459 904 4515 ideirco
937 4459 1251 4534 laudanda.
1292 4464 1489 4533 Itaque
1521 4459 1614 4517 hic
1655 4465 1873 4534 gradus
1906 4464 2074 4518 sisto.

429 4532 572 4599 (Imo
630 4534 882 4587 arduum
943 4534 1133 4605 pergit
1185 4533 1297 4588 iter
1342 4532 1719 4589 nevaturiens
1770 4534 2074 4606 Rigaltius,

428 4619 718 4676 usumque
748 4620 1045 4676 cereorum
1100 4621 1201 4675 per
1249 4606 1403 4659 diem
1437 4622 1812 4661 accensorum
1866 4608 1936 4661 ad
1969 4606 2074 4662 Na-

2108 1917 2157 1982 B

2189 1663 2403 1718 habere
2428 1680 2441 1732 ;
2477 1683 2505 1711 »
2537 1678 2660 1733 quae
2693 1661 2763 1717 ad
2784 1661 3248 1717 Christianorum
3276 1664 3503 1734 Agapas
3528 1660 3836 1734 pertinent,

2189 1742 2244 1790 et
2275 1740 2415 1789 sunt
2464 1736 2679 1789 amoris
2726 1734 3088 1789 vehementis
3138 1735 3374 1803 indicia,
3426 1734 3622 1806 qualia
3663 1741 3841 1805 poeta:

2232 1808 2413 1861 assim
2447 1807 2790 1862 describunt
2823 1822 2834 1860 :
2872 1808 2971 1861 sed
3005 1805 3223 1860 lasciva
3251 1807 3352 1862 illa
3386 1805 3523 1873 fere,
3559 1811 3617 1861 et
3646 1806 3840 1878 turpia

2232 1825 2413 1861 aBSlm
2447 1825 2790 1862 oescriount
2823 1825 2834 1860 :
2872 1825 2971 1861 seu
3005 1825 3223 1860 iasciva
3251 1825 3352 1862 ma
3386 1825 3523 1873 iere,
3559 1825 3617 1861 et
3646 1825 3840 1878 turpia

2188 1825 2450 1933 Fibidinis
2500 1880 2887 1950 impermissaa
2938 1879 3264 1945 desideria;
3316 1879 3437 1933 haec
3468 1895 3599 1933 vero
3642 1883 3843 1932 sancta

2187 1951 2339 2005 inter
2369 1956 2603 2005 sanctos
2636 1955 2854 2005 mutuas
2887 1950 3217 2005 dilectionis
3248 1954 3303 2005 et
3333 1950 3717 2004 fraternitatis
3748 1966 3840 2002 ar-

2188 2029 2492 2095 gumenta,
2527 2022 2742 2094 quibus
2775 2022 3239 2095 Christianisese
3275 2024 3345 2095 07b
3377 2022 3593 2095 Christi
3626 2037 3836 2075 nomen

2189 2093 2425 2149 summa
2473 2093 2719 2149 invicem
2773 2094 2885 2148 ﬁde
2932 2094 3263 2163 unanimes,
3295 2093 3607 2149 Dominum
3661 2109 3833 2147 suum

2187 2171 2538 2236 Patremque
2571 2183 2752 2220 unum
2809 2182 2943 2220 cum
2978 2165 3194 2236 Spiritu
3248 2166 3618 2221 sanctissimo
3652 2165 3836 2219 Deum

2186 2244 2309 2294 toto
2340 2238 2559 2301 animo,
2594 2243 2960 2310 totaimente,
2995 2253 3272 2309 quaerere,
3316 2243 3540 2310 optare,
3574 2237 3840 2308 deperice

2188 2311 2688 2366 contestabantur.
2724 2309 2849 2364 Pus.

2258 2382 2369 2453 (56)
2399 2386 2532 2436 Haec
2557 2383 2609 2436 si
2640 2381 2756 2435 illi:
2786 2396 2999 2453 quoque
3028 2381 3248 2436 evenire
3272 2386 3521 2453 possunt,
3553 2382 3659 2453 etc.
3697 2379 3838 2433 Ter-

2187 2451 2435 2508 tulliano
2468 2451 2939 2508 Christianarum
2957 2467 3089 2506 eum
3124 2452 3447 2523 gentilibus
3470 2451 3837 2523 neptiastam

2186 2526 2393 2580 acerbe
2424 2526 2729 2580 damnanti
2763 2525 3245 2594 enumerantique
3286 2523 3570 2595 pericula,
3600 2522 3840 2592 objicie-

2188 2597 2377 2665 batur,
2413 2599 2471 2652 in
2541 2597 2812 2652 entilium
2845 2597 3015 2666 conju
3066 2593 3220 2663 io,’si
3254 2593 3488 2667 quando
3522 2593 3672 2649 alter
3701 2610 3835 2647 con-

2188 2669 2391 2723 iugum
2454 2613 2537 2723 ag
2583 2668 2973 2723 Christianam
3024 2610 3200 2722 ﬁdem
3252 2673 3577 2723 vocaretur.
3636 2666 3835 2720 eadem

2178 2669 2391 2741 jugum
2454 2666 2527 2724 ad
2583 2668 2973 2741 Christianam
3026 2666 3200 2722 ﬁdem
3252 2673 3577 2732 vocaretur,
3636 2666 3838 2741 eadem

2187 2738 2425 2822 omnino
2455 2756 2583 2797 esse
2613 2739 2930 2822 metuenda
2958 2755 2975 2822 ξ
3010 2744 3682 2822 nec.prop_ter_ea_ta.men
3715 2738 3840 2822 dis:

2186 2812 2353 2881 solvi,
2387 2814 2503 2868 imo
2532 2829 2602 2867 ne
2652 2811 3051 2867 dissolvantur
3098 2808 3502 2866 disertissimis
3542 2808 3838 2881 interdicti

2187 2880 2489 2956 apostolici
2519 2884 2715 2939 verbis
2736 2882 2948 2939 caveri.
2975 2881 3195 2939 Idcirco
3224 2883 3460 2953 adjicit:
3481 2904 3508 2931 ‹‹
3544 2881 3675 2956 Haec
3707 2880 3840 2956 illes

2187 2952 2693 3029 quoque‘evenire
2750 2958 3021 3027 possunt,
3070 2957 3169 3024 qui
3229 2962 3286 3009 et
3342 2956 3400 3009 in
3460 2952 3839 3008 matrimonio

2184 3027 2390 3099 gentili
2422 3027 2597 3083 ﬁdem
2622 3028 2815 3099 adepti
2842 3030 3151 3083 morantur
3183 3042 3195 3081 :
3231 3032 3428 3099 tamen
3460 3028 3839 3087 excusantur,

2186 3098 2321 3155 utin
2343 3100 2487 3171 ipsis
2510 3098 2857 3171 deprehensi
2878 3118 2910 3154 a
2931 3104 3068 3171 Deo,
3088 3102 3146 3152 et
3165 3098 3451 3167 jubentur
3471 3112 3841 3171 perseverare

2184 3181 2238 3227 et
2269 3167 2728 3239 sanctiﬁcat—itur,
2760 3176 2816 3226 et
2861 3187 3022 3242 spem
3057 3168 3398 3225 lucrationis
3430 3167 3751 3240 accipiunt.
3780 3167 3843 3242 _S_i

2186 3260 2322 3314 ergo
2339 3250 2528 3298 ratum
2543 3249 2631 3297 est
2644 3244 2798 3315 apud
2813 3239 2993 3319 Deum
3013 3242 3456 3319 matrimonium
3472 3239 3841 3319 hujusmodi;

2186 3310 2289 3370 cur
2321 3333 2435 3369 non
2469 3320 2525 3387 et
2557 3310 2830 3387 pros-pere
2848 3314 3032 3387 cedat,
3056 3319 3120 3367 ut
3150 3315 3529 3387 pressuriset
3552 3310 3843 3387 angustiis

2188 3392 2244 3442 et
2276 3385 2714 3458 impedimentis
2747 3405 2858 3442 non
2893 3387 2976 3439 ita
3003 3385 3346 3455 lacessatur,
3369 3385 3591 3439 habens
3614 3385 3743 3508 1iam
3776 3398 3843 3435 ex

2188 3457 2782 3508 nartedivinmcratim
2807 3456 3385 3508 natrocinium?Nam
3402 3461 3459 3508 et
3481 3456 3555 3508 ad
3578 3472 3611 3508 a
3638 3455 3838 3508 inuam

2188 3463 2349 3531 parte
2362 3455 2782 3529 divinaagratiaa
2807 3456 3385 3531 patrociniu_m?Nam
3402 3461 3459 3512 et
3481 3456 3555 3531 ad
3578 3455 3838 3531 aliquam

2186 3526 2463 3586 virtutem
2488 3526 2781 3586 cml‘estem
2808 3526 3181 3585 documentis
3204 3528 3564 3600 dignationis
3586 3526 3841 3600 alicujus

2186 3607 2424 3677 vocatus
2472 3601 2570 3656 ille
2599 3603 2688 3677 _de
2739 3602 3014 3677 gentibus
3061 3598 3408 3677 terroriiest
3454 3598 3685 3677 gentili,
3728 3612 3840 3677 quo

2188 3675 2383 3729 minus
2415 3670 2769 3745 speculetur:
2817 3672 3011 3729 Sensit
3053 3670 3387 3745 magnalia:
3420 3670 3843 3745 vidit_experi-

2187 3751 2385 3801 menta
2418 3740 2578 3800 z'scit
2609 3745 2910 3800 meliorem
2946 3740 3183 3798 factam:
3216 3744 3310 3799 Sic
3336 3748 3391 3798 et
3422 3744 3547 3813 ipse
3577 3740 3680 3795 Dei
3712 3756 3845 3813 can-

2186 3817 2421 3873 didatus
2453 3823 2541 3872 est
2558 3816 2787 3872 timore.
2808 3819 2895 3872 Ita
2927 3815 3156 3870 facilius
3178 3812 3519 3884 hujusmodi
3542 3812 3846 3868 lucriﬁnnt

2185 3890 2243 3944 in
2278 3906 2423 3960 quos
2455 3888 2554 3943 Dei
2604 3889 2796 3960 gratia
2843 3887 3331 3960 consuetudinem
3386 3886 3537 3960 fecit.
3569 3908 3596 3960 _n
3636 3885 3842 3960 Totam

2186 3956 2336 4016 hanc
2386 3956 2689 4032 periodum
2740 3977 2807 4015 ex
2858 3959 3149 4032 Agobardi
3194 3959 3352 4032 libro_
3392 3956 3841 4032 descripsimus,

2185 4034 2325 4104 quia
2355 4026 2595 4087 sensum
2629 4026 3172 4104 Auctoris'eahibet
3199 4028 3676 4104 luculentiorem.
3710 4026 3842 4081 Dis-

2187 4102 2331 4159 serit
2376 4106 2445 4159 de
2493 4104 2768 4176 conjugio
2814 4102 3038 4175 gentili,
3094 4118 3159 4176 ac
3206 4102 3611 4172 designatione
3670 4114 3844 4176 sexus

2228 4170 2618 4230 raestantioris
2633 4170 2974 4231 communes
2998 4174 3228 4243 utrique
3248 4170 3498 4229 rationes
3521 4170 3842 4243 examinat.

2233 4248 2465 4313 lurima,
2501 4248 2712 4318 inquit,
2747 4246 3114 4318 ostendimus
3138 4240 3846 4318 Christianis,gentilium

2187 4319 2480 4374 connubia
2511 4313 2933 4389 quaerentibus,
2954 4317 3351 4382 incommoda,
3374 4313 3657 4389 pericula,
3683 4314 3846 4389 dam~

2189 4408 2284 4453 na,
2314 4408 2439 4462 quae
2460 4386 2581 4446 illis
2607 4391 2783 4446 etiam
2804 4386 3033 4462 evenire
3050 4395 3297 4462 possunt
3322 4386 3422 4460 qui
3449 4388 3507 4442 in
3535 4386 3847 4441 matrimo-

2189 4463 2287 4517 nio
2320 4461 2547 4533 gentili,
2595 4463 2767 4517 ﬁdem
2818 4461 3012 4533 adepti
3055 4461 3473 4533 Christianam,
3508 4462 3851 4533 morantur,

2186 4528 2383 4617 tamen
2417 4541 2773 4617 excusantur
2799 4528 3019 4617 istifut.
3039 4533 3260 4617 in_ipsis
3288 4530 3545 4617 conjugii
3569 4528 3853 4599 periculis

2189 4623 2222 4660 a
2253 4605 2656 4685 divinagratia
2672 4604 3040 4677 deprehensi,
3060 4604 3423 4685 et_jubentur
3444 4617 3854 4685 perseverare,

424 4679 568 4729 tura;
624 4665 907 4738 tribunal,
964 4665 1344 4747 Rationisque
1416 4677 1763 4732 scrutinium
1822 4678 2008 4732 defert
2063 4665 2155 4744 ;D
2190 4683 2245 4732 et
2274 4665 2844 4741 sanctiﬁcanturfet
2895 4665 3058 4748 spem
3115 4665 3852 4748 lucrationisaccipinnt.

429 4762 601 4818 quem
636 4754 691 4801 et
722 4764 827 4802 nos
859 4748 1176 4803 deferimus
1210 4749 1278 4803 ad
1320 4749 1778 4803 vetustissimam
1813 4752 2070 4817 gentium

428 4817 688 4872 omnium
724 4819 877 4873 hand
904 4836 1072 4875 secus
1092 4837 1157 4874 ac
1184 4820 1363 4874 totius
1389 4820 2071 4886 Ecclesiaztraditionem,

428 4894 491 4963 ut
520 4889 715 4963 videre
746 4896 833 4963 est
861 4892 919 4944 in
962 4891 1214 4963 vulgatis
1262 4909 1329 4947 ea
1359 4893 1428 4947 de
1472 4910 1531 4947 re
1562 4893 2073 4948 commentationi-

428 4962 540 5035 bus
573 4965 639 5016 P.
680 4961 929 5016 Lebrun.
964 4961 1236 5035 Explicat.
1260 4964 1352 5018 des
1378 4963 1586 5034 priéres
1608 4973 1661 5019 et
1690 4965 1782 5019 des
1803 4968 2071 5020 cérémon.

426 5033 490 5087 de
521 5033 576 5086 la
606 5038 799 5106 Messe,
848 5037 1013 5091 traité
1043 5033 1341 5106 'prélimt’n.
1376 5042 1486 5089 art.
1517 5036 1587 5101 V,
1635 5037 1717 5090 Ct.
1772 5039 2070 5091 Fortunat.

427 5104 687 5245 Ecacqhi.
731 5105 944 5161 Sacror.
994 5104 1507 5165 Elaeoehrismatum
1553 5107 1889 5180 myrothecia
1937 5110 2071 5162 tria.

476 5192 569 5231 no.

476 5192 569 5231 DD.

498 5249 611 5314 (55)
643 5248 807 5318 Cujus
836 5265 1064 5303 manum
1092 5249 1440 5305 desiderabit.
1474 5249 1768 5305 Editiones
1794 5248 2033 5316 vulgatae
2060 5265 2072 5303 :

431 5339 455 5370 α
491 5319 571 5374 De
602 5321 773 5389 cujus
800 5336 974 5373 manu
1010 5320 1382 5376 desiderabit.
1423 5344 1443 5371 ιι
1482 5322 1611 5377 Mox
1641 5340 1654 5376 :
1692 5322 1788 5376 ubi
1825 5322 2077 5376 fementa

428 5390 561 5446 ﬁdei
594 5392 1028 5461 Scripturarum
1065 5391 1486 5460 interjectione.
1523 5415 1551 5443 ››
1582 5396 1684 5449 Est
1712 5393 1771 5448 in
1802 5392 2075 5459 vulgatis,

427 5465 500 5517 de
526 5463 938 5534 Scripturarum
962 5464 1342 5519 intellectione.
1376 5464 1576 5519 Utrum
1608 5465 2075 5534 libueritsequa-

427 5549 582 5598 mur,
617 5552 729 5589 non
763 5535 953 5589 referi.
988 5538 1221 5590 Manum
1268 5536 1617 5604 desiderare,
1652 5539 1759 5597 vel.
1793 5539 1863 5592 de
1896 5554 2073 5592 manu

425 5605 778 5678 desiderare,
812 5606 965 5662 idem
1000 5612 1106 5661 est.
1152 5608 1242 5662 Sic
1275 5625 1474 5678 supra,
1522 5624 1652 5663 cum
1687 5610 1878 5665 ofﬁcia
1907 5609 2073 5664 Chri-

426 5677 600 5753 etiam
626 5684 908 5753 recenset,
927 5683 1192 5753 «_Aquam
1216 5677 1551 5753 sanctorum
1576 5681 1825 5753 pedibus
1846 5682 2073 5747 offerre,

426 5747 499 5803 de
529 5748 678 5821 cibo,
711 5751 781 5808 de
810 5747 1017 5823 poculo
1043 5747 1360 5826 invadere,
1402 5747 1757 5827 desiderare,
1788 5754 1848 5811 in
1880 5758 2075 5812 mente

2183 4750 2414 4821 Deinde
2460 4765 2821 4821 progressus,
2852 4744 3598 4821 ost—endithmatrimonium
3632 4744 3852 4821 hujus-

2185 4821 2342 4875 modi
2375 4816 2594 4876 habere
2628 4824 2752 4891 jam
2784 4837 2854 4876 ex
2899 4824 3062 4891 parte
3094 4819 3301 4875 divinae
3352 4818 3551 4889 graliae
3584 4816 3853 4891 patroci-

2183 4892 2382 4961 nium;
2415 4893 2533 4948 imo
2564 4887 2928 4948 vocationem
2959 4890 3121 4945 illam
3162 4893 3233 4947 de
3262 4887 3535 4962 gentibus
3566 4888 3640 4943 ad
3658 4887 3852 4962 Chri-

2186 4959 2439 5019 etianam
2471 4963 2862 5035 disciplinam,
2910 4963 3192 5019 indicium
3239 4959 3604 5035 essedivinze
3641 4959 3855 5035 digna-

2185 5036 2377 5107 tionis
2416 5042 2473 5091 et
2530 5034 2809 5091 terrorem
2864 5035 3122 5090 incutere
3178 5034 3403 5107 gentili,
3464 5050 3579 5107 quo
3640 5034 3855 5086 minus

2186 5106 2542 5179 speculetur,
2594 5108 2801 5179 minus,
2849 5104 3208 5171 insidieturf
3232 5106 3442 5179 minus
3478 5104 3851 5179 obstrepat,

2186 5175 2286 5250 qui
2344 5175 2550 5234 subitae
2604 5178 2945 5235 mutationis
3002 5178 3285 5234 miracula
3334 5175 3643 5250 percipiat,
3695 5190 3845 5229 uxo-

2186 5247 2305 5306 rem
2341 5252 2488 5305 sciat
2519 5250 2817 5307 meliorem
2876 5254 3111 5317 factam,
3143 5267 3211 5305 ex
3241 5247 3357 5321 quo
3388 5247 3795 5321 Christianam
3838 5263 3852 5298 ε

2187 5323 2271 5378 sic
2304 5327 2360 5376 et
2390 5324 2583 5395 ipsum
2616 5340 2697 5395 eo
2731 5324 2941 5378 timore
2972 5339 3055 5395 iac
3096 5318 3423 5395 reverentia
3454 5318 3849 5395 candidatum

2186 5410 2315 5449 esse
2343 5389 2581 5464 Christi.
2614 5393 2837 5450 Alludit
2866 5395 2936 5449 ad
2968 5394 3307 5450 Davidicum
3334 5392 3510 5448 illud:
3538 5389 3723 5464 Ἀρχή
3761 5407 3853 5441 σο-

2186 5464 2307 5541 φίας
2340 5460 2507 5541 φόϐρς
2537 5465 2922 5541 KuplomTum
2947 5465 3516 5541 subjicitdiscrimen
3550 5460 3853 5541 ejus:un

2179 5534 2299 5613 j'am
2333 5534 2665 5613 Christiana
2708 5538 2909 5613 gentili
2964 5534 3155 5613 nubit.
3203 5543 3507 5613 Caeterum,
3538 5534 3849 5613 aliud_est,

2184 5606 2394 5681 inquit,
2446 5609 2598 5669 ultro
2648 5606 2959 5684 et'sponte
3006 5610 3065 5684 in
3119 5610 3412 5684 prohibita
3459 5606 3848 5684 descendere.

2182 5679 2318 5813 gues
2350 5688 2532 5741 Deum
2575 5679 2898 5754 offendunt,
2952 5679 3154 5756 utique
3198 5700 3232 5741 a
3280 5681 3429 5740 Malo
3478 5679 3847 5737 inferuntur.

2233 5772 2309 5813 ια.

2233 5772 2309 5813 Ιῦο
