4148 6194
321 305 480 365 1413

1578 296 1814 358 LIBER
1857 298 1910 357 11
1955 298 2060 357 ΑΙ)
2102 297 2469 359 UXOREM.

3571 302 3731 361 MM

324 444 501 494 Deum
537 433 982 491 matrimonium
1014 430 1381 502 hujusmodi,
1405 447 1510 485 cur
1540 447 1654 485 non
1690 445 1967 502 prospere
2000 432 2055 497 Α
2083 430 2447 485 tenacissimi
2480 429 2661 487 servis
2692 430 2815 487 suis
2859 430 3012 487 foras
3060 432 3279 487 nubere
3330 432 3736 490 interdicunt?

325 531 593 593 cedat,ut
621 532 676 583 et
706 544 739 582 a
770 526 1061 598 pressaris
1087 530 1144 580 et
1175 523 1468 596 augustiis
1498 526 1555 577 et
1586 523 1975 594 impedimen-

324 620 401 675 tis
433 623 490 673 et
520 615 982 688 inquinamentis
1018 631 1129 669 non
1155 612 1235 668 ita
1259 612 1730 682 lacessaturjam
1759 611 1978 665 habens

326 727 396 765 ex
424 712 588 780 parte
620 706 829 761 divinas
878 703 1074 775 gratia:
1125 700 1561 773 patrocinium?
1604 701 1750 755 Nam
1799 705 1856 755 et
1907 700 1976 753 ad

328 799 585 868 aliquam
616 794 894 849 virtutem
918 791 1210 848 cmlestem
1236 789 1601 845 documentis
1624 788 1981 861 dignationis

330 886 583 956 alicujus
611 887 817 939 vocata
846 881 948 936 illa
977 882 1048 935 de
1075 880 1350 953 gentibus
1385 880 1429 914 ³⁷
1461 878 1668 933 terrori
1701 882 1789 933 est
1837 893 1981 949 gen-

329 976 440 1042 tili,
476 991 591 1047 quo
625 973 824 1027 minus
854 971 967 1025 sibi
1000 971 1319 1041 obstrepat,
1356 968 1554 1023 minus
1585 966 1752 1036 sciat,
1786 966 1982 1020 minus

331 1064 684 1139 speculetur.
722 1060 917 1116 Sensit
948 1058 1265 1131 magnalia,
1310 1058 1513 1113 1300
1566 1056 1709 1111 vidit
1760 1054 1984 1127 experi-

332 1159 551 1218 menta,
581 1153 692 1208 scit
723 1150 1023 1205 meliorem
1059 1151 1305 1214 factam;
1340 1147 1423 1202 sic
1455 1150 1513 1201 et
1543 1147 1667 1218 ipse
1699 1144 1797 1199 Dei
1849 1161 1984 1199 can-

334 1244 571 1299 didatus
603 1245 693 1297 est
724 1241 951 1295 timore.
1000 1238 1085 1291 Ita
1136 1235 1367 1291 facilius
1417 1234 1760 1305 bujusmodi
1808 1232 1985 1289 lucri-

333 1334 505 1399 ﬁunt,
555 1330 616 1385 in
674 1344 821 1400 quos
879 1326 977 1381 Dei
1033 1324 1221 1396 gratia
1281 1324 1769 1380 consuetudinem
1831 1321 1984 1377 fecit.

332 1423 615 1477 Caeterum
674 1415 831 1471 aliud
883 1419 971 1470 est
1018 1412 1170 1468 ultro
1224 1418 1280 1469 et
1328 1417 1535 1485 sponte
1586 1412 1645 1466 in
1693 1409 1989 1483 prohibita

334 1508 707 1567 descendere.
762 1505 895 1568 Quae
959 1503 1206 1559 Domino
1278 1518 1393 1558 non
1463 1500 1717 1574 placent,
1780 1500 1987 1571 utique

339 1598 649 1656 Dominum
697 1593 1022 1662 offendunt,
1078 1592 1282 1663 utique
1335 1590 1488 1647 malo
1541 1590 1872 1645 inferuntur
1919 1588 1984 1644 ³⁸.

338 1689 459 1744 Hoc
513 1685 667 1757 signi
729 1683 841 1738 erit
898 1682 963 1749 ’9,
1016 1681 1168 1750 quod
1230 1680 1370 1737 solis
1437 1679 1735 1752 pejoribus
1802 1677 1989 1750 placet

338 1792 553 1833 nomen
612 1772 1008 1828 Christianum
1064 1771 1199 1842 (57).
1254 1770 1383 1825 Ideo
1434 1768 1832 1836 inveniuntur,
1887 1766 1987 1838 qui

336 1866 485 1921 tales
506 1880 622 1919 non
649 1862 1093 1931 exhorreant,ut
1111 1859 1593 1925 exterminent,ut
1614 1856 1905 1927 abripiant
1924 1856 1988 1923 ³ο,

338 1960 407 2011 ut
437 1972 471 2009 a
502 1954 615 2008 fide
645 1950 974 2007 excludant.
1021 1949 1205 2003 Habes
1236 1950 1683 2017 caussam,'qua
1731 1962 1846 2001 non
1893 1946 1995 1999 du-

342 2044 513 2113 bites,
550 2040 779 2097 nullum
832 2036 1170 2108 hujusmodi
1218 2037 1665 2091 matrimonium
1720 2050 1995 2106 prospere

346 2132 608 2199 decurri;
644 2131 832 2202 [dum]
863 2145 897 2183 a
928 2126 1082 2182 malo
1113 2125 1480 2192 conciliatur,
1515 2142 1549 2179 a
1582 2125 1822 2180 Domino
1861 2140 1994 2178 vero

350 2223 681 2278 damnatur.

973 2330 1201 2403 CAPUT
1234 2346 1375 2403 vm.

423 2489 508 2543 Ad
538 2487 647 2542 hoc
681 2498 1033 2557 quaeramus,
1071 2498 1142 2536 an
1169 2481 1318 2551 jure,
1350 2479 1519 2551 quasi
1551 2496 1747 2535 revera
1776 2480 2003 2552 dispec-

353 2583 507 2634 tores
538 2575 870 2630 divinarum
902 2571 1351 2627 sententiarum.
1379 2568 1579 2625 Nonne
1610 2569 1787 2624 etiam
1822 2586 1999 2641 penes

347 2667 614 2723 nationes
646 2660 1001 2719 severissimi
1034 2660 1252 2731 quique
1291 2659 1514 2714 domini
1564 2662 1620 2713 et
1668 2658 1993 2731 disciplina;

2087 520 2309 575 scilicet
2339 538 2410 575 ne
2440 522 2498 575 in
2527 520 2823 576 lasciviam
2852 522 3135 576 excedant
3166 523 3299 593 (58),
3329 523 3521 579 officia
3571 525 3735 580 dese-

2089 614 2241 678 rant,
2274 610 2568 664 domiuica
2597 610 2886 665 extraneis
2920 616 3211 682 proment.
3245 611 3447 668 Nonne
3493 613 3736 685 insuper

2090 713 2447 754 censuerunt
2480 700 2743 753 servituti
2774 700 3176 765 vindicandos,
3211 701 3312 772 qui
3343 718 3474 757 cum
3525 703 3732 759 alienis

2091 787 2274 843 servis
2302 788 2413 857 (59)
2454 789 2655 843 1301
2716 794 2847 860 post
2894 789 3287 857 dominorum,
3340 791 3737 848 denuntiatio-

2092 892 2225 931 nem
2275 875 2334 931 in
2386 877 2807 932 consuetudine
2866 882 3353 949 perseverarunt?
3414 880 3742 938 Severiores

2092 964 2467 1020 habebuntur
2496 971 2735 1021 terrenas
2768 965 3089 1037 disciplinae
3122 967 3458 1023 coalestibus
3482 972 3741 1041 praescri-

2094 1053 2250 1125 ptis?
2282 1060 2346 1109 ut
2377 1054 2625 1127 gentiles
2672 1055 2909 1125 quidem
2960 1056 3251 1111 extraneis
3289 1058 3509 1127 junctae
3562 1060 3741 1115 liber-

2094 1147 2277 1198 tatem
2329 1160 2497 1198 suam
2547 1144 2840 1211 amittant,
2895 1150 3103 1200 nostra:
3133 1162 3267 1200 vero
3300 1147 3516 1203 diaboli
3551 1166 3739 1205 servos

2096 1231 2208 1287 sibi
2242 1230 2603 1304 coniungant
2633 1238 2691 1288 et
2718 1233 2779 1287 in
2812 1238 2971 1289 statu
3002 1251 3107 1289 suo
3145 1238 3565 1307 perseverent?
3614 1238 3741 1293 Sci-

2095 1320 2227 1376 licet
2258 1322 2559 1394 negabunt
2589 1322 2701 1377 sibi
2731 1340 2764 1377 a
2794 1322 3042 1377 Domino
3070 1339 3172 1394 per
3202 1326 3534 1396 apostolum
3568 1328 3745 1397 .ejus-

2097 1412 2228 1465 dem
2265 1411 2695 1465 denuntiatum.
2732 1412 2915 1475 Quam
2948 1410 3125 1481 hujus
3153 1413 3421 1469 amentiae
3470 1432 3739 1472 caussam

2098 1500 2389 1555 detineam
2441 1500 2592 1570 (60),
2641 1498 2754 1554 nisi
2807 1498 2941 1554 fidei
2990 1499 3447 1556 imbecillitatem
3500 1520 3744 1574 pronam

2098 1606 2329 1659 semper
2350 1588 2407 1642 in
2431 1588 2964 1657 concupiscentiam
2985 1588 3350 1644 saecularium
3370 1592 3749 1661 gaudiorum?

2100 1680 2261 1745 Quod
2297 1680 2531 1751 quidem
2566 1678 2885 1751 plurimum
2920 1679 2977 1734 in
3024 1679 3373 1737 lautioribus
3426 1684 3748 1755 deprehen-

2102 1785 2233 1823 sum
2266 1773 2353 1824 est
2420 1785 2555 1822 nam
2588 1774 2806 1839 quanto
2837 1769 2999 1823 dives
3032 1768 3227 1840 aliqua
3257 1776 3347 1824 est
3376 1777 3653 1827 matronae
3702 1775 3743 1808 ³²

2103 1860 2339 1915 nomine
2374 1859 2597 1925 inﬂata,
2622 1863 2781 1913 tanto
2805 1859 3167 1930 capaciorem
3201 1860 3439 1916 domum
3475 1864 3752 1921 oneribus

2102 1948 2226 2005 suis
2262 1947 2524 2020 requirit,
2553 1951 2616 2001 ut
2645 1963 2918 2018 campum
2950 1949 3007 2002 in
3042 1965 3156 2019 quo
3188 1950 3431 2005 ambitio
3459 1952 3752 2010 decurrat.

2105 2037 2355 2093 Sordent
2402 2036 2625 2092 talibus
2674 2036 2964 2091 Ecclesiae.
3025 2037 3265 2093 Difficile
3316 2039 3375 2093 in
3426 2041 3597 2097 domo
3651 2043 3748 2099 Dei

2105 2128 2287 2195 dives,
2338 2141 2403 2180 ac
2451 2126 2501 2180 si
2550 2125 2682 2197 quis
2736 2128 2844 2191 est,
2895 2125 3130 2181 difﬁcile
3174 2127 3402 2183 caelebs.
3436 2129 3582 2193 Quid
3615 2147 3752 2204 ergo

2107 2216 2361 2272 faciant?
2394 2217 2557 2270 Unde
2586 2214 2699 2269 nisi
2732 2232 2764 2268 a
2791 2214 3023 2270 diabolo
3056 2216 3332 2271 maritum
3384 2224 3583 2288 petant
3630 2220 3753 2277 ido-

2108 2321 2285 2361 neum
2318 2304 2658 2360 exhibendae
2709 2303 2864 2359 sella:
2915 2308 2973 2359 et
3021 2304 3294 2360 mulabus
3348 2311 3404 2361 et
3451 2307 3753 2367 cinerariis

2108 2394 2425 2466 peregrinae
2456 2391 3226 2464 proceritatismhristianus
3255 2393 3367 2449 ista
3397 2396 3572 2451 etiam
3595 2399 3755 2456 dives

2110 2482 2357 2536 fortasse
2388 2496 2501 2535 non
2538 2484 2785 2552 praestet.
2812 2482 3015 2545 Quaeso
3049 2485 3125 2547 te,
3149 2481 3457 2552 gentilium
3490 2488 3755 2559 exempla

2112 2587 2401 2643 proponas
2436 2568 2867 2640 tibi.Pleraeque
2898 2574 2954 2625 et
2982 2587 3191 2643 genere
3215 2571 3439 2629 nobiles
3460 2580 3515 2630 et
3537 2592 3595 2630 re
3624 2577 3758 2632 bea-

2112 2665 2183 2714 tae
2204 2658 2420 2731 passim
2448 2658 2805 2731 ignobilibus
2826 2660 2870 2693 ³³
2889 2660 3004 2731 (61)
3026 2666 3085 2717 et
3111 2661 3503 2720 mediocribus
3524 2666 3602 2720 ibi
3625 2683 3756 2723 con-

1766 2792 1968 2853 Variae
1998 2793 2320 2855 lectiones.

414 2925 458 2959 ³⁷
490 2922 572 2977 Ita
594 2920 655 2976 Ιι.
690 2921 727 2975 ι.
760 2918 976 2974 emend.
1007 2918 1069 2973 Α.
1103 2916 1376 2975 Neander.
1406 2919 1621 2987 Optime
1652 2918 1810 2990 (Rig.,
1861 2934 2021 2990 quem
2067 2920 2124 2990 in
2177 2919 2393 2974 caeteris
2432 2919 2607 2973 secuti
2651 2934 2869 2980 sumus;
2926 2922 3165 2976 vocatus
3216 2920 3312 2976 ille
3357 2922 3428 2977 de

1223 3030 1235 3043 .
1273 2990 1427 3044 malo
1460 3006 1521 3045 se
1573 2989 1881 3045 inferunt.’
1930 2990 1976 3025 ²⁰
2022 2989 2195 3046 Rhen.
2249 2992 2458 3061 aliique

341 3061 826 3142 petitoribus'pl.,
854 3067 966 3118 etc.
1043 3063 1086 3142 ῗο
1118 3062 1290 3119 Rhen.
1328 3067 1392 3115 ut
1422 3067 1649 3142 eli-serta
1680 3062 1941 3142 eminent
1969 3061 2164 3142 (ed._l,
2194 3062 2764 3142 gxserteﬂaniment),
2796 3061 2859 3142 ut
2888 3063 3192 3133 arripiant.

340 2994 549 3052 terrori
581 2999 671 3049 est
700 2992 926 3065 gentili.
1004 2991 1214 3065 “__Leo_p

3475 2923 3753 2993 gentibus

3409 2997 3559 3064 quod
3610 2997 3757 3053 sons

3295 3065 3338 3101 31
3372 3065 3542 3122 Semt.
3576 3082 3645 3123 ex
3671 3069 3755 3124 ed.

2504 3007 2522 3044 :
2572 2994 2689 3045 Hoc
2739 2990 2891 3062 signi
2932 2992 3043 3046 erit
3091 2997 3153 3046 ut
3200 2993 3364 3060 solis,

338 3132 428 3214 pr.
463 3132 1405 3214 aliquaestcoinmatronanom,
1434 3135 1602 3214 Rhea.
1654 3132 1984 3214 auctoritate
2017 3133 2133 3214 cod:
2186 3132 2341 3187 Gorz.
2390 3132 2729 3214 aligqua_est
2772 3132 3142 3214 et__matrona
3188 3154 3346 3192 nom.
3397 3137 3547 3204 infl.,
3598 3145 3757 3195 tanto

345 3205 620 3284 capacem
654 3210 713 3264 d.
788 3208 835 3242 θ’
861 3208 946 3263 At.
982 3206 1257 3278 pessimis
1289 3206 1360 3261 de
1392 3206 1590 3277 ignob.
1625 3236 1691 3247 —-
1722 3205 1991 3277 expetitis
2025 3221 2038 3260 :
2073 3206 2147 3259 al.
2182 3206 2553 3276 exspectatis,
2584 3208 2707 3274 Rig.
2743 3208 2939 3262 sectis.

1795 3330 2318 3391 Commentarius.

418 3462 531 3534 (57)
591 3463 697 3516 Hoc
748 3460 896 3530 signi
951 3458 1077 3534 erit,
1123 3456 1263 3534 quod
1308 3457 1440 3534 solis
1488 3457 1764 3534 pejoribus
1816 3457 1997 3528 placet
2029 3459 2071 3525 ρ
2112 3456 2308 3534 Prima
2334 3456 2622 3534 sententia
2649 3456 2991 3534 Tertulliani
3027 3458 3216 3534 locum
3250 3460 3395 3515 satis
3444 3461 3755 3517 illustrat:

342 3529 542 3591 noinen
576 3529 973 3588 Christianum.
1007 3530 1100 3583 Sic
1132 3530 1385 3584 arbitror
1414 3529 1750 3599 legendum,
1785 3546 1899 3584 non
1934 3534 1999 3584 ut

344 3606 537 3671 vulgo,
590 3605 730 3660 Solis
785 3602 1125 3672 petitoribus.
1175 3602 1237 3655 In
1300 3602 1660 3656 membranis
1719 3601 1996 3657 invenio:

344 3677 492 3734 Solis
517 3684 569 3731 et
600 3676 870 3732 ilioribus.
906 3674 1069 3737 Quod
1104 3674 1451 3727 mendosum
1482 3678 1589 3727 est.
1626 3674 1804 3727 Erant
1850 3673 2003 3727 inter

344 3750 610 3806 ethnicos
640 3745 908 3802 nonnulli
942 3745 1214 3799 meliores
1246 3743 1395 3800 aliis.
1429 3743 1523 3799 Sic
1554 3744 1610 3798 in
1647 3743 1953 3813 Scorpiace
1986 3762 1999 3800 :

346 3845 373 3872 ‹‹
416 3823 483 3878 Ut
512 3826 680 3892 putes
712 3820 970 3892 fratrem,
1005 3816 1209 3892 aut_de
1241 3815 1583 3892 melioribus
1616 3816 1938 3892 ethnioum.
1959 3838 2001 3892 Δ››

347 3892 421 3949 Ut
453 3887 647 3947 autem
684 3890 954 3945 meliores
988 3888 1253 3959 quidam,
1288 3887 1371 3942 sic
1403 3888 1577 3942 etiam
1612 3890 1841 3959 pejores
1874 3888 2001 3959 qui-

349 3965 521 4035 dam.
542 3963 629 4017 Ait
651 3962 835 4035 igitur
863 3960 1287 4035 Tertullianus,
1321 3961 1453 4035 Quaf
1483 3960 1666 4014 Deum
1692 3960 2006 4035 Aoﬁ‘endunt

351 4055 384 4091 a
417 4034 567 4090 Malo
597 4031 833 4098 inferri;
865 4032 1040 4101 idque
1070 4048 1137 4085 ex
1170 4048 1235 4086 eo
1269 4032 1647 4085 manifestum
1682 4032 1827 4095 ﬁeri,
1849 4031 2005 4103 quod

350 4106 738 4177 exgentilibus
759 4103 1488 4177 Christianarumnuptias
1511 4104 1773 4177 ambiant
1796 4104 1832 4157 ii
1862 4120 2004 4177 prai-

352 4174 555 4235 sertim
589 4179 689 4249 qui
722 4178 851 4249 vitae
892 4180 1031 4230 sunt
1063 4174 1277 4249 pejoris
1330 4179 1385 4249 et
1433 4176 1737 4249 turpioris,
1787 4176 2006 4249 quique

354 4251 511 4305 inter
544 4245 769 4320 pejores
821 4245 1133 4320 habentur,
1186 4246 1580 4320 hos_instigat
1628 4245 1836 4311 Malus,
1888 4246 2007 4320 sive

347 4317 701 4400 Satanasmt
716 4319 1143 4400 pel-ejusmodi.
1160 4317 1395 4400 nuptias
1416 4318 1767 4400 .Christianaa
1801 4317 2004 4400 puellae

350 4394 527 4448 fidem
556 4389 791 4445 evertat.
824 4390 953 4444 Ideo
985 4389 1203 4445 ethnici
1237 4390 1633 4459 inveniuntur,
1655 4389 1849 4460 inquit
1877 4389 2007 4443 Ter-

346 4462 661 4529 tullianus,
695 4461 795 4531 qui
828 4460 995 4531 tales,
1029 4460 1087 4514 id
1119 4466 1207 4514 est
1238 4460 1624 4527 Christianas,
1660 4478 1774 4515 non
1808 4469 2011 4515 exhor-

348 4538 546 4600 reant,
579 4538 641 4588 ut
670 4530 1080 4599 exterminant,
1112 4535 1176 4586 ut
1206 4532 1593 4603 abripiant,ut
1622 4550 1653 4587 a
1685 4534 1797 4588 fide
1828 4531 2012 4588 excla-

354 4609 525 4664 dant.

430 4708 499 4718 —
531 4676 670 4731 Solis
699 4672 1504 4746 pejoribus.Quemadmodum
1540 4674 1693 4729 inter
1741 4675 2010 4730 ethnicos

358 4750 507 4806 alios
539 4747 669 4802 aliis
701 4745 927 4815 pejores
958 4745 1100 4799 dicit
1129 4746 1470 4816 Septimius,
1515 4747 1599 4800 sic
1650 4748 2009 4817 Augustinus

2113 3551 2140 3579 «
2188 3530 2245 3582 Si
2292 3530 2502 3584 mulier
2536 3530 2789 3600 ingenua
2834 3531 3094 3600 civisque
3142 3533 3399 3587 Romana
3431 3534 3519 3587 vel
3552 3536 3759 3589 Latina

2110 3600 2302 3673 alieno
2337 3618 2399 3655 se
2431 3617 2595 3655 servo
2628 3603 3070 3669 conjunxerit,si
3099 3604 3335 3673 quidem
3372 3605 3551 3660 invito
3574 3612 3631 3661 et
3660 3608 3758 3661 de-

2116 3672 2693 3749 nuntiantedomino
2727 3674 3015 3749 in__eodem
3052 3672 3435 3731 contubernio
3486 3694 3758 3749 perseve-

2113 3743 2346 3810 raverit,
2380 3745 2631 3799 efficitur
2660 3743 2892 3798 ancilla.
2933 3766 2953 3793 ι
2988 3750 3117 3800 RIG.

2182 3847 2252 3858 —
2282 3814 2547 3871 Servituti
2574 3816 2952 3881 vindicandos,
2994 3820 3089 3886 qui
3140 3833 3265 3871 cum
3315 3820 3521 3873 alienis
3566 3821 3760 3874 servis.

2111 3886 2205 3942 Sic
2236 3887 2411 3942 habet
2440 3887 2735 3957 exemplar
2762 3888 3083 3957 Agohardi;
3118 3890 3200 3942 sic
3231 3889 3326 3942 alii
3361 3896 3581 3945 veteres
3606 3891 3760 3945 libri.

2113 3958 2431 4013 Claudiano
2482 3966 2676 4014 tamen
2730 3960 3244 4013 senatusconsulto
3293 3971 3527 4016 cautum
3590 3964 3766 4017 fuisse

2115 4048 2227 4085 non
2263 4030 2493 4100 legitur,
2526 4037 2589 4084 ut
2636 4032 2779 4083 liber
2825 4030 2998 4085 homo
3058 4032 3281 4084 ancilla:
3334 4034 3763 4087 contubernum

2115 4108 2374 4175 secutus,
2422 4118 2623 4156 servus
2664 4102 2893 4175 domini
2944 4102 3227 4175 mulieris
3261 4104 3440 4160 ﬁeret.
3476 4109 3673 4175 Neque
3700 4106 3757 4159 in

2117 4172 2276 4229 Pauli
2312 4174 2631 4227 Sententiis
2664 4172 2828 4227 liberi
2862 4173 3119 4227 hominis
3155 4174 3273 4228 ulla
3305 4176 3542 4231 mentio.
3566 4172 3675 4231 Sed
3707 4181 3766 4231 et

2116 4247 2162 4301 si
2186 4244 2505 4314 aliquando
2535 4245 2709 4298 etiam
2732 4244 2802 4298 ad
2825 4244 3039 4299 liberos
3072 4246 3341 4302 homines
3363 4254 3772 4304 senatus-con-

2117 4319 2355 4389 sultum,
2378 4317 2774 4389 pertinuisset,
2806 4319 2887 4369 ita
2920 4321 2983 4389 ut
3013 4318 3221 4389 corrigi
3275 4319 3480 4375 fuisset
3528 4336 3768 4374 necesse

2116 4388 2462 4443 Diocletiani
2513 4394 2569 4443 et
2619 4388 2933 4442 Alexandri
2966 4388 3215 4459 legibus,
3244 4406 3370 4461 quis
3403 4391 3512 4447 sub
3548 4390 3767 4461 titulis,

2117 4462 2191 4515 De
2221 4461 2447 4515 liberali
2475 4476 2691 4523 caussa,
2744 4469 2799 4513 et
2838 4462 3167 4516 Communia
3213 4462 3275 4515 de
3318 4463 3770 4527 successionibus,

2116 4532 2413 4603 leguntur;
2441 4532 2530 4587 hic
2563 4538 2757 4585 tamen
2792 4531 2990 4601 aliqua
3022 4532 3167 4586 foret
3196 4548 3344 4603 opus
3366 4535 3773 4591 emendatione

2120 4622 2185 4660 ac
2218 4603 2480 4660 servituti
2513 4603 2898 4657 vindicandos
2930 4604 3283 4676 diceremus,
3317 4608 3413 4676 qui
3443 4624 3575 4661 cum
3628 4607 3774 4662 alie-

2121 4676 2213 4730 nis
2262 4675 2483 4729 ancillis
2531 4676 2589 4729 in
2636 4675 3062 4730 consuetudine
3111 4675 3603 4746 perseverassent,
3658 4695 3772 4733 non

2121 4748 2217 4818 qui
2255 4764 2385 4801 cum
2407 4746 2613 4800 alienis
2641 4746 2986 4801 servis.Cum
3022 4752 3074 4801 et
3126 4746 3263 4802 alibi
3316 4756 3373 4803 et
3423 4750 3530 4803 hoc
3584 4751 3774 4804 maxi-

358 4822 507 4900 diait
533 4821 686 4900 inter
706 4818 1089 4900 Christian-nos
1104 4833 1231 4899 esse
1258 4817 1400 4900 ali_os
1434 4817 1565 4900 aliis
1593 4816 1885 4900 meliores.
1918 4819 2011 4900 Sic
2042 4836 2088 4900 Β
2121 4816 2213 4873 me
2263 4818 2435 4900 libro
2457 4818 2787 4900 Septimus.
2813 4818 3157 4900 ancillarum
3191 4821 3267 4900 sit
3299 4838 3441 4875 usus
3473 4823 3775 4877 vocabulo.

360 4894 541 4950 enim.
576 4893 613 4971 l_,
648 4907 770 4953 vm,
803 4889 875 4971 de
903 4888 1014 4943 Civ.
1050 4889 1168 4957 Dei,
1203 4890 1374 4971 0:27,
1398 4890 1537 4971 ‘ubi.
1565 4890 1646 4971 .de
1698 4889 2011 4971 epulis__ad

362 4964 681 5021 memorias
730 4966 1055 5033 martyrum
1106 4975 1120 5014 :
1174 4982 1201 5009 «
1252 4959 1414 5033 Quod
1445 4960 1705 5033 quidem,
1736 4959 1949 5031 inquit,
1982 4978 2015 5015 a

362 5034 714 5091 Christianis
747 5031 1091 5088 melioribus
1123 5048 1237 5085 non
1270 5031 1353 5093 fit.
1388 5035 1445 5085 et
1474 5033 1530 5086 in
1558 5031 1854 5103 plerisque
1895 5036 2012 5087 ter-

369 5124 574 5164 rarum
606 5104 769 5160 nulla
797 5105 932 5161 talis
962 5110 1051 5160 est
1081 5103 1466 5159 consuetudo.
1504 5126 1524 5151 ι
1562 5107 1685 5157 Ric.

438 5180 547 5250 (58)
578 5176 810 5232 Scilicet
838 5193 905 5250 ne
936 5180 994 5231 in
1026 5177 1311 5250 lasciviam
1339 5174 1809 5250 excedantﬂetus
1831 5190 2021 5250 e_xem-

361 5247 1115 5323 plar.'lnilasciuia,__qu9d
1166 5248 1401 5304 retineri
1450 5248 1649 5303 velim.
1704 5247 2016 5317 Excedunt,

366 5317 580 5390 nempe
610 5322 786 5376 domo
810 5317 998 5375 herili.
1038 5318 1159 5372 Rm.

440 5394 552 5465 (59)
583 5394 773 5448 Nonne
805 5394 1029 5465 insuper
1069 5397 1401 5465 censuerunt
1438 5391 1693 5465 servituti
1714 5390 2018 5465 vindican-

368 5461 462 5521 dos
492 5461 737 5537 quicum
766 5461 1186 5537 alienisservis,
1218 5464 1327 5515 etc.
1380 5462 1656 5537 Intelligit
1702 5464 1802 5519 SC.
1832 5462 2019 5537 (Clau-

372 5532 620 5593 nianurn
655 5537 725 5592 de
758 5533 1105 5591 mulieribus
1134 5546 1351 5606 quisse
1383 5532 1794 5606 alienis—servis
1818 5535 2024 5606 junxe-

374 5610 608 5684 rant,ad
643 5610 795 5680 quod
821 5610 1061 5684 senatus
1078 5601 1863 5684 consul_t_um_._luliusAPaulu's
1877 5611 2023 5684 Sen-

368 5683 589 5759 tentiae
607 5676 1168 5759 composuit,quas-e
1189 5676 1385 5759 codice
1411 5677 1721 5759 Yesontino
1752 5686 1852 5759 βυ]
1864 5683 2025 5759 acius

374 5748 829 5813 Observationum
855 5748 1084 5811 suarum
1105 5748 1252 5807 libro
1272 5750 1528 5808 vicesimo
1545 5752 1730 5825 primo
1751 5748 2028 5822 inseruit.

2120 4896 2326 4961 itaque
2378 4889 2568 4944 libens
2620 4890 2953 4945 accederem
3001 4890 3370 4961 legentibus.
3424 4915 3451 4942 «
3502 4894 3775 4949 Servituti

2123 4961 2504 5016 vindicandas
2528 4978 2660 5032 ques
2688 4978 2818 5016 cum
2846 4961 3051 5016 alienis
3069 4963 3250 5017 servis
3270 4966 3325 5019 in
3351 4967 3776 5021 consuetudine

2167 5036 2620 5105 ersevarassent,
2654 5055 2681 5081 ››
2719 5033 2830 5087 nisi
2866 5035 3074 5088 scirem
3109 5034 3458 5105 Septimium
3506 5042 3773 5093 nostrum

2169 5121 2249 5183 aee
2283 5104 2599 5183 aliquando
2623 5120 2868 5183 sexuﬁum
2897 5104 3238 5162 discrimina
3260 5110 3408 5182 stylo
3430 5114 3780 5183 properante

2127 5177 2325 5233 minus
2352 5178 2713 5231 observasse.
2750 5177 2877 5232 RIG.

2201 5250 2309 5320 (60)
2344 5250 2516 5318 Quam
2547 5249 2710 5317 huius
2741 5247 3001 5304 amentiae
3029 5265 3274 5307 caussam
3308 5252 3608 5308 detineam.
3664 5250 3776 5305 De-

2126 5320 2371 5389 tineam,
2421 5337 2715 5376 accusem.
2765 5320 2854 5375 Sic
2905 5319 3006 5374 lib.
3059 5339 3077 5376 1
3128 5326 3197 5379 ad
3230 5325 3360 5381 Nat.
3400 5324 3589 5389 :Quid
3620 5322 3777 5377 enim

2129 5394 2244 5449 tale
2276 5394 2335 5447 in
2366 5393 2531 5448 vobis
2558 5392 2879 5448 detinebo?
2911 5392 3037 5447 Rm.

2201 5465 2312 5535 (61)
2344 5466 2556 5521 Passim
2587 5464 2923 5537 ignobilibus
2955 5471 3006 5520 et
3036 5465 3394 5522 mediocribus
3423 5466 3503 5520 ibi
3548 5466 3779 5537 conjun-

2132 5541 2357 5604 guntur.
2390 5538 2493 5606 Ibi,
2531 5538 2633 5593 hoc
2665 5543 2771 5603 est,
2807 5538 2960 5608 apud
2997 5538 3382 5610 gentiles.Sie
3402 5554 3601 5609 supra,
3625 5540 3782 5594 Certe

2132 5610 2281 5736 glad
2308 5610 2634 5667 servandum
2667 5612 2745 5667 ibi
2776 5626 2907 5666 esse.
2951 5609 3058 5681 Ibi,
3107 5610 3163 5665 id
3214 5615 3324 5679 est,
3372 5609 3432 5666 in
3478 5610 3776 5667 nubendo.

2187 5696 2264 5736 ια.

2187 5696 2264 5736 IG.
