4148 6194
367 283 521 345 “l7
1423 284 1653 345 LIBER
1696 285 1723 345 Ι
1766 285 1868 345 DE
1912 286 2005 348 GU

2143 288 2172 348 Ἰ
2217 287 2720 351 FEMINARUM.
3622 298 3781 358 1418

369 415 517 469 duos
548 413 757 486 psalmi
787 418 844 468 et
898 413 1121 487 hymni,
1154 419 1211 470 et
1250 419 1457 470 mutuo
1507 421 1845 487 provocant,
1880 418 2011 488 quis
2044 425 2097 487 Α
2125 418 2311 488 genda
2355 420 2523 476 nobis
2572 420 2844 492 reliquit;
2882 422 3001 477 haec
3055 423 3161 479 tibi
3215 440 3483 498 suggere,
3533 428 3583 483 si
3632 446 3781 501 opus

371 503 581 559 melius
631 508 741 558 Deo
791 520 898 559 suo
938 508 1152 559 cantet.
1188 502 1351 559 Talia
1397 504 1665 559 Christus
1713 504 1916 560 videns
1965 512 2022 561 et
2131 508 2339 575 fuerit;
2373 509 2466 564 his
2515 514 2571 564 te
2621 510 2693 565 ab
2743 512 3022 583 exemplis
3071 516 3473 585 quarumdam
3526 517 3780 575 reﬂecte.

371 592 617 648 audiens
642 592 878 663 gaudet,
910 591 1004 647 his
1034 609 1238 664 pacem
1272 609 1439 648 suam
1492 594 1710 660 mittit;
1742 594 1840 648 ubi
1882 594 2018 664 duo,
2130 601 2255 651 Non
2305 597 2441 653 licet
2488 598 2658 654 aliter
2710 599 2981 656 ﬁdelibus
3032 603 3252 659 nubere
3283 605 3346 675 ³⁸,
3379 608 3435 660 et
3479 604 3529 661 si
3560 606 3781 679 liceret,

370 680 452 735 ibi
483 685 540 736 et
568 679 732 751 ipse;
768 682 866 735 ubi
900 685 956 736 et
1003 681 1150 753 ipse,
1182 681 1262 735 ibi
1294 686 1348 735 et
1380 680 1572 737 malus
1604 698 1715 736 non
1749 686 1856 737 est.
1892 682 2022 737 Haec
2132 702 2247 740 non
2280 687 2575 758 expediret
2607 688 2741 759 (72).

373 773 515 825 sunt
545 786 672 842 quae
721 770 979 841 Apostoli
1012 787 1119 825 vox
1148 768 1248 825 illa
1278 770 1386 825 sub
1426 769 1706 826 brevitate
1736 772 1779 805 ³⁷
1810 770 2021 826 intelli-

1803 886 2004 947 Variae
2035 886 2355 948 lectiones.

451 992 493 1026 ³⁷
524 991 611 1047 AI.
645 990 1025 1064 benignitate.
1101 992 1144 1028 ⁸⁸
1174 994 1298 1061 Rig.
1332 992 1461 1050 Fid.
1500 992 1722 1048 nubere
1754 1010 1767 1047 :
1801 1008 1918 1047 non
1951 993 2204 1064 expedit.

1811 1111 2337 1174 Commentaries.

442 1215 555 1286 (72)
587 1218 702 1293 Non
734 1216 902 1293 aliter
929 1217 1062 1293 licet
1086 1215 1358 1293 ﬁdelibus
1383 1218 1607 1293 nubere,
1639 1216 2022 1293 non_expedil.
2135 1218 2300 1293 gines
2331 1218 2773 1293 Christianamnc
2801 1224 2941 1276 aetas
2972 1221 3031 1275 in
3066 1222 3203 1277 ﬂore
3233 1228 3491 1293 tumens,
3527 1226 3585 1282 in
3618 1228 3787 1284 adul-

373 1290 565 1359 Canon
595 1291 630 1342 6
660 1290 887 1345 concilii
937 1288 1293 1343 Arelatensis
1327 1306 1343 1342 ι
1379 1306 1392 1343 :
1426 1311 1453 1338 «
1489 1288 1568 1342 De
1619 1288 1831 1359 puellis
1885 1289 2019 1343 lide-
2134 1288 2279 1345 terio
2312 1290 2522 1345 animos
2554 1290 2894 1348 resolvatur.
2933 1315 2959 1342 ‹‹
2990 1294 3353 1351 Adulterium
3387 1288 3595 1355 animas
3644 1301 3788 1357 dicit

372 1356 527 1414 libus
547 1379 673 1430 quae
695 1356 1702 1434 gentilibusjunguntur,placuit_ut
1724 1361 2024 1429 aliquanto
2134 1361 2207 1416 do
2240 1379 2413 1417 uxore
2460 1362 2789 1417 Christiana
2837 1381 2963 1434 quae
3010 1381 3188 1420 suasu
3217 1372 3274 1421 et
3316 1369 3553 1425 hortatu
3588 1356 3785 1428 mariti

372 1435 695 1507 tempores
723 1433 1135 1507 communione
1177 1437 1542 1507 separentur.
1579 1454 1606 1479 »
1635 1432 1708 1507 Et
1740 1448 1925 1486 canon
1962 1434 2027 1486 15
2136 1434 2353 1507 ethnici
2385 1435 2551 1503 quasi
2600 1432 2886 1490 lenocinio
2927 1436 3173 1507 pellecta
3220 1440 3459 1495 divortit
3489 1458 3523 1496 a
3553 1441 3784 1500 Christo

373 1519 534 1575 conc.
556 1503 892 1559 Eliberitani
918 1522 930 1559 :
958 1526 985 1553 «
1010 1501 1492 1575 Propter‘copiam
1520 1501 1847 1574 puellarum
1879 1519 2025 1574 gen—
2135 1506 2207 1560 ad
2241 1501 2541 1561 Satanam.
2576 1509 2693 1560 ϐία.

370 1574 575 1630 tilibus
606 1575 847 1630 minime
898 1575 953 1630 in
998 1574 1438 1631 matrimonium
1489 1575 1693 1631 dandae
1743 1580 1881 1629 sunt
1912 1575 2024 1629 vir-

423 2087 436 2099 .
557 1942 742 2143 Q.
879 1942 1431 2106 SEPT.
1558 1939 2139 2108 FLOR.
2270 1944 3614 2118 TERTULLIANI

374 2261 597 2382 DE
717 2258 1292 2382 GULTU
1403 2257 2519 2381 FEMINARUM
2634 2260 3153 2386 LIBRI
3244 2265 3775 2395 DUO‘”.

1666 2611 1988 2699 LIBER
2057 2611 2499 2701 PRIMUS-

460 2963 853 3014 Aaeuuanrea.
886 2986 955 2997 -
979 2954 1119 3011 Cum
1151 2954 1460 3010 saevissima
1489 2954 1754 3008 adversus
1781 2953 2129 3009 Christianos
2159 2955 2435 3007 Caesarum
2468 2953 2651 3010 edicta
2674 2961 2914 3010 mortem
2954 2956 3048 3011 ilis
3076 2958 3326 3027 quotidie
3356 2960 3787 3032 impendentem

379 3054 801 3113 minitarentur,
834 3045 1218 3100 Tertullianus
1247 3044 1318 3097 ad
1346 3044 1791 3097 montanismum
1815 3042 1936 3112 jam
1969 3043 2276 3111 inclinans,
2313 3050 2371 3096 ut
2401 3044 2751 3099 Christianas
2783 3045 2950 3099 etiam
2982 3046 3268 3115 mulieres,
3302 3066 3423 3122 quae
3455 3053 3695 3122 gentiles
3731 3057 3791 3114 in

375 3139 530 3194 cultu
565 3134 815 3205 corporis
841 3139 892 3187 et
924 3132 1056 3186 luxu
1088 3130 1297 3185 imitari
1330 3146 1444 3185 non
1477 3128 1834 3199 verebantur,
1869 3132 1937 3184 ad
1974 3133 2303 3199 martyrium
2336 3130 2649 3201 expeditius
2680 3135 3197 3203 praepararet,duos
3229 3136 3401 3194 libros
3422 3139 3491 3196 de
3512 3141 3671 3198 cultu
3704 3144 3792 3199 fe-

385 3228 670 3281 minarum
703 3221 1060 3291 conscripsit,
1092 3220 1152 3274 in
1186 3219 1389 3289 quibus
1419 3220 1663 3274 ostendit
1692 3234 1750 3274 se
1780 3234 1986 3288 corpus
2016 3219 2222 3283 colere,
2278 3220 2424 3289 quod
2475 3220 2741 3275 omnibus
2795 3224 3097 3278 momentis
3122 3240 3222 3293 pro
3255 3226 3473 3284 Christo
3502 3231 3791 3300 perditum

382 3315 524 3370 velle
552 3312 813 3368 debeant.
848 3311 1002 3367 Unde
1031 3308 1301 3364 acerbum
1333 3308 1393 3362 iu
1425 3308 1539 3361 illis
1571 3308 1835 3363 muliebri
1868 3308 2082 3363 mundo
2114 3309 2410 3375 repudium
2444 3309 2662 3364 scribit.

452 3400 739 3457 Nonnulla
771 3399 1035 3470 praefatus
1064 3398 1133 3452 de
1168 3398 1321 3466 lapsu
1362 3397 1421 3451 in
1470 3400 1581 3450 Eva
1630 3397 1955 3461 mulierum,
2003 3396 2252 3467 indeque
2296 3413 2521 3451 summa
2568 3397 2710 3467 ipsis
2760 3398 3129 3455 incumbente
3176 3402 3512 3473 humilitate,
3575 3408 3792 3464 cultum

382 3491 719 3546 muliebrem
752 3490 996 3544 ostendit
1025 3504 1055 3539 a
1086 3488 1344 3542 daemone
1375 3488 1768 3555 constitutum,
1803 3486 2219 3556 vanitatemque
2250 3486 2516 3557 describit
2546 3486 2690 3557 auri,
2724 3488 2940 3557 argenti
2962 3505 3431 3563 gemmarumque
3460 3494 3521 3551 in
3544 3498 3791 3555 vestibus

382 3578 761 3636 rutilantium.

449 3670 593 3723 Tum
625 3668 683 3721 in
718 3665 1009 3735 posteriori
1040 3662 1184 3718 l-ibro
1215 3663 1419 3718 acriter
1449 3664 1644 3717 asserit
1674 3661 1961 3726 mulieres,
1994 3672 2255 3717 ornatum
2290 3671 2563 3732 amantes,
2598 3663 2784 3719 odisse
2812 3666 3123 3721 castitaiem
3151 3690 3166 3731 ;
3199 3684 3305 3723 nec
3334 3669 3510 3727 alium
3542 3674 3787 3731 ancillas

381 3759 480 3814 Dei
507 3760 704 3811 decere
735 3755 972 3817 cultum,
1009 3760 1207 3822 praeter
1239 3752 1555 3820 simplicem
1591 3752 1924 3804 munditiem
1953 3768 1965 3817 ;
2010 3767 2191 3820 neque
2223 3753 2281 3806 in
2313 3768 2483 3806 carne
2512 3753 2898 3821 gloriandum,
2931 3755 3041 3809 nisi
3070 3770 3197 3810 cum
3231 3766 3455 3828 propter
3498 3761 3783 3820 Christum

382 3848 683 3911 laceratur,
714 3844 949 3898 omnino
980 3842 1210 3896 demum
1242 3841 1359 3895 fore
1397 3840 1659 3893 vitandos
1691 3839 1845 3894 fucos
1870 3844 1921 3894 et
1953 3840 2258 3909 pigmenta,
2292 3839 2742 3911 eapillorumque
2771 3842 3148 3911 calamistros,
3181 3852 3226 3900 el
3263 3847 3585 3917 collyridas,
3618 3850 3785 3923 lapil-

382 3936 465 3991 los
495 3934 734 3990 vestium
769 3947 835 3988 ac
866 3932 1182 4002 variegatos
1221 3929 1458 3997 colores,
1496 3944 1563 3984 ne
1596 3928 1805 3998 spathae
1844 3928 2023 3983 ullum
2052 3928 2240 3984 locum
2272 3930 2360 3983 det
2392 3943 2596 3997 corpus
2644 3929 3071 3999 margaritarum
3112 3936 3653 4010 smaragdorumque
3700 3942 3788 3997 la-

383 4024 541 4094 queis
571 4025 933 4091 occupatum.
975 4030 1116 4073 non.
1150 4033 1218 4072 sx
1250 4018 1313 4072 D.
1343 4020 1630 4071 Scaurum.

915 4300 1153 4357 CAPUT
1195 4300 1503 4355 PRIMUM.
2065 4307 2113 4370 Β
2144 4298 2560 4354 circumferens
2586 4299 2761 4353 Evam
2797 4298 3093 4370 lugentem
3125 4305 3182 4356 et
3233 4303 3646 4377 pmnitentem;
3680 4326 3793 4378 quo

455 4394 513 4448 Si
547 4396 713 4447 tanta
745 4392 801 4444 in
834 4391 1005 4445 terris
1034 4393 1363 4444 moraretur
1394 4389 1786 4458 ﬁdes,quanta
1815 4405 2039 4443 merces
2152 4388 2382 4459 plenius
2432 4388 2484 4441 id
2538 4388 2690 4459 quod
2744 4389 2814 4442 de
2862 4388 2977 4443 Eva
3007 4389 3186 4445 tradit
3223 4392 3630 4462 (ignominiam
3664 4398 3794 4455 dico

386 4485 513 4551 ejus
545 4483 915 4550 exspectatur
946 4479 1003 4531 in
1057 4478 1238 4541 cmlis,
1274 4477 1436 4530 nulla
1484 4477 1722 4531 omnino
1752 4483 2031 4541 vestrum,
2148 4478 2318 4548 primi
2382 4477 2600 4542 delicti,
2639 4481 2696 4530 et
2757 4477 3034 4531 invidiam
3096 4480 3439 4549 perditionis
3496 4483 3792 4559 humanm)

385 4586 616 4626 sorores
647 4567 1073 4622 dilectissimus.
1105 4583 1172 4619 ex
1202 4582 1316 4636 quo
1367 4566 1547 4620 Deum
1595 4565 1786 4618 vivum
1825 4584 2034 4637 cogno-
2146 4566 2304 4621 omni
2354 4564 2776 4621 satisfactionis
2823 4565 3026 4620 habitu
3081 4567 3341 4637 expiaret
3369 4572 3523 4641 (Gen.
3558 4591 3644 4642 III,
3682 4577 3794 4648 16).

381 4661 583 4725 visset,
618 4663 672 4712 et
703 4657 903 4712 1305
967 4657 1037 4710 de
1086 4671 1213 4718 sua,
1248 4654 1305 4708 id
1353 4658 1443 4709 est
1500 4655 1569 4708 de
1623 4654 1849 4709 feminis
1901 4673 2035 4709 con-
2146 4657 2209 4709 In
2238 4655 2516 4709 doloribus
2564 4659 2615 4708 et
2662 4655 3040 4709 anxietatibus
3086 4659 3274 4725 paries
3308 4661 3350 4725 ί,
3382 4659 3608 4729 mulier,
3640 4673 3690 4720 et
3720 4665 3799 4721 ad

385 4750 606 4803 ditione
653 4746 977 4808 didicisset,
1030 4742 1307 4797 laetiorem
1370 4743 1659 4807 habitum,
1716 4762 1784 4796 ne
1842 4744 2032 4797 dicam
2150 4748 2325 4799 uirum
2358 4753 2510 4797 tuum
2537 4746 2814 4797 conversio
2845 4747 2939 4796 tua
2970 4762 2987 4796 :
3020 4754 3072 4799 et
3100 4745 3197 4799 ille
3226 4746 3603 4805 dominabitur
3624 4753 3645 4786 ³
3673 4756 3798 4819 tui;

387 4837 789 4909 gloriosiorem
822 4832 1183 4905 appetiisset,
1213 4837 1274 4885 ut
1304 4847 1419 4885 non
1455 4832 1638 4900 magis
1672 4832 1727 4883 in
1763 4833 2036 4887 sordibus
2148 4838 2203 4888 et
2234 4834 2407 4887 Evam
2442 4838 2497 4885 te
2551 4847 2679 4887 esse
2727 4832 2917 4886 nescis
2939 4832 2967 4886 ?
3000 4833 3142 4887 Vivit
3174 4836 3463 4893 sententia
3491 4838 3594 4895 Dei
3624 4856 3802 4913 super

388 4930 605 4998 ageret,
637 4930 693 4980 et
740 4923 1077 4996 squalorem
1130 4921 1327 4993 potius
1377 4920 1693 4987 affectarat,
1726 4919 1917 4991 ipsam
1975 4937 2036 4977 se
2147 4937 2349 4977 sexum
2400 4922 2601 4991 istum,
2636 4920 2693 4974 in
2740 4920 2849 4976 hoc
2880 4920 3090 4976 saeculo
3126 4938 3137 4977 ε
3172 4922 3325 4979 vivat
3360 4929 3420 4981 et
3468 4932 3666 4986 reatus
3696 4946 3801 4987 ne-

1814 5064 2017 5125 Variae
2048 5063 2367 5125 lectiones.

466 5181 482 5214 ¹
516 5175 681 5232 Paris
713 5172 950 5229 Semler.
1027 5173 1048 5207 ²
1078 5172 1429 5229 Dominatur
1458 5172 1586 5225 Par.

1832 5267 2354 5329 Commentaries.

462 5398 541 5469 (1)
573 5398 645 5452 De
672 5397 825 5469 cultu
853 5393 1214 5469 feminarum.
1252 5393 1554 5469 Hactenus
1584 5392 1878 5469 editiones
1897 5392 2041 5469 .T_er‘-
2155 5392 2214 5445 in
2246 5406 2371 5469 quo
2396 5394 2622 5469 servata
2653 5389 2862 5469 prioris
2892 5387 3040 5469 libri
3069 5398 3232 5469 parte
3262 5399 3492 5469 tantum
3541 5396 3807 5468 dimidia,

393 5462 651 5536 tulli'ani,
681 5462 900 5521 librum
953 5464 1122 5518 nobis
1172 5480 1356 5517 unum
1399 5464 1464 5519 de
1513 5465 1713 5519 Habitu
1761 5464 2044 5531 muliebri,
2156 5462 2445 5537 posterior
2493 5462 2716 5529 integer
2748 5463 2831 5537 sic
2882 5462 3223 5537 absolvitur,
3257 5468 3331 5522 De
3377 5468 3527 5523 cultu
3557 5462 3807 5537 femina;

395 5535 645 5597 alterum
714 5539 781 5592 de
857 5536 1019 5590 Cultu
1089 5537 1427 5605 feminarum
1502 5536 1873 5595 exhibebant.
1934 5539 2048 5588 Nos
2158 5552 2282 5588 rum
2316 5535 2415 5589 lib.
2449 5535 2934 5604 11,e.z:plicil.Unde
2966 5536 3442 5592 manifestumlit
3472 5535 3580 5594 sub
3602 5542 3808 5600 eodem

397 5619 716 5680 utrumque
745 5609 810 5663 de
841 5608 1002 5680 Cultu
1028 5608 1388 5680 feminarum
1413 5606 1853 5680 inscripsimus,
1887 5611 2050 5680 vetu-
2161 5606 2329 5680 titulo
2359 5606 2749 5680 praecessisse
2792 5608 3070 5680 primum.
3109 5612 3297 5678 Atque
3322 5609 3381 5664 in
3414 5610 3616 5670 libror.
3650 5620 3809 5673 cata-

400 5677 651 5741 stissim’i
666 5678 1014 5750 exemplaris
1034 5677 1392 5750 Agobardini
1408 5678 1819 5749 auctoritatem
1844 5679 2027 5740 secuti

2165 5677 2292 5749 logo
2326 5677 2408 5734 sic
2453 5679 2622 5736 ambo
2671 5679 2928 5736 citantur
2956 5695 2968 5735 :
3002 5678 3076 5734 De
3103 5677 3257 5737 cultu
3284 5683 3640 5751 feminarum.
3676 5690 3803 5745 RIG.

722 5811 987 5873 Paraon.
1035 5807 1083 5867 Ι.

3411 5811 3487 5870 45
