4148 6194
393 277 550 338 1419

948 275 1468 337 TERTULLIANI
1516 274 1836 335 OPERUM
1882 274 2085 333 PARS
2131 274 2289 345 l.,—-
2332 272 2605 332 SERIES
2649 272 2725 346 ll,
2771 270 3245 332 DOGMATICA.

3645 257 3808 336 mo

383 424 541 465 cosse
570 411 681 464 est.
712 407 799 463 Tu
831 422 893 462 es
924 405 1139 461 diaboli
1165 407 1370 477 janua,
1407 409 1465 459 tu
1502 421 1564 459 es
1617 404 1842 459 arboris
1875 402 2036 459 illius
2066 409 2118 469 Α
2150 402 2368 474 quibus
2400 402 2543 457 lenm
2574 404 2593 436 ⁷
2620 402 2958 458 colorantur
2987 419 3000 457 :
3038 406 3095 457 et
3133 401 3302 458 illum
3335 403 3532 475 ipsum
3566 405 3803 478 nigrum

383 496 754 568 resignatrix,
788 500 852 550 tu
886 511 947 550 es
980 494 1183 548 divinas
1237 493 1382 565 legis
1416 494 1605 564 prima
1635 492 1937 558 deserlrix,
1972 496 2033 546 tu

386 603 447 643 es
476 602 602 658 qum
634 601 766 640 cum
821 583 1168 655 persuasisti
1203 584 1245 647 ³,
1280 598 1454 653 quem
1490 581 1757 636 diabolus
1798 582 2035 652 aggredi

384 691 502 730 non
533 673 831 729 valuit.Tu
868 672 1184 742 imaginem
1218 671 1340 735 Dei,
1374 670 1695 735 hominem,
1724 675 1841 725 tam
1874 669 2039 724 facile

385 763 593 819 elisisti
629 778 642 818 :
678 764 914 833 propter
960 765 1127 815 tuum
1181 760 1478 824 meritum,
1514 760 1568 812 id
1625 764 1715 813 est
1767 763 2036 827 mortem,

388 852 565 907 etiam
614 850 795 905 Filius
846 848 945 904 Dei
995 850 1141 902 mori
1174 848 1418 913 habuit;
1452 853 1507 902 et
1539 847 1807 902 adornari
1838 846 1945 901 tibi
1978 848 2035 900 in

386 944 583 996 mente
615 943 704 994 est
734 954 913 1009 super
943 937 1215 1008 pelliceas
1250 942 1379 991 tuas
1413 937 1640 991 tunicas
1663 939 1684 990 Ρ
1710 939 1826 1006 Age
1858 952 2033 1003 nunc,

386 1029 436 1085 si
468 1030 540 1084 ab
603 1027 771 1082 initio
830 1043 1022 1081 rerum
1081 1031 1138 1081 et
1182 1026 1390 1080 Milesii
1439 1041 1572 1079 oves
1628 1025 1951 1089 tonderent,
1984 1029 2040 1078 et

383 1124 547 1174 Seres
578 1117 813 1172 arbores
866 1120 1155 1180 nerent,et
1184 1115 1336 1187 Tyrii
1385 1115 1744 1184 tinguerent,
1774 1119 1829 1168 et
1861 1114 2037 1185 Phry-

384 1223 486 1280 ges
517 1206 841 1272 insuerent,
876 1209 934 1260 et
980 1202 1282 1275 Babylonii
1331 1202 1673 1269 intexerent,
1708 1207 1763 1256 et
1809 1218 2035 1272 marga-

384 1296 509 1351 rita
558 1296 879 1351 canderent
912 1298 968 1348 et
1016 1293 1290 1348 ceraunia
1338 1296 1713 1347 coruscarent
1740 1292 1837 1362 (‘2),
1871 1292 1917 1344 si
1947 1290 2037 1361 ip-

381 1401 516 1441 sum
548 1401 783 1456 quoque
827 1399 1038 1438 aurum
1064 1385 1187 1451 jam
1222 1382 1290 1436 de
1341 1387 1495 1436 terra
1527 1398 1659 1435 cum
1720 1380 2039 1450 cupiditate

380 1473 713 1546 prodisset;
749 1472 797 1527 si
854 1473 973 1541 iam
1008 1475 1063 1525 et
1093 1469 1329 1541 speculo
1362 1472 1380 1504 ⁴
1412 1474 1643 1524 tantum
1688 1468 1921 1523 mentiri
1968 1468 2037 1522 li-

381 1567 536 1618 ceret
569 1579 582 1617 :
616 1566 673 1617 et
725 1562 846 1616 haec
898 1561 1013 1614 Eva
1064 1559 1435 1629 concupisset
1466 1558 1486 1590 ⁵
1512 1559 1582 1612 de
1634 1558 1907 1629 paradiso
1941 1573 2037 1611 ex-

382 1651 575 1724 pulsa,
593 1652 718 1721 jam
756 1653 1009 1717 mortua,
1034 1649 1259 1719 opinor.
1286 1651 1433 1719 Ergo
1458 1664 1562 1701 nec
1587 1663 1743 1701 nunc
1766 1650 2039 1717 appetere

385 1740 577 1807 debet,
611 1744 715 1794 aut
767 1754 962 1804 nosse,
1016 1736 1064 1791 si
1124 1736 1288 1807 cupit
1346 1735 1708 1801 reviviscere,
1758 1744 1885 1806 quae
1938 1750 2043 1788 nec

385 1830 693 1898 habuerat,
721 1843 826 1883 nec
859 1825 1372 1896 noverat,quando
1403 1823 1649 1880 vivebat.
1686 1825 1816 1877 Ideo
1849 1823 2045 1877 omnia

382 1920 501 1973 ista
548 1918 838 1972 damnatae
893 1920 951 1970 et
1008 1919 1251 1969 mortua:
1310 1912 1575 1967 mulieris
1622 1912 2043 1983 impedimenta

388 2009 548 2073 sunt,
582 2005 750 2076 quasi
782 2004 853 2060 ad
887 2019 1164 2076 pompam
1198 2002 1422 2057 funeris
1455 2001 1795 2058 constituta.

1038 2143 1271 2199 CAPUT
1314 2144 1385 2200 II.

453 2269 600 2325 Nam
650 2272 707 2325 et
751 2268 838 2323 illi
899 2269 999 2341 qui
1054 2285 1122 2324 ea
1179 2268 1620 2332 constituerant,
1656 2266 1915 2321 damnati
1979 2267 2035 2321 in

382 2374 614 2429 poenam
649 2356 854 2413 mortis
885 2358 1247 2429 deputantur
1277 2373 1290 2412 :
1320 2355 1405 2410 illi
1438 2354 1661 2410 scilicet
1693 2354 1906 2426 angeli,
1938 2355 2036 2425 qui

379 2448 448 2502 ad
499 2446 649 2501 ﬁlias
681 2446 989 2501 hominum
1040 2447 1108 2501 de
1140 2446 1279 2501 ccelo
1322 2449 1585 2511 ruerunt,
1620 2448 1685 2498 ut
1715 2444 1833 2499 haec
1888 2461 2036 2515 quo-

380 2551 493 2606 que
526 2535 851 2606 ignominia
886 2534 1110 2589 femina:
1140 2535 1400 2589 accedat.
1432 2534 1577 2588 Nam
1610 2549 1743 2587 cum
1772 2538 1827 2587 et
1852 2538 2035 2587 mate-

378 2624 495 2678 rias
529 2624 815 2695 quasdam
850 2624 994 2678 bene
1027 2622 1368 2689 occultas,et
1392 2626 1547 2677 artes
1580 2621 1890 2693 plerasque
1921 2638 2035 2676 non

380 2712 529 2766 bene
559 2711 865 2781 revelatas,
898 2711 1109 2767 saeculo
1140 2711 1323 2766 multo
1358 2710 1546 2782 magis
1599 2710 1871 2782 imperito
1905 2728 2035 2781 pro-

382 2799 913 2855 didissent1306
965 2801 1282 2872 (siquidem
1328 2803 1383 2853 et
1434 2797 1808 2854 metallorum
1859 2815 2035 2869 opera

378 2890 741 2945 nudaverant
769 2889 866 2960 (3),
902 2893 958 2944 et
1007 2890 1320 2945 herbarum
1356 2887 1591 2959 ingenia
1636 2890 2032 2952 traduxerant,

377 2983 433 3033 et
487 2979 954 3034 incantationum
1014 2980 1165 3033 vires
1226 2979 1301 3051 (4)
1362 2977 1916 3050 provulgaverant“,
1976 2982 2033 3032 et

376 3085 609 3123 omnem
644 3068 1063 3137 curiositatem,
1089 3084 1273 3139 usque
1308 3068 1379 3121 ad
1412 3065 1713 3121 stellarum
1745 3067 2028 3137 interpre-

2154 492 2473 564 pulverem,
2531 509 2643 562 quo
2695 491 2997 546 oculorum
3057 491 3802 564 exordiasproducuntur.

2157 586 2280 634 Hanc
2314 580 2511 651 qualia
2564 580 2700 647 sint,
2733 580 2967 635 interim
3010 581 3138 650 jam
3175 582 3195 615 ⁰
3225 598 3295 637 ex
3325 583 3627 639 doctorum
3668 603 3805 641 suo-

2155 687 2283 725 rum
2342 668 2621 739 qualitate
2679 674 2733 723 et
2779 670 3107 725 conditione
3165 672 3537 741 pronuntiari
3593 680 3801 745 potest,

2156 760 2309 830 quod
2360 757 2505 813 nihil
2564 758 2635 812 ad
2696 757 3090 829 integritatem
3148 765 3503 830 peccatores,
3537 762 3683 817 nihil
3732 765 3801 819 ad

2156 848 2480 902 castitatem
2536 846 3000 913 adamatores“),
3035 846 3179 901 nihil
3241 849 3311 904 ad
3372 849 3644 906 timorem
3706 853 3801 908 Dei

2157 938 2482 991 desertores
2532 934 2797 1006 spiritus,
2832 939 2931 991 aut
2979 941 3307 992 monstrare
3358 943 3676 1010 potuerunt
3707 948 3803 997 aut

2158 1029 2451 1097 praestare.
2504 1024 2558 1077 Si
2612 1025 2889 1078 doctrinae
2948 1024 3209 1081 dicendae
3265 1032 3427 1097 sunt,
3479 1030 3617 1083 mali
3677 1047 3802 1084 ma—

2157 1114 2322 1183 gistri
2385 1114 2537 1169 male
2594 1113 2900 1168 docuerint
2956 1130 3194 1170 necesse
3242 1120 3349 1171 est.
3392 1118 3449 1172 Si
3509 1120 3799 1174 mercedes

2155 1219 2257 1273 pro
2319 1202 2584 1269 libidine,
2644 1202 2869 1257 nullius
2927 1203 3009 1257 rei
3066 1204 3257 1275 turpis
3316 1222 3539 1262 merces
3590 1208 3798 1263 decora

2157 1296 2263 1346 est.
2299 1292 2445 1355 Quid
2498 1297 2690 1346 autem
2723 1292 2869 1347 tanti
2928 1291 3037 1347 fuit
3068 1292 3182 1349 ista
3220 1300 3546 1351 monstrare
3572 1297 3726 1351 sicut
3756 1301 3796 1333 ¹¹

2157 1379 2463 1435 conferre?
2496 1386 2770 1435 utrumne
2822 1380 3118 1450 mulieres,
3152 1382 3277 1438 sine
3321 1385 3581 1439 materiis
3613 1386 3801 1456 splen-

2156 1469 2334 1534 doris,
2368 1475 2425 1522 et
2472 1468 2597 1524 sine
2645 1469 2898 1540 ingeniis
2948 1470 3195 1539 decoris,
3228 1471 3453 1542 placere
3504 1490 3619 1529 non
3668 1490 3800 1545 pos-

2155 1561 2287 1611 sent
2337 1556 2698 1628 hominibus,
2752 1574 2881 1628 quae
2940 1559 3131 1615 adhuc
3187 1560 3418 1616 incultae
3475 1567 3533 1617 et
3586 1562 3802 1618 incom-

2158 1645 2358 1717 positaa
2426 1650 2483 1699 et
2548 1650 2634 1713 (ut
2698 1646 2779 1700 ita
2862 1647 3131 1715 dixerim)
3198 1651 3389 1704 crudae
3456 1668 3522 1706 ac
3602 1653 3795 1719 rudes,

2157 1733 2392 1804 angelos
2426 1735 2770 1789 moverant?
2797 1736 2962 1789 Anne
2995 1738 3037 1771 ¹²
3069 1737 3311 1805 sordidi,
3344 1744 3401 1794 et
3432 1756 3534 1810 per
3578 1742 3799 1812 gratui-

2152 1826 2279 1877 tum
2329 1839 2503 1877 usum
2553 1822 2962 1877 contumeliosi
3012 1828 3304 1881 amatores
3349 1827 3708 1893 viderentur,
3754 1829 3800 1884 si

2152 1910 2295 1965 nihil
2344 1911 2570 1965 feminis
2602 1911 2660 1964 in
2712 1912 3071 1967 connubium
3118 1913 3339 1970 allectis
3369 1918 3798 1972 contulissent?

2150 2000 2257 2054 Sed
2291 2000 2408 2053 haec
2443 2017 2555 2054 non
2588 1999 2743 2071 capit
2780 2001 3092 2071 aestimare,
3120 2003 3266 2058 nihil
3299 2004 3431 2076 plus
3462 2005 3541 2077 (9)
3574 2006 3797 2062 deside—

2149 2105 2278 2143 rare
2332 2093 2617 2160 poterant,
2651 2105 2776 2159 quas
2836 2090 3076 2161 angelos
3130 2093 3528 2163 possidebant,
3590 2111 3798 2166 magno

2150 2175 2372 2231 scilicet
2403 2181 2743 2246 nupserant.
2777 2178 3108 2246 Enimvero,
3142 2182 3241 2251 qui
3269 2182 3473 2252 utique
3505 2183 3796 2237 interdum

2150 2265 2484 2334 cogitabant
2514 2266 2670 2320 unde
2701 2267 3070 2336 cecidissent,
3106 2276 3157 2323 et
3192 2276 3325 2341 post
3353 2271 3673 2327 libidinum
3702 2290 3797 2326 va-

2148 2359 2351 2425 porata
2400 2358 2699 2409 momenta
2729 2354 2937 2410 ccelum
2992 2357 3388 2428 suspirabant,
3421 2358 3564 2414 illud
3606 2361 3793 2431 ipsum

2149 2444 2365 2498 bonum
2418 2443 2767 2499 feminarum
2818 2445 3104 2501 naturalis
3153 2448 3402 2515 decoris,
3446 2455 3511 2503 ut
3558 2466 3794 2505 causam

2148 2532 2310 2599 mali,
2343 2533 2423 2588 sic
2457 2540 3075 2603 remuneraverunt,ne
3095 2536 3178 2590 eis
3210 2538 3529 2608 profuisset
3552 2539 3792 2594 felicitas

2148 2638 2276 2691 sua,
2298 2622 2399 2676 sed
2432 2628 2497 2677 ut
2529 2624 2835 2678 devectum
2871 2623 2915 2659 ¹³
2945 2623 3016 2678 de
3046 2624 3425 2697 simplicitate
3453 2631 3511 2680 et
3552 2627 3794 2683 sinceri-

2146 2715 2263 2766 tate
2295 2728 2413 2765 una
2459 2727 2593 2765 cum
2646 2711 2793 2782 ipsis
2842 2713 2901 2767 in
2951 2713 3234 2768 offensam
3258 2714 3360 2769 Dei
3409 2716 3789 2786 pervenirent.

2144 2800 2293 2854 Certi
2326 2804 2492 2854 erant
2522 2816 2781 2868 omnem,
2814 2804 2871 2855 et
2915 2800 3182 2871 glOriam,
3214 2806 3271 2857 et
3300 2803 3713 2869 ambitionem,
3743 2811 3795 2860 et

2145 2889 2570 2944 alfectationem
2621 2905 2724 2959 per
2752 2905 2987 2944 carnem
3012 2889 3278 2960 placendi
3314 2896 3425 2947 Deo
3456 2892 3788 2965 displicere.

2142 2978 2207 3031 Hi
2243 2982 2382 3032 sunt
2414 2993 2619 3048 nempe
2669 2978 2860 3049 angeli
2885 2978 3008 3049 (10)
3041 2995 3189 3050 quos
3232 2980 3557 3049 judicaturi
3590 2984 3787 3037 1807

2141 3083 2368 3136 sumus,
2403 3066 2462 3120 hi
2498 3072 2635 3120 sunt
2666 3067 2853 3138 angeli
2902 3068 3117 3138 quibus
3148 3068 3207 3122 in
3237 3068 3465 3124 lavacro
3501 3072 3792 3126 renuntia-

373 3156 653 3212 tationem
689 3156 1279 3229 (5),designaverant),
1303 3156 1531 3227 proprio
1562 3160 1617 3209 et
1648 3154 1814 3226 quasi
1849 3172 2025 3226 pccu-
2059 3144 2101 3208 C
2142 3170 2311 3217 mus;
2348 3152 2467 3206 haec
2500 3157 2637 3206 sunt
2668 3155 3010 3225 utique,pcr
3040 3170 3166 3224 qum
3199 3155 3268 3209 ab
3302 3154 3541 3210 homine
3564 3157 3790 3227 judica-

369 3245 593 3300 liariter
623 3246 858 3302 feminis
887 3246 1346 3301 instrumentum
1378 3245 1535 3300 istud
1567 3243 1873 3299 muliebris
1903 3243 2028 3315 glo-

374 3333 471 3388 ria
505 3334 583 3406 (6)
616 3336 992 3391 contulerunt
1027 3352 1039 3390 :
1070 3334 1293 3389 lumina
1338 3333 1671 3405 lapillorum
1709 3335 1783 3401 (7)
1816 3333 2030 3404 quibus

376 3423 619 3479 monilia
676 3423 1020 3479 variantur:
1076 3428 1133 3480 et
1185 3422 1435 3478 circulos
1494 3438 1562 3476 ex
1617 3438 1780 3487 auro,
1813 3422 2029 3493 quibus

375 3512 619 3568 brachia
662 3514 1005 3567 arctantur:
1060 3517 1116 3567 et
1165 3511 1589 3566 medicamenta
1636 3526 1704 3565 ex
1748 3510 1877 3564 fuco
1928 3510 2025 3581 (8),

2142 3241 2188 3295 ri
2238 3247 2599 3296 meruerunt.
2651 3242 2797 3306 Quid
2854 3258 2990 3314 ergo
3039 3243 3251 3298 facient
3284 3247 3329 3279 “
3368 3246 3522 3316 apud
3560 3246 3791 3316 judices

2141 3347 2280 3385 suos
2312 3347 2404 3385 res
2426 3347 2627 3385 eorum
2651 3330 2677 3385 ?
2699 3331 2855 3401 quod
2879 3336 2966 3386 est
2988 3333 3403 3388 commercium
3424 3335 3792 3390 damnaturis

2141 3436 2274 3474 cum
2335 3419 2688 3474 damnandis
2747 3420 2908 3490 (ll)?
2948 3420 3184 3491 Opinor,
3244 3423 3396 3491 quod
3455 3423 3686 3478 Christo
3741 3428 3793 3479 et

2140 3507 2461 3575 Beliae.Qua
2489 3509 2821 3563 constantia
2850 3509 3108 3564 tribunal
3142 3508 3286 3564 illud
3318 3512 3701 3568 ascendimus
3731 3512 3791 3580 ιδ,

1815 3680 2018 3742 Variae
2049 3680 2365 3742 lectiones.

460 3826 481 3859 ⁸
510 3823 754 3880 Suasisti
782 3824 929 3880 Seml
1024 3827 1044 3861 ⁴
1074 3825 1154 3881 Ex
1177 3823 1416 3896 speculo
1445 3826 1574 3881 Jun.
1652 3825 1673 3858 ³
1705 3825 1920 3892 Liceat,
1954 3824 2076 3879 haec
2119 3824 2232 3879 Eva
2282 3823 2654 3895 concupisset
2700 3825 2863 3878 Fran.
2915 3825 3232 3896 concupiit,
3281 3825 3448 3880 Seml.
3499 3843 3571 3882 ea:
3620 3827 3791 3883 Rhea.

389 3897 410 3932 ⁸
442 3897 557 3952 Alii
584 3896 1118 3969 promulgaverant,
1151 3898 1290 3968 quod
1310 3899 1675 3967 prazfertlun.
1753 3898 1771 3930 ⁷
1804 3896 1972 3953 Genze
2003 3898 2131 3952 Jun.
2207 3896 2227 3929 ⁸
2260 3896 2474 3949 Exodia
2502 3897 2655 3969 Jun.
2696 3898 2730 3969 ξ
2761 3896 2908 3950 Sunt
2930 3896 3191 3962 interim,
3214 3898 3329 3966 iam
3356 3899 3484 3953 Jun.
3565 3899 3611 3939 ιθ
3630 3901 3796 3953 Ama-

390 3973 546 4024 tores
575 3970 702 4026 Jun.
747 4041 751 4042 ί
782 3968 985 4042 1{Sive
1013 3971 1242 4040 Franeq.
1278 3971 1490 4042 Rigalt.
1568 3970 1808 4042 "(Anne
1838 3972 2001 4024 Fran.
2035 3970 2158 4042 Rig,
2193 3972 2280 4021 An
2312 3984 2383 4023 ne
2410 3969 2537 4023 Jun.
2622 3968 2664 4001 ¹³
2694 3968 2951 4022 Devectae
2982 3970 3147 4023 Fran.
3181 3970 3367 4024 Paris.
3401 3971 3521 4038 Rig.
3557 3971 3793 4025 devictae

398 4042 660 4098 Wouwer.
740 4041 783 4075 ¹⁴
809 4041 1053 4097 Faciunt
1080 4046 1261 4098 Fran.
1292 4040 1505 4110 Rigalt.
1587 4041 1626 4074 ’⁵
1655 4042 2097 4096 Adscendemus
2130 4040 2260 4094 Jun.

1829 4208 2349 4271 Commentarius.

456 4345 533 4417 (2)
568 4345 1268 4417 Cerauniarcoruscarent.
1317 4342 1600 4417 Ceraunia
1656 4359 1887 4415 gemma
1943 4346 2033 4398 est

384 4416 636 4472 candida
664 4421 720 4472 et
747 4416 1018 4481 rutilans,
1048 4417 1131 4473 sic
1162 4418 1315 4471 dicta
1344 4416 1511 4487 quasi
1544 4433 1577 4470 a
1600 4417 1816 4470 tonitru
1846 4440 1859 4482 ;
1894 4432 2026 4470 nam

382 4488 640 4557 κεραυνὸς
682 4488 902 4543 fulmen
935 4493 1040 4543 est.
1094 4487 1341 4557 Plinius,
1394 4488 1495 4543 lib.
1527 4505 1737 4550 xxxvn,
1787 4503 1912 4557 cap.
1946 4490 1980 4539 9
2013 4504 2025 4541 :

386 4508 442 4542 κε
482 4506 640 4550 αυνος
682 4506 902 4543 ιωτηθη
935 4506 1040 4543 rei.
1095 4506 1341 4557 t’llnlus,
1394 4506 1495 4543 un.
1527 4506 1737 4550 xxxvn,
1787 4506 1912 4557 cap.
1946 4506 1980 4539 υ
2013 4506 2023 4541 :

386 4584 411 4611 ‹‹
446 4506 550 4615 Est
582 4560 734 4614 inter
776 4561 1055 4615 candidas
1095 4565 1153 4615 et
1199 4576 1322 4630 quas
1372 4560 1656 4615 Ceraunia
1703 4564 1960 4615 vocatur.
1996 4582 2023 4609 »

383 4631 607 4686 Dicitur
636 4636 693 4686 et
720 4632 1070 4687 Ceraunium
1102 4632 1161 4686 in
1194 4615 1398 4686 neutro
1428 4650 1441 4699 ;
1475 4632 1578 4702 Ep.
1612 4632 1679 4685 ad
1714 4631 2031 4686 Demetria-
2060 4615 2107 4679 D

386 4719 520 4777 pem
569 4704 625 4758 B.
680 4703 1155 4777 Hieronyumus:
1200 4704 1597 4759 Cerauniorum
1646 4704 1910 4772 ﬂammis.
1951 4703 2028 4757 Ls

383 4774 530 4915 P“(3)
578 4841 861 4912 Siquidem
917 4853 969 4900 el
1024 4844 1376 4900 metallorum
1433 4860 1602 4915 opera
1657 4844 2021 4899 undaveranl.

383 4917 443 4971 In
477 4915 772 4987 Excerptis
803 4917 1029 4987 Georgii
1053 4915 1355 4987 ASyncelli,
1392 4916 1508 4970 haec
1541 4916 1836 4987 habentur
1859 4932 1891 4987 e_
1920 4917 2020 4987 lib.

384 5007 400 5043 Ι
442 4982 674 5042 Εοοοὴῖ
720 4987 919 5060 Ἐξαήλ
954 4982 998 5041 ’ὃ
1049 4982 1268 5060 Bitiam:
1316 4990 1421 5060 τῷν
1455 4985 1735 5060 ἀρχόντων
1790 4982 2019 5060 ἐδίδαξεν

379 5062 555 5112 ποιεῖν
590 5056 863 5148 ραχῖαίρρις
888 5060 982 5148 313d
1016 5059 1265 5130 Θώρακας
1294 5057 1384 5110 καὶ
1415 5056 1733 5118 advenae;
1783 5056 2022 5130 πολεμι-

422 5132 433 5147 ς
1064 5136 1089 5148 -
1193 5136 1220 5146 -
1307 5131 1345 5148 η

382 5132 495 5197 xcv,
530 5128 620 5182 καὶ
650 5128 716 5182 τὰ
752 5128 995 5202 μέταλλα
1024 5128 1122 5199 τῆξ
1151 5136 1272 5203 γῆς.
1307 5131 1432 5185 RIG.
1934 5128 1942 5130 ἡ

450 5201 524 5273 (4)
585 5202 891 5259 Herbarum
932 5205 1193 5273 (ingenia,
1224 5209 1297 5273 get
1352 5202 1790 5273 incan_talion_um
1853 5204 2014 5273 vires.

377 5268 634 5349 Ibidem:
663 5268 1027 5349 φαρμακείαςξ
1060 5268 1361 5340 ἐπαόιδίας,
1396 5271 1585 5349 σοφίας
1617 5271 1706 5325 καὶ
1750 5269 2015 5325 ἐπαοίὸων

378 5344 638 5419 λυτήρια.
672 5344 798 5403 Βία.
1476 5344 1485 5349 ”

443 5416 519 5489 (5)
587 5415 887 5476 Stellarum
976 5416 1505 5488 interpretationem,

376 5489 980 5636 RIFd)Instrurnenlum
1023 5557 1316 5615 muliebris
1381 5559 1597 5629 gloriae.
1640 5559 1851 5633 Κόσμια
1898 5564 2016 5620 ταῖς

405 5634 625 5692 υναὶξίν.
662 5642 787 5692 RIG.

405 5635 519 5688 ovat
561 5635 576 5688 ί
614 5678 625 5692 .
776 5678 787 5690 .

368 5654 401 5705 γ
440 5635 823 5766 -ἳαὶέιξὲῗίδ
865 5707 1075 5778 gloriae.
1111 5702 1479 5761 Feminarum
1535 5702 1785 5758 nitorem
1839 5705 2017 5760 affec-

1598 5413 2015 5490 ἆστροσκοπίαν.

2146 4346 2329 4397 tatum
2384 4341 2596 4412 arguit,
2654 4358 2803 4413 quae,
2857 4342 2991 4397 licet
3020 4347 3215 4398 essent
3263 4343 3625 4411 Christianae.
3678 4362 3790 4401 non

2142 4414 2338 4488 minus
2360 4416 2553 4467 tamen
2581 4415 2993 4488 compositaziet
3015 4421 3231 4488 ornatae
3254 4416 3596 4471 incedebant
3618 4434 3790 4488 quam

2140 4485 2423 4563 ethnicis;
2458 4490 2546 4539 est
2577 4486 2741 4563 enim
2775 4485 2938 4563 _illu_d
2988 4487 3205 4542 animal
3254 4488 3506 4544 maxime
3558 4485 3789 4563 φι“ὀχοο

2140 4576 2276 4628 σμον
2309 4561 2365 4610 et
2396 4558 2737 4627 superbum.
2774 4558 2852 4612 LE
2881 4559 2981 4612 Pa.

2210 4627 2287 4700 (7)
2320 4630 2552 4754 1L‘umina
2605 4630 2944 4701 lapillorum.
2992 4628 3091 4682 Καῖ
3156 4626 3282 4690 τοὺς
3350 4626 3635 4690 ἐκλεκτοὺς
3706 4629 3789 4684 λί-

2210 4719 2282 4754 uc.
2373 4718 2446 4754 ια.

2139 4710 2282 4761 θους.
2320 4710 2446 4755 Ηῐϐ.

2208 4772 2285 4841 (8)
2314 4772 2705 4827 Mcdiramenla
2751 4788 2820 4827 ex
2865 4774 3011 4841 fuco.
3057 4769 3130 4824 Τὸ
3177 4766 3416 4825 στιλϐεῖν
3448 4772 3537 4825 καὶ
3568 4772 3630 4825 τὸ
3656 4772 3789 4827 καλ-

2139 4839 2419 4909 λωπῖζειν.
2454 4848 2579 4898 RlG.

2207 4916 2282 5038 (ξ)
2313 4915 2467 5040 12ἴίᾘὶ
2491 4916 2640 4985 plus.
2673 4914 2766 4969 Sic
2800 4914 2945 4986 ipse.
2978 4915 3299 4970 Sacerdotes
3348 4916 3459 4970 mei
3498 4931 3605 4971 non
3655 4914 3791 4986 plus

2207 5004 2208 5012 η
2251 5002 2365 5040 un.
2449 5004 2521 5040 ιο.

2134 4990 2365 5040 nubunt.
2400 4990 2521 5041 Bia.

2206 5058 2315 5125 (10)
2347 5059 2415 5112 lii
2440 5065 2570 5112 sunt
2598 5058 2803 5126 angeli,
2836 5055 3127 5111 etc.Hunc
3144 5057 3558 5112 exsecrationis
3577 5058 3784 5124 ritum,

2133 5143 2245 5198 quo
2277 5129 2600 5200 ingressuri
2633 5130 2693 5183 in
2725 5144 2933 5199 aquam
2959 5127 3331 5198 baptismatis
3360 5130 3471 5184 sub
3494 5130 3783 5185 antistitis

2133 5215 2311 5255 manu
2343 5201 2823 5257 contestabantur
2852 5217 2914 5255 se
2945 5201 3280 5255 renuntiare
3313 5200 3567 5269 diabolo,
3600 5203 3781 5257 attin-

2130 5277 2279 5341 gunt
2347 5290 2497 5343 saepe
2570 5273 2757 5328 sancti
2833 5276 3053 5327 Patres.
3115 5271 3291 5343 Basil.
3348 5272 3448 5327 lib.
3506 5274 3573 5328 de
3627 5274 3777 5343 Spir.

2129 5352 2320 5417 sancto
2358 5341 2767 5417 fanatico-5001:.
2803 5347 2880 5417 τῷ
2934 5346 3153 5417 Σατανᾷ
3211 5341 3297 5396 καὶ
3356 5348 3470 5404 τοῖς
3524 5341 3781 5417 ἀγγὶλοις

2128 5413 2311 5488 aeros.
2348 5416 2460 5488 Sic.
2496 5422 2552 5470 et
2582 5418 2746 5471 Dion.
2780 5416 2878 5470 lib.
2911 5415 2974 5488 de
3012 5415 3215 5488 Eccles.
3249 5416 3523 5471 hierarch.
3558 5413 3686 5488 cap.
3718 5419 3778 5485 2,

2127 5486 2277 5542 hanc
2333 5487 2903 5544 abrenuntiationem
2936 5485 3214 5559 ἀποταγὴν
3256 5488 3542 5558 nominat,
3575 5485 3778 5559 aitque

2126 5559 2497 5684 obtseivatum
2549 5566 2613 5615 ut
2656 5559 3076 5617 abrenuntians
3108 5564 3195 5615 ter
3234 5560 3461 5616 Satanae
3514 5559 3778 5616 insufﬂa-

2126 5648 2230 5684 re.
2308 5648 2393 5684 AC.

2126 5635 2230 5687 ret.
2263 5635 2393 5686 Lac.

2195 5704 2301 5775 (ll)
2336 5704 2485 5771 Quod
2515 5708 2593 5759 est
2620 5704 3007 5761 commercium
3051 5702 3399 5759 damnaturis
3440 5719 3569 5758 cum
3615 5703 3769 5758 dam-
