4148 6194
401 318 430 373 1
444 318 555 375 425

1460 323 1687 382 LIBER
1730 324 1751 385 l
1803 323 1898 381 DE
1945 324 2201 384 CULTU
2248 322 2741 383 FEMINARUM.

3654 322 3811 381 1426

395 452 509 515 tur,
546 452 609 503 ut
641 448 902 516 floreant,
941 456 991 504 et
1023 451 1186 506 anxie
1220 452 1506 519 forantur,
1536 460 1600 510 ut
1646 456 1955 527 pendeant,
1990 460 2046 509 et
2077 462 2122 523 Α
2160 472 2312 517 rum,
2346 471 2539 509 coram
2573 453 2856 509 matronis
2888 454 3327 507 erubescentem
3387 451 3452 521 ³⁸,
3488 450 3600 506 nisi
3649 452 3807 521 quod

396 554 538 592 auro
568 539 926 595 lenocinium
961 546 1235 595 mutuum
1272 554 1570 613 praeerant.
1608 546 1717 600 Sed
1747 548 1791 578 ³ο
1825 547 1872 599 si
1909 544 2050 614 quid

395 626 465 681 de
517 627 665 681 mari
718 628 1050 685 Britannico
1102 634 1202 685 aut
1250 632 1447 687 Indico
1494 634 1737 688 ambitio
1772 634 2050 705 piscatur,

392 715 627 770 conchae
658 733 842 786 genus
874 723 986 783 est,
1022 736 1135 775 non
1168 720 1297 774 dico
1347 721 1649 793 conchylio
1694 728 1795 776 aut
1836 728 2049 787 ostreo,

392 803 491 859 sed
536 820 638 859 nec
669 806 929 876 peloride
960 807 1181 877 gratius
1232 808 1303 862 de
1358 825 1584 879 sapore.
1636 811 1720 863 Ad
1754 810 1863 864 hoc
1895 810 2051 865 enim

393 893 649 947 conchas
679 894 941 951 noverim
976 895 1156 950 maris
1193 912 1391 966 poma.
1425 899 1585 961 Quod
1620 899 1670 952 si
1702 898 1923 953 concha
1954 897 2052 953 illa

395 980 619 1052 aliquid
664 982 1021 1037 intrinsecus
1054 985 1309 1055 postulat
1337 986 1404 1052 ³³,
1437 986 1643 1041 vitium
1692 987 1821 1055 ejus
1862 988 2051 1057 magis

394 1070 571 1124 debet
603 1086 753 1135 esse,
789 1088 963 1142 quam
993 1072 1208 1143 glorias.
1263 1074 1332 1127 Et
1382 1076 1515 1129 licet
1546 1077 1926 1146 margaritum
1959 1092 2053 1129 vo-

394 1164 580 1223 cetur,
616 1175 731 1213 non
764 1159 921 1214 aliud
960 1164 1156 1214 tamen
1199 1161 1669 1233 intelligendum,
1704 1180 1881 1234 quam
1914 1180 2050 1218 con-

394 1248 513 1301 chas
562 1247 720 1302 illius
766 1249 965 1320 aliqua
1013 1250 1160 1305 dura
1208 1255 1265 1304 et
1304 1253 1557 1307 rotunda
1584 1269 1844 1307 verruca.
1879 1253 2052 1307 Aiunt

394 1340 452 1390 et
479 1336 547 1390 de
581 1337 873 1392 frontibus
906 1339 1226 1393 draconum
1263 1356 1529 1411 gemmas
1560 1342 1705 1405 erui,
1729 1342 1882 1395 sicut
1912 1348 1968 1395 et
1989 1342 2048 1395 in

396 1425 649 1495 piscium
675 1428 929 1481 cerebris
962 1427 1306 1499 lapidositas
1338 1432 1601 1501 qumdam
1637 1437 1740 1487 est.
1770 1436 1881 1486 Uoc
1905 1448 2049 1502 quo-

393 1530 506 1585 que
546 1515 733 1570 deerit
789 1517 835 1549 ³³
894 1516 1257 1587 Christianae,
1292 1525 1355 1573 ut
1402 1520 1473 1574 de
1523 1526 1791 1591 serpente
1839 1521 2051 1575 cultior

392 1603 513 1658 fiat.
550 1604 643 1658 Sic
675 1603 923 1659 calcabit
953 1606 1173 1661 diaboli
1213 1614 1388 1679 caput
1415 1610 1548 1680 (28),
1581 1610 1721 1664 dum
1763 1611 1833 1665 de
1864 1610 2049 1679 capite

391 1692 541 1761 ejus,
593 1694 918 1749 cervicibus
972 1696 1097 1751 suis
1148 1701 1250 1751 aut
1287 1698 1399 1769 ipsi
1431 1699 1607 1770 capiti
1638 1704 1978 1754 ornamenta
2004 1700 2050 1732 ³³

391 1781 618 1836 struit?

1021 1918 1249 1975 CAPUT
1295 1921 1408 1977 VII.

463 2048 592 2104 Haec
650 2049 850 2106 omnia
910 2052 980 2107 de
1040 2053 1281 2108 raritate
1334 2058 1391 2109 et
1448 2055 1861 2127 peregrinitate
1917 2056 2043 2111 sola

389 2137 639 2210 gratiam
700 2140 1021 2211 possident.
1081 2142 1356 2213 Denique,
1390 2142 1545 2198 intra
1592 2144 1873 2199 terminos
1904 2161 2042 2199 suos

390 2227 609 2298 patrios
667 2244 781 2283 non
834 2232 979 2283 tanti
1042 2230 1350 2287 habentur.
1391 2236 1630 2303 Semper
1684 2232 2045 2287 abundantia

390 2318 816 2371 contumeliosa
848 2318 905 2372 in
961 2321 1340 2390 semetipsam
1374 2321 1419 2353 3‘
1448 2322 1560 2391 (29)
1591 2326 1696 2376 est.
1726 2323 1887 2391 Apud
1921 2324 2047 2375 bar-

393 2405 567 2458 baros
618 2406 929 2475 quosdam,
984 2408 1125 2476 quia
1165 2408 1545 2463 vernaculum
1590 2416 1679 2464 est
1724 2428 1932 2465 aurum
1989 2416 2046 2465 et

392 2494 720 2561 copiosum,
772 2511 913 2549 auro
966 2496 1189 2550 vinctos
1236 2497 1293 2550 in
1340 2498 1652 2568 ergastulis
1703 2499 1939 2567 habent,
1991 2504 2048 2553 et

402 2580 617 2636 divitiis
649 2581 835 2638 malos
873 2590 1139 2655 onerant,
1171 2590 1333 2641 tanto
1366 2585 1793 2655 locupletiores,
1826 2592 2045 2658 quanto

402 2670 790 2726 nocentiores.
821 2671 1150 2742 Aliquando
1190 2691 1386 2729 revera
1434 2674 1735 2731 inventum
1768 2683 1876 2743 est,
1909 2694 2045 2748 quo-

402 2759 573 2813 modo
603 2764 661 2814 et
690 2777 900 2815 aurum
932 2778 1045 2816 non
1090 2776 1336 2818 ametur.
1387 2764 1764 2820 Gemmarum
1815 2782 2047 2836 quoque

397 2848 763 2903 nobilitatem
793 2850 1046 2906 vidimus
1076 2854 1271 2907 Romae
1306 2853 1375 2908 de
1417 2854 1649 2908 fastidio
1697 2854 2048 2911 Parthorum

396 2940 454 2991 et
482 2937 783 2993 Medorum
828 2943 1289 3011 ceterorumque
1338 2943 1644 3013 gentilium
1676 2944 1881 2999 1312
1913 2960 2046 2999 suo-

2164 560 2266 598 ncc
2315 545 2385 597 ad
2442 544 2837 597 ostensioncm
2892 543 2935 576 ³⁸
2985 544 3101 598 l'cre
3156 542 3462 595 habentur.
3516 540 3720 594 Latent
3750 541 3809 595 in

2163 632 2395 685 circulis
2428 634 2469 665 ³⁷
2497 633 2608 701 (30)
2640 630 2961 702 smaragdi,
2994 636 3050 685 et
3087 630 3381 703 cylindros
3432 630 3654 700 vagina:
3688 646 3807 684 suae

2162 719 2324 775 solus
2359 720 2587 789 gladius
2619 720 2727 775 sub
2761 721 2895 774 sinu
2928 720 3173 785 novit,et
3205 720 3262 772 in
3298 717 3616 789 peronibus
3640 718 3810 772 unio-

2162 826 2265 865 nes
2320 826 2613 878 emergere
2670 810 2739 864 de
2791 807 2913 863 luto
2958 808 3221 880 cupiunt.
3278 806 3431 861 Nihil
3466 807 3507 849 ιδ
3555 806 3808 878 denique

2159 902 2279 953 tam
2313 903 2672 969 gemmatum
2704 898 2946 961 habent,
2970 914 3147 969 quam
3178 896 3223 931 ³9
3253 896 3407 967 quod
3440 899 3805 967 gemmatum

2162 1003 2289 1042 esse
2321 1003 2436 1041 non
2477 987 2668 1053 debet,
2720 986 2767 1041 si
2801 1003 2917 1040 non
2969 990 3297 1057 comparet;
3334 994 3436 1039 aut
3485 984 3614 1039 ideo
3646 999 3806 1039 com-

2160 1084 2345 1148 paret,
2379 1081 2443 1130 ut
2476 1075 2804 1147 neglectum
2839 1092 3071 1146 quoque
3099 1076 3462 1129 ostendatur.

2772 1218 3001 1274 CAPUT
3041 1220 3191 1273 VIII.

2234 1343 2476 1397 Proinde
2504 1349 2558 1399 et
2586 1342 2840 1398 vestium
2873 1344 2942 1397 de
2974 1343 3267 1397 coloribus
3319 1341 3601 1395 honorem
3659 1341 3809 1395 servi

2159 1434 2335 1487 etiam
2366 1449 2567 1486 eorum
2600 1438 2812 1485 terunt.
2849 1431 2957 1485 Sed
2990 1436 3045 1484 et
3075 1432 3323 1500 parietes
3356 1429 3545 1499 Tyriis
3575 1432 3631 1482 et
3661 1428 3805 1499 hya-

2160 1520 2441 1575 cinthinis
2471 1526 2526 1573 et
2558 1519 2672 1573 illis
2706 1518 2881 1589 regiis
2911 1519 3206 1587 velis,quze
3238 1533 3337 1571 vos
3369 1532 3612 1587 operose
3643 1533 3802 1570 reso-

2159 1609 2284 1664 luta
2313 1608 2766 1678 transflguratis,
2801 1623 2903 1678 pro
2952 1607 3185 1677 pictura
3234 1608 3575 1659 abutuntur.
3620 1604 3808 1658 Vilior

2159 1702 2246 1753 est
2277 1698 2431 1769 apud
2460 1695 2592 1752 illos
2626 1712 2905 1767 purpura,
2958 1712 3134 1765 quam
3182 1694 3434 1749 rubrica.
3471 1692 3611 1757 Quis
3644 1693 3803 1748 enim

2159 1793 2248 1842 est
2298 1787 2550 1841 vestium
2601 1785 2786 1839 honor
2827 1786 3027 1854 justus
3088 1784 3157 1837 de
3207 1780 3493 1837 adulterio
3546 1780 3807 1837 colorum

2156 1876 2511 1945 injustorum
2544 1874 2701 1944 (31)?
2733 1873 2857 1927 Non
2890 1870 3077 1943 placet
3106 1872 3244 1937 Deo,
3303 1871 3457 1941 quod
3510 1886 3624 1924 non
3676 1870 3801 1940 ipse

2150 1964 2446 2036 produxit,
2479 1961 2592 2018 nisi
2623 1961 2673 2017 si
2706 1978 2821 2016 non
2854 1959 3041 2033 potuit
3072 1976 3364 2031 purpuras
3397 1962 3453 2013 et
3500 1958 3730 2013 aerinas
3756 1958 3802 1993 ‘0

2150 2069 2284 2108 oves
2317 2052 2475 2107 nasci
2498 2052 2704 2122 jubere
2736 2050 2869 2118 (32).
2901 2049 2957 2103 Si
2989 2048 3197 2120 potuit,
3232 2064 3367 2119 ergo
3392 2047 3518 2118 jam
3570 2046 3789 2114 noluit;

2152 2142 2304 2214 quod
2339 2141 2491 2196 Deus
2522 2140 2729 2208 noluit,
2767 2139 2967 2209 utique
2997 2154 3109 2192 non
3142 2136 3278 2192 licet
3309 2136 3470 2208 fingi.
3505 2136 3629 2193 Non
3658 2151 3793 2206 ergo

2153 2238 2363 2287 natura
2393 2232 2616 2302 optima
2646 2234 2786 2284 sunt
2820 2229 2956 2297 ista,
2990 2244 3117 2298 quae
3149 2244 3182 2281 a
3212 2231 3322 2281 Deo
3353 2243 3468 2280 non
3502 2229 3662 2289 sunt,
3698 2240 3797 2277 au-

2152 2328 2307 2375 ctore
2341 2327 2564 2373 natura:
2590 2338 2602 2385 ;
2629 2322 2713 2374 sic
2745 2334 2777 2371 Β.
2808 2316 3037 2371 diabolo
3088 2332 3211 2370 esse
3259 2313 3689 2385 intelliguntur,
3723 2312 3795 2366 ab

2155 2408 2566 2479 interpolatore
2595 2411 2837 2461 naturai.
2872 2404 3127 2460 Alterius
3158 2404 3314 2458 enim
3348 2418 3476 2457 esse
3510 2418 3623 2455 non
3660 2417 3795 2471 pos-

2155 2503 2316 2565 sunt,
2350 2498 2399 2552 si
2433 2498 2530 2551 Dei
2563 2513 2678 2551 non
2719 2500 2859 2551 sunt
2911 2511 2923 2548 :
2968 2494 3107 2565 quia
3164 2491 3362 2547 remuli
3411 2490 3531 2545 sint
3561 2505 3799 2544 necesse

2156 2596 2262 2657 est,
2296 2604 2421 2657 quas
2449 2586 2551 2640 Dei
2575 2601 2689 2639 non
2724 2589 2903 2650 sunt;
2938 2582 3089 2637 alius
3139 2587 3358 2647 autem,
3416 2583 3623 2651 praeter
3668 2579 3798 2635 dia-

2154 2677 2355 2732 bolum
2387 2680 2444 2730 et
2475 2674 2714 2745 angelos
2746 2675 2897 2743 ejus,
2930 2672 3177 2726 aemulus
3209 2669 3311 2724 Dei
3342 2686 3457 2725 non
3488 2674 3595 2723 est.
3616 2669 3796 2722 Ciste-

2157 2782 2309 2833 rum,
2342 2764 2391 2820 si
2424 2763 2679 2819 materia:
2710 2779 2779 2817 ex
2812 2767 2923 2817 Deo
2954 2765 3235 2828 sunt,non
3270 2758 3469 2814 statim
3502 2763 3560 2812 et
3590 2757 3796 2827 hujus-

2157 2853 2312 2908 modi
2344 2854 2571 2907 fructus
2604 2850 2838 2906 illarum
2860 2851 2904 2885 ‘1
2939 2849 3083 2921 (33);
3115 2864 3250 2904 nam
3277 2853 3334 2902 et
3356 2862 3560 2902 omnes
3590 2846 3794 2900 1813

2155 2942 2278 2998 istas
2312 2943 2563 3013 profanas
2586 2938 3056 3012 spectaculorum
3108 2936 3480 2993 saacularium
3528 2933 3796 3007 volupta-

1836 3061 2039 3122 Variaa
2081 3062 2395 3122 lectiones.

462 3159 509 3193 ⁸ο
540 3161 611 3215 Et
639 3162 891 3218 inserunt
920 3164 1043 3218 alii.
1123 3166 1165 3201 ³¹
1199 3164 1461 3221 Postulat
1492 3166 1723 3221 Semler.
1760 3168 1925 3223 Ilhen.
2001 3169 2046 3202 ³³
2077 3168 2283 3223 Deerat
2317 3170 2453 3224 Jun.
2500 3166 2620 3232 Rig.

1868 3240 1912 3273 ³⁸
1969 3239 2434 3295 Ostentationcm
2491 3229 2625 3290 alii.
2701 3237 2743 3270 ³⁷
2800 3235 3056 3305 Cingulis
3113 3233 3278 3288 Seml.
3339 3229 3588 3305 singulis
3635 3230 3793 3305 Pam.

1907 3311 1950 3344 ⁸ο
1981 3311 2069 3366 Sic
2098 3314 2159 3365 in
2206 3312 2350 3365 libro
2380 3308 2785 3368 vetustissimo;
2817 3301 2945 3371 alii,
3005 3306 3211 3361 aerias.
3275 3304 3479 3372 Rigalt.
3540 3301 3794 3355 aerinas.

393 3230 522 3301 ipsa
557 3235 710 3288 Pam.
790 3236 835 3269 ³⁸
867 3238 1067 3291 Puncti
1122 3239 1277 3307 signa
1315 3238 1605 3308 distinguit
1660 3240 1788 3294 Jun.

395 3303 438 3336 88
470 3304 623 3336 Ntktl
660 3308 790 3336 Ληνκοί
851 3306 986 3336 0-...)
1085 3308 1130 3336 ac
1160 3310 1341 3336 nn...“
1382 3314 1535 3336 ,ημεη
1584 3312 1787 3336 οληκιι.-.

470 3304 624 3358 Nihil
657 3308 809 3359 omit.
843 3306 1007 3362 Seml.
1085 3308 1130 3342 ³⁰
1160 3304 1343 3373 Quam
1378 3304 1552 3364 0min.
1577 3312 1805 3365 Semler.

2697 3164 2741 3197 ³³
2788 3164 3233 3229 Ornamentum,
3282 3160 3407 3215 alii.
3482 3159 3528 3193 “
3575 3158 3796 3212 Semet-

394 3375 647 3454 llhenan.
680 3378 891 3454 legebat
918 3381 1172 3454 carinas,
1206 3380 1435 3454 ἐαρινὰς,
1469 3385 1552 3436 δίε
1600 3384 1765 3436 Fran.
1819 3384 1997 3437 Paris.
2050 3384 2153 3436 alii
2192 3384 2411 3436 arinas.
2448 3381 2746 3449 Utrumque
2786 3380 2913 3454 Jan.
2965 3378 3054 3454 dc_
3085 3378 3261 3454 viridi
3302 3376 3477 3454 colore
3527 3376 3797 3454 inter-pref

389 3448 558 3501 tatur.

394 3517 454 3573 in
490 3519 796 3587 omnibus,
826 3524 1147 3593 quaeritur;
1182 3529 1238 3580 et
1268 3525 1441 3580 unde.

666 3449 705 3491 ι¹
737 3452 991 3505 Latinius
1017 3444 1184 3506 aliter
1214 3444 1385 3507 vo'luit
1415 3444 1435 3507 ,ί
1466 3458 1747 3509 Caeterum
1780 3456 1827 3509 si
1864 3455 2116 3510 materias
2149 3471 2215 3509 ex
2246 3454 2361 3508 Deo
2392 3457 2552 3519 sunt,
2586 3444 2699 3506 non
2736 3451 2933 3506 statim
2966 3457 3022 3505 et
3043 3446 3387 3520 hujusmodi
3410 3446 3636 3500 fructus
3659 3444 3798 3498 latet

1829 3625 2347 3686 Commentarius.

394 3727 538 3802 tum
571 3726 643 3781 ad
691 3726 912 3781 fatuam
952 3729 1287 3799 superbiam
1320 3731 1641 3785 transtulit.
1674 3732 1762 3786 Sic
1793 3732 2035 3802 gloriam
2071 3735 2112 3799 C
2153 3732 2299 3796 suis,
2331 3732 2581 3787 vestium
2632 3731 2911 3786 honorem
2964 3728 3217 3802 praebere
3258 3725 3338 3780 ait
3381 3740 3495 3802 non
3538 3724 3790 3802 justum.

394 3796 547 3850 dicet
575 3814 783 3853 vanam
817 3804 873 3853 et
902 3796 1283 3870 stuporatam.
1307 3802 1397 3856 Sic
1429 3802 1529 3858 lib.
1551 3820 1567 3857 ι
1589 3796 2037 3859 ΑιίυενδΪΜανσᾼ

400 3870 764 3949 {Supercilio
787 3875 1094 3949 stuporem
1120 3889 1290 3949 suum
1315 3874 1604 3929 nidiﬁcant
1625 3876 2039 3949 Marcionitce.»

395 3941 510 4020 Sic.
546 3941 645 3995 lib.
679 3941 1032 4020 ad_Natic_ne:
1086 3960 1172 4020 ll”:
1207 3948 1463 4020 Stupores
1512 3949 1729 4020 Atticos.
1784 3947 1882 4002 Sic
1933 3948 2038 4019 Cy-

394 4013 867 4093 prianum-epist.-
895 4016 960 4067 42
993 4031 1005 4068 :
1040 4013 1324 4093 .«_Si_quis_
1376 4017 1543 4093 aliter
1594 4019 1781 4093 docet,
1826 4023 1882 4093 et
1924 4013 2036 4093 non

393 4086 714 4153 acquiescit
743 4087 903 4140 sanis
937 4086 1128 4141 verbis
1162 4086 1392 4143 Domini
1427 4089 1607 4143 nostri
1639 4090 1777 4144 Jesu
1824 4090 2037 4145 Christi

393 4161 450 4210 et
472 4157 747 4228 doctrinae
778 4159 927 4227 ejus,
961 4166 1199 4228 stupore
1232 4162 1423 4215 elatus
1455 4169 1558 4216 est.
1598 4186 1618 4213 ι
1660 4162 1839 4215 ltum.

606 4229 696 4283 Sic
713 4226 955 4304 calcabzt
988 4226 1203 4304 diaboli
1247 4239 1428 4304 caput.
1480 4234 1623 4287 Hinc
1658 4234 2034 4287 manifestum

393 4305 484 4351 est
513 4298 953 4377 A'l‘erlullianum
1005 4304 1095 4377 sic
1136 4298 1346 4377 legisse
1391 4306 1595 4361 Genes.
1650 4323 1745 4372 Ill;
1798 4307 1861 4359 Et
1908 4309 2034 4375 ipsa

395 4375 634 4439 conteret
665 4379 831 4439 caput
859 4380 1035 4428 tuum.
1070 4374 1192 4429 Bia.

469 4438 581 4519 (29)
633 4438 1032 4499 Contumeliam
1079 4446 1137 4499 in
1198 4448 1563 4519 semetipsum.
1633 4448 1822 4519 Supra
1870 4447 2036 4514 dixit,

400 4511 710 4565 Dominum
740 4520 1005 4569 nostrum
1033 4511 1522 4573 contumeliosum
1552 4519 1663 4573 sibi
1698 4511 2035 4574 fhisseltle.

469 4582 579 4651 (30)
612 4584 811 4659 Latent,
838 4588 895 4641 in
926 4588 1149 4659 circulis
1178 4590 1482 4659 smaragdi.
1517 4592 1607 4643 hic
1641 4593 1812 4646 habet
1843 4608 2037 4646 exem-

400 4653 527 4724 plar
558 4656 868 4733 agebardi.
902 4658 1281 4733 Circulis,hoc
1309 4653 1761 4733 est,muuilibus.
1798 4665 1926 4733 Ipse
1947 4681 2042 4718 su-

402 4727 814 4800 pr_a_,gCirculos
842 4746 912 4785 ea:
939 4747 1076 4785 auro
1106 4727 1300 4800 quibus
1331 4727 1555 4787 brachia
1587 4727 1894 4790 arctanttir.
1914 4735 2035 4789 Rm.

471 4797 582 4874 (31)
615 4800 873 4874 ραίενεσι
919 4797 1150 4857 vestiunt
1197 4804 1370 4859 honor
1398 4808 1593 4874 justus
1640 4806 1705 4861 de
1758 4807 2040 4861 adulterio

400 4868 647 4950 colorum
697 4873 1046 4950 injystorum.
1102 4868 1631 4950 AAcousatfluxum
1705 4878 2037 4950 mulierum.

400 4955 527 5010 quae
560 4946 616 4995 in
651 4946 999 5001 vestimenta
1028 4946 1249 5001 colores
1300 4947 1641 5003 induoereut
1672 4966 1783 5004 non
1818 4949 2041 5004 nativos

399 5010 600 5093 velleri
631 5021 731 5070 aut
761 5017 927 5093 lanas,
960 5016 1225 5093 videlicet
1254 5021 2040 5093 purpureos,hyacinthincs,

2155 3805 2345 3858 Vestis
2377 3809 2571 3859 autem
2624 3804 2810 3858 alieno
2868 3805 2927 3855 et
2965 3796 3292 3855 ambitioso
3347 3796 3539 3851 colore
3590 3796 3793 3848 fucatas

2152 3875 2431 3929 honorem
2492 3891 2593 3929 seu
2652 3873 3021 3945 splendorem
3080 3870 3438 3945 fulgoremve
3480 3868 3791 3935 injustam,

2152 3949 2221 4001 ad
2285 3946 2649 4001 honestatem
2687 3940 3191 4011 'modestiamque’
3229 3940 3623 3995 Christianam
3678 3951 3791 3989 non

2152 4020 2467 4089 pertinere.
2511 4019 2633 4071 Rm.
2903 4087 2910 4090 _
3371 4086 3380 4090 _
3531 4079 3541 4090 .

2224 4092 2330 4159 (33)
2364 4090 2483 4143 Nisi
2510 4092 2559 4143 si
2602 4104 2706 4141 non
2756 4087 2932 4159 potuit
2975 4097 3297 4159 purpureas
3331 4086 3381 4136 et
3424 4086 3643 4159 acrinus
3673 4091 3793 4157 oves

2149 4148 2538 4229 misci'jubere.
2603 4162 2684 4213 lta
2724 4148 2984 4211 o'mnino'
3024 4148 3243 4229 legitur;
3286 4152 3341 4229 in
3390 4148 3791 4229 vetustissimo

2151 4225 2366 4298 codice,
2401 4250 2514 4287 non
2549 4241 2608 4283 ut
2642 4230 2923 4283 hactenus
2954 4229 3177 4282 editum
3225 4225 3352 4293 fuit,
3385 4226 3592 4300 aerias.
3628 4225 3788 4300 Aeri-

2153 4322 2258 4359 nas
2309 4296 2447 4359 dicit
2494 4320 2627 4359 oves
2678 4302 2867 4356 colore
2910 4300 3137 4373 Aaerino,
3185 4311 3359 4373 quem
3411 4300 3475 4350 ut
3522 4296 3791 4373 teminneis

2150 4376 2411 4431 vestibus
2456 4374 2865 4447 gratissimum
2910 4364 3133 4447 laudat
3162 4364 3424 4447 Ovidius,
3476 4365 3598 4433 ubi,
3641 4364 3793 4417 facta

2153 4440 2629 4517 mentione‘Tyrii
2663 4444 2924 4509 muricis,
2958 4442 3158 4498 statim
3186 4440 3387 4510 adjicit
3417 4454 3430 4493 :

2282 4563 2401 4608 Cum
2428 4566 2498 4606 tot
2527 4560 2784 4618 prodierint
2812 4559 2963 4615 pretio
2997 4556 3177 4601 leviore
3206 4553 3415 4599 colores.

2360 4625 2476 4677 Quis
2499 4615 2631 4668 furor
2651 4629 2724 4667 est
2750 4634 2925 4667 census
2953 4631 3158 4675 corpore
3184 4620 3309 4661 ferre
3338 4615 3485 4659 suos?

2281 4690 2427 4734 Aeris
2455 4700 2568 4733 ecce
2593 4688 2749 4742 color,
2780 4693 2891 4730 tunc
2917 4698 3026 4728 cum
3055 4683 3158 4727 sine
3186 4679 3387 4725 nubibus
3410 4691 3507 4723 aer.

2360 4752 2462 4797 Nec
2486 4750 2673 4807 tepidus
2702 4748 2889 4807 pluvias
2908 4748 3113 4791 concitat
3141 4745 3324 4788 Auster
3348 4752 3513 4797 aquas.

2220 4879 2332 4947 (33)
2365 4878 2634 4933 Caeterum
2662 4879 2712 4931 si
2740 4874 2992 4929 materia:
3020 4872 3223 4947 σας-Περ
3253 4877 3405 4938 sunt,
3434 4882 3547 4947 novi
3598 4864 3790 4947 statim

2148 4954 2197 5004 et
2224 4937 2546 5021 huiusmodi
2572 4953 2783 5020 fructus
2814 4947 3061 5001 illarum.
3096 4937 3413 5021 Postquam
3461 4937 3789 5021 sub-elogio

2151 5010 2330 5076 atroci
2391 5010 2775 5093 gravissimus
2831 5033 3055 5093 censor,
3092 5010 3283 5093 vestes
3354 5010 3788 5093 hyacinthinas,

399 5082 747 5175 poccineosi
769 5094 827 5144 et
856 5080 961 5175 ho‘s
992 5090 1231 5175 essenait
1254 5080 1483 5175 colores
1517 5080 1767 5175 iniustos
1798 5099 1854 5150 et
1884 5080 2045 5149 adul;
2076 5112 2118 5175 θ
2153 5080 2476 5163 purpureas
2509 5098 2567 5147 et
2597 5092 2846 5173 aerinas,
2880 5094 2935 5170 et
2963 5092 3167 5143 caetera
3305 5080 3496 5175 genus
3544 5080 3791 5175 luxJuriie

400 5153 569 5237 teria.
627 5181 645 5206 α
686 5162 1253 5237 yomplacetDeo,
1306 5165 1519 5235 inquit,
1573 5153 1726 5237 quod
1762 5184 1875 5222 non
1912 5182 2039 5236 pro-

405 5230 586 5281 duxit.
624 5252 651 5277 »
684 5230 901 5309 Deinde
950 5234 1304 5309 subridens:
1340 5230 1527 5309 «(Nisi
1580 5230 1627 5290 si
1692 5255 1801 5292 non
1855 5230 2043 5309 potuit

408 5315 746 5379 purpureas
777 5308 833 5357 et
881 5302 1109 5379 aerinas
1154 5322 1287 5379 oves
1332 5308 1493 5363 nasci
1547 5309 1763 5377 jubere.
1820 5302 1870 5357 ››’
1895 5314 2039 5362 Tum

404 5373 556 5449 serio
589 5373 777 5449 pergit
809 5391 821 5428 :
857 5396 882 5423 ‹‹
937 5374 1233 5449 Si_potujt,
1272 5393 1417 5449 ergo
1459 5373 1584 5449 jam
1638 5380 1843 5436 noluit.
1878 5381 2039 5447 Quod

404 5440 559 5521 Deus
590 5440 799 5521 noluit,
831 5462 952 5521 non
978 5440 1113 5521 licet
1145 5446 1305 5521 fingi.
1342 5440 1817 5521 {Argumentum
1866 5440 2041 5507 etiam

407 5512 779 5596 adgraviora
802 5516 1086 5596 notabile_
1111 5533 1176 5571 ac
1231 5512 1642 5596 fortissimum.
1692 5531 1890 5596 Itaque
1921 5524 2042 5579 col-

404 5583 537 5653 ligit
564 5584 818 5660 injustos
843 5605 971 5644 esse
1002 5586 1245 5660 colores,
1280 5606 1427 5660 quos
1471 5592 1687 5650 habent
1736 5583 1879 5655 lanae
1928 5612 2041 5651 non

408 5671 578 5735 suos,
604 5674 669 5711 ac
701 5658 943 5735 proinde
973 5658 1457 5735 adulteros—Mox
1506 5675 1915 5733 argumentum
1948 5685 2044 5722 ex-

407 5725 607 5798 plicat,
640 5725 885 5788 et‘lanas
916 5731 1278 5803 hujusmodi,
1312 5725 1899 5802 imbutas'coloribus
1929 5755 2045 5797 non

2152 5153 2546 5220 instrumenta
2578 5163 2940 5235 proscripsit,
2988 5159 3237 5214 occurrit
3267 5156 3575 5236 objectioui
3625 5153 3793 5236 dicti-

2152 5238 2425 5303 tantium,
2459 5254 2525 5291 ea
2563 5230 2759 5291 omnia
2797 5230 3283 5305 quae'itantopere
3332 5230 3789 5305 exagitarentur,

2152 5327 2265 5365 non
2294 5295 2462 5364 secus
2493 5325 2558 5363 ac
2589 5295 2881 5362 caetera‘a
2938 5304 3052 5358 Deo
3102 5295 3231 5357 esse
3286 5295 3507 5365 creata;
3569 5295 3791 5349 colores

2152 5381 2283 5435 illos
2318 5380 2615 5435 mirabiles
2648 5378 2851 5434 confici
2880 5394 2908 5431 e
2942 5376 3133 5430 succis
3184 5375 3503 5449 herbarum
3547 5371 3601 5449 et
3648 5380 3786 5418 con-

2152 5454 2395 5508 charum
2429 5452 2629 5507 salivis
2654 5470 2666 5519 ;
2694 5451 2903 5505 herbas
2921 5453 3111 5503 autem
3138 5453 3193 5499 et
3218 5445 3467 5499 conchas
3488 5445 3645 5519 inter
3677 5452 3791 5491 res.

2221 5524 2295 5594 (ιι)
2328 5525 2441 5579 Deo
2474 5510 2845 5594 creatasjure
2875 5521 3121 5583 censeri,
3143 5522 3209 5594 et
3236 5520 3455 5594 creatas
3488 5510 3795 5594 hominum

2152 5581 2350 5668 causa.
2378 5600 2570 5668 Itaque
2613 5581 2990 5651 distinctione
3037 5581 3459 5668 cavillationem
3510 5581 3703 5668 diluit,
3735 5584 3793 5635 et

2154 5667 2427 5723 materias
2457 5656 2693 5739 quidem
2725 5684 2793 5721 ex
2840 5670 2949 5718 Deo
2994 5677 3120 5716 esse
3160 5660 3389 5739 fatetur,
3424 5656 3657 5739 herbas,
3692 5656 3781 5706 in-

2154 5755 2353 5809 quam,
2387 5746 2443 5798 et
2472 5726 2745 5810 conchas,
2777 5743 2833 5793 et
2875 5749 3104 5799 succos,
3155 5736 3211 5785 et
3260 5729 3388 5785 illas
3437 5726 3789 5784 concharum
