4116 6184
310 322 463 382 M33

1352 322 1583 384 LIBER
1626 323 1678 385 ΙΙ
1724 324 1825 383 DE
1870 323 2128 386 CULTU
2174 325 2669 387 FEMINARUM.

3557 321 3581 378 Ι
3598 318 3714 379 434

306 454 547 525 cupivit,
606 457 663 510 et
724 454 876 508 facta
919 468 983 509 es
1033 457 1091 508 to
1137 454 1365 524 gladius
1420 456 1504 510 illi
1566 456 1697 527 (50).
1750 456 1821 511 Ut
1851 457 1892 491 ⁸⁷
1924 473 1958 510 a
1988 460 2037 526 Α
2072 457 2210 511 Nam
2248 458 2343 511 ubi
2389 458 2693 529 pudicitia,
2753 456 2832 510 ibi
2895 471 3073 509 vacua
3123 452 3521 525 pulchritudo,
3573 451 3713 522 quia

310 542 482 614 culpa
500 558 689 611 vaces,
722 542 795 597 ab
826 542 1043 595 invidia
1075 559 1186 599 non
1219 542 1563 599 liboraberis
1590 562 1602 611 ;
1640 549 1701 598 ut
1731 561 1861 599 cum
1898 544 1958 599 in

308 632 564 702 alicujus
596 648 733 702 agro
767 630 1136 686 latrocinium
1173 637 1404 703 gestum
1438 639 1546 699 est,
1581 633 1797 688 crimen
1832 633 1957 704 qui-

311 719 439 774 dem
476 719 783 775 dominum
817 736 929 774 non
964 720 1252 792 contingit
1283 721 1364 787 ‘3;
1419 724 1559 777 dum
1611 740 1713 778 rus
1760 726 1957 778 tamen

309 810 436 879 ejus
465 808 793 880 ignominia
820 810 1211 881 notatur,ipse
1240 828 1474 883 quoque
1494 811 1740 867 infamia
1767 827 1960 883 asper-

307 898 483 968 gitur.
520 897 918 970 Expingamus
952 916 1079 967 nos,
1111 904 1178 955 ut
1207 900 1374 955 alteri
1408 900 1701 974 pereant?
1732 900 1838 956 Ubi
1869 904 1958 957 est

307 1002 479 1059 ergo:
516 986 733 1058 Diliges
787 987 1116 1057 proximum
1178 992 1345 1043 tuum
1405 989 1556 1045 sicut
1614 994 1669 1045 te
1716 989 1952 1061 ipsum;

307 1073 484 1129 nolite
512 1080 707 1131 vestra
734 1077 964 1130 tantum
997 1091 1201 1131 curare
1230 1078 1297 1143 3°,
1330 1078 1429 1131 sed
1465 1076 1707 1132 alterius
1727 1077 1755 1131 ?
1784 1076 1957 1133 Nulla

305 1163 634 1219 enuntiatio
664 1163 917 1235 Spiritus
968 1166 1171 1220 ηιξ)
1231 1166 1419 1221 sancti
1481 1167 1551 1221 ad
1611 1170 1953 1237 praesentem

304 1255 536 1306 tantum
570 1253 874 1307 materiam
909 1258 961 1307 et
996 1270 1110 1309 non
1137 1255 1207 1309 ad
1232 1270 1466 1309 omnem
1495 1255 1768 1309 utilitatis
1795 1271 1957 1310 occa-

306 1339 530 1395 sionem
561 1341 733 1415 dirigi
766 1346 822 1396 et
871 1342 1085 1412 suscipi
1142 1344 1313 1398 debet
1361 1344 1428 1398 ⁷ο.
1481 1344 1624 1398 Cum
1677 1344 1855 1416 igitur
1898 1347 1956 1399 et

305 1435 506 1484 nostra
536 1434 593 1485 et
625 1431 875 1486 aliorum
908 1448 1088 1486 causa
1115 1436 1378 1487 versetur
1406 1433 1465 1487 in
1494 1433 1690 1488 studio
1725 1433 1951 1504 pericu-

306 1517 588 1573 losissimi
621 1520 871 1587 decoris,
900 1520 1025 1590 jam
1058 1537 1171 1575 non
1206 1525 1437 1576 tantum
1471 1522 1728 1577 confictae
1759 1522 1954 1577 etcla-

303 1604 520 1660 boratae
553 1606 1012 1677 pulchritudinis
1044 1610 1086 1645 ⁷¹
1123 1614 1464 1681 suggestum
1502 1611 1613 1680 (51)
1673 1626 1951 1665 recusan-

303 1693 448 1749 dum
480 1711 514 1749 a
541 1695 704 1750 vobis
735 1696 957 1762 sciatis,
982 1698 1082 1752 sed
1107 1698 1281 1752 etiam
1307 1698 1593 1753 naturalis
1617 1698 1953 1769 speciosita-

302 1783 380 1837 tis
414 1782 878 1839 oblitterandum
934 1786 1408 1842 dissimulatione
1467 1791 1523 1841 et
1578 1787 1823 1856 incuria,
1885 1792 1953 1843 ut

310 1871 553 1941 proinde
585 1872 889 1928 oculorum
924 1872 1262 1930 incursibus
1296 1874 1630 1930 molestum.
1665 1876 1809 1930 Nam
1843 1877 1951 1931 etsi

300 1961 674 2016 accusandus
707 1962 880 2017 decor
927 1978 1043 2017 non
1094 1967 1201 2029 est,
1258 1967 1323 2017 ut
1372 1962 1621 2018 felicitas
1668 1964 1949 2037 corporis,

300 2053 366 2103 ut
393 2049 597 2103 divinae
632 2049 885 2121 plasticae
915 2051 1171 2107 accessio
1204 2052 1336 2123 (52),
1374 2057 1438 2106 ut
1497 2053 1706 2107 anima:
1754 2053 1953 2124 aliqua

297 2137 478 2192 vestis
510 2140 735 2193 urbana
764 2141 847 2206 ἠς
883 2141 1213 2195 timendum
1246 2146 1443 2195 tamen
1476 2148 1565 2196 est
1592 2142 1681 2196 vel
1718 2148 1952 2213 propter

299 2223 575 2295 iniuriam
611 2232 667 2281 et
695 2226 1029 2282 violentiam
1067 2233 1483 2298 spectatorum,
1522 2246 1646 2300 quae
1679 2232 1723 2271 ⁷³
1773 2230 1947 2286 etiam

299 2319 468 2386 pater
498 2315 629 2370 fidei
664 2316 956 2372 Abraham
1002 2318 1056 2371 in
1111 2318 1307 2371 uxoris
1357 2335 1476 2372 suae
1526 2320 1718 2390 specie
1768 2320 1949 2390 perti-

301 2404 472 2473 muit,
500 2408 557 2459 et
586 2420 846 2459 sororem
882 2406 1160 2461 mentitus
1191 2407 1390 2460 Suram
1452 2407 1568 2475 (53)
1596 2408 1641 2442 ⁷³
1694 2410 1947 2466 salutem

299 2492 657 2549 contumelia
686 2494 954 2549 redemit.

937 2653 1171 2710 CAPUT
1209 2655 1305 2711 III.

370 2778 538 2834 Nunc
572 2794 687 2834 non
720 2778 798 2834 sit
852 2778 1115 2835 timenda
1163 2780 1418 2852 dignitas
1464 2780 1683 2849 formas,
1732 2785 1795 2837 ut
1839 2795 1946 2839 nec

299 2867 736 2938 possidentibus
792 2868 1005 2938 gravis,
1067 2884 1171 2923 nec
1220 2870 1631 2941 appetentibus
1675 2870 1939 2939 exitiosa,

306 2971 411 3010 nec
441 2955 771 3026 conjunctis
805 2956 1167 3028 periculosa;
1200 2974 1315 3013 non
1347 2958 1609 3030 exposita
1663 2960 1943 3015 tentatio-

1980 1831 2028 1895 B

2070 547 2299 617 proprie
2324 564 2465 601 usus
2498 551 2551 599 et
2585 546 2807 601 fructus
2841 542 3296 617 pulchritudinis
3321 540 3570 607 luxuria,
3597 539 3709 594 nisi

2068 636 2113 689 si
2146 636 2277 707 quis
2310 636 2487 690 aliam
2522 651 2772 690 messem
2806 633 2999 689 decori
3056 631 3313 704 corporis
3370 630 3709 686 arbitratur.

2068 723 2184 777 IlltB
2214 724 2326 779 sibi
2358 724 2779 780 formositatem
2812 733 2866 779 et
2896 725 3090 778 datam
3125 720 3443 775 extendant
3489 722 3546 773 et
3594 734 3709 772 non

2068 813 2259 868 datam
2295 813 2664 885 conquirant,
2699 830 2825 885 quis
2859 812 3007 884 quod
3037 812 3109 865 ab
3138 809 3235 864 illa
3258 808 3573 881 flagilatur,
3598 805 3708 860 sibi

2067 917 2299 973 quoque
2320 906 2591 973 priestarc
2613 920 2674 958 se
2692 908 3062 975 putant,cum
3090 899 3255 954 alteri
3282 898 3706 970 praestant(55).

2066 990 2224 1045 Dicet
2254 991 2507 1062 aliquis;
2541 992 2687 1057 Quid
2721 1008 2857 1062 ergo
2890 1007 3025 1054 non,
3058 994 3116 1044 et
3164 988 3399 1043 exclusa
3452 985 3704 1054 luxuria,

2065 1083 2119 1131 et
2151 1079 2409 1134 admissa
2440 1080 2726 1146 castitate,
2761 1080 2932 1133 laude
2964 1079 3159 1132 formis
3198 1076 3321 1131 sola
3370 1074 3481 1129 frui
3530 1078 3588 1129 et
3636 1076 3705 1128 de

2063 1167 2215 1222 bono
2247 1169 2504 1239 corporis
2534 1168 2771 1239 gloriari
2804 1168 2935 1223 licet
2963 1167 3053 1221 '5?
3084 1166 3321 1233 Viderit,
3380 1180 3552 1236 quem
3600 1164 3704 1233 ju-

2062 1260 2158 1309 vat
2188 1257 2256 1312 de
2287 1274 2459 1312 carne
2489 1256 2747 1329 gloriari.
2781 1257 2960 1312 Nobis
2993 1260 3184 1311 autem
3217 1255 3404 1326 primo
3462 1252 3700 1324 qvidem

2064 1344 2291 1399 nullum
2324 1346 2517 1416 gloriae
2576 1347 2862 1415 studium,
2910 1345 3049 1416 quia
3101 1342 3285 1415 gloria
3333 1340 3703 1397 exaltationis

2059 1432 2362 1505 ingenium
2394 1438 2502 1488 est.
2538 1439 2713 1488 Porro
2746 1432 3015 1489 exaltatio
3033 1448 3149 1487 non
3172 1430 3442 1501 congruit
3485 1430 3704 1500 profes-

2062 1523 2295 1577 soribus
2352 1524 2559 1579 1320
2617 1523 2971 1577 humilitatis
3031 1538 3099 1575 ex
3165 1518 3518 1591 praescriptis
3581 1517 3698 1572 Dei.

2062 1611 2278 1665 Deinde
2310 1612 2357 1664 si
2400 1611 2592 1666 omnis
2660 1610 2843 1683 gloria
2898 1627 3046 1665 vana
3099 1614 3155 1664 et
3208 1613 3510 1679 stuporata
3565 1608 3700 1674 (56),

2061 1704 2282 1770 quanto
2323 1702 2513 1771 magis
2545 1717 2670 1770 quaa
2703 1701 2762 1754 in
2795 1715 2967 1753 carne
3001 1698 3168 1753 nobis
3200 1698 3513 1752 duntaxat!
3552 1696 3699 1750 Nam

2058 1787 2165 1842 etsi
2189 1787 2557 1860 gloriandum
2580 1793 2688 1859 est,
2715 1789 2770 1842 in
2803 1788 3045 1859 spiritus
3064 1788 3254 1855 bonis,
3284 1802 3399 1840 non
3422 1787 3481 1839 in
3503 1800 3700 1853 carne,

2064 1875 2289 1947 placere
2317 1876 2461 1933 velle
2490 1878 2790 1943 debemus,
2824 1877 2962 1948 quia
3005 1874 3401 1948 spiritualium
3451 1876 3702 1928 sectato-

2063 1982 2155 2020 res
2173 1982 2398 2033 sumus;
2423 1966 2482 2019 in
2509 1967 2722 2037 quibus
2746 1963 3205 2037 operamur,illis
3227 1966 3281 2017 et
3304 1962 3698 2034 gaudeamus;

2061 2055 2130 2108 de
2162 2054 2254 2108 his
2285 2054 2527 2124 gloriam
2563 2071 2895 2125 carpamus,
2930 2054 3000 2108 de
3031 2052 3244 2123 quibus
3276 2051 3524 2107 salutem
3579 2067 3711 2121 spe-

2060 2144 2465 2197 ramus.Plane
2482 2142 2830 2215 gloriabitur
2843 2142 3210 2197 Christianus
3230 2141 3401 2195 etiam
3430 2141 3488 2195 in
3507 2156 3701 2207 carne,

2059 2233 2157 2286 sed
2192 2248 2324 2285 cum
2359 2236 2592 2302 propter
2621 2231 2917 2287 Christum
2967 2231 3220 2286 lacerata
3266 2230 3581 2294 duraverit,
3636 2233 3702 2283 ut

2056 2324 2113 2373 et
2143 2319 2463 2390 spiritusin
2496 2337 2563 2375 ea
2594 2326 2925 2388 coronetur,
2959 2338 3071 2376 non
3120 2325 3184 2374 ut
3232 2318 3431 2374 oculos
3481 2323 3543 2371 ut
3594 2334 3695 2371 su-

2060 2409 2242 2480 spiria
2286 2409 2740 2465 adolescentium
2777 2415 2908 2482 post
2932 2427 2994 2465 se
3024 2409 3236 2464 trahat.
3288 2413 3374 2463 Ita
3423 2407 3576 2477 quod
3631 2422 3699 2461 ex

2056 2498 2215 2552 omni
2248 2502 2409 2569 parte
2438 2498 2495 2553 in
2530 2499 2694 2554 vobis
2725 2504 2910 2569 vacat,
2945 2498 3152 2554 merito
3184 2502 3239 2552 et
3268 2514 3381 2552 non
3413 2496 3696 2551 habentes

2055 2586 2393 2655 fastidiatis,
2423 2592 2480 2643 et
2508 2587 2792 2643 habentes
2808 2586 3364 2660 negligatis.Sancta
3385 2585 3601 2641 femina
3621 2584 3698 2640 sit

2055 2674 2401 2731 naturaliter
2431 2676 2715 2748 speciosa,
2750 2694 2864 2733 non
2898 2677 3041 2733 adeo
3074 2676 3151 2731 sit
3182 2673 3508 2742 occasioni;
3542 2677 3697 2729 certe

2053 2762 2102 2818 si
2144 2764 2335 2830 luerit,
2369 2780 2485 2819 non
2516 2764 2808 2837 ignorare,
2840 2766 2942 2821 sed
2975 2766 3152 2821 etiam
3184 2763 3469 2835 impedire
3496 2779 3559 2818 se
3596 2764 3695 2817 de-

2049 2851 2150 2909 bet
2177 2852 2241 2905 ⁷⁸.

2686 2944 2916 3000 CAPUT
2958 2943 3050 2998 ιν.

298 3044 498 3110 nibus,
558 3061 673 3099 non
733 3044 1097 3102 circumdata
1151 3046 1446 3103 scandalis
1505 3048 1873 3104 existimetur
1924 3066 1937 3106 :
1973 3087 2017 3157 Ο
2124 3048 2299 3111 Quasi
2328 3048 2645 3120 gentilibus
2677 3050 2891 3117 dicam,
2924 3049 3129 3122 gentili
3162 3054 3219 3105 et
3247 3047 3547 3105 communi
3568 3064 3694 3103 om-

301 3133 517 3157 -.-fﬂ-£L
577 3134 724 3157 ---ΑΔ
762 3134 983 3157 -.....-12-
1026 3135 1123 3157 “-2
1162 3134 1265 3157 ‘EI\
1301 3153 1411 3157 __._
1456 3141 1536 3157 -AL
1591 3138 1909 3157 _--_,A-_2,
2060 3138 2211 3157 W3“..-
2253 3146 2530 3157 _,_,__,,.A
2570 3137 2785 3157 -Il,,,,,
2926 3156 2931 3157 ,
3064 3138 3161 3157 ,,‘I:
3232 3155 3275 3157 γά
3332 3138 3457 3157 ,Snfh
3491 3136 3694 3157 n_n-s_,!_

299 3133 540 3200 sufﬁcit,
573 3134 727 3206 quod
760 3134 986 3207 angelis
1023 3135 1125 3191 Dei
1154 3134 1267 3209 (54)
1301 3153 1417 3192 non
1449 3141 1539 3194 est
1589 3138 1942 3196 necessaria.

2056 3138 2219 3193 nium
2251 3146 2538 3211 praecepto
2564 3137 2871 3211 alloquens
2901 3156 3025 3207 vos,
3056 3138 3199 3195 solis
3229 3138 3460 3195 maritis
3491 3136 3698 3194 vestris

1710 3312 1912 3374 Variae
1958 3313 2275 3378 lectiones.

364 3437 406 3472 ⁸⁷
427 3437 796 3520 _Rig.glad_ius
829 3439 1173 3520 i_l_li,hut_etsi
1203 3459 1240 3520 a_
1263 3441 1437 3515 culpa
1464 3459 1654 3512 vaces,
1687 3445 1759 3499 ab
1792 3445 1909 3520 inv.
1943 3463 2002 3520 n.
2036 3448 2320 3505 libereris.
2396 3452 2439 3486 ⁸⁸
2473 3452 2591 3520 Rig.
2620 3452 2917 3517 continget
2948 3468 2959 3517 ;
2986 3449 3151 3503 Seml.
3186 3446 3701 3517 constringit,dum

296 3525 406 3593 res"
423 3516 618 3593 tamen
651 3516 760 3593 etc.
831 3512 1083 3593 _'°_._Seml.
1128 3514 1307 3593 nolite
1338 3512 1532 3593 vestra
1555 3532 1782 3593 curare:
1858 3518 1903 3593 7_°
1932 3518 2099 3575 Semt.
2136 3528 2345 3593 potest.
2423 3524 2463 3557 ⁷⁸
2498 3512 2661 3577 δὲηιΙ,
2691 3512 2971 3577 libidinis.
3006 3523 3094 3575 Fr.
3120 3521 3326 3593 Junius
3379 3512 3698 3589 cupidinis.

293 3580 340 3654 7³
371 3580 664 3654 ιςὶενϐειθη.
689 3585 740 3636 et
778 3582 862 3637 ed.
895 3585 1059 3639 Fran.
1097 3602 1111 3651 ;
1154 3588 1276 3654 Rig.
1309 3588 1487 3642 vestis
1519 3587 1713 3654 bona;
1746 3586 1914 3644 Seml.
1953 3580 2201 3648 vestitus
2237 3597 2407 3649 bona.

2508 3596 2556 3628 ⁷³
2586 3597 2704 3665 Rig.
2760 3594 2893 3648 viol.
2930 3592 3331 3665 sectationem,
3357 3606 3555 3665 quam
3588 3595 3696 3665 etc.

372 3652 497 3735 god.
525 3653 698 3735 βαθὺ..
736 3658 801 3735 et
826 3659 986 3735 {sane
1017 3652 1274 3735 sororem
1307 3659 1638 3735 ementibus
1668 3652 2005 3735 Rebeccam.
2084 3664 2128 3700 ⁷⁸
2159 3667 2273 3735 Rig.
2310 3665 2600 3735 castitate,
2652 3652 2865 3720 laudes
2917 3664 3178 3735 corporis
3223 3652 3475 3735 gloria-m7
3519 3660 3703 3735 licet?

294 3723 337 3806 2"
369 3725 743 3808 RigLSan‘ct‘aa
766 3724 1023 3808 feminae,
1051 3727 1099 3783 si
1132 3736 1327 3784 natur.
1364 3728 1665 3801 speciosae,
1696 3747 1811 3786 non
1842 3732 1987 3788 adeo
2019 3734 2096 3789 sit
2125 3723 2372 3807 occasio,
2407 3744 2559 3793 certe
2587 3723 2635 3792 si
2675 3738 2873 3808 fuerit,
2907 3723 3354 3806 nonadjmiare,
3384 3734 3484 3789 sed
3526 3734 3702 3788 etiam

295 3794 585 3867 impedire
613 3796 803 3851 debet.

1738 3891 2259 3956 Commentarius.

299 4020 831 4092 aperteDominus,
869 4020 1162 4092 amplians
1194 4019 1404 4092 legem,
1431 4020 1577 4076 iram
1610 4020 1668 4076 in
1714 4023 1949 4079 fratrem

301 4090 618 4165 homicidio
650 4090 1016 4165 superponit.
1051 4110 1081 4143 υ
1114 4090 1451 4164 Eodemque
1500 4110 1677 4149 sensu
1728 4093 1827 4150 lib.
1884 4096 1951 4151 de

303 4162 510 4231 Monog.
544 4162 689 4217 dixit
716 4162 741 4219 ξ
781 4188 809 4215 ‹‹
836 4162 976 4227 Ome
1028 4165 1095 4217 ad
1141 4162 1435 4234 justitiam
1495 4172 1782 4236 spectant,
1833 4184 1948 4222 non

299 4238 530 4358 tantur;
564 4242 854 4293 reservata
886 4240 1286 4307 permaneant,
1336 4253 1533 4292 verum
1591 4243 1648 4292 et
1702 4238 1947 4309 amplia-

328 4322 378 4358 a.
412 4324 440 4352 »
526 4320 604 4358 ια.

300 4310 378 4359 ta.
412 4324 440 4352 )›
478 4310 604 4358 RIG.

369 4375 678 4449 (50)“Facta
715 4392 788 4449 es
822 4390 880 4431 tu
908 4376 1137 4449 gladius
1194 4378 1305 4432 illi.
1359 4378 1679 4449 Cyprianus
1728 4379 1830 4435 lib.
1886 4380 1951 4435 de

298 4444 434 4520 "ab:
471 4445 657 4520 Vim..-
694 4467 720 4498 α
748 4446 819 4520 Ut
845 4448 953 4520 etsi
988 4449 1117 4518 ipsa
1147 4466 1261 4504 non
1298 4444 1523 4520 pereas,
1557 4450 1702 4506 alios
1750 4457 1947 4506 tamen

297 4515 530 4593 perdas,
553 4516 721 4593 _velut
750 4515 1097 4593 glgdium'te
1127 4526 1184 4575 et
1214 4515 1504 4576 venenum
1539 4523 1666 4593 ejus
1698 4522 1948 4581 videnti-

297 4590 409 4644 bus
434 4589 713 4657 przebeas.
748 4611 776 4637 »
811 4589 940 4644 Rm.

372 4641 483 4734 (5i)
541 4641 1351 4734 _Elaboratoe"pulchritudinis
1419 4666 1752 4734 suggestum.
1820 4665 1947 4719 Non
1978 4641 2024 4706 D

298 4730 488 4804 solum
523 4732 593 4786 de
624 4748 790 4804 coma
818 4733 991 4787 verba
1022 4733 1141 4789 haec
1172 4730 1537 4804 accipienda,
1589 4736 1689 4790 sed
1736 4738 1807 4789 de
1861 4742 1946 4790 to-

297 4803 418 4857 tius
451 4803 712 4879 corporis
744 4810 976 4869 ornatu,
1008 4821 1111 4874 per
1138 4803 1459 4877 suggestum
1506 4822 1643 4862 vero
1695 4822 1945 4879 appara-

296 4879 421 4927 tum
456 4874 734 4945 intelligo.
779 4881 847 4930 bs
888 4880 991 4931 Pa.

367 4944 477 5015 (52)
514 4948 574 5002 b't
603 4944 813 5003 divina?
842 4946 1096 5017 plastica:
1126 4948 1383 5001 accessio.
1417 4946 1744 5017 Cyprianus
1786 4965 1945 5003 mar-

295 5019 389 5090 tyr
418 5018 487 5070 de
521 5018 721 5090 habitu
744 5019 1038 5089 virginum
1066 5035 1078 5073 :
1105 5040 1139 5090 «γ
1159 5019 1320 5090 Quod
1345 5035 1492 5090 opus
1516 5018 1614 5073 Dei
1638 5026 1695 5073 et
1721 5020 1947 5075 factura

295 5088 426 5156 ejus
458 5092 513 5143 et
543 5089 790 5161 plastica
829 5088 1146 5147 adulterari
1195 5089 1357 5145 nullo
1385 5088 1585 5145 'modo
1634 5091 1870 5148 debeat.
1914 5113 1943 5141 »

300 5175 485 5229 RHEN.

371 5247 480 5320 (53)
518 5250 580 5303 Et
626 5264 865 5303 sororem
917 5251 1181 5304 mentitus
1229 5249 1444 5304 Soram.
1505 5248 1566 5303 In
1626 5250 1944 5320 exemplari

296 5315 544 5443 ﬁgitur:
583 5342 607 5368 ιι
642 5325 707 5374 Et
740 5320 897 5375 Isaac
922 5336 1178 5376 sororem
1202 5322 1519 5377 ementitus
1545 5315 1886 5377 Rebecca'm.
1915 5344 1942 5371 »

352 5405 429 5442 ια.

352 5405 429 5442 ια.

365 5490 436 5499 —
460 5461 522 5515 Et
542 5476 786 5516 sororem
806 5460 1069 5515 mentitus
1093 5462 1297 5515 Suram
1324 5462 1639 5517 Multorum
1686 5463 1943 5519 exercuit

300 5529 713 5597 ingenialocus
745 5532 838 5585 hic
861 5552 884 5604 :A
910 5532 1010 5600 qui
1039 5532 1193 5585 enim
1228 5533 1516 5588 mendacii
1552 5535 1940 5604 patrocinium

294 5610 701 5673 susceperunt,
741 5605 843 5658 hoc
874 5602 997 5658 loco
1024 5619 1154 5658 vere
1185 5604 1530 5669 abutuntur,
1554 5602 1620 5660 et
1653 5606 1710 5662 in
1768 5622 1941 5661 suum

294 5690 536 5728 sensum
574 5675 942 5733 detorquent.
975 5678 1094 5728 Hac
1124 5675 1194 5729 de
1220 5690 1280 5730 re
1310 5674 1706 5733 consulendus
1740 5678 1797 5731 B.
1822 5683 1941 5731 Au-

293 5745 569 5817 gustinus
601 5743 700 5802 lib.
734 5743 798 5802 da
829 5744 1118 5813 Mendacio,
1162 5746 1232 5801 ad
1278 5746 1676 5817 Consentium,
1712 5752 1785 5817 et
1833 5748 1937 5805 lib.

2058 4045 2199 4089 xm.
2230 4029 2357 4085 adv.
2385 4033 2664 4085 Faustum.
2699 4031 2776 4085 Ls
2807 4034 2909 4085 Pa.

2134 4102 2246 4171 (5.4)
2279 4102 2507 4170 Angelis
2539 4103 2651 4157 Dei.
2690 4102 3006 4166 l‘idelibus,
3039 4101 3281 4155 sanctis.
3316 4099 3442 4155 RIG.

2132 4174 2240 4241 (55)
2274 4174 2394 4229 Illa?
2424 4175 2532 4228 sibi
2573 4175 2984 4243 formositatem,
3044 4177 3095 4227 et
3143 4172 3331 4226 datam
3380 4170 3700 4237 extendant,

2059 4247 2109 4297 et
2136 4261 2243 4299 non
2273 4244 2460 4299 datam
2492 4249 2796 4315 requirant,
2832 4261 2975 4315 quae,
3029 4244 3169 4314 quod
3216 4245 3283 4297 ab
3326 4244 3431 4315 illa
3480 4243 3703 4312 ﬂagita-

2058 4318 2168 4381 tur,
2203 4318 2313 4371 sibi
2342 4314 2917 4387 quoque’pra’starese
2946 4324 3161 4387 putant,
3197 4314 3335 4387 quod
3363 4316 3529 4369 alteri
3551 4329 3702 4383 prae-

2058 4391 2233 4442 stant.
2269 4389 2406 4451 Quae
2438 4386 2521 4443 sic
2554 4386 2968 4458 interrogantis
3001 4392 3240 4441 accentu
3272 4386 3517 4457 legenda
3544 4388 3701 4454 sunt,

2059 4463 2125 4511 ut
2157 4460 2203 4513 si
2239 4460 2491 4514 diceret:
2530 4459 2726 4514 Nonne
2759 4457 2973 4530 pudeat
3002 4459 3386 4524 Christianas,
3438 4457 3702 4513 nativum

2058 4530 2171 4585 sibi
2206 4531 2403 4585 formae
2428 4532 2606 4586 decus
2640 4548 2868 4597 augere,
2901 4533 2984 4586 vel
3048 4530 3097 4586 si
3145 4530 3315 4596 desit,
3368 4534 3488 4584 arte
3538 4544 3703 4583 men-

2058 4602 2343 4674 dacioque
2374 4603 2647 4674 supplere
2680 4620 2807 4674 quae
2841 4604 2993 4674 quod
3029 4604 3100 4658 ab
3142 4618 3213 4674 ea,
3265 4599 3701 4674 pulchritudine

2058 4672 2375 4743 flagita'tur,
2434 4672 2642 4745 nempe
2698 4672 3154 4730 vehementioris
3204 4672 3467 4728 libidinis
3508 4672 3703 4727 incen-

2056 4746 2240 4811 dium,
2276 4763 2341 4799 ac
2373 4763 2474 4817 per
2506 4744 2614 4800 hoc
2645 4747 2850 4799 animo:
2914 4745 3253 4817 perniciem,
3303 4744 3412 4817 sibi
3466 4760 3700 4817 quoque

2057 4822 2333 4887 praestare
2363 4815 2423 4872 se
2458 4823 2685 4889 putant,
2720 4818 2854 4888 quia
2889 4815 3051 4872 alteri
3089 4815 3413 4887 praestant?
3443 4822 3591 4871 Sane
3649 4815 3700 4870 si

2054 4905 2185 4943 vere
2216 4895 2355 4943 sunt
2386 4890 2747 4946 Christiana).
2778 4890 2932 4943 haud
2966 4890 3133 4945 aliter
3158 4904 3353 4943 secum
3381 4890 3695 4959 putabunt.

2057 4960 2181 5015 Rio.
2218 4991 2286 5000 ——
2320 4962 2387 5017 Ut
2429 4961 2571 5015 mihi
2604 4977 2734 5015 vero
2765 4962 3015 5027 videtur,
3059 4961 3249 5015 locum
3303 4958 3399 5013 hic
3448 4977 3563 5015 non
3596 4958 3700 5015 ha-

2055 5032 2151 5087 bet
2182 5032 2580 5104 interrogatio,
2613 5032 2713 5087 sed
2746 5050 2813 5087 ea
2839 5049 2965 5104 quae
3022 5051 3076 5104 ag
3104 5032 3434 5104 rhetoribus
3483 5030 3702 5086 dicitur

2055 5104 2351 5159 concessio
2375 5120 2388 5158 :
2410 5102 2579 5158 solas
2611 5119 2823 5174 nempe
2853 5102 3024 5175 posse
3057 5102 3438 5175 formositatis
3479 5104 3694 5158 habere

2053 5191 2277 5241 curam,
2309 5191 2432 5246 quas
2463 5175 2666 5246 carnis
2686 5174 2869 5246 operai
2917 5192 3031 5230 non
3084 5176 3281 5230 minus
3330 5174 3486 5246 sibi,
3517 5190 3695 5246 quam

2055 5246 2217 5301 alteri
2253 5253 2529 5319 praestare
2588 5245 2786 5314 velint,
2840 5248 2897 5301 id
2957 5248 3223 5302 concedit
3272 5245 3691 5302 Tertullianus.

2056 5320 2191 5373 lino.

2124 5390 2236 5461 (56)
2268 5390 2333 5444 Si
2360 5391 2537 5444 omnis
2580 5390 2758 5461 gloria
2786 5406 2930 5444 vana
2968 5399 3018 5444 et
3066 5394 3373 5460 stuporata.
3422 5392 3695 5461 Stupora-

2053 5467 2171 5515 tam
2207 5462 2346 5515 dicit
2377 5477 2479 5531 pro
2521 5460 2733 5515 stolida
2789 5466 2847 5515 et
2897 5461 3108 5516 hebeti.
3164 5462 3286 5525 Quo
3330 5477 3505 5515 sensu
3532 5460 3699 5515 dixit

2051 5532 2333 5595 Catullus,
2370 5555 2396 5581 u
2429 5531 2589 5586 Talis
2621 5532 2729 5586 iste
2761 5549 2929 5588 meus
2961 5538 3166 5602 stupor
3197 5532 3277 5587 nil
3308 5532 3483 5600 videt,
3544 5532 3693 5588 nihil

2051 5605 2233 5675 audit.
2272 5626 2298 5652 »
2333 5603 2461 5675 lpse
2490 5604 2907 5675 Tertullianus,
2941 5603 3087 5659 libro
3122 5604 3440 5675 superiore,
3474 5605 3574 5659 ubi
3622 5606 3694 5659 de

2050 5674 2267 5746 lapillis
2299 5679 2355 5748 et
2386 5674 2648 5730 calculis.
2684 5698 2711 5725 «
2743 5675 2946 5748 Solum
2972 5674 3456 5732 huncmulierum
3492 5681 3692 5748 stupo-

2051 5762 2172 5801 rem
2206 5746 2490 5803 aedificare
2527 5750 2828 5803 noverunt.
2870 5769 2891 5797 ι
2925 5747 3051 5803 Rm.
