4148 6194
423 338 578 399 1435

973 341 1491 402 TERTULLIANI
1539 343 1863 404 OPERUM
1905 342 2108 404 PARS
2151 343 2201 403 Ι.
2231 375 2308 387 -
2351 342 2627 404 SERIES
2673 342 2748 414 ll,
2794 339 3280 403 DOGMATICA.

3678 336 3832 395 1436

425 468 657 541 placere
697 470 925 527 debetis
959 473 1091 543 (57).
1134 474 1199 527 In
1248 476 1482 528 tantum
1526 482 1720 529 autem
1766 474 2072 546 placabitis
2100 476 2155 542 Α
2186 478 2418 544 straret,
2450 474 2564 530 nisi
2601 473 2700 545 qui
2730 476 2787 529 et
2816 472 3073 529 hominis
3099 471 3374 543 spiritum
3397 469 3624 525 malitia
3642 474 3838 524 trans-

426 559 535 626 eis,
568 560 628 615 in
657 565 943 631 quantum
1006 560 1206 617 alteris
1255 561 1483 633 placere
1534 579 1650 617 non
1711 563 2076 620 curaveritis.

425 648 657 704 Securae
686 654 893 718 estote,
929 651 1245 706 benedictaa
1273 676 1287 718 ;
1321 669 1465 707 uxor
1494 652 1658 707 nulla
1687 653 1967 708 deformis
1989 657 2080 709 est

417 737 630 792 marito
665 755 810 807 suo;
850 740 994 795 satis
1027 740 1265 811 placuit,
1300 757 1432 795 cum
1463 740 1641 796 electa
1671 746 1776 809 est,
1811 758 1910 797 seu
1948 759 2074 798 mo-

419 823 743 893 ribus,’seu
808 827 996 882 forma
1040 829 1466 884 commendata.
1523 830 1601 885 Ne
1652 847 1768 901 qua
1816 835 2073 885 vestrum

425 920 612 984 putet,
646 916 696 971 si
728 917 1143 988 temperaverit
1202 935 1234 972 a
1283 919 1706 989 compositione
1751 920 1863 985 sui,
1922 936 1984 975 se
2033 921 2076 954 ⁷⁷

423 1004 626 1060 odium
678 1010 733 1059 et
794 1006 1153 1060 eversionem
1214 1006 1557 1061 maritorum
1611 1013 2073 1078 prosecuturam.

426 1093 627 1150 Omnis
660 1094 909 1149 maritus
938 1094 1222 1150 castitatis
1253 1099 1485 1151 exactor
1514 1100 1636 1163 est;
1672 1096 1918 1151 formam
1941 1114 2074 1153 vero

428 1184 620 1240 ﬁdelis
652 1200 764 1239 non
799 1182 1149 1255 expostulat,
1184 1184 1322 1255 quia
1352 1202 1469 1239 non
1498 1185 1705 1240 iisdem
1732 1185 1921 1255 bonis,
1948 1203 2074 1256 qua:

424 1272 670 1345 gentiles
712 1276 938 1342 putant,
986 1273 1289 1344 capimur;
1339 1273 1595 1330 infidelis
1644 1279 1845 1329 contra
1897 1275 2073 1329 etiam

424 1366 764 1433 suspectam
793 1358 995 1426 habet,
1025 1361 1114 1415 vel
1150 1368 1383 1433 propter
1417 1363 1578 1418 illam
1611 1362 1953 1419 sceleratam
2014 1365 2072 1418 in

426 1469 534 1507 nos
566 1452 902 1524 opinionem
934 1452 976 1486 ⁷⁸
1006 1452 1338 1523 gentilium.
1372 1453 1472 1507 Cui
1503 1470 1639 1525 ergo
1682 1454 2074 1524 pulchritudi-

426 1556 562 1597 nem
593 1546 755 1596 tuam
788 1540 1021 1595 nutris?
1041 1540 1095 1595 Si
1131 1540 1341 1607 ﬁdelis,
1368 1559 1481 1596 non
1504 1541 1711 1614 exigit;
1736 1543 1784 1596 si
1816 1543 2073 1615 gentilis,

426 1646 544 1685 non
576 1630 761 1684 credit
792 1630 853 1682 7°.
887 1629 1034 1692 Quid
1066 1630 1251 1702 gestis
1283 1635 1384 1685 aut
1411 1637 1681 1702 suspecto
1707 1636 1808 1686 aut
1835 1649 1951 1687 non
1982 1633 2077 1687 de-

426 1717 708 1774 sideranti
741 1719 970 1789 placere
995 1718 1022 1773 ?

955 1863 1160 1918 1321
1199 1862 1428 1918 CAPUT
1476 1861 1547 1917 V.

504 1986 636 2042 Haec
667 1986 869 2058 utique
898 2003 1013 2042 non
1045 1987 1116 2042 ad
1149 1980 1393 2042 crudam
1426 1988 1486 2042 in
1518 1991 1706 2043 totum
1737 1992 1794 2043 et
1826 1987 2073 2043 ferinam

426 2075 837 2132 habitudinem
880 2075 1298 2131 insinuandam
1329 2075 1373 2111 ⁸ο
1422 2076 1590 2132 vobis
1638 2083 2071 2148 suggeruntur;

430 2181 535 2220 nec
553 2166 623 2220 de
645 2165 796 2221 bono
817 2164 1110 2237 squaloris
1133 2174 1189 2221 et
1210 2165 1980 2236 padorissuademus“,sed
2004 2167 2074 2222 de

426 2252 600 2307 modo
624 2256 681 2308 et
710 2253 946 2309 cardine
976 2256 1034 2308 et
1052 2252 1291 2323 justitia
1320 2254 1580 2326 corporis
1612 2254 1909 2311 excolendi
1938 2254 2071 2326 (58).

426 2339 553 2396 Non
613 2342 1180 2413 supergrediendum
1237 2342 1393 2397 ultra
1441 2360 1616 2414 quam
1667 2342 1967 2415 simplices
2019 2348 2076 2398 et

427 2429 790 2486 sufﬁcientes
822 2430 1126 2485 munditiae
1191 2432 1635 2501 concupiscunt,
1685 2432 1840 2487 ultra
1897 2449 2073 2503 quam

425 2517 672 2575 Domino
717 2518 926 2589 placet.
978 2522 1043 2572 In
1092 2518 1259 2574 illum
1311 2520 1468 2575 enim
1519 2520 1893 2592 delinquunt,
1951 2538 2073 2591 quas

428 2610 621 2661 cutem
684 2606 1173 2662 medicaminibus
1232 2613 1458 2679 ungunt
1488 2608 1555 2674 39,
1606 2626 1785 2681 genas
1862 2610 2074 2665 rubore

426 2694 726 2750 maculant
755 2698 956 2751 oculos
990 2695 1233 2767 fuligine
1262 2697 1373 2767 (59)
1398 2696 1684 2753 collinunt
1708 2698 1772 2751 ⁸⁸.
1797 2698 2075 2765 Displicet

425 2784 709 2839 nimirum
730 2784 847 2839 illis
865 2784 1106 2855 plastica
1126 2784 1222 2839 Dei
1246 2786 1445 2857 (60),in
1470 2786 1614 2858 ipsis
1637 2788 2072 2859 redarguunt“,

429 2872 867 2944 reprehendunt
898 2873 1179 2929 artiﬁcem
1226 2874 1340 2946 (61)
1398 2876 1686 2931 omnium.
1740 2876 2071 2948 Reprehen-

429 2963 577 3017 dunt
606 2962 786 3032 enim,
810 2979 944 3017 cum
976 2966 1312 3034 emendant,
1346 2982 1479 3019 cum
1514 2965 1821 3035 adjiciunt,
1870 2967 2074 3038 utique

424 3051 496 3107 ab
539 3051 869 3107 adversario
926 3052 1148 3107 artiﬁce
1179 3057 1478 3109 sumentes
1505 3054 1908 3110 additamenta
1939 3056 2072 3125 ista,

431 3139 490 3196 id
524 3145 613 3196 est
642 3139 875 3197 diabolo
907 3141 970 3195 ³⁵.
1025 3144 1173 3196 Nam
1222 3142 1319 3212 qui
1365 3159 1577 3215 corpus
1626 3148 1855 3200 mutare
1906 3161 2073 3201 mon-

2104 1850 2152 1914 B

2191 563 2511 635 ﬁguravit?
2543 562 2644 619 Ille
2676 562 3002 618 indubitate
3032 558 3371 632 hujusmodi
3404 558 3640 631 ingenia
3697 573 3835 613 con-

2187 653 2461 720 cinnavit,
2505 659 2571 708 ut
2598 653 2659 708 in
2693 653 2862 708 nobis
2896 651 3327 723 quodammodo
3360 665 3574 705 manus
3598 652 3709 704 Deo
3742 647 3834 702 in-

2188 743 2362 799 ferret
2393 744 2504 814 (62)
2534 744 2597 797 ⁸⁸.
2633 742 2795 806 Quod
2828 741 3108 807 nascitur,
3170 757 3318 811 opus
3367 739 3465 794 Dei
3516 742 3642 805 est;
3695 753 3830 808 ergo

2186 833 2341 903 quod
2374 831 2619 904 ﬁngitur
2647 831 2713 899 ⁸⁷,
2741 829 2957 887 diaboli
2989 829 3289 902 negotium
3310 833 3417 883 est.
3448 827 3648 881 Divino
3673 824 3828 897 operi

2184 924 2408 976 Satanae
2438 920 2672 993 ingenia
2704 919 3091 992 superducere
3125 933 3301 989 quam
3335 914 3651 971 scelestum
3704 910 3830 968 esti

2186 1008 2347 1063 Servi
2383 1009 2566 1064 nostri
2598 1011 2670 1064 ab
2702 1008 2957 1063 inimicis
2989 1006 3208 1062 nostris
3256 1004 3406 1060 nihil
3459 1007 3830 1068 mutuantur,

2186 1098 2402 1153 milites
2426 1098 2495 1152 ab
2518 1097 2682 1153 hoste
2705 1096 3076 1169 imperatoris
3099 1094 3191 1151 sui
3215 1093 3362 1149 nihil
3386 1092 3827 1163 concupiscunt.

2183 1186 2263 1241 De
2294 1187 2626 1242 adversario
2654 1186 2809 1242 enim
2843 1186 2994 1256 ejus,
3018 1185 3078 1239 in
3102 1184 3273 1254 cujus
3300 1198 3478 1237 manu
3497 1178 3835 1250 sis,aliquid

2184 1276 2317 1331 usui
2378 1274 2697 1347 postulare,
2754 1272 3143 1345 transgressio
3193 1276 3304 1326 est.
3373 1268 3743 1325 Christianus
3802 1283 3837 1321 a

2185 1363 2338 1417 malo
2388 1363 2487 1418 illo
2546 1363 2924 1433 adjuvabitur
2967 1362 3023 1416 in
3076 1359 3315 1431 aliquo?
3365 1358 3564 1413 nescio
3602 1374 3674 1411 an
3725 1355 3837 1410 hoc

2186 1469 2399 1507 nomen
2449 1452 2497 1507 ei
2546 1456 2898 1523 perseveret.
2956 1450 3078 1505 Erit
3126 1449 3285 1504 enim
3340 1448 3493 1518 ejus,
3532 1447 3604 1501 de
3661 1446 3837 1515 cujus

2185 1542 2466 1597 doctrinis
2514 1542 2725 1598 instrui
2788 1538 3170 1611 concupiscit.
3222 1540 3519 1603 Quantum
3566 1539 3764 1590 autem
3804 1551 3838 1588 a

2185 1632 2392 1685 vestris
2425 1629 2757 1702 disciplinis
2807 1635 2863 1684 et
2909 1626 3376 1702 professionibus
3431 1625 3622 1681 aliena.
3672 1628 3834 1689 sunt,

2185 1737 2357 1791 quam
2397 1720 2636 1789 indigna
2691 1718 2931 1774 nomine
2990 1716 3322 1771 Christiano
3372 1715 3580 1769 faciem
3638 1714 3839 1767 ﬁctam

2186 1813 2436 1881 gestare,
2469 1808 2682 1879 quibus
2714 1806 3063 1878 simplicitas
3081 1804 3274 1860 omnis
3300 1803 3615 1869 indicitur;
3644 1801 3841 1872 efﬁgie

2188 1897 2442 1967 mentiri,
2475 1897 2693 1968 quibus
2722 1896 2924 1969 lingua
2955 1912 3071 1950 non
3118 1892 3296 1959 licet;
3341 1896 3627 1963 apertere,
3678 1889 3844 1960 quod

2185 1988 2386 2042 datum
2422 2004 2535 2042 non
2569 1987 2640 2042 sit
2671 1987 2714 2023 ⁸⁸
2738 1986 2874 2057 (63),
2898 1983 3117 2055 quibus
3135 1980 3391 2037 alienum
3415 1977 3843 2035 abstinentiam

2183 2075 2243 2131 in
2276 2075 2470 2147 specie
2500 2090 2788 2141 exercere,
2826 2072 3034 2129 I322
3088 2070 3302 2142 quibus
3341 2069 3605 2125 studium
3660 2065 3830 2139 pudi-

2183 2163 2330 2220 citiae
2362 2168 2450 2220 est
2479 2164 2523 2199 ⁸⁹
2548 2162 2562 2217 1
2595 2162 2839 2229 Credite,
2866 2159 3202 2227 benedicta,
3228 2158 3521 2230 quomodo
3538 2160 3831 2228 praecepta

2183 2255 2280 2309 Dei
2313 2252 2678 2323 custodietis,
2710 2251 3063 2308 liniamenta
3091 2249 3223 2320 ejus
3260 2246 3319 2302 in
3349 2246 3515 2302 vobis
3563 2262 3681 2301 non
3736 2258 3835 2298 cu-

2181 2343 2500 2399 stodientes
2525 2342 2552 2396 ‘I

2821 2474 3047 2530 CAPUT
3100 2471 3193 2526 VI.

2254 2609 2435 2665 Video
2467 2609 2755 2681 quasdam
2790 2606 3069 2679 capillum
3118 2619 3284 2660 croco
3330 2605 3599 2668 vertere;
3652 2600 3837 2670 pudet

2187 2716 2285 2754 eas
2316 2699 2490 2753 etiam
2524 2698 2781 2753 nationis
2820 2714 2958 2763 suae,
3005 2695 3159 2766 quod
3215 2709 3332 2747 non
3374 2694 3684 2745 Germana:
3732 2691 3834 2741 aut

2185 2788 2360 2843 Gallae
2391 2788 2512 2842 sint
2542 2792 2857 2859 procreatis
2883 2806 2896 2854 ;
2931 2786 3013 2840 ita
3042 2783 3292 2855 patriam
3332 2778 3546 2851 capillo
3579 2776 3835 2832 transfe-

2184 2882 2322 2932 runt
2350 2878 2428 2944 ὀδ
2464 2876 2615 2931 male
2645 2893 2711 2932 ac
2744 2876 2998 2947 pessime
3021 2872 3135 2929 sibi
3157 2870 3539 2942 auspicantur
3561 2868 3837 2921 ﬂammeo

2185 2966 2376 3038 capite
2409 2966 2545 3038 (64),
2583 2970 2640 3021 et
2669 2966 2947 3020 decorum
3008 2966 3237 3035 putant,
3285 2958 3439 3031 quod
3492 2955 3831 3028 inquinant.

2182 3056 2397 3128 Atquin
2456 3061 2513 3112 et
2569 3055 2987 3111 detrimentum
3045 3051 3306 3108 crinibus
3365 3046 3837 3104 medicaminum

2181 3145 2270 3201 vis
2304 3146 2486 3201 inurit
2512 3149 2570 3201 et
2617 3146 2852 3201 cerebro
2904 3141 3244 3216 perniciem,
3293 3138 3472 3195 etiam
3520 3134 3842 3207 cujuslibet

1826 3289 2027 3350 Varia
2099 3289 2423 3351 lectiones.

494 3401 537 3476 "_"
568 3400 911 3476 [forticulum
936 3416 998 3476 se
1028 3400 1121 3456 hic
1150 3401 1500 3476 inserendam
1522 3405 1858 3474 putavimus.
1892 3406 2052 3476 L301).
2131 3405 2176 3441 ⁷⁸
2206 3406 2329 3475 Rig.
2372 3403 2458 3457 vel
2490 3420 2559 3459 ex
2585 3400 2995 3476 illagscelerata
3025 3400 3086 3456 in
3136 3397 3564 3476 nos‘opi‘nione.
3588 3468 3603 3476 _
3643 3396 3698 3476 7°.
3722 3396 3836 3463 Rig.

430 3472 480 3527 si
504 3472 749 3539 inﬁdeli,
786 3472 1113 3541 simplicem
1148 3490 1261 3527 non
1318 3474 1522 3529 credit.

1626 3476 1671 3511 ⁸ο
1723 3479 1841 3547 Iiz'g.
1902 3474 2013 3530 non
2076 3475 2136 3531 in
2194 3476 2436 3530 crudam
2471 3506 2540 3515 --
2592 3474 2965 3543 insinuanda,
3014 3477 3133 3547 etc.

3240 3471 3282 3506 ⁸⁸
3313 3468 3513 3524 Ἑσιηι.
3570 3468 3643 3522 de
3684 3468 3835 3521 bono

428 3546 689 3624 corporis
720 3539 1078 3624 squalorem,
1113 3546 1214 3624 sed
1246 3544 1318 3624 de
1344 3547 1570 3624 puteris
1603 3539 1810 3601 suadf
1849 3548 1895 3581 ⁸³
1928 3549 2045 3618 Rig.
2075 3553 2309 3624 urgent.
2339 3619 2351 3624 _
2380 3547 2431 3624 βξ)
2460 3549 2544 3601 Ita
2572 3546 2657 3602 ed.
2689 3552 2861 3624 Fran.
2889 3539 3066 3624 etalt.
3095 3564 3120 3624 ί
3154 3543 3338 3624 διηιιί.
3367 3539 3653 3624 golligunt
3714 3540 3831 3624 Rig.

431 3611 789 3685 porriguntf
833 3616 879 3649 “
911 3616 1032 3683 Rig.
1062 3611 1120 3668 in
1149 3616 1295 3691 ipsis
1325 3611 1387 3670 s'e
1408 3617 1689 3691 nimirum
1722 3611 2013 3691 arguunt:
2075 3611 2255 3686 “Iiig.
2285 3619 2707 3691 additamenta.
2741 3623 2793 3672 is
2816 3622 2905 3691 est
2928 3614 3244 3691 diabolus.‘
3296 3613 3339 3691 'f
3361 3614 3481 3682 Rz'g.
3509 3618 3571 3691 ut
3592 3612 3651 3691 in
3673 3611 3837 3691 vobis

431 3683 999 3772 pareatmaﬂu'sovos
1031 3683 1474 3772 quodammodo
1498 3689 1612 3772 Deo
1646 3683 1878 3772 inferre.
1932 3692 1999 3772 f7
2024 3692 2079 3745 Ii:

2199 3683 2460 3772 nil-igitur
2481 3686 2918 3772 (ἐμπλάττεται).
2996 3688 3039 3722 ⁸⁸
3065 3686 3189 3772 Cod.
3209 3683 3839 3772 Agobﬂ‘uodmad

428 3754 542 3834 non
583 3757 677 3811 sit.
698 3758 798 3834 ﬂ-”
828 3758 945 3828 Περ.
977 3754 1189 3834 quibus
1223 3759 1401 3815 alieni
1426 3760 1793 3817 abstinentia
1823 3754 2125 3817 tradituri?
2151 3754 2499 3818 adulterium
2534 3754 2592 3817 in
2624 3779 2713 3834 sp.
2745 3778 2833 3818 ex.
2860 3754 2885 3832 ;’
2910 3776 3008 3831 qu.
3045 3764 3118 3814 st.
3153 3754 3293 3829 pud.
3327 3754 3454 3812 sit?
3529 3755 3574 3788 9°
3604 3754 3730 3823 Βία.
3762 3754 3837 3807 its

425 3830 552 3900 jam
584 3827 827 3901 capillos
860 3827 1069 3886 transf.

1874 3924 2388 3985 Commentarius.

505 4045 615 4114 (57)
648 4043 790 4100 Solis
820 4048 1041 4104 maritis
1070 4048 1261 4103 veslris
1301 4024 1518 4119 placere
1550 4048 1771 4105 debetis.
1825 4049 2079 4105 Ironiam

2199 4051 2348 4119 apud
2409 4048 2773 4112 Athenaeum,
2833 4046 2951 4119 lib.
2996 4062 3083 4108 xv,
3144 4039 3461 4119 ὀφθαελμεὺς
3526 4038 3835 4114 ὑπογράφε-

440 4115 535 4170 hic
568 4133 683 4190 non
716 4133 969 4190 agnosco
1002 4136 1177 4190 quam
1216 4115 1381 4190 putat
1436 4120 1790 4177 Bhenanus:
1843 4138 2083 4176 sensum

438 4205 569 4264 esse
599 4188 1352 4264 existimo,_'l‘ertullianum
1410 4192 1715 4247 severioris
1765 4192 2084 4264 disciplinae

441 4258 703 4337 oblitum
729 4262 1330 4337 permitterefeminis
1356 4268 1421 4337 ut
1442 4264 1767 4337 ornatiores
1788 4258 2087 4337 paulisper

440 4332 937 4406 incedant,_modo
971 4350 1043 4389 ne
1071 4332 1129 4388 id
1161 4333 1272 4389 alio
1302 4335 1496 4406 animo
1527 4335 1764 4401 faciant,
1788 4332 2003 4406 quam‘
2026 4341 2089 4390 ut

442 4403 672 4475 maritis
701 4402 987 4475 placeant.
1019 4405 1111 4461 Sic
1140 4406 1296 4461 enim
1327 4405 1594 4462 Clemens
1639 4402 1953 4465 Alexandr.
1995 4410 2087 4462 in-

443 4474 683 4546 dulgere
713 4475 961 4550 videtur.
994 4477 1279 4547 Pwdagog.
1313 4485 1397 4546 ut,
1430 4477 1504 4534 iis
1544 4495 1673 4550 quas
1707 4479 1936 4535 maritis
1981 4481 2089 4535 mi-

438 4563 551 4620 nus
581 4547 1021 4604 continentibus
1056 4553 1402 4620 nupserunt.

512 4619 623 4690 (58)
654 4620 879 4675 Iustitia
898 4619 1471 4690 corporis’excolendz'.
1515 4620 1606 4675 Sic
1645 4619 1794 4676 libro
1844 4621 1911 4676 de
1959 4623 2087 4677 Pal-

445 4689 836 4763 lio,justitiam
857 4689 1016 4762 pallii
1039 4692 1314 4763 dixit,pro
1336 4691 1512 4762 pallio
1537 4693 1681 4747 bene
1703 4693 2086 4761 convenienti,

440 4760 593 4835 bene
609 4760 873 4835 sedenti,—
898 4768 953 4819 et
982 4781 1162 4835 supra
1190 4760 1441 4835 colorem
1472 4763 1952 4835 injustum._RiG.

516 4831 622 4901 (59)
668 4833 867 4911 ρριιιω.
911 4831 1165 4911 fuligine.
1217 4834 1426 4911 Stibio,
1473 4831 1944 4911 πλατυοφθάλμῳ.
2000 4836 2091 4890 Sic

443 4918 642 4978 supra,
664 4903 830 4959 illum
853 4903 1047 4977 ipsum
1073 4907 1305 4978 nigrum
1331 4903 1770 4978 pulverem,quo
1785 4903 2089 4963 oculorum

443 4974 679 5028 exordia
711 4974 1293 5046 producuntur.'Ria.

515 5076 597 5121 Γ,
615 5046 811 5103 Oculos
825 5050 1061 5121 [uligine
1078 5051 1385 5121 porrigunt.
1418 5048 1585 5121 Forte
1607 5050 1911 5121 perlinunt.
1928 5046 2088 5109 Καλ-

443 5109 773 5192 λιϐλὲφαρον
808 5109 1323 5192 ἱήἰθῖιίςὶῐάηοίλᾶ
1361 5109 1769 5190 palpebrarum
1814 5127 2090 5177 venusta-

444 5193 563 5265 tem
598 5191 928 5265 utebantur.
984 5195 1144 5265 Apud
1194 5193 1552 5265 Petronium,
1589 5217 1615 5242 «
1654 5195 1945 5265 coryuibio
1987 5195 2089 5247 do-

445 5261 619 5336 minis
652 5263 812 5336 pueri
843 5261 1090 5321 adornat
1136 5264 1501 5336 oaput,__imo
1552 5261 1869 5335 supercilia
1913 5264 2089 5321 etiam

440 5332 661 5457 profert
692 5335 759 5389 de
790 5336 1001 5406 pixide.
1039 5360 1085 5417 υ.
1117 5332 1443 5417 Μθὶςιίῌὺ.
1494 5351 1571 5404 ix,
1624 5332 1808 5408 epigr.
1850 5337 1941 5419 38,
1977 5358 2005 5386 «
2034 5340 2091 5392 et

465 5407 622 5457 ateas
662 5412 892 5457 centum
921 5409 1154 5457 condita
1184 5408 1501 5457 mxidibus.
1538 5430 1564 5455 »
1614 5407 1911 5457 Juvenalis
1955 5449 1968 5457 .
2011 5449 2023 5457 .
2071 5448 2084 5457 .

465 5407 622 5478 eteae
662 5412 893 5462 centum
921 5408 1154 5463 condita
1184 5406 1501 5478 pixidibus.
1538 5430 1564 5455 »
1614 5406 1911 5463 Juvenalis
1955 5449 1968 5462 .

2196 4114 2434 4197 atlasest
2462 4121 2607 4197 illud
2648 4122 2719 4197 de
2751 4117 2991 4197 quo‘hic
3019 4114 3224 4197 igitur.
3272 4116 3339 4197 Las
3370 4114 3507 4197 Pa._
3551 4184 3564 4197 ⁸

2267 4193 2378 4263 (60)
2410 4195 2657 4248 Plam'ca
2689 4184 2807 4246 Dei.
2867 4184 3226 4263 Cyprianus:
3279 4187 3420 4263 Opus
3466 4184 3582 4263 Dei,
3638 4186 3696 4263 (λ.
3725 4184 3841 4263 [σιξ-

2197 4254 2319 4319 tura
2349 4254 2487 4337 ejus,
2518 4274 2568 4320 et
2597 4266 2834 4335 plastica
2883 4254 3198 4316 a'dulterari
3241 4254 3403 4313 nullo
3449 4255 3608 4311 modo
3662 4254 3837 4309 debet.

2199 4337 2325 4391 Ilio.

2267 4407 2379 4477 (6t)
2411 4405 2827 4477 Reprehendunt
2872 4403 3177 4477 artiﬁcem,
3229 4404 3343 4477 etc_.
3404 4399 3845 4477 Tantum‘Ter-

2196 4468 2444 4551 tulliano
2476 4468 2778 4547 displicuit
2808 4468 3169 4551 etloxocpta,
3201 4477 3266 4527 ut
3319 4472 3510 4542 ipsius
3550 4468 3843 4551 artiﬁcem

2198 4550 2499 4605 diabolum
2531 4538 2793 4604 asserere
2821 4538 2941 4602 non
2974 4538 3281 4601 vereatur:
3313 4538 3444 4599 cum
3473 4541 3629 4597 enim
3683 4538 3845 4610 quod

2198 4623 2461 4676 nascitur
2494 4621 2591 4677 Dei
2622 4621 2719 4683 sit,
2751 4620 3022 4690 sequitur
3054 4614 3272 4690 diaboli
3304 4631 3450 4686 opus
3507 4627 3637 4690 esse
3684 4611 3845 4681 quod

2199 4692 2513 4768 afﬁngitur.
2548 4691 2772 4748 Monuit
2799 4684 2973 4768 etiam
3006 4688 3311 4768 iniuriam“
3342 4684 3453 4768 Deo
3504 4684 3653 4768 ﬁeri,
3702 4698 3845 4738 cum

2199 4766 2328 4832 ejus
2349 4759 2506 4835 Vopus
2535 4770 2806 4819 extraneo
2839 4764 2967 4817 fuco
2998 4766 3055 4815 et
3084 4759 3448 4816 emendicato
3497 4759 3687 4811 nitore
3744 4770 3845 4809 or-

2199 4839 2391 4891 natur.
2426 4840 2501 4889 LE
2520 4838 2623 4888 Pa.

2270 4907 2382 4983 (62)
2418 4907 2626 4983 Allienus
2682 4906 2785 4961 Deo
2835 4906 3091 4983 _inf_e_rret.
3143 4899 3508 4983 ‘Cyprianus:
3550 4920 3591 4983 ff
3630 4896 3848 4983 Manus

2200 4970 2314 5034 Deo
2345 4970 2622 5045 inferunt,
2657 4970 2973 5049 quandoid
3007 4974 3168 5049 quod,
3195 4970 3293 5027 ille
3322 4970 3615 5049 formavit,
3667 4970 3849 5024 refor-

2201 5066 2360 5105 mare
2386 5054 2443 5105 et
2471 5042 2891 5120 transﬁgurare
2921 5042 3307 5120 contendunt.
3348 5065 3367 5090 ι
3389 5042 3533 5120 ille.

2272 5122 2387 5191 (63)
2421 5112 2850 5191 Appetere'quod
2880 5119 3067 5173 datum
3096 5134 3205 5173 non
3256 5117 3350 5170 sit.
3389 5113 3571 5169 Vetus
3618 5112 3845 5167 codex:

2202 5193 2350 5260 Quod
2380 5193 2449 5247 ad
2481 5203 2637 5247 tuum
2665 5208 2775 5265 non
2802 5194 2893 5246 sit.
2925 5191 3054 5265 ltro.
3085 5264 3091 5265 ί
3202 5260 3223 5265 _
3604 5256 3632 5265 ,ν
3727 5254 3781 5265 __

2271 5264 2383 5335 (64)
2414 5266 2650 5319 Pessime
2668 5263 2779 5318 sibi
2806 5263 3168 5335 auspicantur
3186 5258 3697 5335 ﬂammeoncapite.‘
3726 5258 3843 5313 Sic.

2198 5326 2559 5416 l.1'ad'U.ror.
2581 5356 2600 5390 .-
2616 5358 2643 5385 ‹‹
2660 5336 2825 5416 ignis
2848 5326 3009 5387 illius
3027 5326 3525 5416 inexstin‘guihilis
3544 5326 3844 5416 maginem

2011 5449 2023 5461 .
2071 5448 2084 5462 .
2120 5425 2165 5491 D
2199 5410 2473 5488 tractant,
2506 5397 2767 5491 auspicia
2796 5420 3153 5491 pcenzensluaa;
3174 5397 3609 5491 sﬂCiprip‘nu‘s
3628 5397 3843 5491 inlato

449 5496 469 5523 ι
494 5475 595 5530 Ille
613 5480 990 5546 supercilium
1017 5471 1254 5535 madida
1279 5477 1521 5547 fuligine
1543 5478 1818 5541 tinctum.
1844 5478 2086 5545 obliqua
2120 5471 2164 5491 ⁵³
2198 5471 2484 5549 praesagio
2515 5471 2845 5533 futurorum
2877 5471 3390 5549 capillosjam_tibi
3412 5471 3723 5549 flammeos
3744 5485 3847 5548 au-

443 5548 856 5630 producitacu.
893 5574 920 5630 ξ(
956 5551 1200 5630 Uxorem
1235 5566 1404 5604 suam
1437 5549 1652 5630 laudat
1696 5552 2086 5630 Philostratus

442 5617 714 5694 ingepist.
758 5624 910 5691 quod
959 5623 1089 5678 fuco
1118 5636 1501 5694 Agenas_non_
1555 5619 1836 5689 inﬁceret,
1897 5638 2087 5694 neque

444 5688 599 5744 inter
630 5688 952 5759 picturatas
984 5688 1260 5748 mulieres
1293 5689 1739 5760 adscriberetur,
1779 5694 1881 5748 sed
1935 5688 2088 5749 inter

444 5774 573 5815 vere
602 5760 902 5831 pulchras.
934 5763 1217 5822 Clementi
1246 5761 1405 5819 Alex.
1437 5766 1494 5819 et
1523 5763 1835 5833 veteribus,
1888 5770 1952 5821 ut
1998 5770 2089 5821 est

2197 5541 2463 5635 έρῑοατῖές
2500 5571 2529 5632 ’ξ
2560 5549 2894 5635 eamsecl
2931 5541 3233 5635 [ρειαωψ
3262 5543 3377 5635 Nec
3418 5541 3840 5635 vapulasse

2198 5614 2379 5749 antes,
2404 5625 2461 5678 et
2483 5620 2534 5678 ei
2556 5620 2777 5695 aliquid
2798 5621 2867 5677 de
2887 5619 3164 5692 gehennae
3186 5614 3422 5687 ignibus
3442 5614 3784 5685 auspiceris.
3812 5632 3843 5658 η

2247 5708 2323 5749 Ie.
