4148 6194
204 371 357 430 MM

1241 363 1474 425 LIBER
1519 363 1570 423 ll
1613 362 1716 421 DE
1758 360 2019 423 CULTU
2063 361 2559 423 FEMINAHUM.

3455 368 3612 426 1442

210 499 555 557 deliciarum
606 496 842 567 ineptiis
892 495 1213 567 occupare?
1258 499 1357 550 Hae
1405 510 1631 567 pompae
1683 509 1860 565 quam
1894 494 1948 559 Α
1980 493 2180 548 18⁸ιῖ
2220 493 2523 565 assignant
2557 501 2795 568 propter
2824 512 3063 567 regnum
3098 497 3195 552 Dei
3230 497 3450 569 (Matth.
3501 515 3597 554 xxx

210 591 286 645 de
318 587 579 661 proximo
612 589 817 640 curent
846 584 1089 638 luxuria
1122 585 1421 656 negotium
1447 588 1501 638 et
1524 584 1865 651 obstrepant

209 676 507 751 pudicitia:
540 673 877 745 disciplinis
908 673 1252 744 dignoscere
1286 674 1343 726 in
1379 670 1527 726 facili
1564 675 1675 738 est,
1711 670 1860 740 quod

210 767 460 838 gratiam
495 764 720 818 decoris
752 762 948 817 cultus
972 762 1252 816 societate
1284 762 1641 832 prostituant
1666 776 1677 814 :
1698 760 1861 827 adeo,

213 856 263 911 si
331 854 547 917 desint,
615 851 842 905 irritam
910 856 967 905 et
1032 852 1319 921 ingratam
1386 849 1658 917 reddunt,
1709 847 1867 902 velut

212 946 573 1000 exarmatam
595 941 614 973 ⁷
639 944 694 993 et
716 956 827 993 nau
840 937 1308 1009 fragam.Conti-a
1334 938 1381 991 si
1417 938 1603 992 forma
1635 936 1864 1001 deiecit,

213 1029 641 1087 adminiculum
676 1027 886 1081 nitoris
919 1028 1087 1097 quasi
1117 1029 1187 1081 de
1212 1044 1317 1081 suo
1339 1027 1586 1097 gratiam
1612 1024 1864 1096 supplet.

213 1123 437 1177 Etates
470 1118 722 1189 denique
754 1115 1047 1187 requietas
1082 1115 1207 1185 jam
1260 1120 1317 1170 et
1364 1114 1424 1168 in
1472 1120 1702 1185 portum
1746 1129 1870 1167 mo-

216 1209 416 1265 destia:
451 1208 561 1277 (80)
595 1206 919 1261 subductas
951 1203 1226 1277 splendor
1267 1208 1324 1259 et
1377 1203 1633 1274 dignitas
1680 1202 1873 1257 cultus

218 1302 459 1354 avocant
502 1301 559 1351 et
609 1295 970 1350 severitatem
1018 1292 1475 1365 appetitionibus
1521 1291 1871 1363 inquietant,

221 1384 739 1456 compensantibus
772 1382 992 1438 scilicet
1021 1382 1260 1437 habitus
1290 1381 1719 1435 irritamentum
1770 1395 1873 1450 pro

223 1475 437 1547 frigore
468 1474 655 1529 sitatis
683 1472 818 1543 (81).
853 1472 1019 1543 Ergo,
1056 1472 1396 1537 benedictae,
1419 1470 1607 1542 primo
1639 1469 1874 1541 quidem

227 1570 295 1621 ut
328 1566 565 1618 lenones
592 1567 648 1615 et
682 1561 1093 1631 proslitutores
1124 1560 1373 1615 vestitus
1403 1564 1456 1613 et
1488 1558 1679 1613 cultus
1714 1574 1785 1612 ne
1816 1557 1873 1611 in

223 1671 328 1711 vos
350 1650 863 1716 admiseritisgtum
888 1650 934 1705 si
961 1666 1108 1721 quas
1130 1649 1217 1703 vel
1238 1648 1569 1703 divitiarum
1586 1646 1877 1717 [suarum]

225 1742 315 1799 vel
340 1741 625 1796 natalium
651 1739 739 1793 vel
765 1745 918 1793 retro
941 1737 1291 1809 dignitatum
1318 1737 1465 1792 ratio
1487 1734 1784 1807 compellit
1801 1737 1879 1789 ita

228 1830 598 1904 pompaticas
629 1827 924 1899 progredi,
956 1828 1038 1880 uti
1090 1827 1441 1898 sapientiam
1489 1827 1509 1860 ⁸
1558 1829 1888 1880 consecutae

230 1925 559 1990 temperare
588 1916 797 1972 saltem
853 1916 924 1970 ab
972 1915 1315 1985 hujusmodi
1365 1918 1585 1983 curate,
1633 1930 1705 1967 ne
1746 1912 1886 1967 totis

229 2008 477 2064 habenis
504 2006 799 2062 licentiam
834 2005 1131 2075 usurpatis
1164 2008 1441 2075 praetextu
1492 2003 1881 2058 necessitatis.

232 2097 536 2163 Quomodo
569 2095 725 2149 enim
759 2093 1150 2148 humilitatem
1183 2110 1356 2164 quam
1389 2093 1703 2149 Christiani
1753 2109 1886 2165 pro-

238 2187 493 2252 fitemur,
531 2183 769 2254 implere
821 2183 1142 2253 poterimus
1191 2184 1233 2249 ⁸,
1290 2199 1404 2236 non
1453 2182 1886 2253 repastinantes

239 2273 575 2329 divitiarum
608 2276 930 2325 vestrarum
965 2269 1050 2325 vel
1084 2270 1503 2341 elegantiarum
1539 2287 1734 2338 usum,
1758 2287 1886 2341 qua:

240 2363 312 2420 ad
360 2362 603 2434 gloriam
660 2361 919 2414 faciunt?
969 2358 1163 2412 Gloria
1206 2364 1397 2413 autem
1445 2360 1717 2428 exaltare,
1771 2378 1885 2415 non

241 2451 555 2506 humiliare
586 2448 1037 2503 consuevit.Non
1073 2447 1226 2503 enim
1254 2452 1488 2502 utemur
1510 2448 1729 2503 nostris
1753 2449 1887 2519 (82)?

243 2541 385 2608 Quis
430 2543 619 2593 autem
668 2538 934 2608 prohibet
1002 2537 1131 2591 uti?
1178 2538 1509 2591 Secundum
1556 2538 1885 2609 apostolum

238 2635 456 2697 tamen,
491 2628 587 2699 qui
624 2643 729 2681 nos
761 2626 841 2680 uti
876 2631 1073 2680 monet
1103 2626 1321 2681 mundo
1373 2626 1505 2694 isto,
1554 2627 1722 2697 quasi
1773 2644 1887 2681 non

241 2719 574 2775 abutamur.
629 2715 887 2770 Prteterit
934 2715 1111 2783 enim,
1166 2715 1377 2785 inquit,
1428 2715 1665 2772 habitus
1712 2718 1890 2788 hujus

244 2805 453 2861 mundi
485 2805 619 2874 (33).
654 2805 723 2859 Et
753 2803 852 2875 qui
883 2808 1110 2873 emunt,
1142 2804 1355 2875 inquit,
1387 2804 1472 2860 sic
1500 2811 1695 2876 agant,
1720 2808 1890 2878 quasi

250 2912 366 2952 non
399 2894 789 2967 possidentes.
838 2892 955 2947 Cur
1001 2891 1127 2947 ita?
1176 2893 1459 2958 Quoniam
1512 2896 1889 2966 prtemiserat,

255 2985 456 3040 dicens
490 3000 501 3038 :
537 2984 795 3053 Tempus
826 2981 886 3035 in
920 2980 1163 3036 collecto
1196 2986 1286 3037 est
1316 2982 1359 3053 (Ι
1393 2986 1514 3039 Cor.
1552 3001 1645 3051 m,
1676 2986 1889 3057 29-31).

249 3073 308 3128 Si
339 3090 474 3145 ergo
509 3088 718 3127 uxores
750 3086 985 3143 quoque
1016 3070 1177 3143 ipsas
1208 3072 1289 3126 sic
1323 3071 1621 3129 habendas
1652 3075 1892 3131 demon-

248 3168 420 3229 strat,
454 3167 737 3233 tanquam
772 3178 885 3215 non
919 3160 1265 3228 habeantur,
1300 3166 1537 3233 propter
1587 3165 1893 3235 angustias

1977 581 2084 651 12),
2118 586 2237 635 tam
2272 582 2476 637 fortem
2512 588 2567 638 et
2599 585 2807 655 utique
2856 584 3206 655 permissam
3258 587 3616 658 voluptatem

1973 674 2178 741 sponte
2211 677 2491 741 ponentes
2514 672 2804 735 ?Qu?dam
2834 675 2876 709 ¹⁰
2900 675 3086 745 ipsam
3142 676 3242 729 Dei
3298 682 3622 731 creaturam

1974 758 2086 813 sibi
2137 759 2517 830 interdicunt,
2567 762 2930 818 abstinentes
2980 763 3113 817 vino
3162 769 3220 818 et
3266 765 3621 820 animalibus

1975 847 2290 903 esculentis
2314 849 2634 920 “,quorum
2672 850 2894 905 fructus
2928 851 3070 905 nulli
3108 852 3359 921 periculo
3394 860 3491 908 aut
3514 854 3623 909 sol-

1974 935 2264 991 licitudini
2298 938 2583 1007 adjacent;
2610 940 2708 992 sed
2744 939 3138 995 humilitatem
3174 942 3381 995 animts
3413 960 3529 997 sua)
3564 946 3621 997 in

1977 1026 2163 1079 victus
2215 1044 2447 1097 quoque
2497 1028 2881 1099 castigatione
2934 1034 3043 1083 Deo
3097 1030 3425 1086 immolant.
3474 1032 3626 1087 Satis

1981 1116 2157 1185 igitur
2188 1121 2243 1169 et
2272 1132 2374 1170 vos
2407 1133 2523 1170 usas
2555 1116 2695 1172 estis
2730 1116 2943 1171 divitiis
2977 1123 3152 1190 atque
3184 1120 3430 1189 deliciis,
3482 1123 3627 1176 satis

1981 1204 2182 1259 dctum
2246 1210 2569 1260 vestrarum
2631 1207 2884 1260 fructum
2947 1207 3251 1263 decidistis
3323 1210 3435 1280 (84)
3493 1216 3629 1267 ante

1984 1295 2249 1350 notitiam
2286 1293 2629 1349 salutarium
2665 1295 3133 1367 disciplinarum.
3160 1301 3275 1352 Nos
3309 1316 3538 1369 sumus,
3571 1300 3629 1356 in

1984 1400 2133 1455 quos
2164 1384 2545 1438 decurrerunt
2577 1384 2721 1438 fines
2753 1385 3119 1439 executorum.
3144 1390 3258 1440 Nos
3291 1387 3564 1442 destinati
3600 1407 3633 1444 a

1985 1474 2101 1529 Deo
2125 1477 2258 1526 ante
2286 1473 2565 1525 mundum
2592 1472 2649 1527 in
2675 1473 3119 1527 aestimationem
3144 1478 3474 1546 temporum
3496 1477 3628 1548 (85);

1984 1567 2265 1631 tanquam
2304 1562 2348 1596 ¹²
2376 1562 2714 1632 castigando
2743 1567 2800 1615 et
2830 1563 3235 1629 castrando,ut
3256 1564 3335 1620 ita
3362 1565 3631 1636 dixerim,

1986 1648 2196 1705 saeculo
2228 1649 2532 1703 erudimur
2562 1666 2592 1702 a
2629 1650 3013 1705 l)omino.Nos
3036 1667 3243 1706 sumus
3266 1653 3633 1710 circumcisio

1989 1739 2250 1794 omnium
2286 1743 2341 1792 et
2382 1738 2662 1809 spiritalis
2711 1743 2766 1792 et
2814 1738 3085 1803 carnalis,
3139 1757 3275 1795 nam
3325 1742 3534 1813 spiritu
3580 1749 3635 1799 et

1995 1844 2167 1883 carne
2199 1825 2503 1881 saecularia
2533 1826 3014 1882 circumcidimus
3046 1828 3109 1883 ¹⁸.

2644 1915 2879 1970 CAPUT
2906 1915 2970 1970 Χ.

2064 2005 2354 2060 Nimirum
2388 2003 2540 2058 enim
2580 2005 2727 2058 Deus
2762 2004 3184 2059 demonstravit
3218 2007 3408 2061 succis
3438 2006 3638 2062 herba-

1995 2110 2126 2149 rum
2179 2100 2235 2147 et
2278 2092 2632 2147 concharum
2683 2090 2881 2147 salivis
2929 2093 3041 2164 (86)
3092 2096 3399 2165 incoquere
3450 2096 3635 2152 lanas.

1998 2183 2299 2237 Exciderat
2329 2180 2434 2247 illi,
2468 2198 2597 2235 cum
2634 2182 2905 2236 universa
2939 2183 3096 2237 nasci
3123 2182 3377 2253 juberet,
3414 2203 3635 2257 purpu-

1996 2289 2123 2327 reas
2157 2277 2214 2325 et
2244 2271 2544 2325 coccineae
2574 2287 2707 2325 oves
2741 2271 3020 2325 mandare
3055 2287 3067 2325 :
3104 2271 3257 2326 Deus
3288 2279 3344 2327 et
3374 2274 3638 2344 ipsarum

1994 2361 2242 2415 vestium
2274 2359 2539 2413 ofﬁcinas
2571 2364 2960 2427 commentus,
2996 2376 3121 2430 quae
3154 2360 3309 2416 leves
3356 2367 3412 2416 et
3462 2363 3640 2420 exiles

1998 2448 2119 2505 solo
2153 2448 2334 2519 pretio
2367 2448 2569 2503 1328
2603 2464 2806 2518 graves
2837 2456 3052 2515 essent;
3084 2451 3231 2505 Deus
3253 2455 3308 2505 et
3331 2452 3456 2506 auri
3479 2458 3644 2509 tanta

1997 2555 2172 2610 opera
2204 2538 2485 2609 produxit,
2518 2535 2975 2607 complectendis
3008 2542 3063 2591 et
3093 2538 3524 2610 distinguendis
3556 2542 3642 2598 la-

2000 2626 2179 2699 pillis,
2215 2624 2561 2698 scrupulosa
2589 2627 2736 2679 Deus
2759 2626 3001 2681 auribus
3025 2626 3263 2682 vulnera
3284 2630 3390 2700 (87)
3425 2629 3645 2701 intulit,

1999 2722 2055 2772 et
2087 2717 2229 2771 tanti
2268 2716 2470 2769 habuit
2499 2714 2861 2770 vexationem
2894 2717 3088 2787 operis
3118 2716 3209 2771 sui
3241 2722 3299 2772 et
3345 2720 3641 2775 cruciatus

1999 2805 2257 2863 infantiae
2291 2809 2431 2859 tunc
2462 2803 2718 2875 primum
2752 2802 3024 2872 dolentis,
3058 2808 3122 2858 ut
3151 2821 3219 2859 ex
3250 2804 3365 2861 illis
3404 2808 3475 2862 ad
3526 2808 3642 2864 fer-

2002 2912 2129 2950 rum
2161 2893 2279 2949 nati
2329 2891 2588 2961 corporis
2637 2892 2749 2962 (88)
2798 2892 3167 2947 cicatricibus
3215 2910 3397 2965 grana
3446 2898 3645 2952 nescio

2003 3001 2132 3057 quas
2163 2984 2504 3056 penderent,
2540 2998 2661 3049 qua:
2695 2980 2866 3051 plane
2895 2981 3095 3035 Parthi
3131 2999 3230 3053 per
3259 2984 3456 3037 omnia
3489 3003 3647 3057 quaa-

2004 3092 2117 3145 qus
2169 3091 2277 3129 sua
2325 3072 2371 3105 ²⁴
2416 3069 2711 3125 bullarum
2754 3070 2875 3124 vice
2905 3071 3192 3137 inserunt,
3224 3089 3559 3143 quanquam
3593 3081 3650 3130 et

2007 3180 2215 3220 aurum
2248 3162 2464 3232 ipsum,
2508 3160 2678 3230 cujus
2727 3176 2826 3214 vos
2873 3159 3059 3229 gloria
3101 3167 3365 3231 occupat,
3411 3162 3647 3219 cuidam

247 3255 605 3323 temporum,
634 3249 773 3321 quid
805 3250 875 3304 de
904 3249 1069 3304 vanis
1099 3249 1192 3304 his
1220 3249 1634 3308 instrumentis
1663 3254 1896 3309 earum?

252 3339 379 3395 Non
412 3340 567 3395 enim
600 3344 656 3395 et
685 3338 766 3394 ita
814 3337 985 3393 multi
1038 3338 1279 3407 faciunt,
1330 3344 1387 3395 et
1434 3356 1497 3395 se
1543 3342 1897 3413 spadonatui

2007 3254 2167 3327 genti
2193 3252 2263 3306 ad
2297 3248 2528 3305 vincula
2557 3247 2769 3303 servire
2796 3248 3051 3302 referunt
3079 3248 3387 3319 gentilium
3422 3251 3646 3308 litteras.

2008 3344 2164 3397 Adeo
2197 3356 2310 3395 non
2341 3336 2580 3393 veritate
2611 3337 2761 3391 bona
2794 3334 2949 3399 s'unt,
2986 3337 3084 3391 sed
3119 3337 3386 3407 raritate;
3420 3341 3649 3398 artibus

1681 3513 1887 3575 Variae
1930 3511 2251 3589 lectiones.

306 3661 324 3693 τ
356 3658 899 3732 Seml.exornatum.
956 3661 996 3732 Λ⁸
1020 3660 1212 3726 Rig.ut
1243 3677 1489 3732 sap.non
1515 3662 1827 3718 videantur
1848 3657 2609 3732 consecutaz,tem_p.ma|um
2640 3656 2974 3732 huiusmodi
3002 3662 3219 3710 curate.
3298 3658 3317 3691 ⁰
3341 3659 3646 3732 Rig.quam

236 3733 426 3787 nostri
458 3730 1069 3802 proﬁtentur,implere
1103 3729 1385 3804 poteritis.
1467 3734 1509 3767 ¹⁰
1546 3735 1639 3803 Rzg
1668 3735 1969 3804 Numquid
2002 3751 2115 3789 non
2150 3730 2350 3804 aliqui.
2431 3732 2472 3764 ¹¹
2508 3730 2715 3804 Rrec/er
2748 3729 3049 3804 Riguumm
3076 3731 3645 3804 omaes,exsulanter.

241 3804 286 3878 1?
321 3801 533 3878 liigfin
562 3803 935 3878 emitiinatione
966 3802 1296 3873 temporali.
1336 3804 1537 3878 Itaque
1565 3801 1769 3878 castig.
1849 3801 1894 3841 λδ
1931 3808 2046 3878 Rig.
2080 3820 2219 3859 nam
2252 3808 2308 3857 et
2335 3802 2394 3855 in
2447 3801 2656 3871 spiritu
2707 3806 2762 3853 et
2812 3801 2868 3851 in
2919 3816 3092 3853 carus
3144 3801 3645 3858 circumcidimus.

246 3876 291 3910 ¹⁴
321 3876 440 3944 Rig.
473 3875 671 3930 Parthi
704 3875 1021 3947 peronibus
1054 3891 1289 3945 quoque
1321 3875 1445 3931 suis
1476 3876 1619 3930 bull.
1657 3878 1778 3933 vice
1810 3877 1926 3934 ins.

1678 4046 2199 4108 Commentariun.

313 4195 425 4266 (80)
460 4196 520 4249 In
557 4203 778 4266 portum
806 4195 1108 4253 modestiae.
1144 4196 1475 4252 Translatio
1509 4202 1598 4252 est
1645 4216 1676 4252 a
1730 4197 1891 4252 navi-

236 4268 376 4333 bus,
428 4284 558 4391 que;
589 4268 647 4321 in
678 4272 864 4322 tutam
897 4270 1208 4325 stationem
1241 4285 1310 4324 ex
1340 4269 1457 4325 alto
1491 4272 1637 4326 mari
1670 4271 1892 4325 subdu-

238 4346 483 4391 cuntur.
567 4355 697 4391 HEN.

238 4346 483 4395 cuntur.
522 4346 697 4392 HHEN.

317 4410 429 4478 (81)
465 4410 956 4477 Compensantibus
983 4412 1192 4464 scilicet
1224 4412 1441 4466 habitus
1474 4413 1893 4467 irritamentum

233 4496 346 4552 pro
377 4479 586 4549 frigore
614 4482 812 4531 atatis.
864 4480 956 4531 Ait
1002 4482 1273 4547 feminas,
1326 4488 1492 4536 astate
1533 4484 1658 4549 jam
1712 4485 1892 4537 defer-

234 4558 534 4617 vescente,
585 4566 826 4618 corpora
874 4566 984 4604 sua
1028 4557 1194 4607 tanto
1240 4554 1430 4607 studio
1476 4570 1679 4607 curare
1711 4562 1764 4608 et
1796 4572 1891 4606 cor

236 4624 384 4686 lere,
447 4627 509 4675 ut
560 4621 976 4691 appetitionem
1036 4624 1124 4678 sui
1184 4626 1435 4679 excitent

243 4693 440 4763 frigus
470 4694 657 4747 {etatis
689 4695 787 4746 red
822 4696 1124 4748 accendat.
1160 4696 1280 4749 Bis.

319 4765 432 4833 (82)
466 4765 579 4818 Non
610 4766 764 4818 enim
794 4772 1017 4819 utemur
1043 4768 1293 4819 nostris?
1324 4766 1450 4820 Haec
1482 4767 1591 4820 sub
1646 4766 1891 4820 femina-

241 4852 381 4961 ἕλη]
416 4852 667 4904 persona
696 4838 1254 4908 querentium,quod
1291 4855 1317 4890 a
1348 4838 1471 4892 suis
1505 4838 1891 4908 depellantur.

308 4923 385 4959 ια.

308 4923 385 4959 IG.

322 4978 435 5047 (83)
466 4980 727 5052 Praeterit
758 4981 907 5034 enim
940 4980 1155 5035 habitus
1185 4981 1349 5052 hujus
1382 4980 1594 5033 mundi.
1625 4980 1895 5035 Habitum

241 5048 571 5124 dicitqugd
606 5051 823 5124 Paulus
853 5057 1064 5124 σχῆμα.
1108 5054 1231 5106 Rm.

322 5119 436 5189 (84)
495 5120 640 5174 Satis
695 5119 1269 5178 datum"vestrarum
1322 5124 1535 5190 fructus
1590 5122 1897 5176 decidistis.

245 5191 385 5265 Quae
417 5198 583 5265 erant
611 5191 667 5244 in
705 5194 867 5247 libris
891 5193 1175 5250 hactenus
1196 5194 1369 5249 editis
1392 5193 1897 5265 depravatissima.

244 5264 711 5317 Emendavimus
741 5280 809 5318 ex
838 5265 1231 5333 Agobardino.
1272 5266 1361 5320 Ait
1387 5264 1579 5320 autem
1616 5264 1782 5335 quasi
1828 5264 1901 5318 ad

250 5334 599 5387 universum
633 5335 1200 5406 genusfeminarum
1236 5354 1247 5390 :
1283 5337 1399 5392 Vos
1452 5336 1703 5406 feminas,
1759 5335 1903 5390 satis

252 5411 577 5473 antequam
629 5405 782 5459 inter
828 5405 1096 5461 homines
1147 5408 1413 5463 Christus
1473 5405 1901 5475 nominaretur,

251 5493 377 5531 usas
412 5477 555 5530 estis
584 5476 802 5531 divitiis
831 5482 1006 5547 atque
1051 5477 1275 5532 deliciis
1310 5496 1322 5532 :
1357 5480 1500 5535 satis
1551 5481 1777 5535 dotium
1810 5496 1901 5531 vc-

252 5553 516 5603 strarum
553 5564 782 5614 usuras,
808 5565 933 5617 quae
967 5550 1311 5603 maritorum
1347 5553 1671 5606 commodis
1701 5552 1907 5606 cedere

254 5620 575 5691 debebant,
624 5620 766 5687 ipsae
803 5619 1116 5691 ideeidistis
1165 5638 1230 5673 ac
1279 5624 1582 5691 prmceptis
1631 5624 1685 5676 in
1736 5640 1908 5677 omne

254 5690 526 5763 luxuriae,
559 5704 767 5763 genus,
798 5690 856 5763 in
891 5697 1165 5762 sumptus
1195 5692 1437 5747 insanos
1471 5690 1483 5746 Ξ
1514 5694 1662 5759 satis
1694 5694 1907 5763 permi-

256 5762 425 5817 sistis
470 5760 699 5831 decerpi
752 5760 1110 5832 voluptari‘os
1155 5763 1381 5819 fructus
1432 5760 1909 5835 pulchritudinis,

1485 4642 1497 4678 :
1551 4630 1607 4678 et
1662 4627 1711 4679 si
1760 4626 1901 4695 quid

2004 4214 2118 4267 qua
2151 4192 2654 4267 dotatzefueratis.
2691 4192 2985 4267 Lusistis:
3018 4192 3164 4267 satis
3195 4198 3301 4247 est.
3338 4197 3501 4267 Nunc
3549 4193 3644 4247 in-

2004 4265 2275 4324 ciderunt
2305 4266 2418 4319 alia
2449 4270 2732 4333 tempora;
2754 4271 2807 4318 et
2839 4265 3077 4331 majoris
3111 4266 3388 4318 momenti
3418 4266 3649 4336 negotia

2004 4357 2104 4395 vos
2138 4343 2336 4392 tenent
2370 4353 2381 4390 :
2418 4336 2761 4389 salutarium
2802 4336 3245 4405 disciplinarum
3282 4338 3489 4391 notitia
3542 4354 3649 4391 nos

2004 4411 2117 4467 alio
2167 4415 2363 4472 Vocat;
2416 4415 2548 4461 aute
2599 4409 2787 4477 ipsius
2836 4408 3037 4461 mundi
3070 4407 3302 4461 exordia
3334 4409 3651 4463 destinavit

2006 4500 2110 4537 nos
2144 4482 2294 4536 Deus
2326 4479 2580 4533 victuros
2610 4480 2664 4532 in
2700 4479 2932 4532 extimis
2965 4480 3349 4549 temporibus,
3392 4480 3448 4533 in
3504 4479 3649 4533 exti-

2008 4554 2266 4608 matione
2303 4550 2627 4618 temporali,
2659 4551 2765 4604 hoc
2798 4556 2904 4622 est,
2941 4550 2997 4603 in
3032 4552 3147 4604 line
3176 4557 3651 4622 temporum,quo

2011 4632 2272 4695 tempore
2303 4623 2675 4692 cogitandum
2713 4621 3019 4695 nobis,non
3056 4623 3402 4695 deterrrnis
3437 4640 3498 4675 ac
3532 4621 3654 4676 mo-

1936 4675 1977 4737 D
2012 4675 2539 4766 periijuris,
2572 4675 2769 4746 verum
2803 4675 3239 4748 de'emlestibus
3271 4711 3335 4747 ac
3378 4675 3655 4765 perpetuo

2007 4768 2325 4823 duraturis.
2365 4770 2486 4819 RIG.

2078 4840 2189 4910 (8:3)
2226 4839 2280 4893 In
2311 4837 2672 4910 extimatione
2702 4835 2993 4910 temporali
3020 4834 3108 4902 (ut
3144 4834 3281 4910 legit
3315 4836 3650 4910 Bigaltius).

2007 4908 2378 4964 In'extremis
2410 4908 2796 4975 temporibus,
2831 4909 2887 4958 in
2922 4908 3033 4959 line
3065 4908 3281 4960 saeculi.
3320 4908 3654 4962 Extiinatio-

2009 4998 2139 5036 nem
2179 4981 2269 5035 hic
2301 4994 2367 5032 eo
2396 4978 2691 5032 intellectu
2731 4978 2944 5047 percipi
2978 4976 3177 5039 voluit,
3198 4996 3311 5049 quo
3342 4982 3652 5045 extimavit,

2008 5053 2156 5107 libro
2187 5053 2252 5106 de
2284 5050 2497 5105 Corona
2530 5068 2547 5102 :
2580 5072 2607 5099 ‹‹
2642 5051 2986 5103 Contactam
3022 5049 3078 5102 in
3114 5051 3388 5106 manibus
3422 5052 3658 5107 extima-

2007 5126 2109 5181 Vit.
2146 5146 2173 5173 »
2207 5125 2331 5178 RIG.

2081 5196 2192 5267 (86)
2226 5192 2563 5267 Coneharum
2593 5192 2781 5267 saliuis
2813 5192 2899 5260 (ut
2928 5189 3083 5244 idem
3118 5190 3321 5267 legit)._
3351 5194 3475 5248 Non
3526 5208 3657 5247 raro

2013 5261 2239 5322 Plinius
2270 5263 2462 5319 saliva:
2494 5261 2843 5335 vocabulum
2878 5268 3127 5333 usurpat
3159 5261 3272 5335 pro
3310 5265 3555 5320 humore
3603 5268 3661 5317 et

2015 5354 2209 5393 succo.
2241 5342 2323 5390 Ac
2354 5335 2422 5407 de
2455 5334 2729 5403 purpuris
2762 5338 2819 5407 et
2851 5334 3175 5389 muricibus
3223 5336 3391 5407 dixit,
3446 5356 3472 5388 ι
3522 5337 3661 5392 Len-

2013 5409 2158 5465 toris
2192 5406 2500 5475 cujusdam
2536 5421 2666 5459 cera
2698 5404 2968 5459 salivant.
3007 5427 3033 5454 »
3066 5410 3185 5461 me.

2089 5480 2200 5550 (87)
2229 5476 2844 5550 Scrupulosqvulnera.
2880 5477 3040 5533 Unde
3070 5494 3437 5550 gemmarum
3490 5491 3652 5530 scru-

2018 5548 2137 5623 puli
2175 5548 2513 5619 penderent.
2550 5548 2677 5602 Rio.

2095 5623 2204 5691 (88)
2238 5623 2314 5675 Ad
2343 5624 2556 5689 ferrum
2588 5620 2708 5673 nati
2738 5622 3000 5691 corporis.
3054 5624 3266 5674 Natum
3317 5619 3385 5674 ad
3439 5619 3658 5691 ferrum

2022 5689 2233 5763 corpus
2267 5692 2428 5759 dicit,
2463 5694 2638 5763 quod.
2668 5689 2846 5747 simul
2887 5698 2951 5745 ut
2976 5697 3178 5744 natum
3211 5695 3318 5759 est,
3354 5692 3504 5747 ferro
3534 5689 3661 5745 vul-

2029 5770 2289 5835 neratur,
2312 5764 2432 5822 ima
2462 5764 2686 5822 oricilla
2715 5763 3030 5820 infantium
3062 5774 3320 5833 pertusa.
3356 5766 3480 5819 Rio.
