4148 6194
250 348 279 404 1
291 347 404 405 μδ

1286 338 1521 400 LIBER
1561 339 1616 399 Il
1661 341 1763 399 DE
1806 339 2065 401 CULTU
2110 338 2610 401 FEMINARUM.

3506 343 3661 403 1446

246 482 349 533 aut
405 473 738 530 imbecillus
804 471 1019 543 aliquis
1087 488 1154 528 ex
1211 470 1491 527 fratribus
1552 470 1898 537 visitandus,
1930 473 1985 539 Α
2016 471 2107 526 nis
2154 472 2199 506 ²⁴
2242 476 2300 526 et
2346 471 2770 528 matronalibus
2822 474 3246 529 decoramentis
3299 476 3664 542 coercebant,

247 570 348 622 aut
379 562 731 636 sacrificium
773 562 1013 617 offertur
1063 562 1194 631 (97),
1244 564 1347 615 aut
1381 560 1474 615 Dei
1522 561 1765 616 verbum
1798 562 1898 617 ad-

250 655 639 709 ministratur.
694 650 933 717 Quidvis
964 651 1175 705 horum
1227 649 1530 721 gravitatis
1580 655 1637 703 et
1683 649 1901 705 sancti-

247 744 387 799 tatis
439 740 763 813 negotium,
806 744 863 794 et
911 739 1003 794 cui
1052 756 1201 810 opus
1256 756 1371 793 non
1421 737 1496 793 sit
1544 737 1748 792 habitu
1800 756 1901 793 εκ·-

248 832 639 888 traordinario
684 835 742 884 et
790 829 1113 899 composito
1160 832 1215 883 et
1260 827 1450 883 soluto
1480 828 1545 879 ²¹.
1600 830 1677 882 Ac
1720 828 1771 882 si
1804 844 1901 882 ne-

249 923 497 977 cessitas
540 919 937 974 amicitiarum
970 916 1414 985 officiorumque
1458 915 1767 987 gentilium
1801 933 1903 971 vos

248 1016 435 1078 vocat,
480 1026 585 1063 cur
633 1024 746 1062 non
797 1006 1009 1061 vestris
1060 1005 1239 1061 armis
1272 1005 1489 1059 indutaa
1540 1005 1904 1075 proceditis?

250 1104 416 1155 tanto
468 1097 676 1169 magis,
727 1099 945 1167 quanto
994 1094 1066 1149 ad
1120 1098 1427 1149 extraneas
1477 1093 1660 1147 fidei?
1710 1097 1774 1149 ut
1832 1094 1908 1149 sit

253 1190 407 1243 inter
439 1185 682 1242 ancillas
714 1182 933 1239 diaboli
983 1186 1039 1237 et
1089 1182 1185 1237 Dei
1234 1182 1577 1247 discrimen,
1612 1187 1677 1237 ut
1707 1199 1900 1238 exem-

254 1278 348 1349 plo
380 1275 508 1331 sitis
547 1274 686 1339 illis,
734 1276 797 1327 ut
844 1272 1051 1327 1330
1102 1270 1464 1326 aedificentur
1509 1270 1566 1324 in
1600 1270 1785 1335 vobis,
1819 1276 1903 1339 ut,

253 1365 547 1438 quomodo
579 1364 661 1418 ait
690 1362 1026 1433 Apostolus,
1062 1359 1471 1432 magniﬁcetur
1504 1360 1651 1415 Deus
1684 1359 1741 1415 in
1775 1376 1906 1415 cor-

254 1471 391 1527 pore
421 1457 614 1509 vestro
648 1450 920 1523 (Philipp.
955 1468 993 1516 1,
1024 1451 1132 1516 20;
1182 1454 1205 1505 1
1242 1448 1360 1504 Cor.
1396 1466 1469 1517 v1,
1501 1449 1634 1516 20);
1677 1448 1908 1520 magni-

256 1545 466 1599 ficatur
498 1548 693 1597 autem
743 1540 803 1593 in
853 1555 1093 1610 corpore
1138 1555 1240 1610 per
1286 1536 1654 1609 pudicitiam,
1706 1540 1910 1609 utique

257 1638 314 1688 et
380 1649 482 1703 per
555 1630 823 1685 habitum
900 1627 1195 1699 pudicitiae
1272 1631 1723 1698 competentem.
1800 1627 1908 1682 Sed

257 1722 415 1778 enim
448 1719 669 1775 dicitur
716 1736 750 1774 a
789 1718 1166 1789 quibusdam,
1201 1733 1273 1771 ne
1322 1716 1763 1788 blasphemetur
1808 1732 1910 1771 no-

259 1827 394 1865 men
428 1810 555 1879 ejus
585 1809 645 1861 in
680 1806 848 1862 nobis
881 1806 1053 1877 (Rom.
1079 1824 1143 1872 11,
1170 1804 1286 1876 25),
1314 1805 1361 1860 si
1394 1805 1533 1876 quid
1566 1807 1634 1859 de
1667 1805 1910 1875 pristino

261 1898 467 1954 habitu
501 1901 557 1951 et
586 1895 747 1951 cultu
779 1894 1181 1949 detrahamus.
1233 1894 1358 1948 Non
1408 1893 1743 1948 auferamus
1775 1909 1911 1965 ergo

261 1986 433 2043 nobis
466 1989 523 2040 et
551 1983 691 2039 vitia
721 1983 971 2055 pristina
992 1984 1060 2048 ³³,
1094 1982 1282 2037 simus
1305 1986 1361 2036 et
1392 1982 1652 2037 moribus
1677 1982 1911 2047 iisdem,

260 2077 310 2132 si
345 2080 402 2131 et
432 2073 738 2147 superficie
776 2073 1003 2140 eadem,
1036 2076 1092 2126 et
1138 2076 1277 2125 tunc
1322 2086 1450 2125 vere
1479 2087 1592 2125 non
1640 2070 1911 2142 blasphe-

261 2165 509 2220 mabunt
536 2162 818 2218 nationes.
854 2159 1104 2216 Grandis
1135 2158 1503 2230 blasphemia
1532 2164 1638 2225 est,
1675 2176 1791 2230 qua
1821 2160 1910 2214 di-

259 2253 534 2309 catur”:
582 2252 663 2307 Ex
710 2267 825 2321 quo
876 2249 1027 2304 facta
1055 2252 1143 2303 est
1191 2247 1541 2318 Christiana,
1594 2248 1910 2320 pauperius

258 2341 496 2397 incedit.
529 2339 792 2395 Timebis
834 2337 1145 2409 pauperior
1177 2336 1380 2404 videri,
1412 2353 1479 2391 ex
1511 2352 1625 2407 quo
1654 2337 1908 2407 locuple-

258 2431 370 2485 tior
398 2430 549 2484 facta
580 2445 662 2494 es,
684 2432 741 2483 et
770 2426 1080 2490 sordidior,
1096 2442 1164 2480 ex
1193 2442 1307 2496 quo
1331 2425 1648 2480 mundior?
1682 2426 1899 2481 Secun-

257 2520 400 2574 dum
433 2516 768 2590 gentilium,
802 2534 872 2570 an
907 2515 1234 2569 secundum
1284 2514 1383 2569 Dei
1437 2514 1907 2586 placitumiince-

261 2610 399 2664 dere
432 2605 799 2663 Christianos
831 2606 1104 2675 oportet?

887 2736 1121 2793 CAPUT
1152 2736 1270 2792 XII.

328 2848 613 2920 Optemus
644 2844 1047 2901 tantummodo
1078 2860 1149 2899 ne
1173 2842 1352 2914 justas
1382 2842 1907 2916 blasphemationis

257 2954 468 2993 caussa
499 2936 709 2991 simus.
743 2936 970 3000 Quanto
1002 2936 1197 2987 autem
1232 2933 1413 3003 magis
1445 2932 1906 3005 blasphemabile

256 3031 365 3091 est,
398 3027 468 3091 si,
503 3040 627 3097 qua:
658 3024 990 3078 sacerdotes
1020 3020 1315 3092 pudicitiae
1338 3021 1623 3090 dicimini,
1650 3021 1906 3093 impudi-

257 3130 461 3169 carum
517 3113 632 3167 ritu
693 3110 1019 3183 procedatis
1075 3109 1247 3165 cultae
1303 3115 1361 3165 et
1417 3110 1653 3181 expictze
1701 3110 1727 3165 ?
1791 3113 1906 3165 Aut

1945 1850 1991 1914 Β

2005 560 2131 629 jam
2189 564 2341 615 certe
2387 559 2583 615 saeculi
2643 560 2991 633 improbitas
3042 564 3299 635 quotidie
3352 565 3664 637 insurgens

2012 650 2449 705 honestissimis
2502 651 2836 722 quibusque
2888 652 3119 708 feminis
3169 670 3355 723 usque
3405 655 3475 708 ad
3509 671 3666 710 erro-

2014 756 2135 793 rem
2170 740 2552 810 dignoscendi
2598 742 2959 811 coaequavit;
3010 758 3345 813 quanquam
3380 742 3668 800 lenocinia

2014 828 2211 882 formis
2248 845 2543 898 nunquam
2582 846 2695 883 non
2749 830 3063 900 prostituto
3098 833 3322 903 corpori
3355 833 3668 903 conjuncta

2011 922 2067 971 et
2098 918 2291 971 debita
2341 918 2514 972 etiam
2566 917 2874 989 Scripturaa
2909 925 3255 990 suggerunt.
3306 919 3408 975 Ille
3460 921 3667 978 civitas

2014 1005 2224 1073 valida,
2287 1023 2413 1077 quae
2472 1023 2647 1077 super
2705 1013 2927 1079 septem
2982 1013 3207 1064 montes
3262 1014 3319 1065 et
3376 1010 3665 1080 plurimas

2015 1112 2198 1166 aquas
2252 1095 2540 1165 praesidet,
2583 1112 2715 1151 cum
2772 1097 3095 1168 prostituta:
3148 1097 3594 1170 appellationem
3637 1118 3670 1154 a

2022 1183 2261 1239 Domino
2323 1184 2635 1240 meruisset
2683 1186 2747 1253 ’5,
2807 1185 2965 1256 quali
3025 1186 3227 1241 habitu
3289 1187 3668 1259 appellationi

2018 1290 2135 1328 sure
2188 1278 2527 1344 comparata
2576 1274 2713 1329 est?
2761 1274 2935 1329 Sedet
2993 1279 3144 1329 certe
3194 1275 3250 1329 in
3307 1292 3565 1347 purpura
3614 1281 3671 1332 et

2017 1362 2249 1417 coccino
2283 1367 2338 1416 et
2368 1380 2509 1417 auro
2532 1367 2587 1417 et
2616 1363 2810 1434 lapide
2836 1363 3109 1434 pretioso.
3135 1366 3319 1429 Quam
3356 1365 3668 1421 maledicta

2019 1466 2177 1515 sunt,
2199 1451 2325 1505 sine
2356 1450 2571 1522 quibus
2596 1469 2707 1506 non
2735 1453 2922 1523 potuit
2942 1451 3250 1506 maledicta
3269 1457 3325 1507 et
3356 1454 3673 1523 prostituta

2019 1539 2327 1594 describi!
2387 1540 2644 1594 Thamar
2702 1538 2804 1593 illa
2861 1540 3012 1610 (Gen.
3072 1556 3271 1606 xxvm,
3334 1541 3398 1594 14
3459 1543 3673 1614 seqq.),

2020 1628 2160 1701 quia
2185 1644 2247 1682 se
2279 1628 2616 1698 expinxerat
2664 1631 2719 1682 et
2768 1632 3099 1693 ornaverat,
3137 1627 3352 1683 idcirco
3381 1629 3545 1683 Judaa
3577 1647 3674 1685 ευ-

2021 1716 2282 1789 spicione
2314 1716 2436 1771 visa
2484 1720 2573 1770 est
2623 1717 2871 1786 quaestui
2908 1718 3016 1788 (98)
3051 1718 3293 1784 sedere;
3346 1719 3512 1788 adeo,
3544 1720 3679 1788 quia

2023 1806 2132 1860 sub
2164 1804 2489 1859 velamento
2521 1804 2762 1874 latebat,
2796 1805 3033 1860 habitus
3065 1805 3345 1876 qualitate
3375 1812 3675 1877 questua-

2022 1894 2170 1949 riam
2205 1895 2399 1949 I33!
2443 1894 2762 1948 mentiente
2794 1894 2928 1965 (99),
2982 1899 3039 1949 et
3073 1894 3228 1957 fecit,
3283 1899 3347 1949 ut
3377 1900 3678 1966 quaestua-

2023 1984 2169 2037 riam
2228 1988 2284 2038 et
2340 1981 2522 2037 voluit
2579 1987 2637 2038 et
2688 1982 3058 2053 compellavit
3112 1987 3168 2038 et
3226 1988 3430 2055 pactus
3491 1988 3578 2041 est
3608 1986 3671 2038 9°.

2022 2072 2185 2127 Unde
2233 2072 2598 2126 addiscimus
2658 2073 2935 2127 adversus
2994 2088 3347 2143 congressus
3396 2074 3568 2129 etiam
3621 2079 3678 2131 et

2023 2160 2388 2232 suspiciones
2438 2160 2764 2231 impudicas
2815 2161 3237 2232 providendum
3290 2163 3450 2216 omni
3501 2164 3673 2218 modo

2021 2266 2169 2305 esse.
2214 2249 2361 2314 Quid
2411 2248 2565 2303 enim
2596 2253 2767 2303 castae
2819 2250 3033 2304 mentis
3083 2249 3387 2321 integritas
3437 2250 3496 2304 in
3528 2252 3671 2307 alte-

2022 2337 2143 2391 rius
2175 2336 2511 2408 suspicione
2563 2338 2940 2392 inaculatur?
2986 2337 3131 2403 Quid
3167 2342 3437 2409 speratur
3467 2337 3525 2393 in
3558 2356 3669 2410 me,

2020 2427 2174 2497 quod
2233 2426 2548 2481 adversor?
2604 2426 2753 2489 Quid
2808 2442 2918 2481 non
2976 2442 3169 2481 mores
3222 2442 3381 2482 meos
3430 2426 3687 2482 habitus‘

2020 2514 2383 2587 pronuntiat,
2437 2531 2509 2570 ne
2560 2514 2806 2586 spiritus
2868 2530 2969 2586 per
3018 2532 3188 2570 aures
3236 2516 3307 2569 ab
3358 2515 3672 2587 impuden-

2018 2605 2100 2660 tia
2143 2603 2478 2659 vulneretur
2524 2604 2649 2674 (t)?
2698 2604 2890 2659 Liceat
2938 2603 3116 2659 videri
3170 2604 3466 2676 pudicam,
3520 2609 3672 2661 certe

2017 2692 2375 2763 impudicam
2410 2708 2525 2747 non
2558 2690 2695 2747 licet
2726 2692 2792 2745 ’7.

2634 2825 2861 2882 CAPUT
2893 2824 3039 2879 XIII.

2088 2930 2301 3001 Aliqua
2332 2931 2574 2986 forsitan
2597 2930 2787 2986 dicat:
2812 2935 2938 2986 Non
2970 2936 3059 2988 est
3094 2932 3237 2987 mihi
3271 2935 3665 2992 necessarium

2017 3019 2356 3075 hominibus
2416 3020 2668 3091 probari,
2729 3037 2834 3075 nec
2882 3020 3035 3076 enim
3092 3023 3495 3079 testimonium
3551 3025 3659 3085 ho-

2017 3111 2242 3164 minum
2302 3110 2571 3180 requiro;
2625 3109 2777 3164 Deus
2836 3114 3180 3180 conspector
3234 3117 3323 3167 est
3368 3115 3561 3169 cordis
3618 3116 3665 3185 (Ι

257 3203 397 3273 quid
430 3202 625 3255 minus
668 3201 886 3254 habent
931 3198 1346 3254 infelicissimae
1396 3198 1503 3252 illa;
1535 3198 1904 3270 publicarum
1939 3215 1980 3283 ρ
2020 3200 2146 3265 Reg.
2178 3214 2292 3264 xw,
2325 3198 2400 3268 7).
2453 3198 2687 3253 Scimus
2739 3214 2964 3267 omnes,
3015 3216 3148 3254 cum
3180 3206 3375 3255 tamen
3408 3203 3472 3269 ³⁸,
3521 3204 3660 3275 quid

256 3290 573 3345 libidinum
624 3288 918 3343 victimae?
965 3304 1111 3359 quas
1158 3288 1206 3343 si
1238 3303 1365 3358 quae
1395 3286 1555 3357 leges
1606 3304 1640 3342 a
1690 3291 1907 3341 matro-

2018 3286 2171 3341 idem
2224 3301 2326 3357 per
2370 3285 2712 3358 Apostolum
2758 3286 2987 3358 dixerit,
3039 3290 3415 3346 recordemur
3459 3308 3472 3349 :
3522 3293 3661 3348 Pro-

1672 3403 1874 3465 Variae
1902 3403 2224 3465 lectiones.

330 3525 376 3561 ἰ
408 3525 468 3579 Α.
502 3521 757 3581 Neander
784 3520 1000 3577 emend.
1034 3521 1163 3576 hab.
1201 3520 1490 3575 extraord.
1524 3523 1581 3574 et
1611 3518 1820 3584 soluto,
1854 3519 1954 3592 sed
1987 3519 2330 3591 composito.
2410 3519 2456 3592 ??
2503 3520 2588 3574 Vv.
2623 3520 2790 3575 nobis
2837 3525 2894 3576 et
2923 3520 3119 3576 delevit
3149 3521 3261 3592 Rig.

260 3598 487 3667 aliique,
522 3594 777 3667 blasph.,
811 3594 859 3667 si

3340 3522 3385 3556 ²⁸
3411 3521 3663 3579 Gelenius

893 3609 1008 3664 qua
1039 3594 1150 3647 dic.
1185 3623 1250 3632 —
1278 3593 1563 3647 incedere.
1596 3593 1720 3662 Βία.
1754 3591 1987 3665 διαεέρὴ.
2019 3590 2133 3656 est,
2152 3609 2218 3645 ex
2246 3607 2368 3665 qua
2394 3590 2506 3665 dio.
2530 3591 2864 3665 ——_incedit.
2941 3593 2987 3626 ³⁸
3015 3595 3098 3647 At.
3132 3590 3517 3648 maritolibus.
3544 3595 3661 3665 Big.

263 3662 671 3723 maritalibus.‘
736 3665 780 3700 ⁵⁵
811 3662 928 3736 Βίρζ
964 3665 1258 3735 praesidet,
1287 3664 1612 3735 prostituta:
1644 3680 1775 3734 app.
1812 3680 1845 3718 a
1876 3664 2041 3736 Dom.
2070 3664 2308 3736 meruit.
2340 3662 2447 3717 Sed
2475 3662 2638 3736 quali
2666 3664 2824 3728 hah.,
2858 3668 2967 3718 etc.
3045 3665 3088 3699 ²⁸
3123 3666 3236 3735 Rig.
3264 3666 3523 3736 adeoque
3553 3662 3663 3721 sub

261 3740 371 3794 vel.
405 3740 530 3806 lat.,
564 3739 699 3794 hab.
733 3734 889 3808 quat.
925 3734 1161 3808 quiest.”
1186 3740 1396 3808 ment.,
1426 3739 1488 3788 ut
1519 3739 1724 3808 quaest.
1781 3739 1838 3789 et
1868 3734 2113 3808 voluerit
2160 3740 2217 3789 et
2263 3734 2698 3804 compellaverit
2729 3741 2785 3791 et
2828 3742 3032 3807 pactus
3064 3736 3159 3790 sit.

3266 3738 3307 3771 ²⁷
3340 3739 3459 3808 Rig.
3492 3753 3520 3793 θ
3547 3738 3663 3793 cod.

262 3811 428 3884 Agob.
462 3816 615 3867 certe
647 3805 1007 3881 impudicam
1040 3807 1280 3864 scilicet.
1358 3807 1402 3841 ³⁸
1434 3808 1521 3860 Fr.
1554 3807 1751 3862 Junius
1779 3805 1923 3875 conj.
1958 3806 2191 3860 Scimus
2224 3822 2467 3873 omnes;
2499 3805 2899 3862 verumtamen
2933 3808 3032 3879 qui
3065 3808 3241 3878 idem,
3272 3812 3378 3864 etc.

1706 3923 1853 3982 Com
1865 3921 2231 3981 mentarius.

338 4046 446 4117 (97)
534 4043 879 4113 Sacrificium
926 4043 1217 4117 ⁸οῙῙενιιῃο.
1303 4038 1642 4117 Sio___di1_tit,
1736 4039 1908 4117 sacri-

264 4109 518 4189 ﬁciorum
574 4109 866 4189 orationes,
916 4109 1028 4189 _in_"
1061 4111 1305 4189 quibus
1352 4109 1575 4189 scilicet
1607 4109 1908 4189 _eucbari-

267 4181 415 4243 stica
463 4186 737 4259 mysteria
779 4181 1185 4257 participanda
1232 4182 1505 4237 fidelibus
1564 4181 1906 4237 offeruntur.

268 4262 395 4316 Rm.

337 4335 545 4385 —-Aut
589 4328 924 4396 sacriﬁcium
968 4325 1210 4396 offertur.
1274 4324 1519 4395 Intelligi
1575 4323 1757 4379 Missas
1811 4340 1909 4396 sa-

265 4418 462 4480 crum_
490 4394 858 4480 manifestius
932 4394 1027 4480 est
1074 4415 1283 4480 quam,
1325 4402 1411 4478 ut.
1448 4394 1653 4476 debeat
1722 4394 1908 4477 mani-

266 4471 488 4537 festari,
531 4476 735 4524 contra
786 4467 1211 4539 impudentiam
1252 4467 1415 4522 Junii
1470 4467 1567 4537 qui
1602 4468 1910 4537 quaspiam

267 4545 557 4601 orationes
588 4542 912 4611 generatim
940 4539 1233 4611 intelligit.
1282 4540 1575 4611 Videnduﬁs
1605 4544 1909 4594 Gretserus

268 4621 467 4673 noster
496 4614 555 4667 in
589 4610 742 4666 notis
774 4618 977 4667 contra
1003 4610 1271 4675 Junium,
1304 4627 1427 4681 cap.
1449 4611 1501 4673 3,
1532 4610 1661 4664 Lac.

341 4686 445 4757 (98)
480 4685 709 4739 Thamar
750 4684 871 4752 illa,
919 4688 1028 4737 eto.
1081 4684 1210 4757 visa
1248 4690 1327 4736 est
1355 4680 1627 4757 gouaestui.
1654 4680 1741 4757 .Id
1798 4684 1907 4750 est,

268 4752 666 4829 ad'quzestum
713 4758 933 4829 sedere,
965 4758 1073 4829 etc.
1130 4753 1313 4829 Etiam
1355 4753 1503 4807 hanc
1554 4752 1905 4829 scripturam

2026 4036 2305 4105 Hebraeis,
2335 4041 2400 4092 ut
2453 4037 2785 4093 meretrices
2836 4037 3099 4108 publicas
3148 4039 3486 4096 obsiderent
3525 4040 3668 4097 vias.

2025 4109 2186 4164 Unde
2220 4108 2359 4162 illud
2414 4109 2612 4163 Ezech.
2647 4125 2738 4163 xvr
2775 4126 2787 4164 :
2820 4110 2898 4164 Ad
2943 4126 3104 4165 omne
3140 4115 3304 4181 caput
3348 4114 3454 4168 viae
3493 4113 3668 4181 cedi/i-

2022 4182 2162 4235 casli
2186 4181 2406 4247 signum
2458 4182 2863 4249 prostitutionis
2910 4191 3060 4247 tuae;
3092 4189 3148 4237 et
3176 4183 3387 4237 iterum
3426 4200 3438 4236 :
3473 4183 3667 4253 /Ediﬁ-

2021 4255 2159 4307 casti
2189 4253 2432 4319 lupanar
2458 4255 2617 4305 tuum
2648 4253 2705 4306 in
2734 4255 2913 4324 capite
2943 4255 3116 4308 omnis
3148 4256 3269 4311 viae.
3320 4255 3458 4309 Inde
3487 4256 3665 4309 etiam

2024 4326 2177 4396 apud
2209 4324 2500 4396 Romanos
2547 4324 2807 4394 prosedas,
2860 4342 3110 4396 quarum
3161 4326 3525 4381 meretricum
3559 4327 3666 4381 fre-

2023 4395 2209 4467 quens
2244 4395 2479 4461 mentio,
2514 4396 2663 4464 quod
2716 4402 2848 4450 ante
2885 4395 3051 4453 fores
3083 4399 3372 4452 sederent.
3426 4398 3666 4453 Plautus

2022 4467 2270 4541 in_PmAn.
2309 4484 2321 4520 :
2360 4467 2720 4541 «_Prosedas,
2773 4468 3061 4539 pistorum
3113 4470 3332 4525 amicas
3388 4468 3667 4541 reliquias

2018 4538 2306 4594 alicarias.
2344 4560 2370 4586 ››
2407 4538 2533 4593 Lac.

2093 4611 2202 4680 (99)
2265 4610 2489 4664 Habitus
2546 4610 2815 4680 qualitate
2870 4613 3271 4680 quaestuaria";
3347 4613 3664 4666 mentiente.

2024 4682 2367 4753 Perstringit
2398 4682 2641 4736 fortasse
2662 4682 2979 4751 quamdam
3003 4683 3307 4738 mulierem
3328 4699 3454 4753 quae
3488 4684 3545 4737 in
3571 4682 3668 4738 illo

2024 4753 2144 4807 luto
2178 4754 2444 4819 haeserat,
2479 4770 2595 4823 qua
2630 4754 2872 4815 ratione,
2904 4754 3023 4807 Sat.
3061 4769 3137 4817 vt,
3186 4754 3484 4809 Juvenalis
3517 4754 3667 4809 Mes-

269 4799 575 4902 pos‘tleriori
634 4829 754 4883 loco
799 4799 953 4902 _cita’t
1118 4826 1595 4902 _Cyprianus,_ut
1645 4799 1915 4902 olstendat
1943 4799 1989 4862 D
2021 4825 2271 4902 salinam
2303 4799 2512 4902 tangit1
2541 4841 2688 4894 quae,
2733 4799 2891 4902 nuda
2922 4799 3153 4896 papillis
3183 4825 3455 4902 Constitit
3486 4827 3667 4902 oratis

270 4895 573 4957 mulierem
620 4899 810 4956 ornari
866 4895 1223 4955 saeculariter
1271 4913 1383 4950 non
1420 4896 1648 4964 debere,
1700 4895 1759 4949 in
1792 4896 1913 4950 haec

268 4975 445 5028 verba
478 4992 491 5028 :
526 4974 757 5027 Thamar
794 4971 1075 5040 cooperuit
1122 4986 1178 5023 se
1223 4967 1400 5038 pallio
1431 4968 1610 5037 (quod
1660 4967 1916 5040 appellat

267 5050 324 5100 et
402 5050 462 5098 Β.
550 5038 936 5115 Hieronymus
1018 5041 1386 5115 theristrum)
1470 5047 1519 5115 et
1604 5038 1915 5115 adornavit,

268 5127 322 5172 et
405 5132 529 5171 cum
607 5112 904 5186 aspexisset
969 5130 1107 5186 eam
1190 5112 1375 5179 Iudas,
1453 5112 1634 5186 visum
1692 5114 1785 5186 est
1865 5112 1917 5164 ei

268 5182 856 5243 meretricem—esse.
942 5184 1087 5240 [llud
1149 5190 1366 5247 autem,
1441 5192 1494 5237 et
1552 5182 1743 5247 voluit,
1816 5198 1915 5235 ac-

268 5260 458 5330 cipere
514 5258 745 5312 videtur
801 5260 1024 5325 auctor,
1094 5273 1195 5327 pro
1254 5254 1730 5327 concupiscentia
1787 5255 1915 5323 ejus

269 5332 503 5386 exarsit.
538 5330 683 5384 PAM.

338 5434 406 5442 —-
447 5402 697 5470 Quaestui
744 5398 952 5455 sedere.
1008 5396 1232 5470 Sedere
1273 5396 1589 5451 mulierum
1644 5398 1735 5451 est
1790 5410 1913 5464 quae

269 5468 587 5528 fornicarise
620 5477 778 5526 sunt.
819 5473 892 5525 De
940 5468 1142 5522 eadem
1172 5468 1451 5531 Thamar,
1502 5470 1640 5523 Gen.
1676 5482 1913 5532 xxxvm,

266 5547 495 5615 Operuit
526 5560 584 5598 se
609 5544 764 5614 peplo
816 5540 1123 5615 et__ol_)texit
1150 5540 1622 5615 se,ﬁco_nseditque
1652 5540 1713 5593 in
1752 5542 1915 5615 porta

267 5609 555 5671 oculorum
576 5609 732 5677 Evcl,
768 5617 832 5667 ut
861 5610 1175 5681 Vulgatus,
1225 5613 1440 5664 Mutato
1470 5612 1658 5664 habitu
1686 5609 1824 5663 sedit
1856 5612 1913 5663 in

269 5690 411 5745 bivio
460 5688 701 5755 itineris,
749 5689 807 5739 et
851 5682 1140 5755 Jeremize,
1193 5697 1319 5755 cap.
1353 5697 1438 5755 in,
1500 5682 1619 5755 Vide
1666 5682 1759 5755 αἰξί
1798 5698 1912 5736 ηοη

269 5699 411 5745 bivio
460 5699 701 5755 umeris,
749 5699 807 5739 6i.
851 5699 1140 5747 Jeremim,
1193 5699 1259 5736 08
1308 5723 1319 5736 .
1353 5699 1438 5747 III,
1500 5699 1619 5735 riae
1666 5699 1757 5735 um
1798 5699 1912 5736 non

263 5762 540 5831 prostrata
588 5759 687 5824 sis,
722 5757 780 5810 in
826 5757 930 5811 viis
976 5753 1217 5809 sedebas.
1266 5699 1399 5809 ﬁuit
1445 5753 1603 5808 enim
1652 5751 1912 5809 solemne

2022 4896 2260 4950 titulum
2319 4898 2562 4950 mentita
2622 4896 2885 4967 Lyciscae,
2922 4921 2941 4947 ι
3005 4914 3129 4967 quae
3190 4897 3409 4951 scilicet
3458 4898 3665 4955 cellam

2026 4968 2263 5023 intravit
2294 4968 2349 5022 in
2385 4984 2501 5038 qua
2551 4968 2764 5022 fmdum
2817 4968 3205 5039 prostibulum
3250 4970 3478 5024 sederat
3511 4988 3671 5026 men-

2024 5040 2220 5095 tiendo
2252 5056 2312 5093 se
2343 5044 2625 5109 quaestum
2660 5041 2920 5110 corporis
2948 5042 3153 5096 facere.
3194 5041 3262 5095 Le
3293 5046 3397 5096 Pa.

2095 5113 2170 5181 (1)
2204 5113 2439 5182 Spiritu:
2464 5128 2563 5181 per
2604 5128 2769 5182 aures
2823 5112 2891 5166 ab
2940 5113 3281 5182 impudentia
3330 5113 3667 5167 vulneretur.

2022 5181 2506 5255 Abiimpudentia
2538 5181 2759 5255 scilicet
2794 5181 3077 5255 juvenu’m
3114 5189 3534 5255 protervorum,
3570 5184 3669 5254 qui

2024 5260 2079 5308 te
2111 5254 2169 5309 in
2202 5254 2302 5309 tali
2337 5254 2538 5327 habitu
2594 5270 2703 5327 pro
2728 5254 3019 5327 impudica
3070 5254 3439 5327 compellare,
3473 5258 3529 5310 et
3559 5256 3671 5327 im-

2024 5327 2265 5397 pudenti
2317 5325 2571 5395 alloquio
2620 5325 2890 5396 spiritum
2941 5332 3107 5381 tuum
3157 5325 3442 5383 lacessere
3493 5331 3549 5380 et
3582 5325 3671 5380 in-

2024 5398 2286 5468 quietare
2318 5398 2639 5470 audebunt,
2670 5403 2847 5467 atque
2874 5397 2952 5453 ita
2986 5415 3085 5470 per
3116 5415 3286 5453 aures
3316 5405 3448 5453 tuas
3481 5397 3666 5470 pudor

2026 5467 2145 5523 rem
2176 5476 2340 5523 tuum
2393 5468 2806 5541 vulnerabant,
2840 5470 2923 5524 sic
2973 5467 2999 5522 ‹ἱ
3049 5470 3322 5541 spiritum
3350 5467 3667 5541 _szecularis

2025 5542 2104 5595 rei
2138 5542 2323 5612 gratia
2355 5539 2643 5613 concutit.
2684 5542 2753 5595 Et
2802 5539 3097 5613 spiritum‘
3125 5539 3401 5596 scandala
3435 5555 3669 5613 permo-

2022 5610 2175 5686 vent.
2215 5638 2241 5660 ››
2274 5612 2502 5686 ConcilL
2546 5612 2755 5669 Elibcr.
2792 5631 2804 5669 :
2838 5610 2879 5664 ’‹‹
2908 5612 3159 5686 Spiritus
3208 5616 3544 5668 sanctorum
3578 5610 3665 5665 in-

2024 5685 2382 5756 quietantur.
2421 5708 2441 5736 ι
2481 5684 2606 5739 ltro.
