4148 6194
500 356 529 415 1
540 358 654 414 4Π

1043 345 1571 410 TERTULLIANI
1616 344 1938 406 OPERUM
1984 343 2183 404 PARS
2226 343 2277 403 Ι.
2308 341 2688 406 -—SERIES
2732 345 2812 417 II,
2860 344 3342 407 DOGMATIGA.

3757 349 3917 408 M48

499 489 643 543 bum
673 487 931 541 vestrum
958 497 1151 537 coram
1184 480 1260 550 (2)
1310 477 1646 533 hominibus
1676 481 1955 548 appareat
1986 476 2139 546 (Phi-
2173 488 2225 551 Α
2256 481 2541 546 occupata
2566 475 2758 532 locum
2803 477 3027 549 spathis
3079 494 3193 532 non
3224 478 3339 534 det.
3392 481 3599 545 Quare,
3632 479 3910 535 benedic-

504 576 639 647 ιέρρ.
671 590 747 641 ιν,
776 573 851 643 5).
887 571 965 625 Ad
998 570 1164 640 quid,
1211 567 1323 621 nisi
1371 572 1431 621 ut
1464 564 1684 620 malitia
1716 565 1785 619 ad
1820 581 1919 620 vos
1952 581 2141 619 acces-

498 683 632 722 sum
664 662 905 719 omnino
952 676 1066 714 non
1113 657 1344 721 habeat,
1378 660 1433 709 et
1466 662 1528 709 ut
1559 653 1729 709 malis
1777 658 1835 708 et
1881 652 2146 724 exemplo

496 760 554 811 et
588 750 922 809 testimonio
976 747 1104 802 sitis
1134 749 1154 799 Ρ
1205 748 1315 799 Aut
1346 743 1483 815 quid
1532 748 1621 798 est
1653 760 1664 797 :
1700 744 1933 797 Luceaut
1980 758 2147 813 opera

494 845 718 900 vestra?
766 844 882 893 Aut
932 836 1071 908 quid
1128 851 1231 889 nos
1284 833 1568 887 Dominus
1612 832 1688 903 (3)
1734 831 1931 886 lumen
1980 836 2143 885 terrae

493 930 765 989 vocavit?
810 926 957 993 Quid
1004 924 1223 979 civitati
1277 938 1457 993 supra
1509 927 1764 976 montem
1815 921 2143 975 constituta:

494 1019 852 1091 comparavit
891 1013 1097 1086 (Matth.
1132 1030 1187 1080 ν,
1223 1011 1329 1081 14),
1382 1011 1431 1065 si
1464 1026 1578 1064 non
1632 1008 1959 1064 relucemus
1993 1008 2145 1063 inter

494 1111 833 1167 tenebrosos
863 1106 907 1139 ¹⁰
957 1109 1014 1159 et
1068 1106 1366 1157 exstamus
1425 1100 1577 1154 inter
1642 1099 1943 1153 demersos
1996 1098 2023 1151 ?
2082 1099 2139 1153 Si

492 1201 790 1256 lucernam
841 1200 1004 1249 tuam
1056 1193 1164 1246 sub
1219 1189 1480 1244 modium
1539 1188 1917 1257 abstruseris,
1968 1187 2024 1240 in
2059 1191 2139 1241 te-

493 1290 691 1345 nubris
765 1282 1041 1339 derelicta
1116 1296 1150 1334 a
1224 1277 1426 1333 multis
1508 1276 1828 1331 incurseris
1907 1291 2141 1329 necesse

491 1385 581 1434 est
610 1377 703 1448 (4).
756 1375 885 1428 Haec
916 1374 1073 1436 sunt,
1128 1384 1252 1439 quae
1286 1383 1390 1421 nos
1439 1365 1757 1419 luminaria
1815 1364 2017 1418 mundi
2060 1365 2138 1418 fa-

491 1468 675 1531 ciunt,
710 1465 863 1520 bona
908 1458 1129 1514 scilicet
1172 1464 1392 1511 nostra.
1448 1460 1672 1508 Bonum
1723 1459 1942 1522 autem,
1988 1454 2138 1506 dun-

491 1560 651 1612 taxat
699 1567 897 1609 verum
948 1554 1005 1603 et
1055 1546 1315 1618 plenum,
1368 1544 1572 1598 I832
1610 1560 1741 1607 (non
1794 1548 1952 1596 amat
1982 1548 2139 1596 tene-

492 1647 650 1712 bras,
700 1641 802 1698 sed
852 1638 1068 1711 gaudet
1122 1634 1299 1689 videri
1349 1639 1405 1687 et
1455 1633 1582 1703 ipsa
1628 1631 1998 1687 denotatione
2047 1630 2138 1685 sui

490 1733 746 1791 exsultat
774 1731 818 1765 ³ο
847 1730 945 1801 (5).
993 1723 1292 1780 Pudicitia:
1343 1721 1682 1776 Christianis
1730 1721 1874 1775 satis
1907 1737 2019 1775 non
2052 1725 2141 1775 est

492 1840 642 1889 esse,
674 1835 873 1876 verum
895 1822 953 1871 et
983 1813 1181 1868 videri.
1203 1812 1389 1865 Tanta
1410 1810 1565 1864 enim
1596 1810 1766 1863 debet
1798 1824 1928 1863 esse
1962 1807 2141 1878 pleni-

491 1914 633 1969 tudo
665 1911 814 1980 ejus,
848 1911 913 1961 ut
942 1906 1175 1959 emanet
1203 1901 1274 1955 ab
1308 1899 1502 1954 animo
1534 1898 1593 1952 in
1625 1898 1893 1953 habitum
1926 1902 1983 1951 et
2011 1914 2138 1952 eru-

491 2006 606 2057 ctet
635 2018 668 2055 a
696 1994 1053 2054 conscientia
1086 1992 1141 2046 in
1176 1988 1568 2060 superficiem,
1596 1993 1661 2042 ut
1692 1993 1748 2042 et
1780 1987 1919 2057 foris
1954 1986 2138 2058 inspi-

491 2092 605 2147 ciat
672 2087 840 2160 quasi
902 2080 1325 2155 snpellectilem
1397 2094 1589 2147 suam,
1650 2094 1775 2148 qua:
1840 2076 2141 2130 conveniat

491 2180 623 2235 tidei
656 2173 1017 2233 continendas
1050 2171 1108 2224 in
1142 2173 1507 2239 perpetuum.
1568 2164 1950 2221 Discutiendzs
1981 2165 2138 2219 enim

490 2273 630 2325 sunt
658 2264 898 2329 deliciis,
935 2274 1186 2331 quarum
1236 2255 1484 2310 mollitia
1515 2259 1579 2317 et,
1601 2254 1759 2308 ﬂuxu
1793 2254 1922 2308 ﬁdei
1957 2254 2140 2307 virtus

491 2355 815 2414 effeminari
871 2354 1082 2423 potest.
1166 2346 1449 2400 Caaterum
1528 2342 1722 2399 nescio
1800 2360 1871 2397 an
1927 2360 2139 2398 manus

491 2444 738 2519 spatalio
787 2436 1138 2497 circumdari
1196 2434 1370 2489 solita
1416 2433 1486 2503 (6)
1542 2432 1600 2487 in
1650 2431 1869 2486 duritia
1922 2438 2138 2486 catenae

491 2542 827 2600 stupeseere
866 2527 1173 2584 sustineat.
1224 2523 1429 2577 Nescio
1479 2539 1551 2575 an
1603 2538 1736 2575 crus
1767 2522 1838 2574 de
1892 2520 2138 2591 perisce-

489 2626 568 2681 lio
599 2625 643 2658 δι
678 2621 756 2693 (7)
786 2620 843 2673 in
878 2631 1121 2671 nervum
1155 2630 1216 2667 se
1241 2612 1496 2683 patiatur
1524 2610 1755 2665 arctari.
1788 2609 1986 2664 Timeo
2017 2626 2138 2664 cer-

490 2714 697 2779 vicem,
730 2725 803 2765 ne
832 2703 1283 2777 margaritarum
1316 2705 1372 2756 et
1422 2699 1867 2770 smaragdorum
1911 2698 2138 2769 laqueis

2254 569 2346 634 tae,
2410 564 2763 620 meditemur
2818 566 3072 634 duriora,
3120 571 3177 621 et
3228 584 3340 621 non
3393 569 3757 637 sentiemus;
3814 586 3907 624 re-

2253 652 2594 725 linquamus
2627 654 2868 721 laetiora,
2903 661 2958 711 et
2991 673 3104 711 non
3136 655 3638 725 desiderahimus;
3678 663 3906 713 stemus

2253 743 2530 813 expeditae
2588 744 2659 799 ad
2717 760 2951 799 omnem
3008 745 3146 815 vim,
3205 744 3349 799 nihil
3404 746 3687 802 habentes
3748 748 3902 817 quod

2252 831 2581 904 relinquere
2628 833 2967 889 timeamus.
3028 833 3373 889 Retiuacula
3420 835 3533 890 ista
3578 840 3719 889 sunt
3775 838 3899 906 spei

2252 925 2483 977 nostrae.
2516 921 2900 993 Projiciamus
2928 928 3271 978 ornamenta
3293 928 3544 993 terrena,
3567 926 3615 978 si
3644 923 3901 981 caelestia

2250 1015 2544 1080 Optamus.
2598 1015 2673 1065 Ne
2726 1009 3044 1067 dilexeritis
3095 1028 3328 1080 aurum,
3382 1013 3439 1066 in
3486 1029 3599 1083 quo
3632 1016 3823 1085 prima
3851 1013 3897 1047 ³²

2250 1097 2461 1153 delicta
2533 1098 2733 1171 populi
2809 1099 3043 1155 Israelis
3120 1101 3474 1155 denotantur
3558 1102 3650 1173 (cf.
3730 1103 3896 1156 Exod.

2248 1203 2427 1253 xxxn,
2483 1188 2517 1239 2
2587 1189 2800 1260 seqq).
2880 1188 3085 1244 Odisse
3142 1189 3391 1258 debetis,
3451 1192 3603 1260 quod
3665 1190 3900 1245 Judaeos

2250 1274 2501 1347 perdidit
2539 1277 2602 1345 ³³,
2657 1278 2815 1348 quod
2865 1276 3340 1349 derelinquentes
3390 1278 3571 1333 Deum
3620 1279 3899 1333 adorave-

2249 1369 2405 1420 runt.
2438 1364 2622 1420 Etiam
2676 1372 2815 1421 tunc
2865 1383 3073 1423 aurum
3125 1367 3280 1439 ignis
3310 1372 3400 1423 est
3449 1368 3523 1437 (8)
3574 1383 3721 1422 esca.
3773 1370 3897 1421 Cae-

2248 1457 2439 1508 terum
2471 1456 2517 1489 3"
2556 1458 2820 1527 tempore.
2863 1456 3331 1511 Christianorum
3381 1473 3613 1527 semper
3641 1462 3695 1511 et
3741 1473 3901 1511 nunc

2248 1542 2335 1596 vel
2392 1543 2640 1598 maxime
2699 1560 2815 1599 non
2873 1561 3035 1611 auro,
3093 1546 3196 1599 sed
3264 1547 3411 1600 ferro
3464 1545 3896 1617 transiguntur.

2249 1631 2421 1687 Stolse
2480 1633 2891 1705 martyriorum
2958 1639 3381 1705 praeparantur,
3441 1633 3667 1707 angelis
3727 1634 3894 1705 baju-

2250 1719 2322 1773 lis
2351 1720 2394 1753 ³⁵
2426 1722 2799 1777 sustinentur
2830 1724 2922 1795 (Ο).
2958 1723 3187 1779 Prodite
3217 1738 3317 1778 vos
3342 1724 3466 1792 jam
3500 1723 3896 1779 medicamen-

2249 1809 2322 1864 tis
2356 1810 2561 1864 1333
2593 1816 2647 1865 et
2679 1812 3041 1866 ornamentis
3071 1816 3380 1867 exstructas
3401 1814 3444 1846 ³⁸
3476 1811 3896 1884 prophetarum

2249 1902 2306 1952 et
2334 1896 2757 1969 apostolorum,
2804 1902 3107 1953 sumentes
3151 1898 3220 1953 de
3254 1898 3630 1970 simplicitate
3678 1898 3895 1953 cando-

2250 2002 2397 2051 rem,
2430 1988 2501 2041 de
2539 1986 2819 2056 pudicitia
2870 1989 3166 2057 ruborem,
3216 1988 3457 2058 depictas
3508 1986 3704 2042 oculos
3734 2003 3897 2041 vere-

2248 2074 2465 2129 cundia
2493 2080 2551 2130 et
2597 2092 2659 2130 os
2708 2076 3107 2131 taciturnitate
3135 2077 3200 2143 z",
3252 2075 3576 2131 inserentes
3627 2076 3685 2130 in
3727 2092 3901 2130 aures

2247 2179 2577 2219 sermonem
2637 2165 2759 2234 Dei,
2836 2170 3215 2219 annectcntes
3291 2164 3611 2219 cervicibus
3679 2165 3901 2235 jugum

2249 2252 2485 2308 Christi.
2536 2256 2719 2323 Caput
2780 2254 2981 2308 133-4
3039 2253 3268 2309 maritis
3318 2254 3609 2324 subjicite,
3656 2257 3709 2308 et
3748 2253 3903 2307 satis

2249 2346 2466 2397 ornatas
2523 2341 2704 2397 eritis.
2784 2342 2990 2397 Manus
3066 2341 3218 2398 lanis
3279 2346 3561 2413 occupate
3601 2342 3671 2409 ⁸⁸,
3720 2342 3903 2414 pedes

2249 2431 2406 2486 domi
2438 2430 2619 2502 figite,
2669 2436 2727 2486 et
2775 2430 2907 2502 plus
2958 2447 3139 2502 quam
3186 2432 3244 2486 in
3296 2448 3437 2486 auro
3488 2430 3805 2503 placebunt
3830 2431 3899 2485 ³⁸.

2247 2518 2469 2574 Vestite
2513 2535 2615 2573 vos
2662 2518 2848 2574 serico
2889 2518 3219 2590 probitatis,
3252 2519 3492 2591 byssino
3542 2518 3900 2585 sanctitatis,

2247 2624 2506 2679 purpura
2538 2606 2854 2678 pudicitiae.
2905 2607 3123 2664 Taliter
3171 2607 3544 2680 pigmentataa
3574 2608 3757 2663 Deum
3792 2608 3899 2663 ha-

2248 2697 2461 2753 bebitis
2491 2701 2834 2753 amatorem.

1916 2823 2117 2884 Variae
2146 2822 2468 2885 lectiones.

564 2953 610 2987 ²⁹
641 2952 758 3019 Rig.
791 2946 971 3019 relure.
1000 2944 1061 3019 in
1095 2941 1355 2996 tenebris
1384 2955 1399 3005 ;
1452 2937 1779 3019 a(ij,_r_eluc.
1812 2938 1963 3019 inter
2010 2939 2331 3019 tenebras.
2392 2937 2438 2970 ⁸ο
2466 2939 2593 3019 Rig.
2621 2937 2686 3019 in
2719 2937 2881 3008 ipsas
2907 2937 3304 3019 den‘otationeg

699 3008 964 3075 eriscelio
999 3017 1281 3078 laetatum,
1313 3020 1422 3067 etc.
1497 3011 1542 3045 ³²
1573 3012 1690 3079 ltig.
1726 3011 1943 3063 omnia.
2018 3010 2061 3042 ³³
2090 3012 2207 3078 Rig.
2242 3013 2456 3081 patres.
2532 3010 2579 3043 3‘
2610 3009 2735 3075 Κίρ.
2769 3010 2921 3078 quod
2958 3008 3426 3079 relinquentibus
3473 3014 3651 3064 Deum
3687 3011 3907 3063 adora-

494 3040 625 3081 crus
658 3039 693 3093 p

492 3102 618 3152 tum
652 3082 761 3148 est.
796 3091 982 3145 Btiam
1020 3086 1144 3154 (alii
1168 3086 1315 3155 jam)
1346 3089 1721 3155 tuncaurum
1754 3082 1910 3155 ignis
1940 3088 2045 3155 est.
2075 3082 2379 3155 Craterum,
2414 3085 2523 3133 etc.

2392 2937 2438 2970 ⁸ο
2466 2939 2593 3008 Rig.
2626 2936 2686 2990 in
2719 2936 2881 3008 ipsas
2912 2936 3316 2993 denotationes
3358 2936 3602 2992 exultat.
3698 2938 3742 2973 ³¹
3776 2940 3901 3009 Rig.

2618 3080 2663 3113 ³⁵
2694 3080 2811 3149 Rig.
2844 3081 3033 3153 angeli
3062 3082 3244 3145 bajuli
3276 3085 3425 3135 sust.
3502 3083 3548 3115 ³⁸
3579 3081 3904 3153 Propheta-

493 3184 620 3223 rum
655 3166 834 3220 omm.
867 3152 1036 3217 Seml.
1115 3152 1298 3211 37—Alii
1328 3161 1383 3210 et
1413 3154 1656 3225 spiritus
1686 3154 2104 3208 taciturnitate.
2184 3152 2229 3187 ³⁸
2258 3153 2560 3223 Occupatae
2591 3152 2772 3206 Parit.
2850 3153 2894 3186 3°
2927 3152 3234 3207 Placebitis
3264 3153 3385 3207 alii.

1930 3276 2429 3339 Commentarius
2442 3320 2455 3336 .

560 3408 637 3480 (2)
696 3407 933 3480 Probum
964 3474 979 3480 _
1003 3404 1243 3480 vestrum
1318 3412 1522 3480 coram,
1547 3397 1689 3480 ‘etc.
1752 3395 1847 3480 Ad
1891 3394 2134 3449 verbum
2170 3398 2211 3466 α
2251 3409 2429 3480 erres,
2462 3395 2796 3480 extraneam
2830 3392 3161 3480 incursans.
3194 3416 3221 3443 »
3262 3394 3328 3480 Et
3359 3392 3510 3448 libro
3558 3394 3627 3480 de
3878 3413 3901 3449 .·

490 3464 780 3552 expressit
817 3474 983 3552 quod
1034 3475 1224 3552 graece
1271 3475 1361 3552 est
1413 3467 1563 3539 apud
1603 3464 2136 3552 ‘Apostol’ur‘npqno

491 3536 728 3609 nomine
776 3536 991 3617 ubique
1024 3545 1097 3617 AS.
1147 3540 1405 3617 Paulum~
1450 3536 1784 3609 apostolum
1840 3536 2135 3617 intelligit,

494 3608 769 3693 Pbilipp.,
803 3638 867 3689 ιι,
899 3608 974 3670 ’τὸ
1018 3613 1265 3693 ἐπιεικὲς.
1292 3610 1441 3693 ὑμῷγ
1489 3608 1590 3682 pro
1624 3626 1740 3693 quq
1786 3616 1984 3693 npster
2012 3608 2134 3693 ou]-

492 3681 1003 3761 gratus-interpres
1069 3681 1563 3757 paraphrasticUs,
1620 3681 1876 3735 modestia
1937 3689 2131 3735 vestra.

496 3768 641 3821 PAM.

560 3838 635 3907 (3)
688 3835 794 3889 Aut
848 3831 1133 3907 quid_no§
1183 3826 1462 3907 Dorpinys.
1522 3826 1661 3876 Cum
1719 3822 1870 3893 apud
1928 3821 2131 3907 Matth.

490 3894 683 3963 Graece
713 3894 941 3977 legatur
968 3901 1027 3954 τὸ
1060 3902 1174 3976 φῶς
1205 3899 1299 3950 τοῖ’)
1328 3894 1558 3966 κόσμου,
1587 3910 1902 3977 ,ηυεῳξαῐη
1939 3898 2131 3977 antem

486 3966 853 4051 κόσμοςῇιέο
914 3966 1082 4029 terra'
1125 3974 1464 4051 usurpatur,
1525 3967 1695 4051 etiam
1732 3966 1844 4051 ‘hio
1903 3966 2136 4051 videtur

489 4037 771 4107 memoria
802 4048 999 4117 lapsus
1031 4048 1251 4110 auctor,
1276 4037 1381 4119 eo
1403 4040 1555 4119 quod
1604 4037 1786 4119 paulo
1819 4042 2129 4119 ante‘prm-

489 4123 687 4189 cessit,
734 4120 817 4174 sal
862 4109 1054 4179 ἐσῆγε,
1113 4109 1249 4189 cum
1310 4110 1526 4189 alioqui
1568 4110 1887 4189 debuisset
1943 4109 2133 4189 dicere

487 4180 685 4251 lumen.
725 4190 944 4255 mundi,
1004 4183 1501 4258 quemadmodum
1562 4181 1868 4236 luminaria
1918 4180 2128 4234 mundi.

664 4337 724 4390 1η
771 4330 1011 4407 tenebris
1058 4327 1318 4407 derelicta
1363 4342 1399 4378 a
1446 4324 1635 4407 muttis
1686 4323 1985 4404 ("cursoris
2033 4337 2131 4407 ne-

483 4392 630 4464 cesse
688 4410 783 4461 est.
851 4401 1029 4470 Vulgo
1078 4398 1313 4469 legitur,
1363 4413 1395 4449 a
1450 4395 1640 4470 multis
1688 4395 2006 4470 innumeris.
2070 4392 2131 4446 In

483 4480 681 4535 codice
724 4465 1035 4546 Agobardi,
1071 4465 1379 4546 incluserit.
1430 4465 1854 4546 Scribendum,’
1889 4466 2133 4546 incursio:

486 4554 586 4619 ris,
633 4551 739 4603 hoc
776 4537 974 4619 vsensu
1025 4537 1069 4619 7:,
1112 4541 1275 4619 Fieri
1315 4556 1461 4619 non"
1490 4542 1701 4619 potest,
1757 4537 1919 4616 quin.
1962 4537 2132 4590 multi

486 4607 782 4678 offendant
813 4618 915 4671 tibi
949 4615 1005 4669 in
1059 4612 1312 4668 tenebris
1362 4607 1593 4665 relictae.
1634 4607 1920 4661 lncursari
1974 4625 2135 4661 voca-

486 4694 691 4747 bulum
734 4690 826 4745 hic
873 4686 1215 4757 ambiguum
1271 4688 1581 4757 est;_nam
1628 4686 1676 4732 et
1714 4680 2018 4757 incursari
2054 4679 2130 4757 fe-

2252 3489 2280 3515 ‹‹
2314 3469 2427 3537 Nec
2458 3463 2615 3519 enim
2646 3463 2909 3537 interest,
2948 3470 3192 3537 nuptam
3227 3464 3479 3521 alienam
3526 3470 3626 3520 aut
3656 3466 3893 3521 viduam

2246 3536 2381 3608 quis
2410 3536 2686 3608 incurset.
2725 3558 2762 3608 s
2786 3535 2927 3589 PAM.

2318 3608 2393 3678 (5)
2425 3611 2493 3662 1η
2541 3607 2687 3677 ipsas
2734 3607 3126 3674 denotaliones,
3182 3612 3291 3662 etc.
3354 3607 3589 3671 Fabius,
3642 3607 3890 3663 declam.

2247 3680 2333 3747 19,
2373 3700 2396 3727 ι(
2428 3678 2704 3733 Omnium
2739 3679 3112 3733 denotatione
3141 3680 3474 3733 damnatus.
3513 3682 3657 3734 Pax.

2318 3750 2392 3821 (6)
2426 3751 2503 3805 Αη
2532 3766 2729 3823 manus
2775 3751 3015 3816 spatalio
3058 3753 3395 3823 circumdari
3422 3752 3597 3807 solita.
3646 3751 3889 3823 Spatha-

2243 3821 2707 3894 liugmgmuliebre
2754 3826 3167 3876 ornamentum
3199 3821 3305 3875 ἀπὸ
3352 3826 3449 3875 τοῦ
3482 3821 3703 3891 σπαοᾷν“
3732 3824 3886 3894 quod

2245 3892 2505 3948 deliciari
2534 3893 2828 3965 signiﬁcat
2878 3897 3061 3947 BasN.

2317 3966 2391 4035 (7)
2446 3963 2639 4020 Nescio
2696 3981 2770 4018 an
2823 3981 2947 4019 crus
3007 3963 3309 4034 periscelio.
3373 3964 3721 4019 Periscelide
3775 3966 3895 4035 sive

2245 4032 2550 4106 periscelio
2598 4052 2770 4091 crura
2826 4036 2913 4090 vel
2974 4032 3129 4089 tibim
3186 4038 3621 4091 exornabantur
3653 4054 3666 4091 :
3700 4032 3893 4095 σκέλος

2244 4107 2424 4163 (ἆτ’ωοί
2456 4123 2589 4161 crus
2619 4111 2844 4161 vocant.
2881 4108 3059 4161 Rasn.

2423 4180 2603 4262 litium
2628 4188 2758 4233 tunc
2800 4194 3012 4262 aurum
3042 4177 3191 4262 igni:
3237 4181 3333 4259 est.
3368 4177 3539 4259 Libro
3588 4178 3895 4262 superiore

2244 4248 2390 4303 diﬁcit
2420 4252 2489 4303 de
2521 4266 2683 4318 auro,
2739 4272 2765 4298 «
2800 4252 3020 4305 Nomen
3070 4254 3233 4302 terras
3285 4248 3342 4303 in
3394 4249 3526 4318 igne
3572 4248 3832 4320 reliquit.
3865 4269 3889 4298 ιι

2245 4321 2445 4391 Itaque
2467 4321 2591 4391 jam
2642 4323 2713 4395 ab
2745 4321 2878 4392 igne
2928 4321 3104 4375 habet
3130 4320 3541 4395 quod__aurum
3591 4327 3701 4395 est.
3738 4321 3898 4393 Ignis

2244 4390 2438 4447 autem
2471 4390 2795 4465 mentione,
2823 4399 3101 4464 perpetuo
3146 4390 3357 4465 alludit
3386 4393 3455 4445 ad
3493 4393 3695 4465 ignem
3724 4390 3897 4465 para-

2244 4468 2368 4536 tum
2405 4464 2691 4535 supplicio
2724 4463 3121 4536 profanorum.
3158 4463 3284 4517 RIG.

2314 4535 2390 4603 (9)
2438 4532 2631 4605 Aizpeli
2686 4532 2862 4604 baiuli
2917 4537 3283 4605 sustinentur.
3363 4532 3478 4605 Hoc
3538 4539 3648 4599 est,
3705 4535 3897 4605 angeli

2244 4604 2605 4674 spectantur,
2654 4607 2751 4677 qni
2799 4623 2898 4661 eos
2954 4608 3009 4660 in
3058 4604 3266 4661 ctelnm
3320 4604 3639 4677 sublevent
3668 4604 3899 4661 obviam

2243 4677 2493 4749 Christo.
2538 4679 2629 4733 Sic
2672 4676 2809 4749 ipse
2855 4678 3247 4732 'I‘ertullianus
3300 4676 3645 4746 przecedenti
3698 4679 3849 4733 libro
3886 4695 3898 4732 :

488 4766 647 4819 mina
705 4763 938 4829 dicitur,
1000 4748 1125 4833 qua;
1189 4771 1349 4833 caeco
1386 4748 1852 4833 libidinantium
1906 4750 2130 4833 impete
2163 4771 2208 4833 D
2243 4772 2269 4797 ‹‹
2306 4748 2523 4833 Videbo
2580 4767 2647 4803 an
2702 4748 2833 4833 cum
2886 4766 3127 4833 cerussa
3174 4755 3227 4804 et
3277 4750 3647 4833 purpurisso,
3680 4754 3735 4833 ειμι
3769 4766 3904 4833 Hc-

484 4835 855 4907 Opprimitur.
925 4823 1031 4885 'Sic
1075 4828 1253 4907 _ipse'
1304 4824 1540 4878 Tertull.
1582 4823 1709 4907 lib.
1771 4823 1916 4907 I‘ad
2002 4826 2128 4907 Ιχᾳι.

486 4894 784 4971 «'Quotics
832 4905 888 4957 in
939 4894 1192 4956 tenebris
1242 4898 1599 4971 incursasset
1646 4896 1895 4971 in_cesta._
1933 4916 1958 4942 ››
2016 4894 2130 4947 Et:

486 5002 513 5029 ‹‹
548 4965 695 5035 Nota
737 4974 1063 5048 diligenter,
1098 4977 1157 5028 ut
1212 4984 1342 5025 cum
1390 4968 1638 5023 tenebras
1690 4965 1985 5031 irruerinl,
2019 4981 2130 5020 non

2250 4836 2313 4874 co
2365 4830 2415 4892 et
2465 4820 2563 4875 illo
2613 4821 2837 4875 ambitu
2889 4822 3098 4892 capitis
3146 4821 3464 4890 resurgatis
3516 4837 3529 4873 :
3582 4838 3652 4874 an
3702 4821 3908 4875 taliter

2249 4891 2507 4973 expictus
2539 4894 2725 5020 erige“
2760 4894 2824 4948 in
2850 4891 3054 4949 nubila
3088 4892 3390 4949 sublevent
3412 4891 3639 4947 obviam
3668 4892 3906 4948 Christo

2250 4980 2309 5018 in
2341 4980 2492 5021 aere.
2526 4986 2552 5014 »
2640 4982 2716 5020 ια.
