4148 6194
354 246 516 307 1453

350 373 1154 443 strante,Tertullianus,verae
1184 369 1477 439 religionis
1508 369 1706 423 ardore
1737 368 2003 443 flagrans,

354 453 515 507 illius
547 441 737 519 utpote
767 447 945 501 sacris
978 444 1251 519 initiatus,
1286 442 1679 519 rnoleste,_pro
1712 456 1776 494 eo
1809 456 1875 495 ac
1905 441 2001 493 de-

356 524 499 587 buit,
550 514 880 591 patiebatur,
936 516 1272 591 religionem
1324 530 1447 591 qum
1479 514 1688 591 _e_li'erre
1715 528 1836 565 sese
1868 527 2004 591 quo-

354 585 658 649 dammodo
687 585 959 660 coeperat,
981 588 1246 657 Opprimi,
1278 587 1381 639 sub
1411 586 1639 638 initium
1666 585 2007 660 persecutio-

353 668 445 721 nis
476 655 830 735 quintae,qtia
861 655 1415 735 saevient_e,i_nsontes_
1443 660 1649 735 passim
1676 655 2007 735 Christiani,

354 727 516 792 nulla
548 752 715 792 sexus
736 727 841 789 'aut
871 734 1050 787 aetatis
1081 730 1268 785 habita
1318 730 1553 795 ratione,
1586 727 1858 782 inauditis
1878 734 2009 781 ante

352 809 514 864 illam
542 810 695 863 diem
727 805 1027 876 suppliciis
1057 800 1471 877 crugciabantur.
1508 804 1615 855 Pro
1646 814 1865 877 summa
1892 814 2009 877 qua

352 888 487 935 tunc
520 879 765 949 pollebat
797 871 1081 949 facundia,
1128 873 1579 949 Christianorum
1631 871 2005 949 patrocinium

350 942 624 1021 suscepit,
652 965 894 1021 quorum
923 948 1061 1021 adeo
1111 944 1396 1021 deplorata
1446 952 1563 1021 erat
1601 942 1883 1021 conditio,
1948 949 2006 995 ut

350 1014 565 1079 indicta
598 1014 788 1089 causa,
815 1027 871 1075 et
901 1018 1077 1073 solius
1106 1018 1381 1089 nominis
1402 1014 1732 1089 prazjudicio
1764 1014 2000 1067 damna-

352 1104 570 1151 rentur.
625 1088 1120 1166 Communiumalo
1174 1104 1242 1144 ac
1295 1088 1523 1157 publico
1580 1100 1897 1166 occurrere,
1950 1091 2002 1138 et

353 1174 746 1236 erumpentem
797 1165 856 1218 in
902 1163 1023 1217 dies
1072 1168 1484 1239 tempestatem,
1536 1165 1809 1239 quantum
1852 1163 1910 1239 in
1944 1172 2003 1210 se

352 1246 490 1307 erat,
520 1228 910 1307 compescere,
945 1228 1290 1307 partes_suas
1322 1231 1505 1294 duxit,
1538 1228 2001 1307 missaquebanc

353 1310 424 1365 ob
465 1299 692 1365 causam
724 1308 792 1361 ad
822 1299 1102 1361 antistites
1134 1305 1416 1359 Romanos
1444 1302 1722 1372 apologia,
1760 1299 1998 1355 effrena-

355 1388 442 1437 tos
469 1380 918 1435 adversariorum
948 1378 1191 1444 impetus
1244 1375 1449 1445 frangit
1496 1374 1774 1441 tantisper
1804 1386 1869 1425 ac
1900 1374 1996 1424 de—

353 1452 616 1507 bilitavit.
648 1452 726 1505 Eo
754 1451 961 1521 quippe
991 1450 1183 1517 vigore
1214 1445 1741 1521 eaqueeruditione
1772 1456 1997 1521 causam

353 1525 487 1591 egit,
523 1532 579 1577 ut
611 1523 657 1577 si
689 1514 1002 1578 rationibus
1032 1514 1083 1575 et
1116 1514 1343 1594 veritate
1388 1515 1821 1594 disceptandum
1862 1514 1999 1594 luis:

351 1586 749 1661 set,'gentiles
802 1607 1001 1648 omnes
1056 1591 1363 1657 redegisset
1414 1590 1483 1643 ad
1533 1588 1757 1643 incitas.
1791 1586 1999 1639 Justini

351 1662 616 1734 martyris
637 1676 688 1720 et
719 1663 983 1718 Aristidis
1013 1662 1243 1732 vestigia
1274 1674 1528 1734 premere
1561 1666 1997 1734 poterat,verum

352 1739 423 1792 ita
459 1729 834 1807 eloquentiam
869 1742 951 1790 est
972 1729 1244 1809 imitatus,
1275 1729 1336 1787 ut
1367 1739 1419 1788 et
1435 1731 1674 1809 dicendi
1706 1729 1999 1809 characte-

351 1826 431 1875 re,
465 1820 515 1864 et
543 1802 1015 1879 argumentorum
1050 1806 1301 1879 pondere
1331 1819 1396 1859 ac
1417 1802 1691 1859 doctrina:
1717 1802 1997 1879 varietate,

350 1870 654 1950 utrumque
684 1894 980 1948 superasse
1010 1870 1283 1932 videatur.
1895 1870 2001 1923 305

424 1990 545 2040 CAP.
586 1987 625 2039 l.
661 1988 796 2040 Cum
830 1983 933 2038 sub
964 1985 1164 2037 Severo
1196 1989 1457 2051 negatum
1490 1986 1633 2033 esset
1665 1976 1999 2051 Christianis

352 2058 414 2113 in
455 2058 671 2125 judicio
722 2074 780 2111 se
820 2056 1141 2128 defendere,
1192 2048 1465 2122 scriptum
1520 2052 1623 2128 hoc
1666 2048 2001 2128 praesidibus

354 2122 594 2184 Romani
628 2129 849 2200 imperii
879 2126 1081 2181 obtulit
1113 2134 1327 2200 auctor,
1356 2124 1662 2200 ostendens
1695 2122 1798 2176 hoc
1818 2122 2000 2200 capite

353 2201 608 2272 iniquam
641 2191 806 2255 istam
834 2199 1125 2273 judicandi
1164 2197 1487 2273 formulam,
1541 2210 1641 2273 per
1685 2191 1997 2273 quarunda-

355 2264 540 2329 fen'sio
571 2280 807 2341 negatur
834 2264 1198 2332 insontibus,
1248 2275 1301 2322 et
1344 2267 1545 2341 veritas
1593 2264 1994 2341 absconditur;

352 2360 480 2399 cum
514 2336 740 2398 interim
775 2343 1159 2415 tolgtantique,
1193 2341 1286 2409 qui
1321 2338 1570 2415 quotidie
1594 2338 1665 2415 ad
1700 2336 1846 2415 hanc
1877 2348 1998 2387 sec-

353 2423 467 2469 tam
503 2422 813 2480 transeant,
848 2412 999 2466 illam
1032 2408 1221 2481 aliqua
1267 2408 1720 2487 consideratione
1767 2408 1995 2487 dignam

349 2487 580 2553 faciant,
614 2487 707 2554 qui
743 2501 877 2540 saue
908 2480 1352 2557 omnes,remoti
1384 2480 1997 2557 ab_aliqua_perver.si-

351 2559 483 2612 tatis
515 2550 704 2626 culpa,
738 2557 1037 2612 ostendant
1070 2571 1190 2610 sese
1220 2555 1394 2626 longe
1430 2552 1603 2626 alium
1639 2550 1996 2626 affectumin-

349 2629 564 2693 duisse,
599 2621 763 2697 quam
798 2629 971 2682 istum
1006 2628 1100 2696 qui
1134 2628 1188 2681 in
1222 2624 1497 2680 maleficis
1542 2638 1767 2692 semper
1797 2621 1995 2697 dep_re_-

352 2691 642 2756 henditur.
1024 2691 1037 2696 ’
1675 2691 1685 2692 ί
1892 2691 1999 2745 505

421 2780 546 2835 CAP.
581 2779 649 2833 Il.
684 2810 750 2819 -
779 2779 905 2833 Jam
956 2793 1105 2838 vero,
1156 2777 1200 2830 si
1234 2783 1291 2830 ut
1317 2774 1608 2829 maleficos
1637 2779 1871 2827 tractare
1902 2786 1997 2826 ve-

348 2852 462 2908 lint
491 2851 841 2907 Christianos
872 2851 1117 2918 Oportuit
1151 2848 1347 2902 saltem
1380 2848 1573 2900 eodem
1609 2846 1773 2898 modo
1806 2844 1863 2897 in
1892 2842 1998 2918 Ju-

351 2940 411 2979 re
440 2940 569 2996 cum
598 2913 1011 2996 utrisque,__agi,
1049 2936 1152 2996 nec
1185 2918 1417 2996 facultas
1448 2930 1782 2996 quocunque
1830 2913 1999 2996 modo

354 3011 413 3049 se
456 2988 821 3057 defendendi,
856 2988 1005 3046 illis
1034 2990 1320 3057 abnegari,
1372 3004 1501 3042 cum
1551 2988 1766 3042 crimen
1800 3002 1863 3040 ex
1896 2988 1999 3039 cir-

353 3067 712 3121 cumstantiis
740 3065 821 3118 vel
857 3063 997 3117 dilui
1037 3062 1123 3117 vel
1160 3061 1378 3130 probari
1410 3059 1611 3113 soleat.
1665 3060 1780 3113 Imo
1811 3065 1998 3130 osten-

355 3138 435 3192 dit
469 3139 551 3194 vel
586 3138 719 3191 inde
769 3142 933 3189 sectae
984 3128 1173 3202 hujus'
1204 3134 1613 3193 innocentiam,
1667 3130 1810 3202 quod
1862 3128 1999 3202 olim

357 3208 635 3277 Trajanus
664 3206 875 3275 inquiri
906 3220 1001 3259 eos
1033 3201 1401 3277 prohibuerit,
1437 3202 1567 3277 licet
1596 3201 1811 3277 oblatos
1842 3201 1999 3253 dam-

354 3273 478 3335 nari
512 3273 771 3341 voluerit,
806 3277 967 3346 cujus
998 3276 1141 3329 ridet
1171 3290 1467 3346 censuram
1502 3273 1606 3327 sibi
1640 3273 1747 3342 ipsi
1778 3280 1998 3346 contra-

351 3353 514 3415 riam,
553 3344 1018 3420 pergitque.‘cum
1052 3348 1111 3420 in
1142 3346 1239 3400 illa
1269 3345 1646 3420 explodenda,
1680 3352 1793 3398 tum
1819 3344 1883 3420 in
1918 3358 2001 3420 re-

350 3414 777 3491 prehendendis
830 3419 1103 3487 perversis
1147 3414 1443 3491 ijndicu'm,
1504 3419 1557 3491 in_
1629 3414 1999 3491 emendandis

349 3486 687 3548 Christianis
716 3493 955 3558 actibus,
990 3490 1158 3544 simul
1194 3491 1251 3544 in
1284 3504 1509 3544 causam
1546 3488 1712 3555 hujus
1743 3486 1875 3540 mali
1909 3488 1996 3539 in-

350 3562 605 3633 quirens,
637 3564 779 3630 quod
825 3563 952 3633 illos
980 3577 1110 3616 cum
1156 3563 1305 3616 nudo
1358 3561 1589 3616 nomine
1642 3559 1995 3633 Christiano:

351 3629 473 3689 r'um
512 3633 640 3688 facit
659 3629 930 3703 'praeliari.
1894 3629 1997 3682 317

419 3717 542 3769 CAP.
580 3711 670 3766 Ill.
705 3712 921 3766 ——Odii
943 3727 1135 3765 eorum
1152 3711 1457 3766 cmcitatem
1474 3708 1999 3779 ostendit,quiquos

353 3785 675 3851 vituperant
699 3800 763 3838 eo
777 3785 897 3852 ipso
912 3784 1094 3849 elogio
1110 3782 1337 3837 laudare
1354 3783 1751 3849 coguntur,sed
1774 3782 1867 3849 qui
1884 3788 1996 3834 tam

355 3864 487 3912 sunt
520 3856 755 3916 efferati,
782 3864 833 3910 ut
872 3854 1067 3910 malint
1101 3870 1331 3908 uxorem
1367 3854 1753 3919 familiamque
1783 3852 1999 3920 probris

353 3936 620 3984 onustam
655 3926 765 3996 pati
797 3942 961 3996 quam
997 3926 1366 3991 Chistianam,
1399 3926 1453 3979 id
1507 3932 1589 3979 est
1618 3925 1996 3978 emendatam.

356 4002 491 4054 Cum
555 4001 741 4067 itaque
790 4000 1007 4053 nudum
1062 3997 1199 4051 illud
1262 4012 1471 4051 nomen
1532 4004 1713 4049 tantas
1760 3996 2001 4050 concitet

354 4073 523 4135 rixas,
559 4071 791 4138 inquirit
822 4071 879 4125 in
911 4068 1073 4135 illud,
1108 4069 1255 4138 quod
1290 4083 1563 4136 nusquam
1597 4067 1998 4138 spernendum,

350 4143 436 4197 vel
473 4137 765 4211 perperam
814 4141 883 4195 ab
932 4142 1039 4195 idis
1090 4137 1539 4211 pronuntiatum,
1571 4137 1814 4211 amabile
1868 4137 2001 4211 quid

352 4209 626 4280 continet,
651 4221 704 4267 et
736 4213 788 4266 id
828 4226 1133 4267 commune
1155 4210 1321 4264 habet
1353 4226 1480 4265 cum
1515 4210 1745 4278 reliquis
1803 4209 2000 4276 sectis,

354 4285 499 4352 quod
533 4299 742 4337 nomen
765 4283 834 4335 ab
862 4285 1098 4337 Auctore
1128 4286 1435 4347 mutuetur,
1470 4296 1599 4335 cum
1633 4290 1817 4334 tamen
1855 4296 2002 4334 nun-

355 4369 519 4423 quam
553 4364 701 4407 secm
733 4355 988 4421 quaedam
1019 4352 1093 4405 ob
1126 4368 1331 4406 nomen
1391 4353 1574 4406 solum
1618 4358 2000 4421 persequatur.

352 4428 417 4479 At
462 4423 790 4487 Christiani,
824 4431 877 4478 et
934 4424 1113 4490 quoad
1174 4431 1483 4489 sectam,et
1537 4424 1715 4492 quoad
1771 4439 2002 4489 nomen,

357 4494 537 4565 probi,
565 4495 727 4565 justi,
763 4494 834 4550 ob
866 4494 1117 4549 nominis
1148 4501 1363 4549 tantum
1394 4495 1607 4564 odium,
1632 4495 1891 4563 inauditi,
1925 4494 2009 4548 in-

355 4567 569 4633 cogniti
601 4568 1072 4622 condemnantur.
1904 4566 2008 4619 3‘28

430 4648 554 4701 CAP.
586 4646 673 4700 IV.
707 4677 774 4685 —
806 4647 1086 4714 Praeparat
1108 4646 1223 4714 jam
1255 4662 1315 4701 se
1346 4646 1410 4700 ad
1457 4645 1851 4701 defensionem
1898 4645 2007 4700 cri-

359 4721 584 4773 minum
616 4718 819 4786 quibus
849 4718 1152 4773 Christiani
1175 4717 1577 4773 onerabantur.
1613 4718 1740 4781 Sed,
1767 4733 1895 4773 cum
1926 4716 2010 4772 vel

358 4797 485 4860 post
511 4788 884 4858 justissimam
916 4788 1305 4844 defensionem
1336 4793 1527 4843 tamen
1562 4790 1824 4845 violentia
1872 4788 2012 4857 legis

362 4860 698 4930 obsequium
730 4862 931 4929 exigat,
962 4861 1263 4916 artificiose
1311 4864 1367 4914 et
1417 4860 1599 4915 valide
1642 4860 1905 4929 ostendit,
1934 4861 2011 4914 le-

364 4948 479 5001 ges,
514 4939 573 4987 ut
600 4933 789 4999 condi,
814 4934 893 4987 ita
928 4932 1216 5004 rcprobari
1247 4939 1300 4987 et
1329 4932 1531 4986 mutari
1562 4948 1741 5004 posse,
1776 4932 1889 4987 imo
1922 4932 2013 5004 dc-

365 5004 496 5057 bere
526 5020 962 5074 nonnunquam,
992 5002 1101 5060 nec
1132 5005 1186 5059 id
1219 5005 1341 5059 sine
1387 5002 1645 5073 exemplo
1674 5027 1688 5065 ς
1720 5019 1850 5058 cum
1900 5002 2014 5057 sci-

362 5074 492 5130 licet
524 5074 609 5130 vel
641 5076 921 5143 crudeles,
950 5076 1040 5147 vel
1074 5077 1301 5147 injustas
1332 5077 1445 5130 sint
1487 5075 1871 5144 deprehensae.
1911 5074 2017 5129 Lex

364 5146 517 5201 enim
546 5148 693 5213 justa
727 5163 849 5201 esse
878 5146 1180 5216 colligitur,
1206 5155 1497 5217 postquam
1528 5148 1585 5200 in
1621 5147 1865 5201 valorem
1895 5147 2017 5214 ejus

365 5217 659 5285 inquisitio
694 5218 837 5271 facta
866 5226 988 5284 est;
1018 5221 1273 5289 improha
1307 5235 1456 5282 vero,
1496 5234 1609 5273 non
1636 5218 1752 5289 jam
1788 5219 1897 5276 lex.
1922 5218 2017 5271 sed

367 5288 625 5357 tyrannis
658 5288 962 5343 invenitur.
1102 5288 1116 5289 ί
1644 5288 1647 5289 ⁷
1916 5288 2020 5342 332

436 5370 559 5421 CAP.
592 5367 640 5419 V
672 5398 739 5406 ——
772 5366 1016 5434 Inquirit
1072 5367 1131 5421 in
1182 5368 1463 5437 ejusmodi
1501 5368 1683 5429 legum
1718 5369 2018 5437 originem.

368 5444 422 5491 et
456 5439 752 5493 occasione
784 5438 1047 5505 Alburni,
1072 5454 1236 5507 quem
1273 5441 1530 5494 xEmilius
1562 5440 1619 5493 in
1653 5441 1885 5494 deorum
1921 5456 2026 5495 nu-

366 5525 590 5563 merum
624 5510 819 5564 referri
852 5508 1485 5578 volebat,ostendit.per
1514 5511 1641 5563 illas
1671 5512 2024 5566 divinitatem

370 5580 667 5634 hominum
705 5581 910 5648 placito
944 5580 1275 5647 subiectam.
1302 5582 1441 5633 Inde
1463 5580 1667 5635 Tiberii
1703 5585 1771 5637 de
1802 5583 2026 5639 Christo

371 5652 714 5706 sententiam
778 5651 1124 5720 pronuntiat,
1160 5661 1497 5720 senatusque
1542 5654 1975 5720 refragationem
2009 5667 2023 5706 :

372 5721 623 5780 ostendit
680 5720 893 5791 nullos,
928 5721 1038 5779 nisi
1086 5724 1395 5790 Neronem,
1438 5720 1633 5792 illique
1681 5726 2025 5792 simillimos,

372 5809 588 5857 nomen
614 5792 1001 5858 Christianum
1040 5795 1332 5869 afﬂixisse,
1358 5807 1491 5855 cum
1521 5800 1718 5855 contra
1746 5795 1822 5858 Μ.
1854 5796 2029 5873 Auro:

1370 234 1556 305 QUAE
1601 233 1676 291 ΙΝ
1725 233 1877 293 HOC
1920 233 2138 295 ΤΟΜΟ
2184 233 2768 299 CONTINENTUR.

3619 241 3774 300 1454

2117 368 2227 444 lius
2261 368 2532 444 miraculo
2560 368 2723 425 etiam
2761 372 3178 439 monitus,cum
3214 372 3312 427 illo
3341 377 3539 444 Verus,
3564 382 3617 427 et
3646 379 3778 428 ante

2116 439 2247 495 illos
2280 441 2682 508 Vespasianus,
2718 444 3008 511 'l‘rajanus,
3047 447 3341 510 Adrianus,
3376 439 3535 509 Pius,
3580 446 3774 499 Chris-

2117 512 2303 586 tianos
2334 528 2455 586 esse
2491 516 2637 581 paSsi
2683 514 2812 567 sint.
2845 518 3139 570 Concludit
3179 518 3440 586 denique,
3475 517 3622 581 illos,
3658 524 3712 570 ut
3744 534 3775 570 a

2119 582 2285 657 bonis
2316 584 2597 657 probatos,
2626 604 2651 638 a
2686 588 2847 639 malis
2879 590 3139 657 afflictos,
3174 582 3369 657 bonos,
3406 582 3519 644 non
3568 586 3766 652 malos,

2117 671 2183 710 ex
2216 655 2593 710 similitudine
2628 673 2871 721 morum,
2903 660 3086 728 putari
3117 655 3362 714 debere.'
3667 660 3771 713 339

2187 735 2312 790 CAP.
2353 734 2441 789 VI.
2476 766 2542 774 —
2564 736 2709 797 Quin
2744 737 2894 803 ipsos
2921 740 3048 792 illos
3080 738 3267 803 legum
3295 746 3343 792 et
3375 738 3593 803 antiqui
3643 754 3767 792 cre-

2114 815 2337 875 patores
2367 823 2532 876 quam
2566 806 2897 875 longissime
2928 828 2958 862 a
2990 816 3238 876 paternis
3270 810 3546 865 institutis
3584 812 3765 864 desci-

2114 878 2282 950 visse,
2310 878 2588 933 ostendit:
2627 878 2825 947 Utpote
2860 882 3141 949 prodigos,
3166 890 3543 949 sumptuosos,
3570 883 3763 950 volup-

2115 949 2346 1015 tuarios,
2410 950 2799 1014 immodestos,
2860 954 3149 1020 superbos,
3210 955 3454 1015 vitiosos,
3512 949 3763 1021 conjugii

2112 1037 2302 1076 osores
2336 1022 2511 1075 factos
2546 1037 2559 1076 :
2593 1023 2687 1091 qui
2723 1038 2825 1076 nec
2859 1024 2913 1076 in
2948 1025 3085 1092 ipsis
3118 1024 3485 1093 religionibus
3515 1032 3763 1078 veterum

2111 1093 2335 1147 decreta
2364 1096 2659 1155 servarint,
2693 1096 2787 1147 sed
2824 1096 3147 1163 peregrinas
3178 1095 3480 1163 religiones
3531 1096 3763 1149 Romam

2110 1164 2455 1231 advexerint,
2490 1169 2893 1234 damnatasquc
2927 1166 3267 1221 restituerint
3304 1183 3315 1219 :
3351 1167 3446 1235 qui
3478 1166 3536 1219 in
3576 1168 3763 1221 omni-

2113 1235 2217 1290 bus
2248 1234 2477 1290 novitati
2527 1238 2820 1303 studentes
2852 1238 3028 1305 magis
3069 1254 3238 1307 quam
3280 1234 3387 1305 ipsi
3437 1236 3765 1302 Christiani,

2109 1308 2243 1362 deos
2293 1322 2424 1361 suos
2478 1308 2870 1373 neglexerint;
2905 1310 3049 1375 quod
3103 1308 3362 1363 ultimum
3424 1324 3553 1363 cum
3599 1309 3765 1362 latius

2109 1378 2247 1432 alibi
2279 1382 2350 1431 sit
2381 1388 2775 1446 exsecuturus,
2810 1381 2864 1432 in
2903 1381 3012 1433 line
3044 1396 3100 1433 se
3147 1388 3417 1448 praeparat
3449 1383 3515 1433 ad
3548 1380 3765 1434 diluen-

2108 1454 2210 1505 das
2233 1450 2584 1503 occultorum
2621 1450 2935 1504 facinorum
2967 1451 3320 1518 objectiones
3348 1450 3538 1504 falsas.
3658 1452 3764 1505 347

2178 1529 2303 1583 ΟΜ).
2336 1527 2454 1583 Vll.
2488 1560 2556 1567 —
2591 1529 2780 1597 itaque
2804 1538 3069 1597 pl‘OVOC'il.
3104 1530 3253 1596 illos,
3285 1534 3343 1583 ut
3376 1546 3519 1597 quos
3550 1530 3761 1599 gravis-

2110 1600 2381 1655 simorum
2413 1600 2723 1655 criminum
2777 1616 2900 1655 reos
2946 1609 3164 1671 putant,
3202 1601 3585 1665 inlanticidas,
3620 1616 3757 1669 pue~

2109 1687 2301 1726 rerum
2338 1681 2637 1738 voralores,
2672 1671 2920 1727 incestos
2963 1673 3229 1741 denique,
3281 1672 3540 1741 probent,
3577 1686 3759 1741 neque

2108 1743 2292 1809 famae,
2328 1743 2488 1808 cujus
2518 1744 2674 1809 origo
2706 1759 2854 1813 saepe
2885 1745 3149 1812 mendax,
3182 1750 3233 1797 et
3262 1759 3453 1799 rumor
3484 1745 3753 1807 incertus,

2107 1830 2195 1868 am
2209 1815 2353 1882 plius
2386 1814 2800 1869 inconsiderate
2829 1816 3079 1869 credant.
3652 1814 3756 1868 358

2180 1898 2301 1948 Csp.
2336 1892 2483 1949 VIII.
2514 1924 2579 1933 —
2615 1892 2727 1948 Nec
2754 1893 2893 1947 falsa
2918 1899 3161 1963 tantum,
3193 1895 3309 1959 sed,
3348 1900 3405 1948 ut
3434 1900 3629 1949 contra
3661 1911 3761 1948 na-

2109 1970 2247 2018 tunc
2281 1964 2471 2033 ﬁdem,
2508 1965 2655 2018 haud
2687 1967 2963 2020 credenda
2996 1968 3259 2032 ostendit,
3293 1967 3462 2034 idque
3501 1967 3757 2021 oratione

2107 2036 2449 2090 vehementi.
2484 2035 2653 2091 Tollit
2701 2037 2834 2091 dein
2880 2037 3250 2105 objectiones,
3298 2037 3457 2106 quasi
3504 2045 3758 2092 recentes

2109 2107 2415 2161 Christiani
2450 2123 2547 2175 per
2577 2108 2953 2177 ignorantiam
2986 2118 3038 2163 et
3068 2109 3438 2179 imposturam
3474 2110 3757 2163 seducan-

2109 2185 2218 2244 tur,
2253 2194 2359 2233 nec
2392 2186 2579 2247 postea
2612 2187 2761 2233 metu
2795 2196 2977 2249 paenae
3000 2182 3347 2249 proclamare
3377 2180 3565 2233 ausint
3590 2204 3604 2246 ;
3628 2196 3759 2234 cum

2106 2251 2451 2377 1(reconltrario
2496 2250 2637 2305 tales
2664 2251 2797 2317 sint,
2833 2253 2927 2321 qui
2981 2258 3214 2307 mortem
3269 2251 3546 2321 pudendis
3594 2260 3759 2376 ειιὲἓό

2131 2338 2263 2377 eran
2296 2363 2307 2375 .
3729 2358 3759 2375 ω

2131 2338 2307 2377 erant.
3657 2338 3762 2376 ὄΟΖσ

2178 2414 2300 2465 CAP.
2340 2409 2429 2464 1X.
2462 2441 2531 2450 —
2563 2412 2633 2463 At
2662 2426 2793 2465 vero
2825 2418 3031 2465 cuncta
3057 2409 3153 2464 illa
3184 2409 3589 2479 crimina,quaa
3620 2409 3759 2465 falso

2108 2482 2443 2537 Christianis
2472 2482 2841 2551 objiciuntur,
2876 2498 3003 2537 vera
3038 2482 3096 2535 in
3140 2481 3415 2536 Gentibus
3462 2489 3756 2536 accusato-

2108 2554 2268 2608 ribus
2300 2554 2685 2622 deprehendi;
2719 2554 2864 2622 apud
2899 2554 3027 2607 illos
3077 2552 3355 2608 sacrificia
3405 2552 3669 2618 humana,
3704 2560 3759 2609 et

2108 2624 2244 2680 olim
2276 2626 2336 2678 in
2365 2633 2576 2693 aperto,
2610 2632 2663 2679 et
2694 2640 2847 2679 nunc
2879 2624 2935 2678 in
2968 2623 3189 2679 occulto
3220 2623 3538 2689 committi;
3572 2624 3755 2678 homi-

2108 2696 2255 2751 cidia
2308 2697 2451 2749 laetis
2482 2696 2540 2751 in
2594 2696 2808 2750 theatro
2856 2696 3037 2750 oculis
3075 2696 3317 2766 spectari
3354 2711 3366 2760 ;
3400 2695 3758 2766 infanticidia

2110 2768 2357 2837 quotidie
2382 2767 2620 2835 abjecto,
2656 2775 2852 2822 necato
2884 2768 3048 2821 etiam
3084 2765 3268 2836 partu,
3301 2765 3383 2820 vel
3410 2765 3608 2821 abortu
3655 2783 3757 2822 co-

2109 2848 2231 2893 acto
2264 2838 2569 2908 perpetrari
2598 2855 2610 2904 ;
2645 2837 2979 2903 sanguinem
3012 2854 3233 2907 quoque
3263 2838 3636 2908 gladiatorum
3671 2854 3755 2893 re-

2112 2927 2247 2966 cens
2295 2917 2621 2964 necatorum
2673 2910 2855 2977 sitiri;
2892 2909 3202 2963 humanum
3246 2908 3515 2978 pabulum
3562 2909 3759 2963 ferinis

2111 2981 2314 3051 quaeri;
2341 2983 2455 3036 imo
2488 2981 2543 3034 in
2578 2980 2795 3050 seipsos
2827 2980 3069 3035 invicem
3100 2980 3331 3035 incendi
3367 2996 3380 3035 :
3414 2979 3762 3035 Christianos

2110 3050 2324 3117 contra,
2360 3052 2429 3106 ab
2460 3053 2614 3107 omni
2649 3067 2868 3117 cruore,
2901 3051 3235 3106 animalium
3269 3052 3459 3113 etiam,
3490 3050 3761 3108 abhorre-

2110 3141 2206 3190 re;
2240 3126 2385 3194 apud
2421 3124 2550 3178 illos
2582 3123 2856 3177 incestum
2892 3124 3138 3192 quotidie
3169 3124 3468 3185 committi,
3502 3138 3764 3194 cumper

2108 3193 2507 3251 scortationem
2544 3210 2737 3263 vagam
2772 3202 2819 3248 et
2848 3202 3147 3261 gnatorum
3179 3193 3762 3264 abjectionem,liberi

2110 3270 2277 3322 etiam
2309 3284 2339 3320 a
2372 3267 2697 3335 parentibus
2726 3267 3097 3335 ignorentur;
3127 3282 3253 3334 quae
3283 3275 3487 3321 cuncta
3515 3282 3548 3319 a
3577 3266 3762 3320 Chris-

2111 3339 2299 3405 tianis,
2334 3343 2527 3406 utpote
2574 3338 2764 3400 castis,
2814 3337 3265 3401 continentibus,
3316 3337 3537 3391 veneris
3586 3338 3760 3393 etiam

2110 3408 2279 3465 licitae
2312 3410 2498 3479 (prout
2530 3423 2642 3463 non
2677 3407 2821 3462 nulli
2873 3410 3017 3477 apud
3050 3409 3199 3478 illos)
3249 3408 3593 3477 expertibus,
3627 3408 3755 3463 lon-

2108 3482 2339 3551 gissime
2368 3479 2602 3541 abesse;
2638 3496 2823 3550 neque
2856 3481 2974 3533 haec
3003 3480 3071 3535 de
3121 3480 3457 3535 Christianis
3501 3478 3571 3533 ab
3627 3479 3758 3534 ullis

2108 3551 2620 3633 credinpossennisi
2654 3553 2747 3620 qui
2771 3552 3021 3633 credant,
3046 3558 3105 3633 et
3137 3551 3278 3633 ipsa.
3300 3552 3398 3605 illa
3441 3551 3758 3633 faciantlnent

2105 3626 2233 3694 ipsa
2264 3623 2359 3677 illa
2391 3622 2615 3692 faciant,
2648 3630 2701 3677 et
2729 3638 2794 3678 ex
2823 3638 2881 3677 se
2912 3623 2980 3678 de
3009 3622 3136 3676 aliis
3158 3622 3434 3693 judicent.
3646 3623 3751 3676 366

2178 3712 2306 3767 (1η).
2340 3710 2405 3764 Χ.
2440 3742 2507 3750 -
2538 3710 3033 3779 Progrediturjam
3064 3711 3130 3765 ad
3173 3711 3393 3766 crimen
3426 3709 3759 3779 irreligiosi-

2110 3784 2259 3851 tatis,
2291 3782 2480 3851 aitque
2527 3782 2876 3836 Christianos
2923 3784 3157 3837 deorum
3209 3781 3423 3837 cultum
3476 3798 3759 3851 recusare,

2110 3855 2239 3923 quia
2268 3854 2347 3907 dii
2380 3869 2491 3906 non
2526 3861 2692 3915 sunt;
2725 3853 2975 3919 colendi,
3008 3854 3053 3907 si
3098 3854 3368 3908 divinitas
3416 3868 3611 3908 eorum
3662 3855 3761 3908 de-

2109 3926 2411 3980 monstrari
2444 3924 2639 3993 possit.
2677 3924 2941 3977 Provocat
2992 3925 3180 3992 itaque
3228 3925 3295 3978 ad
3348 3924 3760 3979 conscientiam

2148 3996 2431 4057 entilium,
2463 4010 2587 4063 qua:
2618 4010 2820 4063 negare
2853 4010 2969 4049 non
3005 4002 3183 4063 potest
3212 4010 3411 4050 omnes
3442 3994 3571 4049 illos
3625 3997 3761 4050 deos

2148 4014 2431 4057 Chllllum,
2463 4014 2587 4063 qua:
2618 4014 2820 4063 negare
2853 4014 2969 4049 non
3005 4014 3183 4063 putem
3212 4014 3411 4050 omnes
3442 4014 3571 4049 lllOS
3625 4014 3761 4050 (1805

2110 4014 2371 4123 gomines
2400 4063 2535 4121 olim
2571 4065 2761 4130 fuisse,
2795 4066 2942 4135 quod
2970 4068 3089 4136 jam
3119 4066 3289 4121 unius
3319 4065 3547 4120 Saturni
3576 4082 3763 4121 exem-

2112 4140 2207 4210 plo
2238 4137 2452 4206 liquido
2483 4140 2853 4192 demonstrat.
3661 4138 3767 4191 380

2184 4219 2307 4273 CAP.
2352 4216 2441 4271 XI.
2476 4247 2542 4257 —
2574 4219 2636 4271 At
2672 4233 2802 4273 cum
2834 4223 2957 4286 post
2989 4225 3226 4271 mortem
3262 4216 3524 4272 homines
3549 4216 3620 4272 ob
3648 4232 3766 4272 me-

2115 4290 2351 4344 ritorum
2387 4290 2769 4358 praestantiam
2819 4290 2877 4342 in
2925 4289 3059 4343 deos
3107 4288 3313 4343 adlecti
3366 4289 3646 4357 dicantur,
3679 4290 3769 4342 in-

2114 4362 2284 4431 quirit
2309 4360 2415 4416 hoc
2442 4361 2623 4429 capite
2653 4362 2710 4415 in
2745 4375 2942 4415 causas
2982 4375 3105 4429 quae
3148 4360 3253 4415 hoc
3284 4360 3573 4429 exegerint
3604 4377 3617 4414 :
3648 4375 3769 4427 quae

2118 4434 2343 4501 quidem
2379 4441 2631 4500 respectu
2668 4432 2874 4487 summi
2899 4432 2998 4485 Dei
3028 4432 3272 4487 inveniri
3304 4437 3611 4500 nequeunt,
3633 4446 3766 4487 cum

2115 4504 2215 4559 ille
2262 4503 2501 4557 aliorum
2546 4518 2652 4571 Ope
2700 4519 2815 4558 non
2863 4503 3155 4571 indigeat:
3192 4510 3447 4573 respectu
3492 4503 3770 4573 ipsorum,

2118 4576 2202 4630 vel
2236 4591 2392 4629 vanas
2424 4574 2681 4643 sunl,vel
2718 4575 2856 4631 tales
2886 4582 2939 4629 ut
2977 4582 3299 4630 mereantur
3328 4574 3516 4643 potius
3537 4575 3609 4630 ob
3639 4574 3769 4630 illas

2120 4662 2247 4701 cum
2271 4645 2549 4701 maleficis
2580 4646 2638 4700 in
2672 4648 2852 4702 imum
2886 4654 3153 4701 tartarum
3184 4647 3426 4711 detrudi,
3463 4647 3557 4701 ubi
3591 4647 3769 4702 collo-

2119 4724 2322 4774 carunt
2375 4734 2470 4772 eos
2530 4718 2696 4783 viros,
2729 4720 2825 4789 qui
2881 4725 2934 4773 ct
2992 4720 3240 4773 inventis
3298 4726 3351 4773 et
3398 4718 3616 4775 meritis
3646 4719 3777 4773 illos

2119 4790 2287 4857 longe
2319 4797 2678 4858 superarunt.
3672 4790 3780 4845 385

2194 4873 2316 4923 CAP.
2351 4869 2472 4923 Χῐῐ.
2508 4900 2573 4909 -
2603 4870 2727 4923 Jam
2761 4884 2928 4939 porro
2962 4868 3232 4933 ostendit,
3268 4870 3507 4923 numina
3546 4868 3642 4923 illa
3686 4870 3780 4924 ni.-

2124 4941 2203 4995 hil
2235 4956 2374 5003 esse,
2406 4941 2514 4994 nisi
2548 4940 2737 4995 inania
2766 4949 3111 4995 mortuorum
3149 4941 3401 5010 nomina,
3429 4956 3668 5010 quorum
3709 4940 3783 4995 si-

2125 5012 2674 5082 mulacra,respectu
2708 5012 2958 5067 materiae
2992 5012 3346 5081 fabricaeque,
3376 5014 3617 5067 maxime
3648 5028 3782 5067 con-

2127 5084 2304 5137 temni
2358 5095 2700 5148 mereantur,
2733 5091 2790 5137 ut
2841 5086 2979 5155 adeo
3040 5085 3094 5137 in
3154 5083 3413 5137 solatium
3478 5086 3591 5139 sint
3641 5084 3783 5155 ipsis

2126 5154 2483 5215 Christianis,
2517 5156 2610 5223 qui
2646 5166 2865 5222 prepter
2896 5154 2992 5208 illa
3024 5156 3348 5223 puniantur.
3386 5156 3448 5211 Ut
3496 5154 3782 5210 enim’dii

2130 5227 2289 5291 fiant,
2309 5228 2572 5280 crucibus
2608 5226 2763 5279 velut
2792 5225 3113 5295 Christiani,
3139 5226 3387 5295 ﬁguntur
3416 5244 3429 5293 ;
3454 5226 3621 5281 asciis
3652 5226 3780 5280 edo-

2132 5298 2341 5361 lantur,
2403 5304 2737 5352 truncantur
2793 5296 3053 5364 denique.
3102 5297 3379 5353 Leonibus
3437 5298 3607 5351 etiam
3659 5297 3782 5351 cin-

2132 5376 2361 5439 guntur,
2397 5376 2450 5423 et
2480 5370 2537 5423 in
2575 5368 2899 5439 lapidicinis
2941 5368 3218 5439 habitant,
3251 5378 3417 5439 atque
3464 5383 3530 5421 ex
3554 5367 3787 5439 insulis

2135 5438 2490 5510 proveniunt.
2529 5443 2659 5504 Quae
2709 5438 2855 5493 sicut
2906 5439 3013 5506 ipsi
3074 5438 3207 5496 non
3246 5438 3519 5510 sentiunt,
3549 5438 3624 5492 ita
3681 5454 3788 5494 nec

2136 5509 2402 5577 honores,
2426 5511 2519 5579 qui
2548 5511 2685 5579 ipsis
2716 5510 2881 5565 ﬁunt.
2906 5510 3027 5567 Non
3052 5512 3237 5581 itaque
3270 5509 3447 5577 magis
3476 5510 3786 5581 damnandi

2136 5582 2467 5646 Christiani,
2498 5583 2590 5651 qui
2626 5582 2754 5635 illos
2786 5589 3077 5652 respuunt,
3100 5596 3265 5651 quam
3300 5582 3419 5652 ipse
3449 5580 3593 5652 olim,
3617 5581 3786 5636 Sene-

2137 5670 2221 5717 ca,
2246 5654 2340 5722 qui
2373 5650 2632 5708 similitcr
2676 5650 2890 5708 inanes
2922 5650 3347 5723 superstitiones
3394 5650 3731 5723 improbavit
3768 5669 3781 5706 :

2137 5724 2408 5780 ridiculos
2436 5726 2587 5781 enim
2620 5739 2744 5781 esse
2787 5726 2942 5790 deos,
2974 5722 3071 5793 qui
3113 5722 3333 5792 injuria
3382 5722 3785 5779 vilissimarum

2138 5795 2311 5859 etiam
2338 5795 2705 5859 bestiolarum
2731 5792 3125 5869 pateant,’imo
3152 5792 3247 5869 qui
3257 5838 3272 5870 ,
3303 5808 3433 5855 cum
3479 5809 3599 5857 non
3646 5795 3783 5874 sint,
