4148 6194
418 224 575 284 1455

414 355 662 480 nectillis
690 355 787 427 qui
815 362 947 412 sunt
976 356 1324 427 benefacere,
1356 372 1463 413 nec
1492 357 1561 412 ab
1593 356 1707 413 illis
1752 357 1882 412 laedi
1930 373 2066 481 pangi

416 444 520 481 sun
557 470 568 480 .
1960 464 1970 479 .
2032 440 2042 449 ”

416 436 568 483 sunt.
1960 436 2042 481 392

484 504 609 554 ΟΑΡ.
641 499 947 554 Xlll.——Si
979 506 1164 554 tamen
1198 498 1319 554 haec
1353 500 1586 554 numina
1618 499 1837 556 censeri
1870 502 2066 568 velint,

413 571 599 626 colere
632 571 823 642 utique
852 572 1163 640 oportebat,
1197 588 1308 625 non
1357 589 1639 641 spernere,
1674 573 1819 641 quod
1871 581 2060 625 tamen

414 642 623 710 passim
658 643 837 699 facere
860 643 987 698 illos
1018 642 1281 711 ostendit,
1312 659 1440 697 cum
1494 644 1697 711 singuli
1734 644 1921 711 plures
1963 660 2057 697 co-

415 713 698 779 lant,cum
723 716 987 769 divinitas
1012 715 1082 768 ab
1116 715 1362 769 humano
1394 718 1627 784 pendeat
1660 715 2061 784 arhitrio,cum

414 784 714 840 simulacra
744 802 958 855 eorum,
994 794 1051 840 ut
1098 788 1408 841 domestica
1446 787 1823 841 instrumenta
1867 788 2062 856 pigne-

413 864 628 928 rentur,
664 858 1036 925 venditentur,
1070 873 1174 913 nec
1206 857 1418 927 privata
1450 868 1688 925 tantum,
1722 860 1814 912 sed
1850 868 1904 913 et
1958 874 2061 928 pu-

412 926 583 997 blica,
616 936 671 982 ut
701 930 840 984 adeo
874 930 1135 997 majestas
1167 926 1504 1000 quiestuaria
1561 930 1839 985 efliciatur
1872 946 1883 984 :
1919 926 2064 983 niur-

414 1001 525 1053 tuis
555 1016 774 1069 quoque
803 1000 860 1054 id
896 1001 1125 1056 honoris
1155 1002 1303 1071 quod
1341 1002 1450 1056 diis
1475 1001 1871 1068 liabeatur,qui
1907 1005 2064 1055 tanto

412 1071 640 1138 dignius
670 1072 888 1127 scilicet
919 1073 1347 1141 imperatoribus
1378 1074 1687 1128 etiamnum
1746 1072 2063 1127 viventibus

413 1143 698 1207 tribuitur,
759 1143 1030 1213 quoniam
1072 1150 1129 1199 et
1176 1144 1283 1211 ipri
1325 1146 1456 1199 deos
1518 1146 1767 1209 faciunt;
1800 1152 1855 1198 at
1913 1152 2063 1198 certe

410 1213 825 1281 meretricibus,
858 1215 1116 1285 cinaedis,
1149 1216 1541 1285 similibusque
1584 1217 1822 1285 publica:
1872 1215 2061 1269 libidi-

408 1286 498 1339 nis
530 1285 792 1352 victimis,
829 1302 940 1341 non
978 1288 1099 1340 sine
1148 1288 1355 1349 insigni
1409 1289 1642 1342 deorum
1690 1286 2059 1349 contumelia,

408 1357 543 1411 licet
573 1356 613 1411 ii
644 1358 750 1425 ipsi
784 1358 966 1412 nihilo
991 1358 1296 1413 nobiliores
1320 1360 1653 1426 sint,addici
1682 1366 1879 1427 potest.
1957 1358 2058 1411 307

480 1430 785 1499 Cir.,XIV.
818 1460 883 1468 —
916 1429 1105 1483 Obiter
1136 1431 1267 1484 inde
1293 1431 1527 1484 aVaritia
1558 1432 1614 1485 in
1650 1431 1898 1485 victimis
1932 1446 2060 1499 pro-

412 1497 498 1553 bis
545 1498 848 1553 oti'ercndis
897 1507 1101 1566 taxata,
1137 1502 1437 1555 Homerum
1488 1503 1849 1571 reliquosque
1905 1497 2059 1555 vates

411 1571 754 1637 aggreditur,
787 1572 1061 1640 docetque
1118 1588 1291 1640 quam
1354 1574 1536 1640 turpia
1590 1576 1847 1627 doctores
1902 1573 2061 1627 hisde

410 1641 520 1694 diis
571 1642 889 1709 loquantur,
923 1644 1018 1711 qui
1069 1650 1255 1698 tamen
1315 1649 1376 1697 ut
1405 1645 1693 1713 exemplar
1742 1645 1949 1709 linguae
2007 1650 2059 1697 et

412 1727 633 1766 morum
692 1714 974 1782 juventuti
1043 1716 1755 1784 preponuntur:tragicos
1813 1716 1946 1769 item
2008 1723 2062 1769 et

410 1787 681 1853 comicos,
714 1784 917 1856 imoet
965 1785 1350 1854 philosOphos,
1377 1803 1610 1856 quorum
1668 1788 1929 1855 princeps
1961 1786 2059 1840 So-

411 1860 609 1979 fratets,
644 1871 773 1911 cum
833 1855 1085 1925 Diogene
1140 1862 1199 1912 et
1254 1855 1499 1913 Varrhne
1540 1860 1675 1913 deos
1706 1858 1897 1929 irrisit,
1930 1859 2060 1981 αξδέ

436 1941 561 1981 ruxi
594 1967 606 1979 .

414 1926 606 1981 truxit.
1883 1926 1891 1929 ⁷
1956 1930 2024 1981 40

483 1999 603 2052 CAP.
635 1996 749 2069 XV.
782 2028 849 2037 -—
907 1997 1269 2054 Demonstrat
1327 2015 1513 2069 porro,
1576 2016 1741 2069 quam
1793 1999 2059 2056 indecore

419 2067 655 2123 deorum
711 2068 859 2124 facta
900 2078 953 2125 et
1002 2070 1255 2138 nomine,
1288 2067 1356 2125 ad
1412 2067 1707 2127 oculorum
1755 2080 1807 2126 et
1837 2073 2057 2127 aurium

410 2140 772 2209 voluptatem,
813 2140 884 2195 ab
910 2142 1045 2210 ipsis
1074 2142 1134 2196 in
1165 2143 1406 2196 scenicis
1440 2143 1814 2212 voluptatibus
1863 2144 2059 2199 inﬂec-

414 2217 625 2276 tantur,
660 2221 717 2265 ut
747 2212 1014 2267 divinitas
1047 2214 1347 2281 plaudente
1377 2216 1585 2283 pepulo
1617 2220 2055 2284 constupretur;

409 2288 469 2337 ut
497 2290 550 2337 et
581 2298 747 2353 quant
778 2284 1082 2339 crudeliter
1110 2285 1168 2339 in
1199 2300 1365 2339 cavea
1395 2294 1447 2340 et
1491 2288 1641 2340 ludis
1691 2286 2059 2341 theatralibus

407 2352 803 2427 adhibeantur,
835 2354 929 2409 ubi
979 2356 1249 2410 vilissime
1294 2358 1553 2427 majestas
1601 2356 1696 2411 illa
1745 2363 2054 2424 tractatur;

411 2424 655 2498 denique
685 2442 850 2494 quam
875 2427 1254 2498 irreverenter
1302 2424 1396 2481 dii'
1430 2428 1499 2482 ab
1548 2430 1686 2498 ipsis
1720 2429 2055 2496 habeantur,

410 2496 545 2570 dum
604 2512 793 2570 coram
852 2496 969 2552 illis
1026 2498 1321 2553 libidinem
1376 2515 1533 2554 suam
1575 2496 1828 2570 explent.
1864 2502 2055 2565 Qualis

409 2568 636 2636 quidem
668 2569 861 2638 religio
891 2571 1134 2625 cultores
1164 2586 1297 2625 suos
1328 2572 1551 2635 stultos,
1578 2568 1830 2641 insanos,
1865 2589 2055 2627 osorcs

409 2655 541 2694 vero
570 2640 830 2695 cordatos
859 2649 911 2695 et
940 2641 1222 2710 sapientes
1254 2643 1516 2698 ostendit.
1951 2644 2044 2698 414

481 2710 763 2785 ομρςνι.
797 2711 1233 2785 —_Ostensurus
1260 2714 1581 2783 jam,quem
1617 2718 1813 2779 Deum,
1846 2720 2056 2785 etquo-

408 2781 580 2836 modo
609 2780 770 2854 illum
800 2782 988 2837 colant
1019 2780 1340 2851 Christiani,
1373 2780 1534 2840 antea
1574 2787 1820 2854 accingit
1877 2780 1952 2841 se‘
1984 2787 2055 2841 ad

407 2853 807 2908 convellendas
835 2855 1133 2924 Opiniones
1161 2857 1230 2910 de
1260 2857 1365 2911 isto
1395 2858 1547 2911 cultu
1598 2853 1764 2912 falsas
1794 2873 1807 2910 ε
1840 2858 1910 2912 de
1960 2873 2053 2913 ca-

407 2925 521 2997 pite
549 2925 761 2997 scilicet
802 2926 1047 2994 asinino,
1083 2928 1152 2981 de
1184 2942 1370 2995 cruce,
1404 2930 1472 2983 de
1502 2928 1639 2997 sole,
1668 2930 1736 2983 de
1769 2930 1895 2985 (icto
1947 2930 2053 2984 isto

405 2994 651 3051 Numine
683 2996 907 3052 biformi
959 2999 1103 3066 quod
1137 2994 1552 3054 inscribebatur
1578 2994 1887 3055 oxonorris.
1921 3000 2053 3056 Haec

404 3068 595 3123 omnia
626 3084 741 3123 non
774 3068 896 3124 sine
917 3069 1368 3142 risumorsuque
1398 3072 1585 3135 diluit,
1612 3073 1782 3142 inque
1815 3074 1940 3127 illos
1973 3073 2054 3141 ip-

402 3154 505 3213 eos
523 3149 877 3213 accusatores
908 3141 1088 3209 magis
1118 3144 1390 3211 quadrare
1420 3141 1842 3207 ostendit.'Quo
1892 3152 2051 3213 pacto

404 3210 508 3264 sibi
568 3212 714 3265 viam
763 3213 830 3265 ad
890 3210 1429 3270 demonstrationem
1493 3216 1783 3284 religionis
1841 3210 2050 3270 nostrae

402 3287 625 3351 purgat.
1945 3287 2050 3340 419

472 3354 596 3408 Cu».
629 3352 791 3408 XVII.
826 3358 1098 3427 —-7Deum
1132 3371 1343 3427 verum,
1377 3356 1475 3427 qui
1524 3356 1715 3412 omnia
1763 3356 1915 3423 fecit,
1949 3373 2045 3411 cu-

393 3423 487 3493 jus
518 3432 570 3480 et
602 3433 857 3480 naturam
889 3426 1178 3493 describit,
1211 3423 1559 3483 Christianos
1584 3429 1767 3484 colere
1806 3429 2041 3483 asserit:

401 3495 568 3563 hujus
598 3497 855 3552 notitiam
886 3498 1308 3567 etagnitionem
1342 3500 1674 3555 naturaliter
1706 3500 1920 3554 homini
1954 3500 2043 3555 in-

399 3567 565 3639 sitam
587 3569 770 3635 docet,
804 3569 878 3623 ita
936 3579 993 3623 ut
1041 3571 1487 3637 magnitudinem
1538 3572 1679 3639 ejus,
1714 3571 2039 3637 bonitatem,

400 3636 828 3711 benignitatem,
852 3641 1125 3693 auxilium
1152 3636 1207 3695 et
1236 3642 1507 3707 justitiam
1543 3636 1656 3697 non
1687 3643 1925 3711 ignoret,
1952 3636 2039 3697 iné

399 3724 508 3779 que
539 3710 697 3764 caelis
721 3726 907 3777 agere,
946 3727 1058 3765 non
1092 3712 1149 3765 in
1182 3720 1348 3779 terra,
1381 3716 1591 3768 credat.
1728 3710 1731 3711 ⁷
1938 3715 2036 3768 431

467 3782 601 3834 CAP.
635 3780 827 3835 XVIII.
862 3814 930 3821 ——
962 3783 1133 3835 Istum
1168 3782 1372 3847 Deum,
1415 3799 1528 3838 non
1582 3790 1911 3839 contentum
1953 3786 2040 3841 in-

397 3852 502 3905 sila
532 3852 618 3905 sui
655 3851 981 3908 hominibus
1013 3853 1232 3921 notitia,
1267 3855 1593 3911 aberrantes
1624 3855 1791 3910 verbo
1824 3865 1875 3911 et
1906 3857 2039 3912 scri-

395 3928 558 3997 ptura
613 3923 814 3997 docere
870 3925 1117 3980 voluisse
1176 3927 1469 3982 ostendit:
1511 3927 1698 3997 itaque
1743 3928 2040 3997 prephetas

393 3995 617 4069 misisse
636 3996 843 4064 Spiritu
873 3997 1065 4069 divino
1098 3996 1536 4067 inundatos,qui
1570 3995 2039 4069 populum—suum

393 4066 541 4141 dese
569 4081 782 4136 suoque
811 4067 963 4141 cultu
996 4076 1049 4124 et
1078 4071 1327 4137 potentia
1357 4066 1679 4125 edocerent.
1714 4074 1864 4140 Haec,
1898 4088 2035 4141 quo-

392 4136 547 4212 niam
575 4140 936 4212 praerogativa
966 4149 1080 4194 erat
1109 4142 1454 4206 Judaeorum,
1493 4142 1822 4196 Hebraicam
1851 4136 2037 4212 requi-

392 4207 589 4282 rebant
621 4209 920 4282 linguam;
963 4213 1058 4266 sed
1104 4213 1371 4280 quoniam
1424 4214 1583 4282 jussu
1634 4207 1949 4269 Ptolemaei-
1977 4215 2035 4268 in

392 4280 643 4361 Graecam
670 4280 923 4352 linguam
958 4292 1331 4361 monumenta
1356 4280 1458 4361 ista
1484 4301 1641 4361 versa
1674 4293 1831 4339 erant
1874 4286 2037 4361 facile

387 4352 530 4423 adiri
562 4368 744 4421 posse,
778 4362 932 4409 tanta
963 4354 1187 4423 quidem
1222 4356 1466 4410 veritatis
1493 4358 1543 4411 vi
1576 4359 1950 4423 coruscantia,
1977 4364 2036 4410 ut

391 4422 485 4492 qui
518 4424 714 4493 legerit
744 4424 827 4479 vel
858 4422 1118 4493 audierit,
1153 4427 1321 4482 etiam
1344 4430 1571 4483 credere
1602 4434 1853 4493 cogatur.
1932 4427 2035 4481 433

465 4494 593 4550 Car.
629 4499 779 4568 XIX.
812 4528 881 4537 —-
914 4498 1091 4568 Hujus
1116 4496 1217 4553 Dei
1249 4516 1430 4553 veram
1466 4499 1870 4568 cognitionem,
1906 4500 2037 4554 scri-

388 4564 499 4633 ptis
529 4564 1220 4639 proditam,antiq'uiorem
1253 4570 1411 4625 omni
1444 4564 1748 4625 litteratura
1780 4570 2034 4626 saeculari

391 4638 657 4711 ostendit,
685 4640 801 4695 imo
831 4638 1097 4696 omnibus
1128 4640 1353 4696 illorum
1386 4642 1493 4695 diis
1524 4642 1685 4709 ipsis,
1712 4649 1901 4711 utpote
1940 4642 2033 4709 qui

390 4715 582 4774 postea
612 4710 671 4765 in
705 4711 940 4767 deorum
971 4728 1273 4767 numerum
1328 4713 1440 4767 sint
1490 4713 1666 4768 relati.
1693 4710 1829 4768 Cum
1880 4714 2036 4768 enim

390 4777 576 4853 Moses
606 4781 727 4853 ipso
760 4783 969 4839 Inacho
998 4790 1159 4838 aetate
1192 4784 1305 4839 fere
1338 4801 1433 4852 par
1480 4786 1570 4850 sit,
1607 4789 1864 4840 Danaum
1924 4784 2033 4853 igi—

390 4854 500 4916 tur,
534 4850 744 4909 bellum
776 4854 1104 4924 Trojanum,
1139 4850 1465 4920 Homerum,
1500 4864 1551 4910 et
1604 4857 1651 4911 si
1699 4857 1828 4925 quid
1882 4850 2030 4910 anti-

387 4934 560 4988 quum
582 4925 760 4997 audit,
794 4926 961 4995 longe
991 4934 1112 4995 post
1143 4943 1200 4981 se
1232 4926 1497 4997 relinquit
1533 4944 1544 4982 :
1582 4936 1749 4997 quod,
1781 4928 1829 4981 si
1876 4928 2028 4993 velit,

391 5006 463 5069 se,
481 5008 547 5047 ex
567 4996 941 5069 chronologis
990 4998 1328 5054 confirmare
1362 4996 1543 5068 pesse,
1576 4996 1711 5054 satis
1755 5014 2033 5069 superque

382 5064 650 5123 ostendit.
862 5064 882 5067 ⁷
1362 5064 1375 5068 ⁷
1532 5064 1535 5065 ⁷
1824 5064 1840 5069 ”
1929 5064 2032 5123 438

460 5142 592 5193 CAP.
622 5138 737 5194 XX.
770 5169 837 5181 —-
869 5141 995 5205 Sed,
1029 5143 1236 5196 omissa
1283 5141 1634 5211 antiquitate,
1686 5158 1807 5211 quae
1847 5157 2032 5197 errare

384 5217 588 5277 potest,
622 5212 979 5268 divinitatem
1021 5229 1189 5268 sacra:
1235 5213 1536 5281 Scripturae
1576 5214 1844 5277 ostendit,
1877 5213 2028 5267 exitu

386 5296 570 5354 rerum
604 5284 1023 5353 comprobatae:
1060 5300 1409 5354 quaecunque
1441 5288 1590 5339 enim
1628 5284 1789 5350 fiunt,
1819 5283 1935 5351 jam
1969 5284 2027 5337 in

381 5350 479 5405 illa
513 5350 774 5421 praedicta
805 5350 1191 5421 inveniuntur,
1228 5364 1285 5409 ut
1315 5350 1453 5411 adeo
1508 5372 1737 5412 necesse
1792 5350 1855 5411 sit
1901 5371 2025 5409 cre-

380 5422 513 5477 dere
545 5441 667 5492 quae
698 5427 886 5484 adhuc
916 5432 1127 5482 restant
1168 5430 1368 5493 futura,
1402 5430 1669 5498 quoniam
1728 5436 1781 5483 et
1837 5427 1898 5481 in
1930 5426 2029 5481 illa

379 5498 793 5568 comprehensa
826 5508 879 5554 et
912 5499 1174 5568 praedicta
1199 5506 1349 5552 sunt.
1923 5499 2027 5553 446

452 5567 583 5622 Car.
618 5572 765 5625 XXI.
803 5601 870 5610 —
904 5567 1017 5641 [Ioc
1046 5568 1253 5639 insigni
1286 5569 1466 5641 capite
1512 5570 1841 5639 plenissima
1896 5586 2024 5641 pro-

374 5635 605 5761 pinatur
637 5641 831 5709 Chisti,
866 5640 967 5697 Dei
996 5635 1430 5701 Filiifhistoria,
1464 5635 1579 5707 qui,
1614 5650 1773 5710 prout
1804 5643 1870 5696 ad
1897 5635 2023 5696 ‘sa-

401 5714 553 5761 utem
610 5714 948 5761 animarum-
982 5712 1146 5761 debet
1203 5711 1487 5761 cognosci.
1524 5712 1631 5761 late
1683 5722 1737 5761 at
1788 5729 2022 5761 nervose

401 5714 575 5781 utemg
608 5714 949 5781 animarum,
982 5712 1146 5768 debet
1203 5711 1488 5781 cognosci,
1524 5712 1631 5766 late
1683 5722 1737 5768 et
1788 5729 2022 5768 nervose

374 5776 731 5840 describitur.
762 5776 1089 5844 Ostenditur
1110 5776 1361 5857 interim,
1392 5781 1528 5855 quid
1556 5782 1767 5841 Iudaeis
1813 5799 2016 5845 evene-

1858 225 2067 287 ORDO
2112 222 2387 287 RERUM

3670 224 3827 282 1456

2176 356 2420 426 rit,dum
2453 355 2511 410 in
2536 352 2635 410 illo
2667 353 2819 409 verbi
2842 354 3017 409 divini
3047 354 3124 409 im
3136 353 3488 424 plementum
3519 369 3836 426 agnoscere

2176 428 2465 482 noluerint
2503 443 2515 480 ε
2550 427 2712 495 cujus
2744 442 2877 480 sane
2902 426 3194 481 divinitate
3228 434 3506 497 percepta,
3546 428 3698 481 falsae
3747 443 3833 482 re-

2180 500 2379 569 ligioni
2408 500 2731 553 renuntiare
2761 498 2941 566 decet,
2976 514 3105 552 cuin
3137 499 3305 553 etiam
3355 499 3424 551 ab
3476 499 3615 567 ipsis
3667 499 3830 553 mali-

2174 572 2302 639 gnis
2358 570 2673 639 spiritibus,
2708 570 2911 638 quibus
2970 570 3228 638 imperat,
3279 570 3667 625 testimonium
3724 572 3838 623 ali-

2176 642 2413 713 qnanda
2438 643 2704 713 potentiae
2734 657 2849 695 suae
2880 640 3082 713 exigat.
3190 712 3195 713 ί
3726 642 3833 695 449

2244 715 2368 768 Car.
2400 712 2563 767 XXII.
2598 744 2663 752 —
2697 713 2953 782 Explicat
2998 712 3111 781 jam
3170 712 3495 767 daemonum
3546 720 3828 779 naturam,

2174 800 2412 851 quorutn
2445 785 2703 839 notitiam
2738 802 2771 838 a
2803 784 3160 852 philosophis
3191 791 3242 837 et
3268 784 3445 853 poetis
3477 785 3645 838 etiam
3703 786 3827 838 ins-

2176 855 2408 909 tillatam
2459 860 2639 924 docet,
2705 856 2835 910 inde
2880 854 3110 910 illorum
3163 855 3513 924 spiritualem
3564 856 3828 911 substan-

2176 928 2304 980 tiam
2340 929 2617 991 edisserit,
2651 933 2818 997 atque
2849 928 2981 981 inde
3012 926 3167 981 elicit
3226 928 3455 981 modum
3502 927 3705 996 agendi
3766 928 3825 984 in

2178 998 2455 1065 homines,
2491 1007 2545 1052 ut
2596 1006 2859 1065 noceant,
2905 999 3327 1067 ostenditurque
3386 998 3527 1053 illud
3587 999 3830 1053 fallaciis

2175 1070 2291 1124 suis
2322 1071 2503 1125 solum
2536 1085 2699 1139 agere
2731 1078 2789 1124 ut
2824 1070 3017 1125 relicto
3048 1072 3156 1124 [)eo
3187 1085 3317 1124 vero
3348 1070 3501 1125 falsae
3559 1070 3827 1139 religioni

2174 1143 2393 1197 creduli
2427 1143 2689 1195 mortales
2722 1142 3135 1208 mancipentur.
3722 1142 3827 1196 463

2243 1212 2371 1267 CAP.
2396 1211 3059 1278 XXIII.-—Quantumvis
3087 1226 3216 1267 vero
3250 1228 3452 1278 magna
3484 1212 3553 1266 sit
3608 1212 3821 1268 demo-

2174 1299 2307 1337 num
2343 1284 2611 1354 potentia,
2648 1284 2868 1353 majori,
2901 1285 3103 1339 Christi
3138 1300 3363 1353 nempe,
3395 1284 3595 1353 subjici
3627 1287 3822 1350 dccet;

2171 1372 2342 1424 quare
2372 1357 2538 1409 etiam
2575 1356 2644 1410 de
2679 1356 2774 1409 illa
2805 1356 2915 1424 ipsi
2950 1356 3247 1410 Christiani
3282 1356 3653 1424 triumphant,
3686 1370 3820 1410 cum

2171 1427 2399 1481 scilicet
2421 1428 2747 1482 immundos
2778 1427 3005 1497 spiritus
3038 1429 3239 1482 virtute
3281 1428 3423 1497 ejus,
3463 1428 3550 1483 vel
3595 1428 3825 1495 invitos,

2170 1498 2423 1581 ejiciunt.
2458 1498 2559 1580 Qui
2587 1500 2730 1581 dum.
2756 1500 2994 1581 imperio
3023 1499 3227 1581 Christi
3277 1499 3618 1581 obsequium
3651 1514 3825 1581 praes-

2171 1578 2312 1635 tant,
2345 1586 2503 1624 suam
2536 1570 2645 1640 ipsi
2676 1570 3031 1626 divinitatem
3062 1570 3321 1626 abnuunt
3359 1570 3593 1641 ejusque
3644 1570 3824 1625 solam

2169 1650 2506 1711 agnoscunt.
3720 1642 3825 1694 469

2240 1716 2371 1766 CAP.
2404 1711 2643 1767 XXXIV.
2777 1713 3001 1767 Falsum
3032 1712 3217 1783 itaque
3246 1727 3367 1767 esse
3386 1712 3600 1767 crimen
3640 1711 3823 1766 irreli-

2169 1783 2461 1851 giositatis,
2496 1793 2546 1837 et
2578 1787 2643 1837 ad
2679 1784 2961 1840 Romanos
3011 1785 3195 1854 potius
3246 1799 3410 1853 quam
3468 1784 3819 1838 Christianos

2172 1858 2471 1924 pertinere,
2504 1872 2643 1925 quos
2688 1855 2775 1909 vel
2828 1872 2892 1910 ex
2949 1856 3051 1911 hac
3090 1856 3442 1926 subjectione
3488 1855 3817 1909 daemonum

2170 1934 2374 1996 pateat,
2408 1928 2675 1995 majorem
2708 1927 2822 1981 illis
2853 1936 2904 1982 et
2934 1927 3320 1982 sublimiorem
3365 1926 3540 1981 Deum
3590 1927 3817 1993 colere;

2168 2000 2421 2069 adeoque
2480 1997 2564 2052 vel
2624 1998 2937 2054 libertatem
2991 2001 3188 2056 saltem
3238 1998 3526 2067 religionis
3556 1998 3671 2051 illis
3697 2014 3818 2052 esse

2171 2070 2627 2139 relinquendam,
2661 2086 2785 2139 quae
2814 2086 2942 2126 cum
2978 2070 3107 2126 aliis
3136 2072 3316 2134 detur,
3351 2074 3469 2123 tum
3524 2085 3630 2125 nec
3675 2069 3816 2138 ipsis

2169 2142 2439 2209 Egyptiis
2470 2149 2720 2209 negetur.
2746 2143 2849 2197 Sed
2880 2144 3027 2212 apud
3060 2143 3189 2198 illos
3219 2141 3436 2212 quidvis
3488 2142 3597 2196 coli
3647 2140 3821 2196 licere

2168 2220 2369 2283 praeter
2404 2214 2577 2268 Deum
2611 2229 2820 2268 verum.
3408 2282 3411 2283 ν
3518 2282 3547 2283 η
3716 2213 3823 2265 475

2238 2288 2365 2338 CAP.
2397 2284 2553 2339 XXV.
2589 2315 2657 2323 —
2688 2285 2976 2339 Immerito
3008 2285 3193 2354 itaque
3226 2282 3687 2350 magnitudinem
3719 2284 3823 2337 imo

2168 2356 2308 2423 perii
2361 2356 2738 2410 Romanorum
2800 2357 2857 2410 in
2904 2365 3013 2411 tam
3070 2358 3412 2411 immensum
3460 2362 3683 2408 auctam
3720 2370 3823 2424 pro

2167 2428 2365 2481 merito
2393 2428 2771 2495 religiositatis
2801 2427 3028 2483 illorum
3062 2429 3121 2483 in
3164 2429 3298 2481 deos
3343 2426 3584 2489 censeri,
3616 2426 3711 2494 qui
3767 2427 3823 2479 id

2164 2496 2281 2551 illis
2313 2499 2565 2553 conferre
2599 2501 2904 2569 pomerint,
2937 2501 3189 2569 adeoque
3235 2495 3341 2553 soli
3373 2498 3449 2551 dii
3480 2497 3593 2551 sint
3628 2512 3641 2549 :
3686 2512 3819 2569 cum

2165 2576 2351 2624 tamen
2388 2570 2471 2624 illi
2501 2578 2553 2624 et
2588 2567 2810 2625 ridiculi
2841 2567 2897 2627 et
2926 2567 3195 2639 pudendi,
3219 2570 3303 2623 vel
3328 2569 3496 2623 etiam
3533 2567 3820 2637 peregrini

2166 2640 2302 2722 sint,
2337 2641 2431 2722 qui
2463 2643 2631 2722 (quod
2665 2642 3003 2722 multo‘cum
3032 2643 3149 2722 sale
3180 2641 3688 2722 prosequituris‘ua
3719 2656 3821 2721 po-

2166 2712 2275 2766 tius
2304 2710 2513 2767 contra
2534 2715 2817 2769 Romanos
2845 2713 3007 2768 futati
3036 2715 3298 2780 fuissent,
3330 2710 3377 2766 si
3408 2726 3515 2781 qua
3564 2710 3680 2764 illis
3734 2712 3821 2765 vis

2166 2784 2393 2838 inesset.
2431 2784 2752 2840 Nonnullos
2783 2801 3005 2854 quoque
3035 2800 3230 2841 eorum
3261 2785 3395 2838 deos
3425 2798 3587 2854 reges
3637 2782 3815 2837 fuisse

2164 2854 2320 2921 dicit,
2354 2871 2463 2924 quo
2496 2865 2744 2925 tempore
2773 2852 2957 2911 tamen
2994 2856 3276 2923 homines,
3310 2863 3359 2908 et
3387 2852 3807 2925 illiipsireges,

2165 2926 2289 2981 sine
2317 2928 2425 2980 diis
2459 2944 2573 2982 non
2617 2924 2825 2983 fuerint
2855 2945 2867 2982 :
2903 2927 3039 2983 olim
3070 2929 3240 2982 etiam
3270 2942 3509 2995 paupere
3540 2924 3695 2979 cultu
3727 2926 3809 2979 dii

2167 2996 2510 3053 haberentur
2539 3016 2550 3065 ;
2588 3007 2643 3052 ut
2674 3000 2813 3054 adeo
2846 3015 2962 3055 non
2996 3000 3233 3054 Romani
3264 2998 3340 3052 ob
3390 2998 3814 3066 religiositatem

2164 3070 2374 3140 magni,
2407 3072 2499 3124 sed
2554 3069 2624 3125 ob
2679 3071 3128 3140 magnitudinem
3188 3068 3435 3138 religiosi
3478 3068 3818 3140 factiiappa-

2164 3138 2341 3195 reant.
2378 3141 2643 3206 Quinimo
2684 3138 2799 3198 non
2850 3142 3140 3208 religiosos
3189 3141 3496 3203 habendos,
3530 3139 3626 3207 qui
3679 3138 3812 3193 reli-

2160 3212 2355 3284 giones
2386 3212 2642 3269 laedendo
2674 3213 2803 3270 facti
2833 3214 2945 3268 sint
2967 3211 3650 3284 magni,quandoquidetn
3674 3225 3813 3265 cum

2160 3282 2385 3353 pepulis
2443 3284 2609 3338 etiam
2668 3287 2801 3340 deos
2857 3282 3435 3351 eorum—devicerint,
3468 3283 3813 3353 illorumque

2159 3352 2367 3423 templa
2397 3356 2683 3423 vastarint,
2716 3364 2924 3411 statuas
2974 3355 3304 3424 dejecsrint,
3336 3369 3493 3409 sacra
3542 3352 3814 3407 aboleve-

2158 3426 2305 3493 rint;
2338 3442 2509 3495 quum
2542 3428 2708 3481 etiam
2750 3428 2834 3483 illi
2864 3428 3053 3498 populi
3086 3444 3197 3483 non
3232 3427 3422 3481 minus
3455 3424 3697 3498 religiosi
3738 3424 3814 3498 in

2154 3499 2291 3552 deos
2323 3494 2453 3553 suos
2486 3499 2714 3563 fuerint,
2746 3500 2840 3568 qui
2865 3494 3061 3555 tamen
3093 3517 3124 3553 a
3174 3498 3440 3553 Romanis
3478 3494 3807 3568 devicti,_i_n

2153 3569 2381 3623 illorum
2417 3570 2639 3634 imperii
2671 3566 2950 3625 summam
2982 3573 3211 3626 conﬂati
3236 3574 3389 3623 sunt.
3700 3566 3807 3621 481

2223 3640 2357 3695 CAP.
2391 3640 2581 3696 XXVI.
2616 3673 2681 3681 —
2725 3641 2906 3697 Deum
2966 3643 3152 3711 potius
3205 3640 3411 3711 solum,
3445 3653 3706 3711 regnare,
3737 3638 3812 3693 de

2151 3712 2421 3779 imperiis,
2475 3712 2726 3781 urbibus,
2772 3709 3120 3780 hominibus,
3151 3710 3501 3781 temporibus
3540 3709 3715 3781 ipsis,
3745 3715 3807 3762 ut

2149 3784 2217 3836 de
2245 3785 2705 3852 suo,disponere;
2733 3785 2829 3853 qui
2859 3785 3194 3850 etiam,ante
3224 3780 3507 3853 cegnitam
3536 3780 3797 3853 Romam,

2149 3854 2495 3925 Babyloniis,
2528 3852 2822 3925 zEgyptiis,
2859 3856 3094 3923 Assyriis
3124 3852 3573 3911 dominationem
3624 3852 3805 3906 dede-

2149 3926 2219 3979 rit
2251 3942 2266 3980 :
2298 3927 2505 3981 Iudaeis
2536 3927 2672 3997 ipsis
2703 3928 2869 3982 etiam
2918 3927 3203 3984 incolume
3234 3928 3327 3981 diu
3362 3938 3596 3993 regnum
3629 3938 3806 3991 prses-

2149 3997 2339 4063 titerit,
2374 3996 2792 4054 destruentibus
2822 4001 2994 4054 etiam
3042 4015 3238 4055 omnes
3294 3997 3427 4051 illos
3474 3996 3626 4059 deos,
3662 4009 3806 4064 quos

2150 4069 2385 4190 Romani
2443 4075 2750 4141 gentesque
2808 4078 2867 4126 ut
2943 4072 3165 4126 datores
3235 4082 3536 4140 regnorum
3608 4064 3806 4190 sugg

2150 4155 2278 4190 eiun
2313 4182 2325 4190 .
3762 4174 3801 4188 ..ρ

2147 4149 2351 4265 auditi.
2386 4210 2599 4266 XXVII.
2632 4243 2701 4252 -—
2729 4212 2873 4267 Satis
2918 4212 3104 4282 itaque
3151 4210 3477 4267 confutasse
3534 4223 3592 4261 se
3638 4149 3797 4282 pili“;

2146 4282 2361 4337 crimen
2422 4283 2569 4337 laesa:
2635 4284 2973 4350 Divinitatis,
3008 4278 3127 4354 quae
3177 4284 3308 4353 quia
3348 4296 3464 4354 non
3511 4286 3614 4354 est,
3647 4278 3796 4354 nihil

2147 4354 2261 4423 pati
2293 4362 2491 4424 potest.
2517 4354 2674 4409 Illam
2709 4355 2812 4409 sibi
2835 4352 3109 4411 demereri
3141 4352 3293 4409 uelle
3315 4352 3666 4424 Christianos
3695 4352 3794 4415 ait,

2144 4423 2308 4481 thure
2340 4426 2509 4479 vitam
2543 4427 3061 4495 redimentes,quod
3084 4426 3266 4481 sciant
3296 4423 3504 4479 diaboli
3540 4423 3647 4495 hoc
3675 4436 3803 4495 esse

2144 4497 2445 4551 consilium
2478 4499 2667 4552 aemuli
2710 4499 2794 4553 sui
2827 4507 2880 4553 et
2904 4494 3079 4552 invidi
3131 4498 3245 4567 qui,
3280 4496 3410 4551 licet
3466 4497 3534 4549 de
3586 4494 3799 4567 Christi

2145 4570 2395 4637 potentia
2426 4566 2537 4623 illis
2561 4569 2849 4636 subjectus
2880 4570 2970 4633 sit,
3007 4584 3103 4639 pro
3136 4563 3266 4624 odio
3300 4576 3487 4621 tamen
3520 4572 3573 4619 et
3621 4563 3794 4633 perti-

2143 4640 2257 4704 dia,
2282 4641 2529 4716 _pm_nali_s
2560 4642 2842 4696 servitutis
2874 4656 3029 4696 more
3088 4640 3368 4716 renititur,
3402 4644 3454 4693 et
3498 4651 3793 4716 nunquam

2144 4712 2413 4837 thaagi‘srab
2445 4711 2577 4778 illis,
2596 4728 2761 4782 quam
2784 4719 3020 4769 cruenta
3042 4728 3140 4782 pro
3170 4712 3281 4768 fide
3309 4717 3488 4765 morte
3516 4709 3796 4831 detriu‘rgé

2224 4792 2368 4837 atur.
3686 4792 3743 4830 ιιξ

2143 4800 2618 4909 ρηέλῗὶᾚΧῊῐῐ.
2651 4884 2719 4893 —-
2745 4854 2911 4919 Hinc,
2955 4860 3252 4923 postquam
3307 4851 3503 4920 paucis
3545 4800 3799 4923 galeris;

2143 4924 2496 4996 iniquitatem
2556 4931 2762 4981 coacta:
2818 4920 3128 4996 religionis,
3191 4923 3370 4995 qualis
3428 4923 3508 4975 vis
3555 4920 3797 4996 Numini

2183 4942 2224 4980 η
2270 4942 2496 4981 uitatem
2556 4942 2762 4981 coaetus
2818 4942 3128 4996 religionis,
3191 4942 3370 4995 quans
3428 4942 3508 4975 vis
3556 4942 3791 4975 lVUlIllnl

2183 4942 2368 5053 rolari
2402 5013 2515 5052 non
2547 5004 2743 5066 potest,
2774 4998 2865 5052 cui
2904 4998 3012 5066 (vel
3034 5013 3100 5051 ex
3130 4997 3355 5051 illorum
3381 4992 3682 5066 sententia)
3718 4990 3791 5045 li-

2182 5084 2283 5123 ens
2311 5064 2754 5124 animus'addici
2802 5064 2987 5132 debet,
3021 5068 3198 5137 pergit
3244 5069 3311 5121 ad
3364 5064 3677 5137 secundum
3727 5065 3794 5137 ti-

2143 5141 2522 5215 t‘ulurnnlaesze,
2556 5148 2608 5194 et
2639 5140 2869 5215 quidem
2914 5134 3162 5215 majoris,
3196 5137 3517 5193 Divinitatis
3553 5152 3567 5189 :
3602 5134 3791 5215 siqui-

2139 5211 2267 5287 dem
2295 5211 2383 5287 illi
2418 5227 2627 5287 numen
2665 5211 2981 5287 viventium
3017 5210 3420 5287 imperatorum
3451 5224 3560 5287 pre
3590 5210 3787 5287 omni-

2139 5282 2245 5337 bus
2276 5284 2389 5337 diis
2421 5283 2560 5346 suis,
2595 5282 2831 5337 mortuis
2862 5277 3116 5347 scilicet;
3133 5283 3397 5338 venerari
3449 5281 3561 5334 sint
3592 5277 3740 5331 soliti
3771 5301 3787 5341 ;

2138 5354 2747 5429 deprehendunturque
2795 5356 2876 5409 ita
2931 5354 3229 5429 irreligiosi
3284 5370 3414 5421 erga
3468 5353 3603 5406 deos
3626 5362 3787 5429 suos,

2137 5421 2275 5495 quos
2331 5443 2444 5497 prae
2494 5421 2801 5479 Caesaribus
2858 5426 2973 5480 suis
3022 5422 3388 5482 contemnere
3437 5429 3491 5479 et
3518 5421 3790 5497 periuriis

2135 5492 2544 5573 polluerepon
2568 5497 2858 5573 desistant.
2968 5568 2980 5573 Δ
3366 5572 3369 5573 ν
3680 5492 3792 5573 λάςὶῆ

2206 5572 2340 5624 CAP.
2378 5568 2564 5623 XXIX.
2591 5599 2657 5607 —
2681 5568 2872 5636 Neque
2906 5566 3096 5623 mirari
3130 5568 3185 5622 id
3218 5572 3492 5636 Oportere,
3512 5579 3641 5620 cum
3676 5564 3788 5631 ipsi

2134 5640 2215 5695 illi
2248 5641 2323 5696 dii
2358 5640 2633 5695 Caesarem
2655 5640 2948 5695 dominum
2982 5639 3419 5708 agnoscant,qui
3453 5637 3585 5692 illos
3612 5650 3783 5691 excu-

2134 5710 2242 5792 biis
2267 5714 2383 5792 suis
2408 5711 2590 5768 salvos
2615 5718 2855 5782 praastet,
2891 5725 3208 5792 nonquem
3248 5708 3631 5792 ipsinumi‘ne
3679 5721 3781 5761 suo

2134 5726 2242 5768 Dlls
2267 5728 2383 5767 SUIS
2408 5726 2590 5768 δεινος
2615 5726 2855 5782 praestet,
2891 5726 3008 5766 non
3038 5726 3208 5836 Ἱιιθω
3248 5726 3357 5792 ψει
3395 5726 3631 5764 numine
3679 5726 3779 5761 SUO

2127 5783 2477 5844 incolumem
2506 5790 2752 5857 servent,
2767 5781 2982 5855 experti
3009 5780 3050 5838 il
3080 5797 3175 5838 um
3202 5790 3257 5839 et
3276 5787 3483 5838 iratum
3515 5786 3568 5839 et
3598 5777 3779 5836 bene—
