4148 6194
376 245 405 305 ι
418 245 530 306 461

374 376 565 504 gibus,
610 389 677 431 ac
716 371 1100 444 quorumdam
1131 370 1193 427 in
1219 386 1317 427 eos
1346 371 1498 427 notis
1537 378 1591 425 et
1627 368 2040 501 observatianil;

419 465 508 504 us.
1984 464 2003 491 κ,

419 465 508 504 US.
1936 464 2003 493 Ο)

449 556 570 608 Cu».
602 552 667 607 V.
696 582 767 591 ———
798 551 870 605 De
900 549 1232 604 Tertulliani
1267 548 1410 604 libro
1440 549 1509 603 ad
1537 548 1853 616 Scapulam.
1926 547 2032 599 856

450 662 594 711 ΛΒΤ.
633 657 675 710 l.
709 687 777 698 -—
807 655 1066 724 Analysis
1098 655 1263 725 hujus
1294 656 1444 710 libri.
1925 654 2032 706 856

445 732 583 783 Aer.
618 733 690 783 ll.
731 760 795 769 —
843 724 1181 782 Ostenditur
1216 728 1621 782 Tertullianum
1673 726 1842 794 hujus
1895 724 2029 779 libri

373 810 665 856 auctorem
698 816 711 866 ;
746 800 952 867 quibus
1002 799 1317 853 rationibus
1363 803 1428 853 ad
1477 800 1639 853 illum
1675 806 1796 866 post
1825 797 2030 867 Apolo-

373 874 612 941 geticum
661 880 716 925 et
765 867 951 925 libros
999 869 1069 923 ad
1108 870 1369 926 Nationes
1426 872 1704 925 edendum
1752 867 2031 937 impulsus

378 940 582 1009 fuerit;
629 958 739 1011 quo
786 951 1036 1009 tempore
1066 941 1226 995 illum
1261 942 1577 1012 scripserit,
1606 958 1671 995 ac
1701 943 1770 995 de
1801 940 2028 1010 quibus-

377 1020 505 1069 dam
557 1012 805 1068 ethnicis
864 1012 1300 1082 proconsulibus
1343 1029 1409 1067 ac
1460 1013 1760 1082 praefectis,
1812 1015 1904 1082 qui
1936 1016 2031 1082 ant

377 1084 667 1143 crudelius
710 1093 804 1138 aut
835 1081 1034 1138 mitius
1062 1098 1190 1139 cum
1224 1083 1564 1139 Christianis
1595 1081 1849 1153 egerunt.
1926 1081 2031 1135 858

451 1163 590 1211 ΛΒΤ.
626 1159 725 1210 llt.
756 1186 825 1195 -—
857 1155 937 1210 De
980 1155 1147 1223 hujus
1190 1155 1316 1209 libri
1350 1156 1755 1225 manuscriptis
1784 1162 1837 1209 et
1867 1153 2033 1208 editis

379 1228 693 1293 codicibus,
727 1230 797 1283 de
827 1228 1111 1282 variorum
1164 1226 1221 1280 in
1270 1244 1397 1281 eum
1430 1226 1935 1294 observationibus,
1968 1240 2034 1278 ac

381 1299 676 1356 nonnullis
706 1298 944 1353 diversis
977 1298 1313 1353 lectionibus
1346 1308 1398 1353 et
1424 1301 1593 1354 notis.
1929 1298 2035 1350 862

451 1407 577 1461 CAP.
599 1405 771 1460 VI.-——
802 1405 967 1460 Non?
980 1404 1035 1458 in
1064 1403 1407 1459 Tertulliani
1428 1405 1872 1475 Apologetieum,
1898 1403 2035 1458 duos

380 1477 447 1531 ad
482 1477 752 1533 Nationes
784 1476 972 1541 libros,
1005 1484 1056 1531 et
1085 1492 1256 1530 unum
1278 1478 1344 1530 ad
1376 1478 1672 1547 Scapulam
1704 1476 2034 1531 observatio-

381 1564 497 1614 nes,
549 1547 745 1618 quibus
781 1549 1025 1619 primum
1063 1547 1373 1601 ostenditur
1402 1548 1781 1602 Christianam
1810 1548 2034 1615 religio-

383 1635 509 1674 nem
533 1621 735 1691 fultam
774 1635 888 1674 esse
916 1620 1088 1673 sacris
1118 1620 1315 1674 Veteris
1336 1620 1674 1691 Testamenti
1704 1619 2033 1689 Scripturis,

378 1698 432 1748 et
463 1690 725 1761 quomodo
757 1690 845 1747 hae
875 1692 1178 1760 Scriptum
1211 1691 1281 1745 ad
1315 1690 1677 1758 Christianos,
1724 1691 2037 1746 Iudaeorum

378 1778 730 1833 successores,
748 1762 1121 1835 pervenerint,
1148 1778 1212 1816 ac
1239 1771 1443 1835 quanta
1468 1764 1693 1819 illorum
1714 1764 2038 1887 ιιιισιθγοίἒαὲ4

461 1941 597 1994 Aa'r.
631 1939 677 1993 l.
729 1968 795 1980 —
826 1940 1117 2003 Quomodo
1146 1940 1527 1997 Tertullianus
1556 1942 1818 1997 ostendat
1849 1939 2038 1995 Chris-

392 2012 606 2066 tianam
659 2011 1013 2082 religionem,
1047 2011 1269 2068 Tiberio
1303 2013 1634 2081 imperante,
1670 2014 1728 2067 in
1760 2013 2037 2066 mundum

393 2082 793 2148 introductam,
826 2084 1002 2138 sacris
1045 2082 1230 2139 fulciri
1261 2082 1587 2139 Judaeorum
1618 2084 1938 2152 Scripturis,
1974 2097 2039 2136 ac

394 2154 759 2222 Christianos,
792 2156 897 2209 etsi
926 2155 994 2209 ab
1022 2154 1224 2209 iisdem
1250 2155 1464 2209 Judaeis
1494 2157 1747 2223 nomine,
1770 2169 2039 2222 quorum-

396 2228 526 2279 dam
555 2225 813 2280 ciborum
836 2240 961 2291 usu,
992 2227 1147 2281 festis
1171 2227 1372 2281 diebus
1393 2235 1447 2280 et
1468 2226 1906 2281 circumcisione
1924 2225 2038 2278 dis-

395 2305 647 2365 crepent,
680 2298 739 2351 in
771 2312 964 2352 eorum
997 2307 1205 2362 tamen,
1229 2315 1293 2352 ex
1328 2299 1506 2367 patrio
1534 2299 1653 2352 solo
1684 2298 1755 2351 ob
1787 2312 1887 2350 sua
1918 2312 2038 2367 sce-

396 2368 511 2422 lera
543 2369 857 2438 pulsorum,
890 2367 1077 2423 locum
1111 2368 1286 2424 fuisse
1316 2366 1505 2423 revera
1535 2368 1883 2438 subregulos.
1937 2366 2039 2420 864

468 2442 598 2492 Aa'r.
636 2437 807 2511 Il._—5
836 2440 1072 2503 Quando
1112 2450 1163 2494 et
1194 2443 1474 2511 quomodo
1520 2437 1805 2496 sacrarum
1855 2438 2040 2511 Scrip-

392 2514 646 2563 turarum
683 2509 835 2575 libri,
879 2511 1149 2566 Hebraice
1204 2508 1448 2581 primum
1481 2513 1806 2581 conscripti,
1840 2511 1898 2565 in
1929 2508 2041 2564 lin-

395 2597 564 2651 guam
600 2582 851 2637 Graecam
883 2600 914 2637 a
959 2582 1322 2653 Septuaginta
1370 2584 1591 2638 duobus
1638 2581 2044 2651 interpretibus

398 2653 657 2723 conversi
688 2672 702 2723 ;
736 2669 810 2708 an
842 2653 901 2708 in
954 2654 1192 2710 diversis
1241 2654 1465 2710 cellulis
1500 2681 1514 2721 ;
1548 2654 1646 2709 ubi
1694 2656 1763 2709 de
1808 2654 2042 2722 Aristea,

396 2722 702 2779 Ptolemaeo
751 2724 1126 2795 Philadelpho
1179 2726 1485 2791 Pisistrato,
1522 2726 1837 2794 horumque
1867 2728 1922 2781 et
1951 2726 2043 2778 At-

397 2796 695 2851 talicorum
728 2811 920 2865 regum
973 2797 1350 2861 bibliothecis,
1382 2814 1447 2852 ac
1488 2799 1556 2853 de
1586 2798 1870 2853 Demetrio
1902 2797 2043 2849 Pha-

398 2867 549 2923 lereo
578 2868 1078 2937 grammaticorum
1112 2868 1533 2938 probatissimo.
1942 2868 2047 2938 869

472 2943 609 2991 ΛΒΤ.
651 2938 741 2992 ΙΙΙ.
776 2968 841 2977 -
873 2941 992 3003 Qua
1040 2936 1123 2993 in‘
1150 2938 1500 3008 Philadelphi
1546 2939 1887 2994 bibliotheca
1918 2936 2047 2993 libri

403 3024 693 3065 sacrarum
735 3010 1148 3078 Scripturarum
1195 3013 1445 3079 repositi,
1478 3010 1572 3065 ubi
1604 3028 1667 3065 ea
1708 3010 2048 3065 bibliotheca

402 3086 746 3145 constructa,
795 3085 1041 3148 quantus
1097 3082 1157 3135 in
1196 3082 1295 3136 illa
1345 3083 1619 3137 librorum
1646 3097 1941 3148 numerus,
1974 3096 2047 3134 an

404 3158 517 3222 tota
548 3149 815 3205 incendio
854 3156 1213 3221 consumpta,
1243 3154 1523 3222 quomodo
1554 3154 1699 3209 sacri
1729 3154 1949 3208 codices
1979 3152 2048 3205 ad

401 3221 747 3295 Christianos
777 3223 1135 3295 pervenerint
1164 3238 1230 3278 ac
1260 3221 1330 3279 de
1359 3225 1613 3295 vectigali
1635 3227 1956 3280 Iudaeorum
1980 3222 2049 3277 ad

408 3309 504 3349 eos
535 3293 759 3362 publice
793 3292 1127 3349 lectitandos
1154 3294 1430 3351 libertate.
1510 3292 1527 3295 ⁷
1944 3295 2049 3348 873

470 3371 614 3419 ΛΒΤ.
643 3363 730 3420 IV.
760 3394 823 3403 -
856 3366 1146 3428 Quomodo
1177 3367 1560 3423 Tertullianus
1598 3383 1768 3423 sacra:
1795 3366 2047 3435 Scriptu-

400 3452 475 3490 rae
504 3436 891 3510 auctoritatem
924 3453 989 3510 ei:
1017 3438 1263 3492 maxima
1292 3439 1416 3508 ejus
1435 3440 1768 3510 antiquitate
1788 3440 2050 3510 demons-

399 3511 532 3573 tret,
566 3524 689 3577 quae
738 3506 850 3561 sint
893 3508 1220 3562 substantias
1252 3516 1305 3565 et
1324 3506 1591 3566 ‘materize'
1611 3510 1863 3565 veterani
1895 3509 2045 3575 styli,

402 3579 570 3632 urbes
594 3578 846 3648 insignes
860 3577 1248 3644 historiarum,
1265 3590 1317 3636 et
1338 3583 1466 3637 cani
1489 3583 1910 3637 memoriarum.
1943 3581 2050 3634 877

476 3651 608 3703 Aa-r.
643 3650 703 3703 V.
743 3678 813 3688 -—
850 3651 1029 3715 Quam
1064 3652 1381 3708 luculenter
1408 3654 1814 3709 Tertullianius
1847 3652 2048 3720 proba-

408 3721 542 3774 verit
570 3719 959 3794 antiquitatem
994 3722 1262 3778 librorum
1297 3724 1473 3793 Moysi
1501 3741 1563 3780 ex
1594 3725 1719 3794 ejus
1748 3719 1930 3790 relate,
1955 3724 2051 3793 qui

405 3807 625 3865 coaevus
657 3791 757 3865 fuit
780 3793 1009 3865 Inacho,
1043 3802 1095 3849 et
1138 3791 1637 3865 pluribus'saaculis'
1666 3796 1881 3862 Danao,
1913 3791 2049 3849 Tro-

400 3862 553 3931 janas
583 3864 731 3935 cladi
764 3874 815 3919 et
864 3864 1106 3919 Homero
1139 3862 1393 3935 'przeivit,
1438 3869 1539 3922 ubi
1586 3868 1655 3922 de
1686 3866 2044 3927 Manethone,

409 3939 635 3999 Beroso,
656 3934 998 4010 _I_Ijomo,_seu
1033 3934 1393 4010 Hieronymo,
1425 3943 1482 3994 et
1509 3939 1779 4010 Josepho.
1946 3937 2053 3991 879

480 4013 618 4060 An'r.
655 4006 744 4061 Vl.
779 4036 847 4047 —
879 4004 959 4060 De
1006 4004 1251 4062 aliorum
1276 4080 1279 4081 ν
1304 4013 1429 4077 post
1476 4004 1731 4081 Moysem
1762 4025 2052 4064 sacrorum

402 4080 623 4152 vatum,
656 4083 836 4152 aetate,
882 4085 935 4152 et
962 4080 1304 4152 supputariis
1335 4080 1640 4149 digitorum
1670 4082 1966 4152 gesticulis,
2000 4087 2056 4135 et

402 4148 749 4204 censuattbus
787 4149 1157 4219 conferendis.
1400 4148 1407 4149 ⁷
1672 4148 1687 4152 ⁷
1949 4148 2055 4206 883

469 4222 610 4274 ART.
648 4220 767 4275 VII.
817 4252 885 4261 —
931 4222 1223 4287 Quomodo
1270 4223 1662 4279 Tertullianus
1706 4225 2056 4278 demonstret

400 4291 651 4365 divinam
683 4305 824 4365 esse
855 4307 1025 4365 sacrae
1069 4293 1366 4365 scripturae
1396 4298 1807 4365 auctoritatem,
1842 4311 1949 4351 nec
1980 4295 2052 4348 il-

402 4361 514 4416 lius
537 4361 922 4431 ignorantiam
953 4363 1024 4418 ab
1054 4361 1297 4420 ethnicis
1330 4382 1492 4436 posse
1521 4366 1712 4438 objici.
1795 4361 1804 4365 ⁷
1951 4365 2059 4419 885

475 4465 740 4544 Cir.__Vl_I.
772 4494 839 4506 -—
872 4467 944 4521 De
976 4469 1077 4544 Deo
1102 4469 1416 4544 divinisque
1464 4475 1582 4535 eius
1622 4473 2056 4544 perfectionibus

405 4543 455 4617 et
478 4536 761 4617 attributis
788 4542 993 4617 ac_quot
1023 4541 1276 4617 qualesve
1302 4536 1594 4613 gentilium
1611 4536 2064 4617 philosOphorum

409 4608 475 4662 de
504 4608 605 4663 illo
633 4607 998 4665 dissensiones
1026 4607 1079 4665 et
1107 4607 1337 4669 errores.
1611 4607 1626 4615 ’
1820 4607 1832 4617 ’
1955 4618 2061 4671 887

484 4717 625 4796 An}.
869 4715 1240 4796 Examinatur
1288 4720 1583 4796 sextuplex
1632 4725 2059 4796 argumentum,

412 4784 944 4869 quo'l‘ertullianus
962 4787 1137 4869 Deum
1188 4784 1472 4848 exsistere.
1506 4784 1873 4869 demonstrat,
1903 4784 2058 4869 videi

415 4858 546 4935 licet
577 4872 861 4935 sacrarum
912 4859 1327 4935 Scripturarum
1377 4865 1728 4931 auctoritate,
1762 4858 2063 4935 gentilium

415 4928 1235 5010 philoSOpborum_consensu,
1269 4934 1563 5003 ipsiusmet
1615 4928 1723 5010 Dei
1758 4928 2059 5010 operibus,

416 5001 617 5074 tntiino
664 5001 872 5074 mentis
900 5000 1167 5074 humanae
1198 5000 1369 5060 sensu
1395 5024 1425 5061 e
1457 5000 1826 5074 conscientia}
1858 5000 2064 5064 inlini;

413 5072 483 5154 t‘is
513 5070 613 5126 Dei
640 5071 1105 5154 perfectionibus,
1136 5092 1203 5154 ac
1232 5077 1459 5154 publica
1497 5088 1549 5134 et
1580 5080 1785 5149 sazpius
1808 5070 2064 5154 :repetita

410 5144 735 5198 daemonum
787 5160 819 5197 a
862 5143 1201 5202 Christianis
1232 5143 1640 5219 'adjuratorum
1660 5143 2061 5208 confessione.

485 5288 622 5339 ΛΒΤ.
658 5283 727 5338 ΙΙ.
760 5313 828 5322 -
864 5282 951 5369 De
984 5286 1422 5369 perfectionibus
1470 5293 1587 5369 sive
1617 5294 1905 5369 attributis
1938 5296 2055 5369 Dei,

413 5372 477 5437 ac
508 5372 617 5426 quo
651 5370 817 5437 seu!“
849 5355 1255 5437 “Isthmiaco
1285 5364 1500 5437 dicatur
1526 5365 1855 5421 hominibus
1872 5355 2063 5435 cogni-

418 5428 817 5507 manualem
848 5428 923 5478 sit
963 5428 1284 5507 invisibilis.
1325 5428 2063 5507 incomprehensibilisfin-

418 5497 818 5576 aestimabilia:
851 5511 975 5576 quae
1009 5498 1176 5576 hujus
1230 5504 1342 5558 veri
1396 5507 1493 5561 Dei
1521 5497 1605 5564 'et
1655 5509 1762 5565 vivi
1807 5497 2061 5576 scientia,

418 5569 718 5635 sapientia.
754 5573 806 5622 et
835 5570 1138 5625 aeternitas.
1958 5569 2063 5634 893

492 5643 629 5693 ΛΒΤ.
664 5637 758 5692 IlI.
793 5669 860 5681 —
908 5638 1233 5696 Ostenditur
1267 5644 1679 5706 Tertullianum
1718 5667 1913 5707 revera
1942 5667 2065 5706 cre-

419 5709 629 5791 didisse
676 5711 850 5791 Deum
873 5725 1001 5791 esse
1031 5713 1310 5782 spiritum,
1344 5718 1600 5791 nihilque
1632 5720 1839 5780 habere
1867 5737 2065 5790 corpo-

420 5780 522 5854 rei,
556 5788 610 5839 et
638 5780 923 5840 contraria
958 5780 1305 5855 argumenta
1318 5780 1630 5853 solvuntur.
1962 5780 2069 5849 896

1390 236 1571 308 QU/E
1614 237 1687 297 IN
1735 234 1889 296 HOC
1929 232 2148 294 TOMO
2192 232 2777 297 CONTINENTUR.

3636 246 3792 305 1462

2218 368 2360 445 An'r.
2396 369 2483 425 IV.
2518 370 2760 445 —_Qu9t
2789 369 3050 445 qualesve
3079 371 3286 445 fuerint
3332 373 3631 445 gentilium
3663 376 3788 445 phi-

2150 438 2518 506 losophorum
2575 442 2644 495 de
2692 438 2819 496 Deo
2856 443 3258 509 dissensiones,
3289 438 3557 511 Thaletis,
3591 438 3687 502 seu
3721 448 3797 501 Si-

2152 512 2546 587 mon_idis,_qui
2577 512 2644 587 de
2693 512 2791 566 illo
2840 513 3232 583 interrogatus,
3278 517 3418 570 nihil
3452 522 3795 587 reSpondere

2143 584 2869 657 pot_uit_;_Platonicarum,
2925 589 3020 654 qui
3077 591 3309 655 omnia;
3364 584 3791 657 Epicureorum,

2141 653 2403 722 quinihil
2438 665 2726 728 curantem
2766 674 2779 721 ;
2830 653 3425 728 Platonicorum,'qui
3470 678 3596 715 eum
3648 653 3794 716 intra

2144 729 2417 800 mundum
2449 744 2460 791 ;
2498 727 2830 794 Stoicorum,
2867 732 3144 800 quiiextra
3180 727 3463 797 positum;
3515 733 3791 800 Platonis,

2142 797 2239 872 qui
2300 801 2497 851 mundi
2546 806 2901 865 creatorem;
2964 799 3316 870 Pythagorae,
3359 803 3454 872 qui
3516 797 3793 859 mundum

2142 870 2457 923 increatum
2507 884 2629 923 esse
2679 872 3041 938 docuerunt;
3098 882 3152 927 et
3193 870 3387 928 utrum
3410 875 3796 930 Tertullianus

2144 945 2292 994 recte
2326 938 2549 995 illorum
2585 942 2885 1010 Opiniones
2915 944 3297 1012 explicaverit.

2213 1047 2346 1101 CAP.
2378 1046 2521 1102 VIII.
2554 1078 2622 1087 -—
2659 1052 2737 1103 De
2765 1049 2975 1105 Christi
3008 1050 3319 1106 divinitate.

3692 948 3798 1003 900

3692 1054 3799 1107 906

2216 1156 2355 1229 Aa'r.
2390 1154 2432 1207 Ι*
2465 1154 2638 1229 ——_De
2667 1154 2837 1229 variis
2870 1156 2993 1210 Filii
3019 1157 3117 1211 Dei
3151 1157 3500 1227 nominibus,
3534 1174 3597 1214 rc
3630 1174 3799 1229 quam

2145 1224 2899 1299 luculenter__Tertullianus
2940 1230 3135 1283 dot-eat
3182 1231 3297 1284 veri
3344 1224 3665 1299 summique
3696 1229 3799 1285 Dei

2144 1296 2407 1371 attributa
2458 1296 2539 1351 illi
2581 1298 2907 1361 conn-nire,
2952 1315 3193 1371 eumque
3223 1316 3397 1356 unum
3429 1309 3481 1357 et
3520 1296 3797 1370 aeternum

2145 1383 2272 1423 cum
2310 1367 2466 1422 Patre
2498 1383 2600 1421 suo
2632 1384 2752 1422 esse
2787 1374 2981 1424 Deum.
3103 1367 3118 1371 ⁷
3694 1367 3800 1425 906

2218 1442 2357 1491 An'r.
2392 1438 2460 1492 ΙΙ.
2497 1470 2562 1480 --
2612 1444 2793 1502 Quam
2840 1443 3048 1496 diserte
3078 1441 3465 1499 Tertnllianus
3512 1452 3793 1499 asseveret

2147 1524 2317 1585 unam
2352 1517 2421 1585 eti
2469 1515 2721 1565 eamdem
2777 1530 2898 1567 esse
2944 1512 3122 1585 Patris
3180 1518 3375 1570 aeterni
3406 1517 3639 1585 ejusque
3668 1514 3799 1569 Filii

2148 1580 2519 1636 substantiam
2550 1598 2616 1637 ac
2664 1590 2945 1649 naturam,
2995 1584 3125 1639 licet
3177 1580 3451 1643 distincta
3483 1580 3794 1641 sit-utrius-

2148 1668 2257 1723 que
2286 1668 2544 1720 persona.
3687 1659 3794 1710 910

2220 1730 2358 1778 Aer.
2398 1724 2491 1778 lll.
2540 1754 2607 1762 —
2649 1726 2824 1788 Quam
2875 1726 3082 1781 diserte
3113 1728 3494 1783 Tertullianus
3525 1728 3796 1782 orthodo-

2148 1810 2279 1870 xam
2326 1795 2512 1851 adhuc
2541 1797 2611 1849 de
2640 1796 2770 1870 Filii
2800 1797 2922 1863 Dei,
2958 1814 3063 1870 nec
3094 1815 3206 1853 non
3240 1801 3468 1870 spiritus
3500 1801 3682 1854 sancti
3713 1800 3797 1853 di-

2150 1867 2384 1920 vinitate
2412 1883 2479 1921 ac
2523 1882 2682 1921 sacro
2730 1869 3023 1923 Trinitatis
3055 1867 3321 1938 mysterio
3352 1871 3665 1927 doctrinam
3699 1886 3799 1924 ex-

2149 1938 2321 2008 plicet
2350 1953 2415 1992 ac
2445 1938 2711 1992 vindicet.
3689 1941 3803 1995 913

2220 2011 2359 2064 ΛΒΤ.
2396 2009 2481 2064 IV.
2516 2040 2584 2048 ——
2617 2008 2831 2074 Quibus
2865 2009 3176 2066 rationibus
3210 2012 3592 2068 Tertullianus
3619 2012 3798 2080 expli-

2150 2094 2281 2135 care
2312 2087 2547 2135 conatus
2586 2082 2660 2133 sit
2708 2081 2955 2135 divinam
3005 2091 3384 2151 aeternamque
3433 2084 3555 2138 Filii
3586 2084 3685 2138 Dei
3715 2100 3805 2151 ge-

2150 2151 2617 2225 ne_rationem,_et
2656 2166 2754 2205 cur
2803 2152 2922 2221 ille,
2956 2168 3071 2208 non
3118 2171 3245 2209 vero
3277 2156 3519 2225 Spiritus
3550 2164 3801 2221 sanctus,

2153 2223 2328 2277 Filius
2362 2224 2461 2277 Dei
2492 2223 2728 2277 dicatur.
3320 2223 3336 2225 ⁷
3694 2227 3801 2279 917

2221 2300 2364 2348 An'r.
2397 2294 2457 2350 V.
2490 2324 2578 2367 σε,
2602 2295 2973 2367 Exponuntur
3016 2303 3070 2351 et
3116 2297 3514 2351 examinantur
3545 2298 3799 2367 quaedam

2150 2373 2430 2435 exempla,
2466 2364 2669 2433 quibus
2708 2365 3088 2421 Tertullianus
3132 2369 3384 2423 divinam
3419 2364 3675 2424 Filii'Dei
3705 2384 3801 2435 ge-

2152 2437 2510 2511 nerationem
2543 2437 2828 2511 explicare
2856 2447 3093 2511 conatus
3119 2447 3218 2493 est.
3397 2506 3401 2511 ι
3698 2440 3805 2493 920

2222 2510 2363 2563 Aer.
2396 2508 2483 2563 VI.
2506 2539 2570 2547 —
2594 2510 2996 2581 Expenduntur
3017 2508 3426 2581 solvunturtu
3449 2519 3805 2580 argumenta,

2154 2581 2359 2649 quibus
2389 2580 2654 2634 nonnulli
2688 2580 2921 2648 probare
2936 2580 3611 2637 nitunturlabe’factatam
3632 2582 3804 2637 fuisse

2153 2669 2187 2706 a
2214 2650 2564 2707 Tertulliano
2594 2651 2957 2705 orthodoxam
2994 2655 3060 2708 de
3091 2668 3353 2721 SUprema
3388 2654 3511 2707 Filii
3542 2654 3638 2708 Dei
3662 2654 3800 2708 divi-

2156 2723 2334 2777 nitate
2364 2724 2704 2790 doctrinam,
2735 2723 2863 2791 quia
2895 2723 3034 2777 dixit
3076 2722 3237 2778 illum
3286 2725 3496 2780 divinae
3538 2725 3799 2780 substan-

2158 2796 2246 2848 tiae
2277 2810 2398 2849 essc
2427 2793 2766 2861 portionem,
2800 2809 2923 2862 quae
2954 2797 3009 2848 in
3046 2794 3205 2850 Patre
3237 2804 3348 2850 tota
3378 2804 3480 2850 est.
3697 2796 3805 2849 923

2228 2873 2368 2920 ΛΒΤ.
2405 2866 2522 2919 Vll.
2552 2896 2618 2905 -—
2651 2866 2957 2920 Solvuntur
2978 2868 3083 2921 alia
3108 2875 3459 2934 argumenta,
3483 2868 3684 2933 quibus
3708 2869 3806 2921 ob-

2151 2937 2346 3006 jicitur
2401 2936 2816 2992 Tertullianum
2851 2953 3083 3004 negasse
3119 2938 3241 2993 Filii
3269 2939 3368 2994 Dei
3399 2939 3753 2994 divinitatem
3788 2955 3803 3005 ;

2159 3009 2291 3078 quia
2322 3009 2461 3063 dixit
2488 3008 2650 3062 illum
2686 3009 2965 3065 minorem
2995 3011 3174 3079 Patre,
3213 3012 3477 3079 huncque
3500 3010 3803 3075 visibilem,

2158 3089 2211 3135 et
2251 3080 2411 3134 illum
2445 3080 2808 3134 invisibilem.
3698 3081 3806 3134 92.6

2232 3157 2371 3223 An'r.
2403 3149 2552 3205 Vill.
2585 3180 2655 3193 -—
2687 3151 2898 3204 Rursus
2928 3152 3243 3223 ostenditur
3287 3168 3463 3223 quam
3507 3152 3805 3221 perspicue

2157 3222 2536 3278 Tcrtullianus
2566 3224 2933 3277 aeternitatem
2965 3222 3087 3276 Filii
3122 3223 3222 3278 Dei
3252 3222 3485 3293 asserat,
3510 3231 3561 3279 et
3584 3230 3809 3277 contra-

2160 3296 2242 3350 ria
2271 3302 2604 3362 argumenta
2634 3294 2949 3358 diluuntur,
2984 3294 3187 3361 quibus
3236 3296 3443 3350 conﬁci
3496 3310 3658 3364 posse
3701 3309 3806 3362 pu-

2160 3371 2281 3421 tant
2309 3365 2720 3421 Tertullianum
2756 3365 3016 3419 docuisse
3042 3373 3173 3420 ante
3204 3368 3482 3421 mundum
3514 3365 3808 3421 conditum

2161 3435 2377 3491 nullam
2420 3436 2593 3491 fuisse
2640 3436 2767 3491 Filii
2816 3436 2914 3492 Dei
2962 3437 3358 3503 substantiam,
3407 3446 3459 3493 et
3507 3439 3808 3507 perlectam

2158 3509 2336 3564 fuisse
2361 3508 2482 3577 ejus
2513 3508 2885 3573 nativitatem,
2938 3524 3069 3563 cum
3121 3512 3265 3565 Deus
3305 3511 3585 3565 mundum
3618 3524 3810 3564 creare

2158 3580 2389 3637 molitus
2417 3586 2520 3633 est.
3703 3579 3811 3632 930

2228 3660 2371 3706 ΛΒΤ.
2412 3648 2505 3703 ΙΧ.
2538 3680 2607 3690 —
2636 3650 2878 3722 Solvitur
2908 3648 3061 3704 aliud
3084 3650 3680 3722 argumentum,_inde
3711 3667 3810 3721 pe—

2163 3723 2346 3788 titum,
2386 3722 2530 3791 quod
2559 3721 2938 3776 Tertullianus
2966 3717 3179 3778 dixisse
3211 3724 3427 3778 videtur
3461 3717 3633 3778 fuisse
3663 3717 3807 3777 tem-

2160 3811 2284 3866 pus,
2310 3810 2419 3864 quo
2451 3793 2623 3848 Filius
2651 3792 2751 3848 Dei
2786 3809 2899 3849 non
2923 3802 3061 3849 erat.
3704 3794 3810 3847 936

2232 3900 2366 3954 CAP.
2404 3898 2496 3952 IX.
2526 3927 2599 3940 —
2629 3899 2699 3953 De
2731 3897 2947 3954 Christo
2978 3901 3085 3954 Deo
3116 3903 3166 3955 et
3196 3899 3426 3954 homine.
3707 3898 3814 3952 939

2235 4007 2367 4061 ΛΒΤ.
2404 4008 2447 4058 Ι.
2483 4034 2551 4043 --
2600 4003 2679 4059 De
2724 4005 2974 4060 humano
3003 4005 3207 4061 Christi
3240 4021 3306 4060 ex
3340 4005 3566 4073 Virgine
3605 4012 3750 4069 ortu,
3779 4020 3813 4057 a

2164 4080 2337 4133 sacris
2368 4076 2653 4147 prophetis
2687 4078 3062 4145 praenuntiato
3105 4093 3118 4131 :
3152 4093 3251 4133 cur
3280 4077 3485 4131 dicitur
3508 4077 3679 4132 homo
3703 4077 3812 4130 Deo

2165 4151 2365 4205 mistus
2399 4165 2410 4177 ·
2447 4148 2568 4218 ejus
2599 4148 2655 4202 in
2690 4156 2865 4201 terras
2904 4150 3206 4202 adventum
3249 4165 3361 4203 non
3396 4164 3557 4217 posse
3588 4147 3747 4216 rejici
3781 4164 3814 4200 a

2165 4221 2491 4291 gentilibus,
2524 4219 2619 4288 qui
2650 4220 2719 4272 ad
2750 4221 3142 4275 destruendam
3175 4220 3328 4275 illius
3348 4222 3637 4275 veritatem
3662 4232 3812 4291 qua}

2167 4289 2296 4348 dam
2328 4291 2540 4344 similia
2572 4290 2872 4345 tinxerant.
3710 4289 3817 4342 939

2239 4368 2387 4416 ΛΒΤ.
2432 4362 2501 4415 ll.
2537 4386 2599 4406 ==
2646 4363 2911 4430 Ejusdem
2955 4361 3159 4417 Christi
3207 4362 3265 4416 in
3297 4368 3475 4417 terras
3504 4362 3810 4416 adventum

2171 4451 2285 4491 non
2319 4447 2481 4503 posse
2512 4434 2702 4503 negari
2744 4452 2776 4487 a
2810 4433 3041 4501 Judmis,
3076 4434 3187 4488 nisi
3232 4448 3379 4489 caeca
3431 4432 3817 4503 obstinatione

2170 4502 2479 4562 mulctatis.
2598 4502 2601 4503 ⁷
3708 4502 3819 4556 943

2240 4580 2375 4632 Aer.
2411 4575 2506 4629 III.
2540 4605 2609 4613 —
2641 4574 2924 4629 Christum
2958 4574 3217 4631 violentis
3245 4576 3571 4630 Judeorum
3620 4573 3818 4627 suffra-

2170 4650 2297 4721 giis,
2324 4648 2467 4702 sicut
2496 4645 2618 4715 ipse
2644 4647 2993 4716 praedixerat,
3024 4648 3084 4703 in
3115 4661 3338 4702 crucem
3368 4665 3401 4700 a
3432 4646 3815 4721 Pilato_S_yriee

2172 4716 2789 4791 procuratoreactum,
2840 4722 3043 4787 sponte
3090 4727 3149 4791 et
3181 4733 3307 4791 eum
3354 4717 3522 4773 verbo
3552 4716 3818 4791 spiritum

2170 4788 2490 4852 dimisisse;
2527 4788 2598 4844 de
2628 4790 2761 4860 solis
2783 4796 2904 4844 tum
2944 4790 3213 4860 deliquio,
3264 4788 3331 4844 in
3379 4805 3585 4845 arcana
3618 4788 3814 4854 relato,

2171 4881 2237 4921 ac
2262 4864 2330 4918 de
2359 4860 2563 4914 Christi
2594 4859 2897 4929 sepultura.
3085 4859 3088 4860 ⁷
3706 4860 3815 4913 946

2244 4941 2381 4989 ΛΒΤ.
2421 4931 2506 4987 ιν.
2531 4962 2599 4970 -
2635 4933 2707 4987 De
2736 4932 2941 4987 Christi
2967 4948 3000 4986 a
3029 4938 3210 4986 morte
3242 4931 3309 4985 ad
3340 4929 3510 4984 vitam
3532 4945 3814 5000 regressu,

2172 5003 2622 5078 apparitionious
2668 5004 2725 5058 in
2753 5002 3007 5078 Calilaaa,
3041 5003 3317 5078 ordinatis
3346 5004 3412 5057 ad
3438 5001 3819 5078 dissiminan-

2172 5072 2309 5136 dum
2341 5076 2711 5143 Evangelium
2734 5072 3048 5143 discipulis,
3086 5075 3239 5129 illius
3267 5074 3324 5129 in
3347 5074 3522 5130 ccelos
3552 5087 3815 5139 acsensu,

2173 5153 2326 5207 etiis
2355 5146 2623 5205 omnibus
2670 5164 2700 5200 ει
2750 5145 2926 5200 Pilato
2966 5150 3033 5200 ad
3083 5146 3373 5201 Tiberium
3420 5145 3819 5213 imperatorem

2173 5223 2363 5279 relatis
2397 5235 2409 5272 :
2442 5232 2543 5272 cur
2574 5222 2815 5272 Caesares
2847 5216 3065 5273 Christo
3095 5217 3484 5281 credidissent,
3517 5216 3563 5269 si
3593 5232 3707 5270 non
3730 5229 3819 5267 es-

2178 5303 2303 5352 sent
2333 5287 2542 5348 saeculo
2573 5289 2894 5344 necessarii.
3711 5285 3819 5338 949

2245 5362 2483 5437 ΑιιΤο-ν.
2511 5392 2579 5437 τ
2611 5361 2749 5415 Vera
2778 5376 2899 5416 esse
2928 5375 2991 5415 ea
3011 5359 3205 5437 omnia
3228 5375 3347 5428 quae
3370 5356 3819 5437 de_Christo.Deo

2174 5445 2227 5493 et
2259 5435 2487 5493 homine
2516 5433 2675 5508 dicta
2694 5440 2866 5508 sunt;
2899 5433 3115 5508 nemini
3146 5427 3379 5508 fasesse
3426 5430 3496 5483 de
3541 5427 3815 5508 religione

2175 5525 2277 5564 sua
2309 5507 2575 5563 mentiri:
2617 5504 2972 5559 Christianos
3026 5504 3237 5572 absque
3293 5502 3407 5555 ulla
3453 5498 3820 5559 ambiguitate

2175 5584 2273 5635 aut
2301 5578 2752 5635 dissimulatione
2784 5575 2971 5643 palam
3001 5583 3054 5630 et
3084 5576 3141 5628 in
3173 5572 3469 5628 tormentis
3519 5572 3687 5643 etiam
3729 5572 3816 5627 di-

2177 5652 2415 5707 rissimis
2446 5654 2720 5707 clamasse
2758 5640 2936 5702 Deum
2969 5664 2999 5701 a
3030 5661 3089 5701 se
3110 5661 3206 5714 per
3231 5644 3341 5698 Chr
3366 5652 3514 5697 stum
3546 5640 3680 5706 coli,
3712 5658 3819 5698 nec

2177 5724 2233 5778 id
2260 5739 2420 5793 posse
2449 5719 2756 5793 improbari
2784 5736 2818 5773 a
2841 5718 3076 5793 Judaeis,
3110 5715 3205 5793 qui
3234 5715 3418 5793 Deum
3444 5730 3539 5783 per
3561 5714 3817 5793 Moysen,

2176 5784 2285 5853 nec
2329 5811 2363 5851 α
2402 5784 2728 5867 gentilibus,
2761 5789 2857 5861 qui
2892 5804 2993 5861 per
3023 5786 3333 5862 Orpheum,
3365 5784 3671 5859 Musaeum,
3694 5784 3815 5843 Me-
