4148 6194
408 251 566 319 1463

408 383 666 508 lam'pum
696 388 750 437 et
796 381 1184 452 Trephonium
1234 380 1406 437 falsos
1453 379 1586 435 deos
1627 377 1813 435 colere
1845 378 2061 503 didige;

408 470 505 508 ran
539 495 552 508 .
1994 466 2028 502 ο

405 466 552 509 rant.
1957 466 2028 503 ΗΟ

478 561 607 615 ΟΜ».
640 560 704 614 Χ.
735 592 807 601 -
834 562 911 616 De
943 562 1159 632 angelis
1190 569 1241 616 et
1270 560 1638 617 daemonibus.
1955 556 2061 610 954

479 669 619 721 Aar.
655 667 698 721 Ι.
732 699 801 707 --
852 666 1192 736 Angelorum
1252 675 1303 721 et
1357 668 1675 720 daemonum
1726 679 1932 719 nomen
1965 678 2059 718 co-

409 739 628 808 gnitum
664 739 836 793 fuisse
865 738 1175 809 gentilibus
1207 738 1402 807 poetis,
1438 736 1810 809 philOSOphis,
1859 750 1924 791 ac
1968 751 2061 809 no-

410 806 671 865 minatim
704 806 937 878 Socrait,
973 806 1218 879 Platoni,
1250 826 1354 865 nec
1404 825 1517 863 non
1561 808 1743 878 magis
1790 815 1844 861 et
1894 806 2061 875 vulgo

407 882 764 937 indoctorum
801 883 1121 947 hominum,
1148 883 1240 951 qui
1278 897 1483 935 nomen
1516 880 1868 935 daemonisin
1896 894 2059 932 usum

409 952 693 1007 maledicti
744 954 1216 1022 frequentabant;
1253 968 1352 1007 cur
1377 952 1519 1006 illud
1554 967 1761 1006 nomen
1794 952 1933 1005 adeo
1962 951 2060 1004 de-

417 1024 708 1089 testabile;
744 1040 940 1079 omnes
971 1024 1201 1091 angelos
1242 1032 1457 1079 creatos
1486 1039 1607 1077 esse
1637 1040 1670 1077 a
1706 1028 1814 1077 Deo
1844 1022 2061 1091 perfec-

409 1103 515 1159 tos,
550 1112 745 1163 pravos
775 1104 959 1150 autem
1008 1101 1209 1165 sponte
1258 1112 1357 1149 sua
1405 1105 1735 1164 corruptos;
1768 1096 1836 1165 de
1864 1108 2061 1148 eorum

406 1182 536 1222 cum
576 1169 682 1222 Deo
714 1167 978 1230 divortio,
1011 1164 1076 1222 ac
1125 1167 1485 1221 matrimonio
1528 1181 1657 1221 cum
1705 1164 1930 1219 liliabus
1961 1165 2055 1218 ho-

410 1237 653 1306 minum,
688 1242 835 1294 unde
890 1239 1205 1308 corruptior
1251 1241 1573 1293 damonum
1602 1254 1740 1307 gens
1771 1251 1890 1291 orta
1918 1237 2060 1360 dacili

413 1318 523 1360 llll‘.
1990 1326 2022 1360 ι)

413 1318 523 1364 tur.
1953 1309 2022 1360 93

434 1372 443 1381 ’
478 1382 616 1433 Aa'r.
654 1381 722 1434 II.
759 1412 824 1420 —
860 1382 1052 1436 Utrum
1106 1381 1489 1435 Tertullianus
1545 1379 1845 1435 crediderit
1887 1379 2058 1448 spiri-

409 1451 622 1505 tualcm
652 1468 772 1506 esse
802 1455 1061 1506 omnium
1092 1454 1421 1521 angelorum
1456 1459 1508 1506 et
1539 1452 1862 1505 dmmonum
1895 1459 2057 1505 natu-

410 1539 529 1577 ram
559 1539 571 1577 :
601 1532 812 1592 quanta
841 1538 903 1577 ea
934 1526 1002 1577 de
1034 1539 1090 1576 re
1122 1532 1345 1592 propter
1374 1523 1607 1578 istorum
1639 1538 1705 1577 ex
1743 1524 1925 1590 pravis
1953 1539 2057 1577 an-

407 1594 577 1664 gelis,
611 1601 664 1649 et
717 1594 1012 1649 hominum
1047 1594 1274 1649 ﬁliabus
1306 1595 1581 1663 originem
1615 1594 1958 1661 difficultas;
1990 1596 2060 1648 de

410 1667 735 1720 earumdem
787 1668 1107 1720 daemonum
1169 1666 1401 1736 invidia,
1454 1681 1567 1736 qua
1616 1666 1678 1719 in
1734 1664 2055 1731 hominum,

412 1737 619 1809 quibus
650 1737 859 1791 subditi
885 1744 1034 1802 sunt,
1074 1738 1382 1809 perniciem
1413 1738 1757 1805 conspirant.
1800 1808 1807 1809 ί
1950 1737 2057 1791 958

481 1809 620 1861 Aa'r.
652 1808 749 1862 Ill.
781 1839 850 1848 —-
877 1811 1167 1873 Quomodo
1200 1808 1582 1863 Tcrtullianus
1614 1808 1876 1862 ostendat
1911 1823 2057 1863 non-

409 1880 594 1943 nulla,
628 1895 751 1948 quae
781 1880 997 1935 ethnici
1027 1882 1135 1934 diis
1166 1881 1283 1933 suis
1315 1889 1577 1948 tanquam
1626 1896 1755 1933 vera
1785 1879 2060 1935 miracula

410 1950 832 2076 ﬁdscribebant,
859 1953 997 2006 facta
1035 1953 1206 2006 fuisse
1229 1953 1553 2006 daemonum
1571 1952 1784 2006 artibus
1800 1966 1865 2006 ac
1887 1968 2060 2076 prses;

431 2037 580 2076 tuus.
2028 2058 2060 2075 _.

410 2022 580 2091 tigiis.
1898 2022 1901 2023 ⁷
1954 2023 2062 2076 962

481 2096 621 2147 Aa'r.
657 2092 744 2147 IV.
776 2122 847 2135 —
879 2094 1172 2159 Quomodo
1202 2094 1487 2149 dramones
1518 2094 1829 2147 futurarum
1873 2108 2060 2149 rerum

408 2164 708 2219 scientiam
769 2166 1063 2233 subripere
1113 2166 1470 2229 lentaverint,
1520 2180 1586 2219 ac
1628 2165 1893 2220 falsorum
1922 2166 2061 2220 deo-

411 2252 534 2291 rum
586 2237 817 2290 nomine
868 2237 1135 2301 ambigua
1205 2238 1563 2306 quibusdam,
1621 2252 1687 2292 ac
1744 2237 2061 2307 praesertim

408 2307 625 2379 Pyrrho
658 2316 711 2360 et
742 2312 949 2376 Crmso,
982 2308 1206 2362 oracula
1237 2308 1514 2363 dederint.
1756 2378 1761 2379 γ
1955 2308 2059 2362 964

469 2380 754 2433 Aa'r.V.—
769 2381 1059 2445 Quomodo
1073 2380 1455 2434 Tertullianus
1469 2378 2059 2434 ostendatdtemonum

410 2457 682 2519 potestate
712 2466 777 2505 ac
810 2452 1099 2506 fraudibus
1129 2467 1190 2506 ea
1222 2466 1348 2507 esse
1393 2452 1555 2517 facta,
1590 2466 1712 2520 qua:
1744 2452 1921 2519 magis
1952 2453 2060 2505 cir-

413 2522 706 2575 culatoriis
734 2524 1032 2591 prazstigiis
1076 2523 1315 2589 ludunt;
1351 2523 1554 2592 quibus
1584 2523 1931 2576 infamantur
1962 2524 2059 2576 de~

409 2594 735 2648 functorum
781 2594 1008 2661 animae,
1064 2596 1219 2660 pueri
1269 2595 1327 2649 in
1363 2594 1648 2661 eloquium
1681 2594 1894 2648 oraculi
1950 2595 2059 2649 eli-

407 2665 640 2731 duntur,
675 2665 1061 2720 immittuntur
1092 2666 1333 2730 somnia,
1365 2681 1551 2736 caprae
1590 2673 1642 2719 et
1675 2681 1884 2719 mensae
1913 2665 2057 2719 divi-

407 2743 587 2802 nant;
625 2752 726 2791 nec
774 2738 1101 2807 responderi
1145 2755 1178 2791 a
1222 2752 1503 2806 quoquam
1551 2751 1712 2805 posse
1758 2752 1823 2791 ea
1852 2737 2057 2791 saltem

406 2807 514 2862 diis
544 2807 860 2879 tribuenda,
894 2825 1015 2879 quae
1046 2810 1197 2863 intra
1226 2807 1455 2864 illorum
1488 2808 1695 2877 templa
1726 2806 2055 2933 agebanggg

480 2949 613 3002 Aur.
652 2950 748 3003 Vl.
779 2980 847 2989 —
879 2953 996 3016 Qua
1027 2951 1246 3006 ratione
1293 2950 1680 3005 Tertullianus
1710 2951 2057 3006 demonstret

412 3034 509 3073 eos
539 3021 633 3089 qui
669 3021 737 3075 de
776 3026 888 3078 Deo
921 3023 1033 3091 pati
1076 3023 1448 3087 aestimantur,
1491 3024 1584 3091 qui
1628 3023 1740 3076 aris
1779 3020 2055 3087 inhalant,

413 3090 507 3159 qui
536 3107 750 3147 numen
790 3094 858 3148 de
891 3090 1087 3149 nidore
1118 3094 1475 3163 concipiunt,
1512 3090 1787 3148 ructando
1837 3109 2055 3148 conan-

412 3167 522 3226 tur,
577 3165 871 3230 profantur
922 3166 1281 3231 anhelando;
1334 3180 1437 3220 nec
1466 3180 1582 3219 non
1614 3164 1895 3225 Virginem
1930 3165 2053 3219 Coe-

411 3232 631 3306 lestem,
690 3236 1003 3304 pluviarum
1046 3236 1518 3302 pollicitatricem,
1569 3244 1621 3290 et
1668 3236 2053 3306 Aisculapium

406 3305 522 3377 alia
565 3306 656 3359 die
705 3309 992 3374 Socordio,
1045 3308 1342 3371 ’l‘heuatio,
1376 3316 1427 3363 et
1482 3307 1880 3377 Asclepiodoro
1910 3305 2055 3362 vitae

411 3375 985 3448 subministratorcm,
1020 3394 1147 3433 cum
1179 3396 1211 3432 a
1249 3378 1584 3433 Christianis
1629 3375 2052 3448 adjurabantur,

412 3453 550 3502 tunc
582 3447 766 3516 palam
798 3451 1158 3520 respondisse
1190 3466 1248 3505 se
1280 3466 1394 3506 non
1426 3465 1549 3506 esse
1590 3447 1744 3517 deos,
1795 3452 1887 3506 sed
1939 3451 2054 3504 dae-

410 3534 629 3573 moues.
1949 3522 2055 3575 970

474 3593 608 3643 Aa'r.
644 3590 757 3646 VII.
809 3591 987 3654 Quam
1036 3592 1305 3661 praeclare
1346 3590 1731 3647 Tertullianus
1794 3594 2054 3661 superius

403 3670 803 3730 argumentum
839 3665 972 3719 inde
1007 3664 1321 3727 confirmet,
1357 3666 1503 3733 quod
1535 3665 1822 3718 daemones
1850 3668 1919 3718 ab
1960 3665 2047 3732 iis,

406 3746 529 3804 quae
575 3733 928 3801 obsidebant,
984 3734 1277 3789 hominum
1331 3734 1662 3804 corporibus
1692 3734 1841 3790 vario
1887 3737 2052 3791 modo

406 3803 747 3877 ejicerentur
791 3806 874 3859 vel
927 3805 996 3859 ab
1044 3806 1357 3877 exorcistis,
1409 3803 1494 3860 vel
1544 3807 1670 3861 aliis
1701 3806 2052 3877 Christianis,

407 3889 549 3954 quos
584 3875 848 3930 timentes
900 3877 1029 3954 odio
1080 3876 1385 3954 habebant,
1430 3878 1677 3954 ipsisque
1723 3875 2056 3954 erantsub-

397 3945 571 4014 jecti:
606 3961 714 4014 quo
746 3963 919 4002 sensu
951 3950 1240 4018 desperata
1275 3945 1484 4004 dicitur
1513 3945 1739 4004 illorum
1771 3951 2052 4018 conditio;

403 4032 469 4090 ac
499 4018 782 4090 depaanae
816 4035 989 4086 mora,
1025 4036 1132 4089 qua
1163 4021 1429 4076 solatium
1462 4021 1711 4076 fruendae
1733 4022 2053 4090 malignita-

476 4193 604 4249 CAP.
639 4194 731 4250 XI.
765 4227 831 4238 —
867 4198 937 4251 De
964 4204 1307 4251 mortuorum
1352 4198 1642 4253 hominum
1670 4197 1739 4252 ad
1768 4202 1937 4254 vitam
1966 4217 2052 4254 re-

404 4268 948 4331 vocatione,extremo
970 4269 1069 4323 Dei
1084 4268 1537 4338 judiciogternis
1554 4272 1854 4339 impiorum
1876 4274 2053 4338 pcenis

406 4354 472 4391 ac
488 4340 755 4410 praemiis
776 4339 1080 4410 justorum,
1112 4348 1271 4410 atque
1292 4342 1611 4395 animarum
1640 4346 1768 4396 ante
1794 4344 2053 4397 ultimum

393 4408 674 4481 judicium
704 4408 1085 4483 receptaculis.
1178 4408 1194 4410 ﬁ
1948 4414 2055 4468 980

474 4519 613 4589 Aur.
648 4516 692 4571 I.
729 4545 798 4557 —
823 4519 1037 4582 Quibus
1060 4518 1414 4587 argumentis
1435 4518 1819 4573 Tertullianus
1851 4519 2053 4589 proba-

402 4586 542 4660 verit
573 4603 772 4642 omnes
798 4598 1050 4644 mortuos
1081 4586 1345 4645 homines
1395 4606 1561 4660 posse
1591 4590 1660 4644 ad
1695 4586 1867 4645 vitam
1898 4607 2053 4647 revo-

403 4658 611 4724 cari,ac
642 4674 835 4714 revera
868 4663 1250 4717 revocandos:
1286 4658 1470 4717 utrum
1492 4665 1698 4718 animae
1726 4663 2055 4732 corporibus

405 4735 609 4793 exutae,
641 4738 695 4785 et
735 4732 865 4805 rsine
915 4733 1143 4805 illorum
1198 4732 1512 4805 ministerio
1564 4734 1783 4805 possint
1838 4735 2053 4804 aliquid

402 4815 589 4869 agere,
633 4804 768 4870 pati,
800 4819 866 4858 ac
897 4804 1106 4869 dolere,
1141 4810 1194 4857 et
1222 4802 1424 4859 lmtari.
1564 4802 1579 4805 ’
1938 4802 2055 4859 ⁷980

478 4875 615 4946 tear.
654 4871 824 4946 II._-e
857 4874 1070 4941 Quibus
1113 4876 1411 4945 exemplis,
1463 4891 1639 4945 quove
1693 4877 1906 4946 Pythiae
1938 4893 2058 4932 ora-

404 4941 557 5016 culo,
591 4958 655 4997 ac
690 4944 1153 5015 phil050phorum
1205 4941 1640 5003 de'animarum
1688 4941 2056 5016 transmigra-

405 5014 559 5067 tione
606 5014 1323 5089 sententia’Tcrtullianus
1374 5020 1633 5073 ostendat
1671 5014 2058 5089 quoscumque

405 5091 658 5141 mortuos
707 5088 968 5144 homines
1016 5090 1075 5143 in
1128 5088 1425 5158 pristinum
1478 5089 1602 5143 vitae
1652 5096 1861 5146 statum
1896 5088 2056 5146 resti-

407 5157 670 5221 tuendos,
704 5169 757 5215 et
788 5163 1047 5231 apposila
1078 5170 1409 5227 argumenta
1431 5159 1627 5214 diluat.
1951 5162 2058 5215 985

475 5233 613 5282 Aur.
650 5231 751 5285 III.
796 5262 860 5272 -—
902 5235 1020 5298 Quo
1054 5240 1306 5300 tempore
1335 5231 1540 5285 mortui
1593 5231 1851 5287 homines
1880 5233 1949 5286 ad
1981 5234 2060 5288 vi-

406 5306 517 5353 tam
554 5301 970 5370 excitabuntur,
1005 5302 1318 5372 sistentque
1349 5319 1407 5373 se
1437 5306 1690 5357 extremo
1719 5304 1809 5357 Dei
1833 5303 2056 5373 judicio

405 5379 455 5425 et
489 5376 770 5439 quomodo
803 5374 1186 5429 Tertullianus
1231 5372 1589 5428 ethnicorum
1640 5374 1711 5428 de
1762 5375 1949 5430 Minoe
2007 5382 2061 5430 et

406 5442 802 5515 Rhadamanto
854 5445 1221 5515 opinionibus
1273 5444 1572 5501 conﬁrmet
1619 5447 1879 5502 omnium
1909 5447 2061 5502 mala

407 5512 666 5583 bonaque
700 5512 907 5572 merita
935 5526 1052 5573 tum
1095 5516 1493 5570 examinanda.
1954 5518 2059 5572 988

452 5585 611 5665 "Apr.
647 5586 733 5665 IV.
768 5620 836 5630 —
867 5589 955 5665 De_
986 5598 1194 5665 aeterno
1227 5588 1379 5655 igne,
1408 5602 1524 5665 quo
1548 5588 1793 5665 impr_obi
1840 5593 1906 5665 et
1947 5590 2061 5646 im-

408 5655 488 5736 pii
523 5656 783 5736 homines
806 5660 1246 5723 cruciabuntur;
1280 5672 1392 5736 qua
1424 5655 1647 5736 ratione
1671 5660 2061 5736 Tertullianus

406 5732 537 5806 ejus.
554 5732 926 5787 aeternitatem
951 5738 1208 5806 asserat,
1238 5733 1409 5798 atque
1432 5732 1735 5806 Mrmet
1764 5733 2061 5806 igneorum

406 5797 733 5871 ﬂuviorum,
783 5802 1065 5860 montium
1125 5797 1350 5872 semper
1393 5797 1756 5873 Matium,
1788 5797 2059 5863 'hominis

406 4088 476 4142 tis
508 4087 715 4145 habere
747 4092 1019 4147 feruntur.

1846 246 2056 308 ORDO
2104 245 2381 310 RERUM

3664 253 3819 311 1464

2173 377 2416 459 fulmine
2442 379 2693 449 percussi
2725 380 3022 450 exemplis,
3054 396 3120 438 ac
3148 396 3253 438 cur
3280 381 3429 453 ignis
3452 381 3553 439 ille
3574 392 3820 459 aeternus

2173 450 2409 503 dicatur.
3308 450 3327 453 ⁷
3714 456 3814 510 991

2176 591 2187 602 .
2243 524 2379 602 A_ar.
2410 523 2467 579 V.
2502 550 2567 602 —_
2587 524 2680 602 _De
2708 530 2917 579 aeterna
2939 529 3265 580 sanctorum
3289 524 3637 602 beatitudine
3666 543 3679 593 ;
3713 543 3819 597 quo

2173 594 2232 667 in
2284 594 2407 648 loco
2457 594 2770 662 residcant;
2827 604 3011 651 utrum
3063 613 3128 651 ea
3175 599 3362 652 statim
3420 607 3540 667 post
3578 594 3822 653 mortem

2173 664 2449 740 fruantur,
2483 666 2565 740 vel
2601 666 2756 740 illam
2776 668 2859 740 ad
2891 677 3204 723 extremum
3239 664 3638 740 usque—judicii
3667 671 3821 725 diem

2173 735 2512 809 quibusdam
2543 737 2600 791 in
2630 738 2939 794 domiciliis
2969 735 3343 809 exspectent,—
3365 735 3566 809 ac'qua
3597 744 3817 797 ratione

2171 805 2557 887 Tertullianus
2584 817 2779 887 probet
2829 805 3134 866 memorata
3159 805 3451 887 hactenus
3478 805 3824 887 Christianae

2173 879 2463 949 religionis
2507 881 2713 949 placita
2761 898 2875 937 non
2928 899 3089 952 posse
3118 884 3188 937 ab
3219 884 3465 939 ethnicis
3497 884 3676 953 rejici,
3726 891 3822 937 aut

2172 960 2397 1019 prepter
2427 967 2624 1006 eorum
2656 953 3046 1009 defensionem
3090 955 3436 1010 Christianos
3473 971 3589 1009 non
3620 956 3823 1010 debere

2172 1023 2359 1076 vexari
2390 1032 2442 1077 et
2475 1024 2766 1079 trucidari.
3715 1027 3823 1080 994

2242 1126 2364 1202 Cir.
2398 1128 2516 1182 XII.
2549 1160 2615 1169 —
2646 1132 3098 1202 0stenditur,qui
3122 1132 3378 1202 qualesve
3396 1133 3609 1200 fuerint
3629 1131 3822 1187 Chris-

2168 1199 2332 1274 tiani,
2366 1204 2634 1270 quomodo
2682 1204 2754 1256 ab
2798 1199 3032 1259 ethnicis
3061 1199 3349 1267 distincti;
3382 1199 3447 1258 ac
3475 1219 3637 1274 quam
3664 1205 3820 1273 longe

2168 1273 2417 1339 puriores
2447 1274 2658 1340 fuerint
2688 1274 2923 1329 illorum
2954 1292 3119 1345 quam
3148 1273 3501 1330 ethnicorum
3528 1276 3821 1341 mores,te-

2166 1358 2362 1413 gesque
2389 1345 2561 1399 multo
2592 1346 2841 1401 meliores
2871 1363 2935 1401 ac
2964 1349 3287 1402 sanctiores.
3708 1346 3823 1400 999

2243 1454 2375 1524 Aufr.
2412 1449 2452 1503 Ι.
2483 1479 2552 1524 τέ
2582 1453 2709 1520 Qui,
2742 1454 2957 1524 quales,
2990 1462 3041 1508 et
3075 1469 3242 1520 quam
3284 1453 3645 1523 multiplicati
3692 1451 3821 1524 fue-

2172 1521 2287 1594 rint
2314 1521 2648 1594 Tertulliani
2680 1521 2933 1593 tempore
2964 1524 3292 1594 Christiani,
3325 1540 3391 1580 ac
3436 1521 3722 1594 quomodo
3751 1522 3823 1578 ab

2171 1591 2435 1664 ethnicis,
2469 1591 2813 1663 quibuscum
2839 1596 3117 1665 vivebant,
3150 1591 3289 1651 tunc
3335 1591 3821 1719 discernerenglgg

2199 1805 2208 1815 .
2242 1738 2385 1788 ΛΒΤ.
2420 1734 2486 1789 ΙΙ.
2521 1765 2589 1775 -
2620 1739 2906 1815 Quantum
2939 1738 3388 1815 Christianorum
3422 1738 3573 1809 leges
3600 1738 3820 1815 perfec-

2175 1808 2326 1879 tione
2355 1821 2454 1860 sua
2484 1816 2650 1877 atque
2680 1810 3009 1865 auctoritate
3039 1809 3180 1864 alias
3224 1825 3422 1864 omnes
3452 1808 3821 1879 agenttlibus

2172 1878 2313 1930 latas
2340 1889 2628 1946 superent,
2661 1897 2769 1949 qua
2811 1882 3108 1935 sedulitate
3159 1880 3594 1935 observarentur
3620 1881 3693 1933 ab
3722 1881 3820 1933 iis-

2170 1950 2298 2003 dem
2331 1950 2666 2006 Christianis
2695 1953 2787 2020 qui
2824 1952 3035 2007 idcirco
3065 1951 3287 2008 botulos
3316 1968 3514 2008 cruore
3543 1953 3817 2007 distentos

2172 2020 2277 2074 sibi
2309 2020 2383 2094 ab
2407 2021 2651 2077 ethnicis
2700 2024 2942 2091 oblatos,
2988 2025 3112 2094 ipso
3160 2026 3283 2079 vitae
3328 2023 3601 2094 periculo,
3654 2026 3817 2078 edere

2171 2091 2525 2147 recusabant.
3011 2091 3029 2094 “
3328 2091 3345 2094 ⁷
3678 2094 3807 2147 1001

2240 2165 2375 2217 Aar.
2413 2165 2507 2218 lll.
2568 2193 2638 2204 --
2685 2165 2821 2219 Tam
2871 2173 3053 2221 castos
3111 2165 3282 2221 fuisse
3340 2165 3806 2233 Christianorum,

2170 2249 2337 2303 quam
2361 2237 2692 2305 depravatos
2720 2237 3018 2303 gentilium
3053 2253 3235 2292 mores
3264 2255 3277 2292 :
3310 2246 3519 2306 quanta
3547 2236 3813 2290 Christia-

2173 2321 2375 2360 norum
2416 2324 2544 2374 erga
2575 2323 2775 2362 omnes
2821 2308 3050 2363 dilectio
3098 2315 3155 2364 et
3182 2309 3426 2363 charitas
3453 2325 3466 2374 ;
3499 2323 3606 2363 cur
3634 2324 3691 2362 se
3720 2307 3810 2361 in-

2174 2378 2352 2432 vicem
2384 2378 2618 2433 fratrum
2652 2379 2885 2434 nomine
2931 2380 3311 2449 appellarunt,
3347 2380 3596 2449 ipsisque
3625 2378 3819 2433 omnia.

2171 2459 2372 2518 przeler
2403 2466 2604 2505 uxores
2635 2460 2825 2506 essent
2846 2453 3203 2506 communia:
3238 2466 3403 2520 quam
3435 2451 3668 2520 impune
3688 2450 3812 2505 eth-

2169 2521 2283 2574 nici
2317 2536 2347 2576 e
2376 2522 2662 2577 contrario
2690 2524 2995 2578 sacratiora
3026 2524 3395 2577 fraternitatis
3419 2525 3547 2591 jura
3577 2522 3821 2576 violave-

2168 2592 2306 2646 rint-
3674 2593 3820 2646 1004

2242 2668 2375 2718 Αιιτ.
2418 2664 2501 2719 IV.
2535 2693 2602 2705 —
2633 2662 2959 2719 Ostenditur
3000 2672 3209 2734 quanta
3260 2664 3425 2719 fuerit
3464 2663 3820 2719 Christiano-

2169 2750 2292 2789 rum
2325 2736 2633 2805 conjugum
2665 2736 2952 2800 castitatis,
2999 2745 3050 2792 et
3083 2751 3248 2806 quam
3281 2743 3495 2790 certum
3524 2737 3595 2789 sit
3628 2737 3822 2805 plures

2168 2806 2225 2859 in
2261 2807 2596 2873 virginitatis
2629 2814 2777 2861 statu
2810 2812 2875 2861 ad
2910 2818 3146 2862 mortem
3184 2822 3359 2876 usque
3389 2822 3815 2877 perseverasse:

2167 2886 2440 2947 quantum
2497 2878 2567 2933 ab
2623 2879 2708 2933 his
2757 2880 3009 2934 moribus
3055 2879 3317 2934 abessent
3361 2878 3598 2944 ethnici,
3668 2878 3822 2932 inter

2167 2965 2305 3018 quos
2336 2949 2470 3004 Cato
2501 2959 2555 3004 et
2598 2950 2855 3005 Socrates
2906 2966 3036 3005 suas
3066 2966 3268 3006 uxores
3295 2951 3496 3005 amicis
3532 2950 3594 3004 in
3627 2950 3820 3003 matri-

2167 3021 2423 3075 monium
2453 3023 2753 3076 dederunt.
3680 3020 3819 3073 1006

2239 3098 2369 3146 Anr.
2406 3095 2471 3146 V.
2505 3123 2573 3131 —
2609 3093 2903 3157 Quomodo
2928 3092 3308 3159 Tertullianus
3330 3092 3678 3146 demonstret
3702 3106 3825 3145 ma-

2166 3162 2377 3217 ximam
2411 3163 2583 3219 fuisse
2605 3163 3055 3218 Christianorum
3088 3165 3399 3219 castitatem
3432 3169 3487 3217 et
3516 3163 3818 3231 gentilium

2166 3235 2675 3291 incontinentiam:
2729 3235 2859 3289 illos
2908 3250 3102 3289 sexum
3168 3234 3475 3289 femineum
3522 3249 3639 3289 non
3687 3249 3820 3287 mu-

2166 3314 2311 3361 tasse
2339 3314 2633 3373 corruptos
2664 3322 2795 3361 vero
2825 3325 2857 3361 a
2887 3308 3113 3361 Socrate
3141 3304 3525 3361 adolescentes
3560 3321 3573 3358 :
3634 3304 3823 3359 Chris-

2166 3379 2348 3433 tianos
2382 3380 2650 3433 uxoribus
2681 3379 2799 3432 suis
2827 3381 3012 3433 datam
3045 3378 3211 3431 ﬁdem
3246 3393 3495 3432 servasse
3524 3397 3537 3440 ;
3582 3376 3823 3446 Aristip-

2203 3465 2298 3503 um
2348 3450 2582 3521 perdite
2649 3450 2931 3504 amavisse
3000 3447 3817 3521 Phrynemdmeretricemac

2204 3520 2537 3590 peusippum
2573 3521 2806 3589 periisse
2838 3521 2893 3574 in
2926 3517 3201 3575 adulterio
3224 3537 3241 3573 :
3269 3519 3626 3590 Christianos,
3643 3517 3820 3572 salvis

2164 3589 2345 3646 oeulis
2376 3600 2427 3647 et
2458 3607 2611 3647 caeco
2660 3593 2852 3647 animo
2881 3593 3091 3646 vidisse
3123 3592 3408 3657 mulieres,
3445 3606 3579 3661 quas
3610 3589 3821 3644 Demo-

2162 3665 2359 3730 critus,
2412 3679 2483 3717 ne
2535 3665 2998 3732 concupisceret,
3058 3678 3115 3718 se
3164 3664 3503 3718 excaecavit:
3556 3662 3819 3716 ethnicos

2162 3735 2540 3789 Christianam
2573 3735 2845 3790 feminam
2885 3736 2952 3790 ad
2986 3737 3249 3789 lenonem
3284 3734 3468 3803 potius
3492 3749 3658 3802 quam
3702 3734 3818 3786 leo-

2165 3822 2293 3861 nem
2327 3807 2671 3871 damnando,
2731 3822 2892 3860 suam
2949 3806 3264 3877 prodidisse
3319 3804 3819 3877 intemperantiarn

2163 3886 2217 3933 et
2247 3877 2696 3933 Christianorum
2730 3873 3066 3933 castitatem.
3506 3873 3514 3874 7
3682 3873 3819 3929 1009

2231 3984 2357 4038 CAP.
2392 3982 2537 4037 XIII.
2593 4014 2662 4022 —
2720 3983 2893 4051 Quam
2947 3981 3179 4037 absurde
3225 3982 3431 4037 ethnici
3474 3980 3817 4051 jactaverint

2161 4072 2320 4126 pares
2348 4070 2459 4110 esse
2490 4056 2631 4108 alias
2658 4054 3115 4125 philosOplzorum
3163 4069 3390 4126 suorum
3419 4061 3581 4122 atque
3633 4051 3814 4126 Chris-

2165 4122 2444 4181 tianorum
2473 4122 2699 4180 virtutes
2718 4142 2739 4186 ;
2770 4142 2834 4180 ac
2860 4122 3118 4195 quomodo
3152 4125 3533 4181 Tertullianus
3560 4128 3673 4177 tam
3708 4122 3819 4177 Ιιοο

2162 4216 2287 4253 rum
2333 4214 2516 4263 veras,
2575 4214 2744 4268 quam
2799 4198 3025 4252 illorum
3078 4198 3254 4267 falsas
3312 4212 3425 4251 esse

2235 4378 2365 4431 Anr.
2402 4375 2443 4431 Ι.
2476 4405 2545 4415 —
2576 4377 2753 4441 Quam
2803 4374 3103 4430 immeritis
3149 4373 3436 4437 laudibus,
3486 4371 3707 4436 statuis,
3763 4378 3822 4425 et

2164 4448 2382 4502 salariis
2413 4447 2626 4503 ethnici
2660 4455 3092 4501 remunerarunt
3126 4444 3619 4514 philosophos,qui
3649 4458 3822 4514 spon-

2165 4527 2217 4573 te
2251 4534 2354 4573 sua
2381 4519 2749 4574 destruebant
2779 4519 3013 4574 deorum
3045 4512 3294 4585 cultum,
3328 4512 3383 4571 in
3417 4512 3708 4585 principes
3736 4512 3821 4567 la-

2166 4589 2404 4655 trabant,
2452 4606 2567 4644 non
2616 4590 2919 4659 ejiciebant
2967 4584 3285 4652 daemones,
3326 4584 3467 4657 ques
3516 4584 3822 4641 secundum

2166 4661 2290 4716 deos
2317 4676 2438 4715 esse
2467 4661 2908 4725 arbitrabantur,
2956 4661 3180 4715 tametsi
3225 4659 3574 4715 Christianos
3618 4664 3820 4713 contra

2160 4734 2253 4803 jus
2303 4738 2356 4786 et
2396 4732 2497 4799 fas,
2549 4740 2773 4801 prepter
2824 4748 2991 4787 suum
3052 4732 3328 4786 duntaxat
3386 4745 3615 4797 nomen,
3647 4726 3809 4803 omni

2166 4798 2575 4879 suppliciorum
2604 4798 2809 4879 genere
2838 4810 3182 4879 enecarent.._
3240 4872 3252 4879 Δ
3295 4872 3327 4879 ‘_
3415 4874 3427 4879 _
3556 4871 3566 4879 _
3664 4798 3816 4879 i013

2239 4871 2370 4929 lar.
2406 4873 2476 4929 II.
2508 4904 2578 4913 -——
2606 4871 2785 4940 Quam
2833 4875 3076 4929 absurde
3123 4872 3460 4928 Christianis
3495 4871 3723 4927 scientia
3754 4876 3822 4924 et

2169 4946 2471 5015 disciplina
2505 4948 2919 5016 aequiparantur
2945 4944 3266 5014 phil050phi
3310 4943 3570 5014 gentiles,
3619 4940 3824 5016 gloria

2170 5013 2461 5073 libidinosi
2493 5013 2825 5072 affectantes
2854 5033 2913 5071 se
2944 5013 3147 5071 docere
3180 5013 3503 5080 veritatem,
3555 5028 3718 5083 quam
3753 5013 3826 5067 in

2171 5105 2328 5145 sacra
2359 5088 2643 5156 Scriptura
2674 5089 2981 5152 inventam,
3011 5087 3308 5157 captanda:
3347 5086 3636 5156 popularis
3663 5099 3828 5157 aurae

2170 5161 2345 5230 gratia
2375 5167 2760 5229 corruperant,
2795 5168 2843 5215 et
2876 5161 2971 5230 qui
2999 5176 3030 5213 a
3051 5156 3369 5228 Spartiatis,
3400 5156 3826 5230 Thebanisﬁr:

2170 5226 2311 5304 givis
2343 5231 2527 5304 solum
2548 5226 2776 5287 'vertere
2807 5226 3266 5300 compulsisunt.
3672 5226 3833 5304 4016

2243 5309 2383 5357 Am.
2418 5303 2515 5356 III.
2547 5334 2615 5342 —
2645 5304 2819 5368 Quam
2844 5297 3181 5372 praepostere
3224 5300 3463 5369 gentiles
3509 5297 3833 5372 contende-

2172 5374 2286 5429 rint
2313 5389 2501 5442 parem
2535 5390 2658 5429 esse
2691 5368 3155 5442 philosophorum
3182 5368 3415 5426 suorum
3437 5376 3599 5439 atque
3627 5368 3839 5423 Chris-

2173 5447 2452 5500 tianorum
2491 5445 2841 5514 probitatem,
2874 5453 3070 5501 contra
3101 5459 3269 5512 quam
3314 5444 3588 5512 Diogenes
3617 5455 3837 5508 super-

2175 5518 2327 5572 biam
2358 5516 2610 5587 Platonis
2638 5517 2750 5571 alia
2798 5516 3058 5587 superbia
3105 5514 3458 5570 conculcavit
3487 5530 3502 5568 :
3537 5526 3836 5587 summ_am

2171 5589 2347 5644 fuisse
2376 5586 2827 5643 Christianorum
2867 5583 3218 5645 ’modestiam.
3267 5594 3466 5640 contra
3505 5599 3674 5654 quam
3706 5583 3835 5650 Py-

2172 5661 2431 5725 thagoras
2459 5666 2513 5712 et
2542 5659 2728 5714 Zenon
2762 5660 3121 5725 tyrannidem
3161 5655 3601 5721 aﬂectaverunt;
3634 5655 3830 5709 maxi-

2172 5746 2324 5787 mam
2356 5728 2533 5785 fuisse
2561 5732 2745 5787 animi
2773 5728 3226 5786 Christianorum
3256 5731 3587 5799 aequitatem,
3620 5733 3830 5781 contra

2173 5817 2347 5877 quam
2400 5799 2682 5875 Lycurgus
2739 5799 3178 5875 apocarteresim
3234 5800 3486 5873 Optavit;
3535 5804 3828 5856 servatam
