4148 6194
401 191 433 250 1
444 188 558 249 457

401 322 619 378 votum.
658 316 784 372 Non
813 312 1003 381 itaque
1034 306 1374 381 irreligiosos
1410 306 1600 381 haberi
1632 304 1837 381 debere
1868 303 2057 381 Chris-

400 395 589 450 tianos
619 378 934 454 Caesarique
965 382 1249 457 inimicos,
1284 379 1378 448 qui
1410 378 1575 457 ilium
1598 378 1763 457 rebus
1795 378 1912 457 sqis
1943 391 2060 457 non

402 463 728 534 subjiciam,
779 450 875 511 sed
937 455 1113 534 magis
1174 451 1474 534 ilios,_qni
1529 450 2059 534 salutemCaasaris

402 520 675 603 suamque
721 520 849 583 non
902 520 1097 603 solum
1135 543 1166 578 a
1196 524 1310 603 diis
1338 523 1543 577 talibus
1576 530 1927 603 exspectent,
1963 520 2059 601 qui

403 610 535 663 dare
564 593 680 658 non
717 605 973 670 possunt,
1006 597 1099 651 sed
1157 604 1209 649 et
1255 594 1381 649 illos
1438 601 1864 670 persequantur,
1899 593 1996 661 qui
2028 608 2061 644 a

402 694 530 734 vero
574 665 821 730 Num—ine
876 670 1035 723 illam
1088 674 1139 723 et
1200 676 1388 737 petere
1418 665 1599 719 sciant
1652 671 1702 719 et
1736 665 2059 786 impetng

470 821 604 874 CAP.
639 813 800 871 XXX.
836 844 903 852 —
933 808 1091 866 Solos
1121 808 1274 865 enim
1308 806 1659 863 Christianos
1719 822 1822 877 pro
1870 805 2054 873 impe-

398 899 587 946 ratore
631 891 802 943 Deum
861 899 1075 947 verum,
1109 881 1287 936 Deum
1335 882 1522 933 vivum
1570 878 1855 938 invocare,
1893 877 2054 931 illum

407 965 601 1025 Deum,
637 974 803 1029 quem
836 955 1195 1029 naturaliter,
1223 961 1276 1029 et
1306 967 1364 1005 se
1396 952 1666 1019 majorem
1724 950 1879 1005 novit
1900 1024 1907 1029 ι
1932 949 2055 1029 ipse

402 1021 725 1102 imperator,
760 1029 855 1084 cui
898 1035 1117 1102 cuncta
1167 1025 1353 1102 debet,
1383 1041 1416 1102 _a
1475 1024 1934 1102 quoeXSpectat.
1971 1021 2055 1101 ab

408 1094 513 1159 hoc
542 1094 851 1172 illosfqua:
894 1096 1243 1172 imperatori,
1275 1095 1417 1162 orbi,
1452 1094 1559 1172 sibi
1604 1100 1718 1147 tuta
1755 1094 1888 1159 sint,
1920 1094 2052 1172 pie,

402 1191 553 1239 vere,
582 1164 759 1229 recte'
781 1164 991 1240 petere'
1026 1173 1081 1223 et
1114 1168 1431 1240 impetrare,
1462 1166 1643 1231 aliter,
1666 1179 1742 1240 ac
1779 1164 2055 1240 gentium

406 1235 548 1302 vota.
587 1252 737 1309 sunt,
781 1235 1122 1311 gravissima
1178 1235 1431 1293 oratione
1483 1237 1743 1311 ostendit.
1778 1235 1939 1311 Tales
1994 1235 2055 1289 in

404 1318 526 1387 ipso
558 1307 990 1385 supplicationis
1046 1318 1216 1387 gestu
1245 1315 1534 1387 _mactent,
1571 1309 1771 1378 inquit,
1804 1307 2056 1387 animam

404 1379 584 1444 Deum
616 1379 714 1457 pro
744 1379 1082 1457 imperatore
1107 1381 1453 1457 ambientem
1484 1384 1879 1457 extorqueant,
1912 1379 2055 1457 veri-

407 1469 577 1515 tatem
608 1450 661 1513 ét
692 1458 787 1512 Dei
818 1450 1196 1519 devotionem,
1222 1451 1714 1522 irreligiosilatem,
1738 1450 1784 1505 si
1816 1450 2053 1522 possint,

407 1532 699 1602 deputent.
977 1596 1036 1602 __
1145 1595 1155 1602 _
1257 1594 1309 1602 Μ
1541 1592 1551 1602 _
1646 1593 1725 1602 Η
1838 1520 2059 1602 ...502

477 1592 610 1657 CAP.
644 1604 838 1655 XXXI.
883 1629 947 1638 —
977 1596 1040 1651 Id
1072 1595 1159 1664 agi
1190 1611 1221 1648 a
1251 1592 1585 1649 Christianis
1616 1593 1661 1647 si
1710 1593 1769 1664 in
1819 1592 2059 1647 dubium

408 1680 626 1741 vocent,
660 1674 719 1727 in
746 1676 1006 1741 promptu
1034 1684 1155 1741 esse
1186 1665 1432 1741 ostendit
1476 1680 1662 1741 sacras
1709 1663 2055 1741 Scripturas,

409 1761 532 1815 qure
564 1736 669 1799 nec
698 1736 961 1810 gentibus
1001 1740 1169 1815 variis
1194 1754 1264 1815 ex
1296 1736 1531 1815 casibus
1553 1737 1769 1815 ignotae
1803 1737 1952 1815 sint:
1989 1750 2057 1789 ex

409 1808 613 1887 quibus
646 1808 832 1885 patere
865 1813 1057 1887 possit,
1093 1810 1300 1864 ibidem
1334 1808 1663 1887 Christianis
1694 1808 1918 1887 injungi
1962 1823 2058 1874 pro

410 1879 661 1952 regibus,
691 1879 1060 1955 principibus,
1097 1880 1464 1950 potestatibus
1515 1889 1568 1935 et
1626 1879 1850 1949 publica
1910 1886 2057 1957 tran-

411 1959 687 2029 quillitate
717 1972 891 2029 orare.
919 1958 1074 2029 Quod
1101 1961 1159 2029 et
1192 1960 1907 2029 naturaeconsentaneum,
1928 1965 2060 2019 qura

414 2023 630 2144 furbata
662 2026 973 2098 republica,
1007 2025 1115 2094 ipsi
1163 2025 1332 2078 etiam
1383 2023 1692 2078 Christiani
1737 2023 2059 2144 inquietgg‘;

429 2117 503 2144 ,111⁵

411 2104 523 2156 tur.

479 2172 609 2227 CAP.
634 2170 852 2225 XXXII.
882 2198 953 2207 -—
982 2167 1182 2222 Adhuc
1212 2162 1455 2219 ostendit
1513 2164 1751 2218 salutem
1808 2162 2058 2232 impera-

410 2246 544 2298 toris
601 2251 654 2297 et
712 2241 937 2309 imperii
966 2236 1301 2309 Christianis
1358 2234 1515 2288 cordi
1572 2250 1713 2309 esse,
1749 2234 2060 2309 scientibus

411 2313 688 2369 horrenda
717 2306 839 2367 orbi
875 2308 1192 2364 imminere.
1229 2306 1544 2359 Romanum
1596 2306 1898 2373 imperium
1938 2321 2058 2360 esse

406 2384 653 2448 desierit,
689 2384 976 2452 ipsamque
1007 2381 1145 2433 adeo
1176 2377 1495 2452 clausuram
1529 2378 1724 2432 saeculi
1765 2378 2059 2452 duratione

408 2456 529 2523 ejus
561 2448 850 2510 retardari.
884 2452 987 2505 Sed
1020 2459 1073 2504 et
1103 2451 1197 2519 qui
1242 2464 1339 2523 per
1393 2449 1634 2503 salutem
1683 2448 1914 2501 Caesaris
1961 2449 2057 2516 ju-

408 2520 553 2591 rent,
584 2525 853 2582 o-unibus
881 2522 1068 2595 geniis
1097 2520 1658 2595 augustiorem,_non_
1682 2536 1803 2574 esse
1853 2535 2059 2595 cogent

407 2600 533 2679 dos,
564 2603 622 2653 ut
650 2613 746 2679 per
774 2591 910 2679 ejus'
925 2594 1154 2661 genium
1181 2593 1415 2679 jurent,
1436 2591 1706 2679 defendit,
1742 2598 1931 2679 utpote
1961 2591 2060 2679 qui

410 2670 625 2737 genios,
651 2663 712 2722 id
741 2663 823 2722 est
847 2668 1158 2730 daemonas,
1190 2663 1502 2732 adjurando
1535 2663 1755 2727 laedere,
1789 2678 1903 2717 non
1955 2663 2053 2737 de:

405 2732 646 2811 jerando
681 2740 956 2811 honorare
986 2740 1435 2811 consueverint._
1663 2805 1673 2811 _
1950 2732 2059 2786 508

480 2817 611 2867 CAP.
644 2810 884 2865 XXXIII.
911 2838 980 2847 —-
1011 2812 1130 2862 lmo
1160 2805 1477 2860 necessario
1502 2804 1631 2859 illos
1660 2805 2056 2872 imperatorem

413 2885 719 2953 suspicere,
758 2888 945 2951 utpote
974 2895 1139 2953 quem
1168 2894 1200 2931 a
1224 2878 1342 2953 Deo“
1362 2892 1463 2930 suo
1494 2876 1819 2953 sibi_datum
1853 2876 2053 2941 sciant,

410 2947 661 3024 adeoque
689 2947 833 3008 vere.
854 2947 1277 3024 suum_ducant.
1312 2950 1489 3024 Quem
1522 2949 1570 3001 si
1601 2947 1780 3024 Deum
1814 2963 1928 3024 non
1962 2963 2055 3024 vo-

411 3019 723 3096 centfquia
754 3023 985 3096 mentiri
1013 3021 1248 3096 illumve
1294 3019 1824 3096 deritlere__nolunt,
1858 3019 1912 3073 id
1972 3019 2053 3073 fa-

409 3089 585 3165 ciant,
612 3089 745 3167 quia
775 3094 1041 3167 ipseDeo
1073 3092 1379 3167 subjectus,
1403 3090 1506 3167 sub
1536 3089 1631 3145 illo
1666 3091 1925 3167 imperat,
1956 3106 2055 3167 cu-

410 3172 499 3240 jus
525 3162 692 3225 etia'm
727 3162 947 3240 intersit
974 3165 1086 3240 Deo
1109 3163 1566 3240 cedere,_quique
1598 3170 1654 3216 ut
1684 3163 1735 3215 id
1774 3162 1937 3217 faciat
1995 3162 2055 3216 in

413 3235 682 3308 triumphi
736 3238 1018 3294 invidioso
1053 3236 1264 3291 honore
1288 3235 1676 3308 admoneatur,
1711 3241 1861 3308 tanta
1891 3249 2055 3308 coru-

408 3328 573 3366 seans
588 3304 771 3381 gloria
804 3318 860 3363 ut
892 3309 1160 3371 revocari,
1185 3322 1257 3361 ne
1282 3305 1421 3360 falso
1452 3322 1510 3360 se
1540 3304 1715 3360 Deum
1750 3306 2051 3381 existimet,

407 3377 638 3437 necesse
672 3381 890 3435 habeat.
1950 3377 2055 3430 509

476 3456 603 3509 CAP.
638 3452 889 3505 XXXIV.
912 3479 981 3489 ———
1009 3449 1155 3515 Quin
1189 3454 1243 3501 et
1273 3448 1583 3511 AUgustum
1618 3445 1802 3514 ipsum
1836 3447 2054 3501 domini

411 3525 629 3593 tyranni
659 3538 786 3579 cum
822 3537 1029 3576 nomen
1069 3518 1449 3593 abhorruisse,
1480 3520 1623 3593 quod
1674 3525 1747 3593 et,
1783 3518 1901 3593 vice
1957 3519 2054 3573 Dei

409 3587 651 3659 dictum,
701 3593 904 3648 divinas
952 3590 1357 3647 dominationis
1406 3587 1729 3657 suggillatio
1771 3591 1861 3654 sit,
1894 3605 2053 3644 com-

411 3669 569 3721 muni
605 3680 758 3720 more
788 3672 840 3719 et
867 3681 898 3718 a
930 3662 1286 3727 Christianis,
1306 3661 1419 3715 dici
1455 3660 1649 3728 possit.
1670 3659 1825 3714 Pater
1856 3661 2051 3715 Patriae

410 3754 539 3793 vero
571 3737 664 3807 qui
716 3742 961 3797 vocetur,
992 3731 1624 3807 domin_um_appe|lari_
1651 3746 1765 3807 no_n
1826 3731 2053 3798 debere,

412 3801 601 3864 multo
622 3809 811 3862 minus
831 3808 1019 3870 deum,
1055 3802 1469 3876 quod‘rebeliio
1500 3809 1582 3856 est
1611 3802 1671 3855 in
1702 3801 1907 3868 Deum,
1938 3819 2055 3858 ma-

412 3882 679 3935 ledictum
712 3880 770 3933 in
804 3874 1099 3944 Caesarem,
1129 3874 1225 3945 qui
1254 3874 1403 3942 apud
1430 3874 1712 3928 Romanos
1743 3880 1864 3943 post
1903 3890 2054 3930 mor-

411 3957 549 4018 tem,
582 3952 808 4005 demum
841 3951 979 4003 deus
1010 3950 1185 4002 soleat
1216 3947 1354 4000 fieri.
1647 4016 1656 4018 _
1688 4016 1716 4018 η
1872 4017 1879 4018 γ
1952 3946 2052 4000 511

484 4016 611 4077 CAP.
646 4022 862 4075 XXXV.
896 4052 961 4060 —
992 4023 1115 4074 Non
1156 4018 1340 4085 itaque
1370 4022 1519 4070 recte
1567 4016 1821 4085 publicos
1870 4017 2059 4073 hostes

413 4093 762 4148 Christianos
817 4091 951 4160 diei,
986 4090 1132 4161 quod
1176 4093 1378 4161 caetera
1428 4087 1485 4161 in
1529 4087 1893 4156 imperatores
1923 4089 2056 4161 reli-

412 4164 573 4233 giosi,
607 4164 881 4220 solemnia
914 4158 1140 4217 illorum
1174 4158 1521 4233 conscientia
1548 4161 1731 4233 potius
1761 4175 1924 4229 quam
1954 4160 2060 4213 las-

412 4230 563 4291 civia
584 4236 894 4301 celebrent,
917 4234 1273 4288 observantes
1303 4230 1402 4283 illa
1432 4231 1701 4294 modeste,
1721 4232 2056 4299 verecunde,

414 4308 639 4376 pudice,
674 4308 799 4375 pie;
831 4305 995 4360 aliter
1023 4319 1089 4358 ac
1121 4304 1227 4372 ipsi
1262 4301 1498 4376 Romani
1535 4302 1705 4376 inter
1756 4318 1895 4376 quos
1941 4318 2057 4358 non

416 4372 574 4446 piebs
606 4372 821 4431 tantum
853 4384 1120 4430 Caesarem
1153 4389 1299 4441 saepe
1322 4372 1600 4446 conviciis
1629 4373 1927 4440 discindat,
1961 4390 2058 4428 n0-

415 4444 548 4502 vum
579 4456 744 4517 atque
776 4462 980 4501 novum
1025 4446 1085 4500 in
1146 4446 1284 4509 dies,
1321 4444 1512 4497 lucelli
1559 4458 1747 4517 causa,
1783 4446 1948 4514 idque
1996 4446 2057 4499 in

413 4520 538 4589 ipso
568 4515 857 4589 congiario
888 4517 1195 4589 dividundo
1215 4521 1455 4584 excptet,
1484 4515 1579 4567 sed
1611 4515 1717 4589 ipsi
1750 4524 2054 4589 senatores,

418 4586 653 4659 equites,
686 4586 963 4659 primores
996 4587 1148 4659 urbis
1188 4586 1786 4659 cast_r_orumque,pvi_tre
1830 4588 2060 4642 Caesaris

416 4656 772 4724 immineant,
803 4668 857 4714 et
886 4676 1012 4715 cum
1047 4658 1273 4720 Cassiis,
1301 4656 1504 4725 Nigris,
1536 4657 1861 4728 Albinisque
1891 4675 2059 4714 cons-

417 4734 623 4803 pirent,
656 4731 859 4802 grandi
886 4730 1117 4803 interim
1154 4728 1477 4803 lmlitiarum
1500 4730 2058 4803 apparatu_aderUp-

418 4798 628 4859 tionem
660 4798 836 4872 usque
867 4801 1243 4873 proditionem
1277 4814 1435 4873 suam
1464 4798 1737 4873 legentes.
1772 4799 1969 4857 Nullos
2000 4802 2061 4856 in

421 4876 505 4930 his
536 4870 777 4931 inveniri
817 4870 1187 4940 Christianos,
1216 4870 1314 4941 qui
1356 4885 1460 4942 nec
1508 4870 1820 4942 astrologos
1860 4874 1930 4928 de
1979 4891 2062 4927 sa-

421 4946 537 5000 lute
568 4946 849 5003 Caesarum
881 4944 1204 5011 consulant,
1238 4942 1384 5011 quod
1420 4941 1540 5012 ﬁeri
1568 4958 1688 4997 non
1731 4941 2062 5012 potest,nisi

419 5033 605 5141 rernm
638 5034 909 5074 novarum
937 5015 1314 5088 cupiditate,a
1346 5027 1455 5083 qua
1482 5011 1565 5068 illi
1596 5011 1832 5071 omnino
1863 5017 2066 5143 δι)δὲἷὲ

419 5103 516 5143 ren
551 5131 563 5143 .

417 5095 563 5143 rent.

488 5161 615 5215 CAP.
650 5158 888 5213 XXXVI.
922 5188 989 5198 —
1022 5159 1217 5212 Hostes
1275 5154 1444 5225 igitur
1501 5155 1693 5229 haberi
1754 5174 1937 5226 posse,
1969 5159 2065 5229 qui

418 5230 625 5286 hostile
656 5230 800 5286 nihil
832 5231 1096 5285 adversus
1129 5229 1445 5282 Romanum
1484 5228 1565 5281 vel
1628 5230 1930 5298 imperium
1981 5228 2065 5285 vel

417 5302 815 5367 imperatorem
848 5298 1219 5368 spirent,imo
1248 5298 1343 5367 qui
1375 5299 1519 5367 quod
1556 5299 1877 5368 imperatori
1910 5307 2064 5366 sunt,

418 5375 585 5426 etiam
645 5372 757 5426 sint
801 5367 949 5435 aliis,
982 5367 1188 5441 quibus
1234 5369 1380 5441 male
1422 5370 1583 5436 velle,
1619 5367 1763 5425 male
1821 5372 2070 5441 cogitare

423 5457 535 5514 non
569 5441 735 5514 liceat
765 5442 840 5514 de
864 5442 989 5495 aliis
1016 5438 1195 5514 multo
1240 5439 1427 5493 minus
1473 5443 1541 5497 de
1590 5438 1943 5513 imperatore,
1977 5443 2072 5514 qui

420 5513 487 5567 ad
522 5513 631 5567 tale
662 5513 944 5576 fastigium
976 5528 1008 5565 a
1043 5512 1153 5565 Deo
1184 5517 1406 5564 evectus
1433 5516 1536 5565 est.
1966 5512 2075 5569 522

493 5588 616 5638 CAP.
650 5587 913 5637 XXXVII.
947 5612 1015 5623 —-
1054 5583 1095 5636 A
1128 5580 1332 5650 quibus
1362 5581 1695 5640 Christianis
1742 5586 1887 5641 nihil
1939 5587 2075 5643 mali

426 5657 868 5729 exspectandum
903 5654 1035 5709 hinc
1068 5659 1257 5723 patere
1290 5652 1483 5729 possit,
1519 5663 1707 5724 utpote
1754 5660 1905 5729 apud
1936 5675 2077 5729 quos

427 5723 644 5785 malum
673 5726 823 5785 malo
853 5737 1223 5797 compensare
1268 5736 1383 5778 non
1428 5723 1636 5796 liceat;
1669 5723 1817 5799 quod
1865 5728 1913 5786 si
1953 5723 2075 5788 "vel.

1419 174 1601 244 QU/E
1643 172 1723 233 IN
1768 171 1920 233 HOC
1966 170 2187 234 TOMO
2232 172 2819 236 CONTINENTUR.

3662 175 3819 236 1458

2170 304 2307 373 lent,
2340 305 2536 376 iniqua
2587 306 2715 363 odia
2764 314 2817 363 et
2875 307 3247 364 contumelias
3298 307 3496 375 ulturi,
3547 307 3818 364 facillime

2171 390 2415 445 possent,
2450 388 2499 433 et
2527 378 2597 434 ob
2628 380 2911 445 ingentem
2948 394 3249 435 numerum
3302 396 3411 449 quo
3463 380 3615 435 brevi
3671 388 3816 435 tem-

2170 465 2303 516 pore
2332 451 2486 504 orbis
2516 452 2781 519 impletus
2808 460 2912 516 est,
2946 461 2997 507 et
3036 453 3107 507 ob
3160 454 3354 507 mortis
3401 460 3811 520 contemptum,

2170 537 2339 589 quem
2370 525 2535 576 etiam
2573 524 2629 577 in
2658 524 2951 577 tormentis
2984 540 3080 592 pro
3114 524 3223 579 [ide
3257 533 3518 592 praestent
3551 540 3563 577 :
3598 524 3713 578 sive
3759 523 3817 577 id

2166 609 2329 660 agere
2361 592 2594 648 mallent
2627 610 2726 664 per
2758 594 3042 658 incendia,
3085 594 3199 651 sive
3243 611 3340 664 per
3370 594 3537 660 bella,
3573 596 3687 649 sive
3721 596 3816 648 de-

2168 665 2337 731 nique
2377 680 2473 732 per
2504 681 2715 719 meram
2747 666 3148 721 discessionem
3185 668 3449 721 vastaturi
3499 664 3815 736 rempubli-

2165 738 2393 790 camAt
2417 751 2570 790 nunc
2602 737 2767 791 etiam
2804 737 3184 793 benefactores
3214 737 3578 793 inimicorum
3610 738 3814 805 factos,

2165 824 2196 860 a
2225 806 2552 862 dremonum
2600 808 2921 863 incursibus
2973 809 3101 864 illos
3149 810 3405 875 liberare,
3443 825 3581 877 quos
3625 820 3816 863 tamen

2165 880 2408 1002 settleris,
2438 895 2603 949 quam
2635 882 2841 935 erroris
2872 881 3106 936 humani
3142 882 3329 937 hostes
3371 896 3569 937 vocare
3600 879 3816 1005 ωειιὲἕέ

2165 965 2251 1004 rm
2286 991 2299 1003 .
3746 958 3756 972 .

2165 950 2299 1004 rint.
3709 952 3778 1004 52

2235 1020 2361 1075 CAP.
2393 1021 2688 1076 XXXVIII.
2716 1052 2785 1062 —-
2816 1023 2950 1086 Quae
2989 1039 3115 1078 cum
3170 1023 3246 1078 ita
3292 1024 3425 1088 sint,
3475 1022 3720 1088 tolerari,
3758 1028 3816 1077 ut

2166 1102 2375 1147 sectam
2418 1092 2688 1163 aliquam,
2721 1110 2843 1163 quae
2896 1094 3040 1149 nihil
3086 1095 3217 1149 mali
3259 1108 3518 1164 Operetur
3560 1092 3765 1149 debere
3799 1111 3812 1160 ;

2167 1180 2282 1219 non
2323 1166 2475 1220 enim
2510 1168 2876 1220 metuendum
2911 1182 2980 1219 ne
3014 1166 3150 1221 tales
3176 1167 3244 1220 ad
3282 1168 3509 1221 illicitas
3540 1166 3817 1221 factiones

2166 1243 2386 1301 coeant,
2420 1236 2511 1305 qui
2547 1237 2666 1291 loca
2698 1238 3004 1292 factionum
3040 1238 3343 1308 vitent,qui
3375 1240 3587 1293 dudum
3612 1252 3818 1292 renun-

2167 1310 2303 1362 tiare
2352 1307 2655 1363 didicerint
2714 1308 3071 1377 spectaculis,
3102 1307 3278 1373 circo,
3337 1310 3571 1377 theatro,
3604 1324 3813 1375 arenas,

2167 1387 2348 1447 xysto,
2384 1384 2532 1433 unde
2587 1381 2861 1447 crudeles,
2923 1382 3132 1445 insani,
3185 1380 3395 1447 lascivi,
3431 1382 3577 1446 vani,
3614 1380 3817 1434 turbu—

2169 1450 2328 1511 lenti,
2362 1459 2414 1503 et
2444 1451 2515 1503 ob
2547 1451 2602 1503 id
2632 1452 2698 1504 ad
2741 1453 3185 1518 conspirandum
3217 1452 3332 1520 apti
3366 1453 3547 1507 redire
3600 1453 3817 1506 soleant

2171 1521 2524 1575 homines.Si
2556 1522 2722 1591 igitur
2744 1522 3045 1576 Christiani
3075 1523 3213 1576 alias
3238 1524 3447 1593 eligant
3480 1522 3818 1591 voluptates,

2166 1608 2370 1661 easque
2423 1593 2666 1661 innoxii,
2700 1593 2891 1648 turbas
2947 1610 3062 1648 non
3120 1594 3343 1663 debere,
3376 1610 3506 1650 cum
3553 1593 3817 1664 gentibus

2167 1664 2335 1719 etiam
2369 1679 2499 1718 suas
2538 1664 2712 1733 quieti
2742 1666 3088 1734 relinquant.
3710 1665 3819 1719 526

2238 1740 2364 1789 CAP.
2400 1734 2638 1789 XXXIX.
2673 1766 2740 1774 —
2774 1736 2836 1791 Ut
2884 1736 3069 1805 itaque
3118 1742 3313 1803 gentes
3359 1736 3428 1791 de
3484 1736 3816 1805 prazjudicio

2138 1822 2269 1883 .suo
2319 1809 2603 1883 recedant,
2641 1806 2948 1883 liberaliter
2982 1802 3137 1862 'illis'
3169 1802 3505 1883 Christianae
3553 1802 3819 1883 factionis

2170 1880 2253 1948 (ut
2275 1877 2664 1945 appellabant)
2693 1878 3054 1947 disciplinam
3086 1879 3489 1942 communicat,
3525 1880 3689 1933 nobis
3725 1895 3818 1934 ve-

2170 1952 2303 2003 teris
2334 1949 2603 2004 Ecelesiae
2634 1958 2839 2004 statum
2871 1957 3091 2004 tantum
3136 1965 3246 2004 non
3294 1957 3426 2004 ante
3474 1949 3668 2005 oculos
3714 1965 3816 2019 po-

2171 2022 2254 2074 nit
2288 2036 2300 2073 :
2330 2023 2610 2088 quomodo
2641 2021 2856 2075 scilicet
2891 2022 3040 2075 soliti
3072 2021 3181 2075 siut
3211 2021 3269 2075 in
3319 2036 3494 2075 unum
3542 2022 3695 2076 coire
3744 2021 3815 2075 ad

2167 2108 2357 2160 quem,
2392 2109 2489 2161 pro
2521 2092 2745 2161 quibus,
2779 2092 2978 2161 quidve
3006 2093 3231 2161 precati,
3269 2094 3482 2148 monita
3512 2093 3819 2163 Scripturae

2168 2170 2223 2218 et
2253 2178 2418 2218 voces
2456 2164 2719 2234 dirigere,
2749 2179 3046 2218 censuram
3096 2180 3320 2219 morum
3359 2180 3638 2230 exercere,
3673 2180 3816 2219 con-

2166 2242 2397 2289 ventum
2419 2236 2699 2296 ordinare,
2733 2236 3120 2306 eleemosynas
3150 2236 3435 2305 colligere,
3468 2236 3602 2290 istas
3628 2236 3818 2290 distri-

2171 2307 2339 2361 buere
2369 2307 2427 2361 in
2462 2322 2621 2360 usum
2647 2308 2945 2375 sepulturae
2972 2315 3065 2361 aut
3093 2308 3158 2360 ad
3193 2308 3426 2361 alendos
3455 2322 3665 2376 egenos
3721 2322 3815 2360 or-

2170 2378 2406 2447 phanos,
2439 2394 2599 2432 senes
2631 2380 3027 2444 emeritos,aut
3057 2379 3125 2432 ad
3158 2378 3564 2433 refocillandos
3596 2378 3819 2432 naufra-

2170 2465 2267 2517 gos
2299 2450 2379 2503 vel
2413 2449 2484 2503 ob
2514 2449 2683 2504 fidem
2725 2450 2782 2504 in
2818 2450 3063 2513 metalla,
3100 2450 3334 2517 insulas,
3366 2465 3621 2517 carceres
3667 2448 3813 2504 rele-

2167 2528 2344 2587 gatos.
2378 2524 2555 2586 Quam
2611 2528 2817 2575 tantam
2868 2521 3225 2576 affectionem
3267 2520 3424 2576 omni
3457 2521 3579 2575 labe
3624 2535 3815 2576 carere

2168 2593 2352 2661 docet,
2386 2608 2689 2662 verumque
2729 2594 2938 2647 amoris
2990 2592 3216 2647 titulum
3269 2593 3487 2661 mereri,
3516 2591 3611 2662 qui
3660 2591 3813 2661 apud

2168 2672 2362 2733 gentes
2392 2680 2507 2718 non
2541 2664 2649 2718 nisi
2680 2664 2935 2733 impurus
2966 2665 3034 2719 sit
3065 2671 3118 2719 et
3148 2663 3445 2719 simulatus
3478 2680 3490 2717 :
3526 2665 3673 2733 apud
3706 2662 3810 2718 hos

2167 2735 2425 2790 convivia
2480 2750 2602 2789 esse
2649 2735 2898 2804 Opipara,
2922 2744 3268 2803 sumptuosa,
3304 2736 3623 2800 libidinosa,
3661 2735 3814 2789 infa-

2168 2808 2280 2859 mia
2313 2822 2325 2860 :
2360 2807 2507 2874 apud
2556 2806 2922 2873 Christianos,
2973 2807 3183 2870 sobria,
3216 2808 3458 2875 modica,
3490 2813 3660 2867 casta,
3699 2806 3810 2871 pia.

2168 2877 2361 2932 Talem
2395 2879 2563 2945 igitur
2600 2878 2922 2933 societatem
2958 2894 3073 2933 non
3124 2879 3425 2934 factionem
3474 2877 3817 2944 vocandam,

2165 2952 2259 3003 sed
2294 2950 2534 3004 curiam.
3703 2948 3805 3002 531

2237 3023 2365 3074 CAP.
2396 3021 2498 3075 XL.
2531 3047 2599 3060 -—
2635 3019 2916 3075 Factiosos
2961 3020 3143 3089 potius
3189 3035 3311 3075 esse
3341 3018 3488 3087 illos,
3521 3018 3639 3089 qui,
3672 3018 3817 3074 bene

2168 3092 2384 3147 meritis
2413 3092 2684 3157 insidiati,
2718 3090 2942 3160 publica
2976 3092 3122 3146 mala
3144 3091 3479 3147 Christianis
3511 3091 3815 3160 imputent,

2165 3179 2294 3218 cum
2328 3171 2380 3218 et
2410 3171 2539 3217 ante
2569 3170 2779 3217 sectam
2816 3163 2957 3218 hanc
2991 3164 3200 3232 majora
3239 3170 3294 3218 et
3352 3162 3590 3218 certiora
3636 3162 3809 3217 etiam

2165 3234 2357 3289 orbem
2390 3235 2797 3304 quassaverint,
2828 3234 2925 3289 illa
2964 3250 3091 3289 vero
3121 3242 3331 3299 exorta,
3364 3234 3585 3289 minora
3633 3234 3811 3289 levio-

2167 3322 2343 3377 raque
2382 3322 2503 3361 esse
2533 3306 2831 3372 cmperint,
2864 3310 3055 3377 utpote
3085 3322 3208 3374 quae
3240 3306 3501 3377 precibus
3532 3305 3649 3359 suis
3699 3321 3813 3359 me-

2166 3375 2298 3432 ritas
2327 3378 2594 3431 Numinis
2626 3392 2821 3446 pcenas
2852 3375 3113 3445 depellat,
3149 3377 3281 3431 licet
3308 3375 3393 3430 illi
3423 3383 3630 3431 temere
3678 3377 3812 3431 deos

2163 3448 2413 3505 colentes
2439 3448 2552 3503 veri
2575 3447 2673 3502 Dei
2701 3446 3100 3516 benignitatem
3133 3448 3299 3502 idolis
3322 3447 3630 3502 ascribaut.
3705 3448 3813 3501 542

2235 3522 2360 3574 CAP.
2390 3520 2524 3573 XLI.
2560 3549 2624 3559 —
2649 3519 2767 3573 Imo
2790 3521 3065 3573 malorum
3098 3534 3220 3588 quae
3250 3520 3508 3574 evenient
3539 3518 3807 3587 quotidie,

2164 3591 2294 3645 illos
2310 3594 2461 3660 ipsos
2483 3592 2539 3646 in
2554 3606 2722 3645 causa
2734 3606 2875 3657 esse,
2890 3592 3179 3660 quispreto
3196 3595 3305 3646 Deo
3321 3598 3530 3645 statuas
3550 3591 3809 3645 adorent.

2165 3662 2223 3717 Si
2256 3663 2409 3717 enim
2441 3664 2516 3717 dii
2549 3663 2775 3717 illorum
2812 3678 2934 3717 vere
2963 3663 3039 3717 dii
3070 3669 3277 3728 essent,
3314 3678 3426 3717 non
3456 3670 3509 3717 et
3556 3662 3804 3716 cultores

2164 3750 2295 3788 suos
2342 3735 2793 3789 Christianorum
2847 3734 3027 3802 poenis
3075 3734 3462 3789 involverent:
3506 3740 3561 3787 at
3592 3748 3723 3788 cum
3755 3738 3809 3788 et

2169 3804 2330 3860 bonis
2361 3816 2413 3861 et
2446 3806 2631 3870 malis,
2662 3806 2757 3859 ille
2788 3805 2881 3874 qui
2904 3822 3030 3860 vere
3056 3811 3198 3860 Deus
3220 3814 3325 3873 est,
3350 3806 3494 3860 mala
3516 3806 3807 3867 immittat,

2168 3877 2256 3931 his
2286 3878 2345 3931 in
2381 3892 2626 3945 pmnam,
2660 3877 2778 3930 illis
2827 3876 2886 3930 in
2933 3876 3320 3931 admonitione
3362 3892 3485 3931 esse
3517 3892 3529 3929 :
3564 3876 3657 3944 qui
3692 3891 3810 3930 non

2164 3955 2295 4003 ante
2326 3948 2524 4002 aeterni
2549 3948 2747 4017 judicii
2771 3946 3005 4014 rigorem
3038 3948 3184 4003 inter
3216 3956 3477 4015 utrosque
3497 3945 3811 4001 discrimen

2166 4027 2369 4075 statuet
2399 4035 2412 4072 :
2447 4016 2594 4088 quad
2626 4019 2670 4073 si
2702 4020 3058 4088 pertinaciter
3089 4019 3196 4072 diis
3226 4018 3342 4072 suis
3373 4018 3470 4072 illa
3486 4016 3691 4072 ascribi
3712 4032 3809 4072 ve-

2167 4092 2291 4155 lint,
2328 4100 2619 4160 propterea
2648 4090 2799 4161 quod
2854 4089 3199 4161 Christianos
3236 4104 3357 4144 esse
3386 4089 3688 4161 patiantur,
3724 4103 3814 4143 se-

2166 4161 2374 4232 quitur,
2408 4160 2681 4231 injustos,’
2700 4162 2947 4229 ingratos
2970 4160 3106 4216 tales
3129 4162 3262 4215 deos
3280 4177 3421 4229 esse,
3446 4160 3541 4231 qui
3564 4160 3812 4232 cultores

2166 4231 2296 4289 suos
2328 4248 2438 4286 una
2470 4248 2598 4287 cum
2630 4232 2950 4287 irrisoribus
2982 4233 3148 4300 plecti
3186 4232 3380 4287 velint.
3706 4231 3808 4285 551

2237 4306 2364 4359 CAP.
2391 4304 2556 4358 XLII.
2590 4335 2657 4343 —
2690 4303 2802 4359 Nec
2826 4305 3015 4359 minus
3040 4318 3330 4374 perperam
3357 4302 3706 4358 Christianos
3726 4302 3813 4356 in-

2166 4375 2483 4430 fructuosos
2516 4376 2752 4443 negotiis
2780 4375 3073 4442 appellari,
3106 4376 3201 4445 qui
3229 4390 3359 4431 cum
3388 4374 3505 4428 illis
3530 4380 3583 4428 et
3608 4375 3677 4428 de
3698 4374 3815 4428 illis

2164 4448 2373 4511 vivant,
2408 4447 2503 4515 qui
2535 4462 2703 4515 opera
2737 4460 2834 4499 sua
2863 4454 2913 4499 et
2934 4453 3081 4499 artes
3112 4445 3405 4513 misceant,
3437 4445 3535 4515 qui
3563 4460 3679 4499 una
3708 4462 3809 4500 na-

2166 4517 2677 4598 vigant,_militeni,
2728 4523 3048 4598 mercentur
3081 4533 3093 4569 :
3140 4518 3236 4598 qui
3287 4518 3333 4571 si
3365 4517 3423 4571 in
3456 4516 3812 4598 caeremoniis

2167 4588 2503 4659 quibusdam
2555 4588 2840 4656 differant,
2872 4587 3207 4659 spectaculis
3251 4588 3600 4657 renuntient,
3648 4587 3811 4642 thure

2168 4658 2283 4716 non
2312 4660 2654 4730 supplicent,
2684 4659 2854 4729 stipes
2878 4658 3102 4727 templis
3132 4676 3249 4715 non
3273 4660 3506 4729 jactent,
3538 4667 3726 4714 tamen
3757 4665 3812 4712 et

2171 4732 2433 4788 homines
2461 4740 2509 4785 et
2552 4733 2700 4787 cives
2730 4731 2863 4798 sint,
2888 4735 2946 4786 et
2966 4730 3121 4786 illam
3152 4734 3606 4800 qualemcunque
3629 4731 3812 4799 jactu-

2169 4819 2290 4858 ram
2337 4801 2503 4858 facile
2540 4810 2928 4869 compensant,
2962 4818 3093 4858 cum
3122 4803 3249 4857 aliis
3279 4803 3635 4867 utilitatibus,
3668 4810 3809 4868 tum,

2170 4891 2286 4930 non
2315 4882 2371 4927 ut
2412 4874 2517 4941 illi,
2552 4873 2777 4943 publica
2828 4874 3119 4945 vectigalia
3168 4873 3575 4944 defraudando,
3609 4875 3701 4929 sed
3741 4889 3810 4945 ei;

2173 4946 2279 5002 ﬁde
2309 4945 2561 5000 debitum
2595 4943 2993 5015 dependendo.
3561 4943 3564 4944 ⁷
3707 4943 3815 4997 554

2244 5020 2373 5073 CAP.
2422 5016 2617 5072 XLIII.
2668 5046 2739 5058 -
2770 5018 2874 5083 Qui
2925 5026 3114 5071 tamen
3146 5031 3274 5071 vere
3300 5017 3367 5071 de
3398 5016 3513 5071 illis
3544 5015 3817 5086 conqueri

2174 5096 2425 5160 possunt,
2456 5106 2576 5144 esse
2610 5090 2861 5153 lenones,
2888 5090 3266 5160 perductores,
3292 5090 3546 5156 sicarios,
3572 5103 3816 5142 venena-

2176 5159 2307 5225 rios,
2330 5177 2539 5229 magos,
2559 5161 2907 5229 similesque,
2934 5159 3134 5229 quibus
3158 5160 3540 5215 infructuosos
3563 5174 3685 5215 esse
3708 5173 3820 5211 ma-

2177 5248 2321 5302 gnus
2363 5233 2432 5285 sit
2478 5233 2717 5287 fructus.
2750 5232 2866 5302 Sed
2891 5234 2947 5285 et
2971 5231 3076 5285 hoc
3105 5232 3374 5285 damnum
3411 5230 3635 5286 meliori
3664 5229 3819 5282 lucro

2178 5301 2482 5373 permutari
2518 5320 2530 5357 :
2565 5319 2695 5358 cum
2727 5310 2780 5357 et
2822 5301 2890 5354 ab
2940 5302 3054 5355 illis
3098 5302 3378 5356 daemonia
3430 5302 3735 5373 excutiant,
3768 5304 3823 5351 et

2180 5370 2279 5443 pro
2313 5374 2424 5428 illis
2459 5375 2631 5429 Deum
2665 5380 3023 5437 venerentur,
3056 5374 3363 5444 nullisque,
3392 5380 3451 5427 ut
3476 5372 3632 5441 tales,
3657 5370 3823 5444 rebus

2181 5442 2344 5502 novis
2371 5446 2426 5499 in
2460 5446 2691 5501 exitium
2718 5443 3042 5512 reipublicae
3083 5442 3358 5498 studeant.
3720 5442 3824 5496 559

2253 5520 2380 5570 CAP.
2414 5515 2589 5572 XLIV.
2623 5549 2689 5556 -
2720 5516 3161 5585 RecOgitandum
3183 5515 3369 5581 itaque
3406 5512 3625 5578 merito,
3649 5528 3827 5585 quan-

2186 5598 2301 5659 tum
2334 5588 2656 5659 respublica
2682 5584 3301 5659 capiat’detrimentum
3323 5601 3389 5659 ex
3423 5593 3576 5639 caede
3607 5587 3691 5659 tot
3719 5584 3820 5637 ho-

2186 5655 2515 5726 ininum,'et
2543 5655 2938 5715 innocentium
2964 5665 3017 5712 et
3050 5658 3190 5711 bene
3232 5656 3557 5712 meritorum
3592 5672 3604 5710 :
3640 5655 3695 5709 id
3730 5671 3828 5724 pa-

2188 5739 2303 5789 tere
2331 5747 2494 5805 posse
2510 5746 2577 5789 ex
2591 5730 2941 5803 quotidianis
2961 5726 3344 5791 custodiarum
3360 5728 3499 5787 actis
3523 5734 3575 5786 et
3592 5726 3823 5806 elogiis;
