4148 6194
384 232 542 293 1459

379 363 671 422 neminem
700 361 820 418 illic
850 361 998 418 inter
1019 368 1098 417 tot
1130 368 1397 418 nocentes
1432 360 1753 418 maleﬁcum
1786 361 1957 416 simul
1980 367 2027 415 et

377 436 761 492 Christianum
790 434 1055 490 inveniri.
1927 434 2033 486 560

449 508 578 562 CAP.
612 507 762 561 XLV.
795 534 867 548 -
895 507 1143 569 Qiiorum
1176 506 1400 574 quidem
1424 505 1774 574 innocentia,
1817 521 1929 560 non
1964 520 2027 558 ex

332 602 335 603 ν
377 580 578 634 timore
609 578 879 643 hominis,
913 579 1009 632 sed
1039 594 1104 631 ex
1138 578 1448 632 reverentia
1472 576 1577 632 Dei
1606 577 1920 647 provenire,
1941 592 2036 630 cu-

371 667 463 721 jus
508 650 815 721 dictatione
863 648 1300 719 perfectissimae
1343 648 1498 718 leges
1530 648 1705 716 nacti,
1733 647 2034 702 didicerint

378 722 533 776 omni
568 720 737 788 malo,
764 721 847 775 vel
874 738 907 775 a
930 720 1111 790 prima
1137 721 1373 790 origine,
1395 735 1711 786 occurrere,
1731 728 1954 775 sanctos
1976 734 2035 773 se

380 801 432 849 et
468 792 768 848 inviolatos
794 792 910 848 Deo
937 794 1114 859 judici
1146 800 1515 847 reservantes.
1926 791 2035 844 563

451 868 578 919 CAP.
603 864 784 920 XLVI.
820 894 888 903 —
918 865 1176 919 Occurrit
1206 880 1370 933 porro
1398 864 1534 927 illis,
1567 863 1661 932 qui
1686 878 1802 917 non
1828 862 1899 933 de
1921 861 2034 917 Deo

380 935 733 1006 Christionos
767 950 982 1006 sapere,
1018 936 1109 990 sed
1148 932 1611 1005 uti'philosophiae
1642 950 1839 1003 genus,
1866 932 2034 988 [idem

380 1017 435 1063 et
465 1023 626 1077 spem
650 1005 881 1061 illorum
912 1007 1209 1071 aestiment,
1234 1007 1389 1075 paria
1412 1009 1469 1062 in
1498 1007 1745 1075 utrisque
1769 1006 2035 1060 virtutum

382 1095 587 1149 genera
620 1078 997 1148 ponderantes
1032 1096 1043 1132 :
1078 1078 1281 1148 quibus
1319 1079 1584 1141 ostendit,
1618 1086 1895 1148 quantum
1933 1093 2033 1149 no-

380 1148 512 1205 men
559 1150 702 1204 illud
737 1150 1206 1219 philosophorum
1238 1150 1386 1203 infra
1418 1150 1863 1204 Christianorum
1896 1148 2033 1203 sub-

381 1222 546 1291 sidat,
571 1221 710 1276 dum
737 1222 820 1275 illi
842 1222 1201 1276 inveniantur
1228 1222 1475 1276 veritatis
1497 1221 1681 1291 ignari
1704 1228 1756 1276 et
1776 1221 2035 1274 omnium

382 1294 659 1348 scelerum
694 1298 793 1361 rei,
826 1293 881 1347 hi
914 1292 1093 1347 Deum
1126 1292 1475 1361 intelligunt,
1500 1303 1553 1348 et
1582 1292 1650 1345 ab
1684 1294 1840 1347 omni
1872 1291 2034 1345 mali-

378 1366 478 1433 tia,
512 1364 599 1419 vel
633 1364 770 1433 ipsis
800 1364 1157 1434 stupentibus
1187 1364 1459 1431 inimicis,
1492 1379 1658 1435 quam
1705 1363 2035 1435 longissime

384 1437 497 1492 sint
530 1436 755 1491 remoti.
1512 1434 1522 1435 ⁷
1931 1434 2037 1488 565

454 1506 584 1561 CAP.
617 1506 823 1562 XLVII.
858 1536 925 1546 —
958 1510 1100 1573 Imo,
1131 1506 1177 1560 si
1205 1506 1334 1575 quid
1368 1521 1566 1561 sanum
1601 1505 1685 1560 vel
1718 1506 1935 1561 veritati
1957 1506 2035 1559 si-

383 1579 523 1633 mile
553 1578 613 1632 in
644 1578 868 1645 scriptis
897 1577 1362 1646 philosophorum
1396 1577 1736 1647 inveniatur,
1770 1578 1823 1631 id
1856 1584 2034 1632 totum

382 1651 454 1703 ab
484 1649 801 1717 antiquiore
832 1648 951 1717 lege
976 1650 1091 1714 Dei,
1126 1664 1293 1717 quam
1324 1649 1709 1717 incorruptam
1729 1647 2034 1704 Christiani

388 1720 655 1786 habeant,
689 1727 1026 1783 mutuatum,
1060 1722 1154 1775 sed
1178 1721 1256 1774 ita
1290 1730 1344 1774 ut
1370 1737 1466 1789 pro
1486 1724 1654 1790 captu
1676 1719 2038 1775 etvolnntale

384 1808 486 1846 sua
517 1792 755 1861 quilibet
784 1806 979 1846 eorum
1012 1794 1062 1845 id
1105 1794 1420 1860 corruperit
1450 1800 1503 1847 et
1536 1793 1857 1857 mutaverit,
1890 1793 2036 1861 quod

382 1860 571 1933 itaque
602 1860 819 1917 nullam
867 1863 1163 1932 puritatem
1213 1864 1371 1918 inter.
1392 1872 1654 1932 utrosque
1684 1860 1917 1932 inferat,
1939 1865 2036 1932 sed

386 1934 566 2003 magis
591 1935 868 1999 ostendat,
902 1935 1149 1989 diversas
1177 1935 1403 1989 illorum
1438 1940 1625 1990 sectas
1653 1935 1722 1990 ab
1748 1937 1913 1990 unica
1946 1949 2034 1989 ve-

394 2008 751 2075 ritate,quam
769 2006 837 2059 de
859 2006 1177 2076 antiquiore
1198 2007 1377 2061 forma
1401 2005 2034 2076 possidentChristiani,

396 2079 456 2132 in
490 2077 749 2131 inﬁnitos
778 2092 997 2132 errores
1030 2077 1357 2145 procidisse.
1931 2077 2032 2130 581

460 2151 584 2202 CAP.
618 2147 857 2202 XLVIII.
889 2150 1181 2204 -Mirum
1224 2164 1468 2219 quoque,
1504 2150 1649 2218 quod
1680 2147 2037 2219 philosophis

387 2219 1091 2275 incredibiliadocentibus
1112 2222 1361 2283 credant,
1384 2221 1563 2289 magis
1583 2219 1873 2276 credibilia
1886 2221 2035 2289 apud

387 2290 736 2345 Christianos
765 2293 1035 2346 damnent
1061 2308 1073 2357 ;
1103 2293 1248 2361 quod
1278 2292 1593 2347 luculenter
1615 2294 1917 2347 admodum
1947 2307 2038 2346 ex-

386 2361 640 2431 sequitur
670 2362 729 2416 in
764 2363 1173 2418 resurrectione
1205 2371 1251 2417 et
1286 2363 1693 2418 restauratione
1723 2364 1909 2418 carnis
1940 2378 2034 2417 seu

387 2434 639 2503 corporis
662 2434 921 2501 humani,
953 2434 1207 2504 Opposita
1235 2434 1412 2489 brutaa
1448 2434 1667 2490 Laberii
1686 2436 2040 2506 Pythagorae-

388 2520 496 2576 que
523 2506 845 2559 animarum
880 2506 1363 2575 metempsichosi.
1934 2506 2038 2558 588

460 2580 583 2630 CAP.
606 2576 791 2630 XLIX.
815 2607 881 2616 —
906 2578 1165 2646 Ineptum
1188 2579 1394 2646 itaque,
1422 2577 1638 2631 laudari
1661 2577 1808 2631 idem
1830 2577 1888 2631 in
1914 2577 2037 2645 phi-

391 2647 639 2716 Iosopais
686 2655 739 2701 et
784 2649 1145 2704 admirationi
1186 2665 1329 2715 esse,
1362 2650 1421 2703 in
1452 2649 1785 2703 Christianis
1813 2650 1957 2704 odiri
1989 2656 2043 2703 et

391 2719 653 2789 persequi
680 2734 955 2790 :quorum
987 2721 1201 2790 opinio,
1227 2720 1309 2775 vel
1338 2720 1385 2773 si
1418 2720 1559 2774 falsa
1581 2723 1670 2785 sit,
1697 2724 2041 2775 cumtamen

392 2790 460 2864 ad
476 2798 637 2864 recte
668 2789 964 2864 vivendum
998 2792 1195 2864 prosit,
1229 2790 1415 2846 irrisui
1446 2791 1630 2862 magis
1661 2807 1827 2861 quam
1860 2792 2043 2862 poenis

396 2861 737 2935 adjudicari
769 2861 1016 2931 debeat,‘
1048 2864 1254 2935 quibus
1297 2871 1483 2917 tamen
1531 2861 1769 2917 exsultat
1821 2861 2042 2932 vulgus,

397 2933 590 3001 inepte
610 2933 857 3001 quidem,
878 2950 1049 3004 quum
1067 2933 1242 3003 poenae
1274 2934 1390 2989 istze
1408 2936 1676 3003 gaudium
1707 2935 1820 2989 sint
1849 2935 2041 2989 Chris-

399 3005 821 3077 tianorum,qui
844 3006 1052 3076 injuste
1075 3007 1259 3062 vexari
1279 3014 1333 3062 et
1353 3007 1614 3061 damnari
1637 3006 1855 3074 malint,
1872 3022 2043 3077 quam

397 3092 431 3131 a
465 3076 574 3131 Deo
603 3075 881 3131 excidere.
909 3075 912 3076 ⁷
1890 3075 1905 3077 ⁷
1938 3076 2046 3132 595

471 3149 595 3201 CAP.
632 3148 686 3201 L.
713 3177 783 3188 ——
811 3150 875 3201 At
902 3163 1050 3212 vero,
1073 3148 1208 3202 dum
1233 3147 1582 3203 cruciatibus
1601 3164 1720 3203 sese
1744 3148 2043 3218 objiciunt,

398 3216 534 3272 dum
565 3219 813 3274 animam
848 3220 1104 3274 lubentes
1142 3219 1465 3289 projiciunt,
1500 3221 1551 3273 id
1587 3236 1701 3275 non
1738 3216 1920 3276 facere
1949 3237 2046 3275 eos

399 3304 556 3345 more
576 3291 897 3359 gentilium,
931 3290 1137 3360 quibus
1168 3291 1485 3361 desperatio
1513 3292 1772 3361 etgloriaa
1797 3293 2045 3361 pruritus

395 3376 524 3415 eam
556 3363 960 3417 contemnendi
991 3362 1201 3417 doloris
1231 3372 1286 3418 et
1312 3363 1509 3417 mortis
1533 3364 1677 3417 viam
1702 3364 1920 3432 sternit,
1945 3365 2043 3418 sed

397 3447 552 3487 more
582 3433 876 3489 fortissimi
902 3432 1120 3503 militis,
1152 3435 1251 3504 qui
1293 3432 1507 3489 bellum
1540 3436 1730 3501 sumit,
1762 3434 1897 3490 licet
1926 3451 2043 3490 non

389 3507 566 3569 amet,
599 3512 650 3559 et
683 3505 752 3559 de
776 3505 1009 3560 victoria
1038 3507 1260 3575 gaudet,
1294 3505 1349 3559 in
1374 3505 1536 3574 cujus
1558 3512 1747 3560 tamen
1774 3522 2043 3561 consecu-

387 3575 544 3629 tione
577 3576 892 3644 trepidavit.
931 3577 1237 3631 Fatendum
1290 3577 1475 3646 itaque
1518 3593 1639 3632 eam
1692 3592 1879 3631 veram
1920 3593 2043 3632 esse

386 3648 791 3717 constantiam,
829 3664 949 3717 qua:
982 3648 1142 3702 factis
1162 3664 1304 3712 sese,
1329 3664 1442 3702 non
1465 3649 1650 3703 verbis
1674 3650 1866 3716 prodat
1890 3649 2040 3716 apud

385 3716 568 3771 Deum
601 3716 858 3785 gratiam,
892 3735 1010 3773 non
1057 3720 1207 3785 apud
1258 3720 1517 3773 homines
1549 3719 1771 3774 laudem
1806 3728 2038 3789 quaerat,

388 3793 446 3842 et
475 3789 953 3859 contemplatione
982 3792 1353 3861 exemploque
1384 3790 1780 3861 obstinationis
1810 3808 1923 3845 suae
1951 3792 2040 3846 in-

389 3873 677 3914 concussas
712 3861 899 3929 plures
929 3860 1181 3930 quotidie
1210 3862 1306 3931 qui
1329 3860 1934 3931 amplectanturipsam
1962 3864 2042 3933 gi-

389 3937 547 4003 gnat,
580 3947 745 4000 quam
784 3947 1030 4002 unquam
1081 3949 1142 3989 ex
1196 3933 1465 3988 omnibus
1495 3934 1755 3989 omnium
1788 3934 2038 4003 philoso-

389 4001 630 4128 phorum:
661 4001 892 4075 scholis,
921 4004 1071 4074 capti
1103 4004 1393 4060 verborum
1424 4003 1749 4073 lenociniis,
1778 4001 2042 4132 ἃὶςοὶιέιόξ

390 4088 603 4129 cxrerin
638 4117 650 4127 .

390 4088 650 4129 CXIBI‘IDI.

457 4188 696 4243 Joanms
734 4189 1046 4246 LAURENTII
1085 4194 1401 4246 Mosnamn
1443 4192 1511 4246 de
1560 4198 1717 4247 aetate
1749 4198 2040 4247 Apoaoca-

383 4275 495 4333 Ῑιβι
536 4260 951 4333 TERVULLIANI,
1021 4262 1296 4332 initioque
1354 4264 1761 4333 persecutionis
1827 4263 2038 4329 Severi,

384 4329 738 4400 Disquisitio.
1207 4329 1218 4332 ⁷
1354 4329 1367 4333 ⁷
1936 4335 2043 4388 605

460 4438 524 4500 Q.
555 4436 748 4493 SEPT.
783 4438 984 4495 FLOR.
1035 4439 1510 4499 TERTULLIANI
1550 4442 1640 4496 AD
1680 4441 2041 4498 NATIONES

389 4508 573 4564 LIBRI
604 4508 767 4565 DUO.
1937 4513 2044 4567 629

464 4616 645 4671 LIBER
683 4632 922 4673 PRIMUS.
1937 4619 2044 4673 629

1937 4728 2045 4782 657

468 4826 559 4881 DE
616 4829 1048 4887 TESTIMONIO
1111 4831 1366 4888 ANIM/E
1422 4833 1623 4888 LIBER
1696 4834 2046 4889 ADVERSUS

466 4720 642 4778 LIBER
682 4738 991 4779 SECUNDUS.

398 4898 685 4955 GENTES.
1939 4905 2041 4959 681

465 5004 556 5060 AD
594 5007 962 5063 MARTYRES
994 5008 1204 5064 LIBER
1235 5008 1438 5067 UNUS.
1940 5010 2043 5066 691

469 5113 558 5167 DE
594 5112 1057 5170 SPEC’I‘ACULIS
1090 5115 1319 5171 LIBER.
1941 5117 2044 5172 701

466 5218 558 5275 DE
589 5218 1068 5275 IDOLOLATRIA
1101 5221 1323 5278 LIBER.
1942 5224 2049 5279 737

465 5326 555 5381 AD
599 5326 849 5382 LIBROS
882 5327 1406 5385 APOLOGETICOS
1448 5329 1808 5385 APPENDIX
1942 5330 2051 5384 773

469 5432 736 5489 Montium
767 5434 1062 5489 editorum.
1944 5436 2051 5491 773

477 5538 649 5594 LIBER
678 5558 750 5595 AD
792 5557 1101 5596 scaevum.
1944 5543 2052 5599 773

478 5645 942 5702 DISSERTATIO
990 5665 1049 5702 IN
1108 5649 1168 5711 Ο.
1232 5649 1389 5705 SEPT.
1432 5649 1601 5704 FLon.
1662 5652 2051 5706 TERTULLIANI

412 5717 874 5791 Aponoottrrrcuu,
906 5720 1049 5791 duos
1074 5722 1140 5773 ad
1174 5720 1443 5791 Nationes
1470 5721 1663 5791 libros,
1702 5730 1755 5776 et
1785 5736 1962 5777 unum
1981 5723 2054 5777 ad

412 5787 733 5858 Scapulam,
764 5794 989 5849 auctore
1016 5789 1238 5851 Domno
1268 5794 1392 5851 Nic.
1428 5790 1498 5849 Ls
1527 5787 1782 5863 Nocens,
1812 5792 2056 5865 presby-

1824 228 2035 289 ORDO
2082 226 2363 291 RERUM

3641 240 3796 299 1460

2144 369 2263 441 tero
2294 368 2345 416 et
2380 362 2903 441 monacboordinis
2947 365 3138 423 Sancti
3170 367 3467 425 Benedicti
3497 384 3530 425 e
3559 383 3794 441 congre-

2142 434 2367 502 gatione
2398 433 2588 490 Sancti
2624 436 2821 490 Mauri.
3671 433 3794 497 ⁷783

2216 551 2339 604 CAP.
2377 550 2418 603 Ι.
2442 581 2519 627 _—
2548 551 3189 627 Anatysisrlpotogctici,
3221 564 3272 610 et
3302 558 3425 627 quis
3452 558 3526 610 sit
3578 558 3795 615 Tertul-

2145 621 2330 674 lianus
2359 621 2515 691 cujus
2544 621 2772 677 nomine
2805 621 3142 681 inscribitur.
3310 621 3322 627 ⁷
3692 630 3799 683 783

3687 742 3797 797 783

2217 814 2344 865 Aur.
2385 809 2452 863 II.
2481 840 2548 850 -—
2578 811 2907 866 Ostenditur
2934 809 3344 868 Tertullianum
3377 829 3499 868 esse
3532 813 3700 883 hujus
3732 816 3798 868 li-

2147 882 2229 937 bri
2260 890 2570 949 auctorem,
2603 898 2668 938 ac
2700 884 2824 953 quis
2857 883 2951 938 ille
2973 886 3302 953 t'uerit,quee
3333 885 3457 952 ejus
3476 889 3678 954 patria,
3705 888 3795 954 qui

2145 963 2429 1080 'parefntqs,
2464 970 2704 1024 quorum
2736 955 2891 1009 falsis
2924 954 3296 1027 religionibus
3322 958 3570 1026 primum
3602 957 3801 1083 ἰσιιέἓέ

2172 1042 2233 1081 us
2298 1040 2395 1079 ut.

2145 1036 2233 1081 tus
2272 1025 2395 1079 fuit.
3041 1025 3050 1027 ⁷
3324 1025 3332 1026 ⁷
3693 1028 3764 1081 80

2215 1099 2351 1150 Aur.
2385 1100 2483 1148 III.
2517 1127 2587 1136 —
2645 1096 2860 1162 Quibus
2917 1097 3229 1153 rationibus
3285 1096 3671 1153 Tertullianus
3728 1101 3795 1154 ad

2147 1168 2522 1222 Christianam
2583 1168 2912 1237 religionem
2962 1170 3262 1239 adductus,
3298 1178 3353 1225 et
3400 1171 3625 1239 quando
3672 1186 3795 1225 eam

2145 1240 2429 1310 professus
2466 1245 2568 1293 est.
3693 1243 3798 1295 806

2218 1318 2360 1365 Am.
2396 1310 2484 1366 IV.
2528 1340 2594 1350 —
2648 1311 2721 1365 De
2766 1311 3103 1366 Tertulliani
3150 1310 3437 1381 conjugio,
3471 1320 3520 1367 et
3571 1328 3797 1369 summo

2146 1382 2516 1455 continentiae
2536 1396 2726 1436 amore
2761 1399 2773 1449 ;
2804 1384 2873 1437 de
2904 1384 3024 1451 ejus
3055 1384 3404 1451 sacerdotio;
3429 1392 3613 1438 utrum
3645 1400 3799 1455 pres-

2148 1452 2306 1522 byter
2336 1455 2532 1519 factus,
2568 1454 2893 1508 maritorum
2921 1470 3078 1509 more
3094 1469 3225 1508 cum
3260 1469 3430 1509 uxore
3452 1452 3667 1524 vixerit,
3689 1471 3799 1511 nec

2146 1527 2325 1580 sacris
2355 1524 2651 1580 ordinibus
2683 1525 2934 1580 initiatos
2964 1526 3288 1581 distinxerit
3316 1544 3349 1580 a
3378 1525 3539 1581 Iaicis
3571 1543 3584 1580 :
3618 1530 3794 1595 quod-

2147 1612 2279 1652 nam
2310 1598 2478 1651 fuerit
2502 1596 2658 1650 illius
2689 1598 2908 1651 vivendi
2941 1613 3139 1666 genus,
3173 1613 3341 1667 quam
3380 1598 3599 1667 asperis
3622 1599 3793 1653 mori-

2148 1669 2289 1723 bus:
2326 1668 2609 1738 quomodo
2640 1675 2695 1723 et
2733 1670 2963 1739 quando
3006 1670 3063 1723 in
3111 1668 3585 1725 Montanisiarum
3621 1670 3794 1724 haere-

2148 1741 2257 1794 sim
2302 1741 2615 1810 prolapsus,
2667 1754 2733 1795 ac
2767 1756 2877 1809 quo
2916 1741 3093 1796 aetatis
3133 1756 3245 1795 suae
3294 1748 3348 1795 et
3395 1740 3599 1795 Christi
3645 1754 3794 1794 anno

2147 1811 2459 1880 longiorem
2493 1811 2661 1864 vitam
2692 1810 2921 1865 ﬁnierit.
3691 1810 3794 1865 809

2218 1885 2352 1937 ΛΒΤ.
2385 1883 2446 1938 V.
2478 1912 2549 1922 —
2602 1883 2676 1935 De
2720 1882 3055 1937 Tertulliani
3101 1882 3334 1952 ingenio
3387 1888 3441 1937 et
3491 1880 3793 1952 multiplici

2146 1955 2462 2009 eruditione
2498 1971 2510 2007 :
2564 1961 2749 2007 utrum
2770 1954 3216 2023 jurisconsultus
3247 1953 3438 2021 fuerit,
3467 1963 3521 2008 et
3553 1955 3701 2009 idem
3732 1969 3793 2007 ac

2145 2026 2672 2094 ’1‘erty!tianus;de
2722 2019 2845 2093 ejus
2893 2025 3037 2094 stylo
3086 2019 3154 2081 ac
3209 2019 3499 2081 scribendi
3530 2026 3717 2088 modo.
3746 2034 3796 2078 et

2146 2097 2397 2153 nominis
2421 2096 2765 2152 celebritate.
3690 2096 3796 2150 813

2216 739 2344 793 Aur.
2382 739 2428 812 I._
2455 768 2526 778 ——
2558 739 2820 812 Analysis
2846 741 3221 812 Apologetici.

2217 2214 2341 2267 CAP.
2377 2212 2444 2267 II.
2476 2244 2543 2251 —-
2576 2212 2648 2267 De
2697 2211 2829 2266 libri
2880 2212 3211 2282 Apotogetici
3256 2215 3441 2275 aetate,
3484 2211 3676 2283 quibus
3704 2209 3795 2263 di-

2146 2289 2329 2339 rectus
2384 2292 2839 2354 nuncupatusque
2892 2285 3225 2354 sit,rutrum
3281 2285 3523 2339 auctoris
3578 2283 3796 2337 nomine

2144 2358 2389 2427 primum
2417 2353 2893 2425 inscriptus,’quis
2942 2353 3103 2427 illius
3154 2356 3373 2422 titulus,
3403 2354 3609 2427 quodve
3638 2369 3801 2421 arau-

2146 2426 2418 2494 mentum,
2450 2444 2482 2480 a
2511 2427 2708 2498 quibus
2734 2428 2793 2480 in
2823 2428 3006 2496 capita
3035 2426 3268 2491 divisus,
3298 2434 3349 2481 et
3376 2426 3611 2496 prwﬂm
3641 2427 3801 2494 capi-

2148 2504 2267 2553 tum
2315 2499 2646 2567 summaria,
2698 2513 2801 2569 quo
2851 2499 3121 2569 applausu
3168 2503 3472 2568 susceptus,
3504 2514 3539 2551 a
3587 2512 3692 2568 quo
3746 2498 3801 2549 in

2147 2575 2394 2627 Graecam
2425 2571 2678 2639 linguam
2705 2586 2997 2625 conversus
3025 2586 3090 2625 ac
3117 2585 3220 2641 quo
3258 2570 3401 2641 styto
3442 2571 3801 2692 conscripng

2224 2764 2361 2812 An'r.
2397 2757 2439 2812 Ι.
2464 2789 2531 2797 --
2552 2757 2672 2820 Quo
2697 2765 2947 2827 tempore
2971 2755 3351 2812 Tertullianus
3374 2755 3801 2827 Apologeticum

2152 2830 2438 2899 publicam
2471 2830 2529 2883 in
2563 2830 2749 2884 lucem
2783 2826 3048 2883 emiserit.
3233 2898 3239 2899 ί
3620 2897 3628 2899 _
3659 2826 3799 2899 M815

2226 2906 2360 2955 Aar.
2398 2901 2467 2955 Il.
2502 2931 2570 2942 -
2610 2902 2956 2964 Quibusnam
3008 2898 3355 2954 antistitibus
3384 2905 3435 2954 et
3468 2895 3805 2967 praesidibus

2152 2973 2308 3100 rique
2337 2972 2723 3027 Tertullianus
2752 2971 3177 3043 Apologeticum
3202 2971 3407 3026 librum
3435 2982 3807 3092 nuncupazigrgegJ

2224 3118 2360 3169 As'r.
2393 3113 2491 3169 Ill.
2524 3144 2595 3155 —
2625 3113 2821 3168 Utrum
2852 3111 3234 3168 Tertullianus
3276 3111 3406 3168 huic
3440 3110 3805 3179 Apologetico

2153 3201 2365 3241 nomen
2406 3186 2756 3255 inscripserit
2802 3201 2968 3239 suum
3016 3202 3027 3239 :
3085 3185 3154 3239 de
3211 3182 3366 3238 illius
3414 3183 3605 3250 titulo,
3635 3197 3804 3255 argu-

2154 3266 2368 3325 mento,
2408 3259 2467 3312 in
2520 3253 2704 3327 capita
2734 3257 3034 3326 divisione,
3066 3255 3427 3325 capitumque
3455 3253 3798 3376 summagiési.

2224 3402 2353 3454 An'r.
2388 3399 2467 3455 IV.
2525 3430 2594 3440 —
2621 3402 2842 3463 Quanto
2872 3397 3142 3465 applausu
3178 3396 3276 3451 hic
3310 3395 3452 3450 liber
3488 3403 3793 3463 susceptus.

2150 3488 2182 3525 a
2239 3488 2352 3541 quo
2412 3470 2664 3527 Graecam
2724 3470 2782 3524 in
2836 3466 3787 3541 linguamiconversus,quostylo

2151 3536 2527 3610 conscriptus,
2561 3550 2615 3597 et
2662 3548 2847 3594 utrum
2896 3536 3281 3595 Tertullianus
3312 3546 3568 3610 suscepto
3596 3536 3795 3610 delen-

2150 3614 2292 3669 soris
2321 3607 2652 3669 Christianae
2706 3612 2997 3681 religionis
3045 3626 3280 3666 munere
3336 3610 3439 3666 rite
3471 3607 3804 3733 functussszié

2219 3802 2346 3856 Cu».
2381 3801 2474 3857 III.
2508 3832 2579 3841 —
2608 3801 2680 3855 De
2712 3800 2875 3871 hujus
2897 3799 3032 3854 tibri
3053 3798 3389 3870 Apotogetici
3407 3795 3807 3871 manum-{ptis

2146 3874 2437 3937 codicibus,
2470 3867 2822 3936 editionibus,
2855 3876 2905 3926 et
2935 3867 3308 3926 variorum—in
3339 3886 3465 3925 eum
3490 3867 3804 3941 paraphra-f

2145 3948 2316 4012 sibus,
2348 3944 2567 3999 schotit’:
2589 3952 2639 3999 et
2666 3943 3160 3999 obserrationibns.
3490 3938 3504 3941 ⁷
3633 3938 3645 3940 ⁷
3700 3938 3806 3991 828

2221 4062 2357 4116 Αίιτ.
2390 4060 2431 4114 Ι.
2464 4088 2532 4100 -ο
2555 4060 2635 4115 De
2659 4058 2832 4115 variis
2864 4059 3032 4130 hujus
3062 4057 3193 4113 libri
3229 4054 3630 4125 manuscriptis
3649 4051 3815 4130 co‘d‘i:

2151 4133 2332 4189 cibus.
2939 4122 2957 4130 ⁷
3518 4122 3534 4125 ⁷
3697 4122 3807 4176 828

2224 4207 2353 4259 Aar.
2388 4204 2457 4257 II.
2487 4232 2558 4242 -—
2576 4200 2655 4257 De
2672 4202 2845 4259 variis
2877 4201 3045 4269 hujus
3068 4196 3808 4269 Apologetici,aliorumque

2150 4274 2484 4331 Tertulliani
2518 4272 2789 4328 librorum
2820 4264 3187 4328 editionibus.
3245 4264 3270 4269 ⁷
3420 4264 3427 4265 ⁷
3696 4264 3809 4317 832

2223 4352 2359 4401 ART.
2396 4346 2593 4418 Ill._7—
2628 4346 2703 4400 De
2744 4345 3022 4418 variorum
3063 4344 3123 4398 in
3155 4338 3497 4418 Tertulliani
3527 4334 3809 4418 Apologe-

2153 4418 2327 4546 gggm
2360 4415 2617 4485 scholiis,
2643 4414 3106 4486 paraphrasihus,
3130 4413 3282 4469 notis
3304 4418 3358 4468 et
3398 4408 3812 4533 observatiogtgé

2155 4679 2185 4734 ὁ
2223 4610 2351 4690 ῼΑρ.
2383 4605 2472 4662 IV.
2498 4634 2569 4646 —-
2592 4604 2666 4660 De
2706 4602 2916 4660 duobus
2952 4600 3281 4658 Tertulliani
3327 4597 3396 4654 ad
3441 4594 3808 4719 Ναιίοηεεϐςὲ

2189 4694 2284 4733 ηδ.

2189 4694 2284 4733 ηδ.

2224 4799 2372 4851 Am.
2414 4793 2458 4847 I.
2491 4821 2558 4832 —
2597 4789 2862 4858 Analysis
2894 4788 3024 4844 libri
3057 4785 3226 4858 primi
3258 4784 3327 4858 ad
3356 4783 3642 4841 Nationes.

2223 4847 2371 4921 An'r.
2408 4865 2475 4918 ll.
2511 4893 2579 4903 —-
2607 4847 2871 4929 Anal'ysis
2914 4847 3342 4915 libri-secundi.
3415 4926 3426 4932 _
3671 4847 3798 4932 "8H

2228 4943 2369 4991 ΛΒΤ.
2401 4935 2498 4990 ΙΙΙ.
2532 4964 2601 4975 -
2629 4922 2807 4990 Variis
2838 4933 3120 4987 rationum
3151 4926 3460 4985 momentis
3486 4922 3810 4980 ostenditur

2155 5006 2566 5064 Tertullianum
2600 5004 2799 5059 horum
2834 5003 3106 5058 librorum
3139 5016 3259 5056 esse
3282 5000 3600 5066 auctorem,
3630 5002 3685 5051 et
3714 5008 3815 5066 no:

2160 5098 2225 5135 va
2250 5075 2893 5151 Hoornbeckipegantis
2923 5074 3118 5151 Opinio
3149 5070 3465 5151 refellitur;
3585 5064 3591 5066 ⁷
3634 5137 3644 5149 ι

2230 5155 2365 5206 Αιιτ.
2400 5150 2487 5205 1v.
2520 5178 2589 5188 ——
2610 5135 2740 5209 Qué'
2765 5135 3017 5217 tempore
3055 5142 3280 5200 bilibri
3310 5139 3597 5212 publicam
3632 5137 3692 5192 in
3711 5135 3813 5217 lg:

2159 5238 2279 5281 cem
2316 5206 2662 5291 prodierunt.
2959 5286 2972 5291 _
3154 5286 3168 5291 _
3222 5288 3267 5291 η
3638 5277 3651 5289 ο
3709 5206 3815 5291 850

2230 5277 2370 5348 Anax
2403 5295 2474 5345 V.
2508 5320 2574 5330 —
2606 5289 2803 5346 Utrum
2834 5286 2892 5341 bi
2942 5286 3054 5341 duo
3102 5286 3173 5340 ad
3221 5282 3494 5338 Nationes
3521 5277 3653 5333 libri
3683 5285 3816 5332 ante

2162 5367 2245 5421 vel
2264 5372 2387 5434 post
2403 5360 2745 5434 Tertulliani
2763 5357 3200 5434 _Apo|oge_t_i_cum
3221 5353 3417 5424 scripti
3435 5352 3662 5434 fuerint.
3706 5350 3812 5434 85i

2232 5422 2372 5491 Am.
2405 5434 2498 5489 VI.
2530 5463 2589 5474 —-
2630 5432 2711 5486 De
2761 5422 2980 5486 horum'
3013 5428 3296 5501 librorum
3338 5422 3698 5501 argumento,
3752 5422 3817 5501 et

2165 5516 2349 5563 utrum
2383 5505 2522 5561 illud
2554 5501 2777 5572 plenius
2841 5500 3252 5571 perfectiusque
3282 5498 3341 5553 in
3372 5497 3477 5565 eis,
3526 5497 3809 5572 quammin

2159 5562 2522 5649 Apologetico
2550 5562 2936 5649 pertractatiur.
3160 5562 3176 5570 ⁷
3209 5641 3223 5649 _
3280 5637 3327 5649 η
3370 5636 3403 5649 __
3460 5562 3470 5565 ⁷

2231 5632 2372 5705 Anni:
2410 5632 2635 5700 VIIf—
2690 5644 2769 5699 De
2824 5642 3100 5699 librorum
3156 5641 3227 5696 ad
3280 5636 3552 5695 Nationes
3600 5632 3802 5705 titulo;

2159 5702 2695 5778 cur—aiTertulliano
2736 5713 2951 5785 scripti,
2982 5731 3029 5787 a_
3062 5714 3282 5787 quibus
3312 5702 3750 5787 directinl‘uerint
3788 5721 3804 5771 ;

2160 5773 2429 5853 datu—nico
2472 5787 2701 5849 illorum
2744 5773 3131 5857 manuscripio
3160 5780 3376 5853 codice,
3407 5775 3577 5835 variis
3602 5773 3799 5833 editio-
