4148 6194
366 216 520 276 1467

366 356 583 404 cretum
616 347 685 403 de
714 347 877 402 novis
909 348 1020 403 diis
1050 347 1172 404 sine
1224 347 1717 405 senatusconsulto
1762 362 1880 402 non
1923 346 2016 400 in-

367 417 751 489 troducendis,
785 426 837 472 et
871 420 1080 474 Metelli
1112 429 1301 475 votum
1346 424 1413 476 de
1445 422 1655 492 templo
1688 420 1745 475 in
1780 417 2019 472 Alburni

358 492 449 546 dei
481 494 754 546 honorem
784 494 1191 558 construendo,
1225 495 1369 563 quod
1404 496 1632 547 irritum
1665 494 1873 546 factum
1912 497 2013 563 est;

364 578 429 618 ac
459 565 741 633 quomodo
772 565 1063 618 decretum
1099 561 1538 620 illudviolatum
1572 568 1641 618 sit
1670 564 1738 617 ab
1770 561 2016 617 ethnicis

358 635 455 704 qui
490 636 755 689 Liberum
789 635 1354 706 patrem,Serapidem
1381 646 1427 691 et
1463 638 1860 705 Harpocratem
1883 649 2012 688 cum

360 722 460 760 suo
514 706 933 775 Cynocephalo,
994 710 1487 766 senatusconsulto
1543 709 1779 777 rejectos
1824 708 2012 777 impua

354 778 688 833 dentissime
727 778 1124 833 restituerunt.
1603 775 1613 777 7
1878 775 2013 831 1097

422 886 553 939 CAP.
586 883 729 938 XIX.
764 916 831 924 —
865 886 940 939 De
974 884 1187 956 legibus
1223 887 1282 940 in
1334 886 1683 941 Christianos
1743 885 1904 952 datis,
1963 890 2013 956 et

353 957 762 1027 imperatorum
798 958 857 1011 in
888 973 975 1011 eos
1004 955 1129 1013 odio
1162 959 1242 1013 vel
1272 961 1477 1027 favore.
1874 955 2011 1009 1100

425 1070 558 1119 Aur.
594 1063 637 1116 Ι.
673 1094 738 1103 -
766 1066 1057 1129 Quomodo
1090 1065 1477 1120 Tertullianus
1506 1066 1767 1120 ostendat
1801 1062 2011 1133 primas

354 1136 415 1189 in
446 1135 794 1190 Christianos
828 1136 980 1204 leges
1014 1146 1154 1192 tatas
1187 1154 1309 1193 esse
1348 1156 1377 1191 a
1413 1138 1630 1192 Nerone
1662 1135 2010 1203 nequissimo

351 1207 708 1279 imperatore,
738 1223 803 1261 ac
829 1208 1036 1262 deinde
1067 1227 1099 1263 a
1135 1209 1478 1279 Domitiano,
1512 1208 1849 1263 Neronianm
1881 1221 2010 1260 cru-

350 1278 599 1350 delitatis
635 1283 931 1347 portione;
968 1282 1063 1350 qui
1100 1289 1287 1336 tamen
1339 1297 1433 1336 eos
1464 1281 1730 1347 restituit,
1764 1295 1903 1349 quos
1930 1294 2011 1350 re-

351 1348 661 1418 legaverat.
988 1348 997 1350 7
1784 1348 1793 1349 7
1874 1348 2011 1402 1100

426 1424 559 1475 Aur.
595 1421 665 1474 II.
702 1452 767 1459 —
827 1420 1174 1490 Expenditur
1230 1429 1420 1477 utrum
1464 1423 1688 1477 Marcus
1747 1421 2011 1475 Aurellus

349 1492 689 1546 Christiana:
737 1492 996 1561 religioni
1050 1498 1350 1563 prepterea
1400 1496 1616 1562 faverit,
1651 1494 1798 1562 quod
1820 1494 2007 1546 Chris-

355 1563 492 1616 tiani
524 1563 732 1617 milites
762 1564 1029 1619 exercitui
1057 1566 1300 1634 ejus,siti
1334 1570 1589 1629 enecato,
1621 1565 1861 1619 imbrem
1894 1579 2010 1617 non

356 1634 481 1688 sine
510 1650 716 1701 magno
748 1636 1029 1689 miraculo
1059 1654 1091 1689 a
1121 1636 1234 1691 Deo
1286 1637 1725 1706 impetraverini,
1777 1653 1841 1690 ac
1872 1651 2008 1704 quo-

351 1706 519 1760 modo
550 1706 751 1759 iisdem
796 1708 1131 1761 Christianis
1183 1724 1376 1777 prenas
1423 1709 1717 1778 impositas
1766 1724 1881 1762 non
1924 1706 2009 1760 di-

354 1777 620 1833 moverit.
657 1778 751 1831 sed
786 1779 972 1847 palam
1002 1780 1351 1848 disperserit.
1512 1777 1521 1778 7
1874 1779 2010 1830 1102

423 1850 557 1901 An'r.
598 1848 693 1901 111.
736 1879 803 1888 —
854 1850 1223 1904 Examinatur
1272 1866 1387 1920 quo
1429 1852 1559 1919 jure
1615 1848 2002 1905 Tertnllianus

352 1928 560 1991 asserat
594 1920 878 1990 mitigatas
906 1922 974 1975 ab
1006 1922 1342 1991 imperatore
1384 1923 1631 1991 Trajano
1682 1922 1917 1989 scriptas
1950 1921 2009 1974 in

350 1990 680 2045 Chrislauos
709 1990 1103 2061 leges,nullas7
1129 2010 1255 2048 vero
1288 1996 1349 2047 in
1382 1990 1511 2048 illos
1544 1994 1683 2047 latas
1713 1992 1781 2046 ab
1812 1992 2009 2046 Adria-

349 2078 425 2116 no
457 2063 858 2117 curiositatum
886 2066 1141 2119 omnium
1178 2066 1553 2134 exploratore,
1605 2080 1789 2133 neque
1820 2081 1851 2118 a
1886 2064 2010 2119 Ves-

344 2134 587 2207 pasiano
635 2135 981 2207 debellatqre
1028 2137 1360 2192 Judaeornm
1394 2153 1575 2207 neque
1603 2155 1635 2190 a
1665 2136 1792 2205 Pio,
1826 2150 2010 2202 neque

343 2222 376 2258 a
407 2205 574 2272 Vero,
611 2221 711 2260 seu
743 2206 948 2261 Severo
980 2209 1440 2277 imperatoribus.
1486 2205 1499 2207 7
1874 2208 2011 2260 1100

419 2311 552 2365 CAP.
588 2315 704 2365 XX.
738 2343 804 2385 -έ
837 2314 909 2367 De
947 2312 1095 2370 lazsaz
1123 2315 1335 2371 divina:
1387 2316 1699 2385 majestatis
1747 2313 2009 2367 crimini-

351 2386 469 2457 bus,
499 2400 735 2457 quorum
764 2384 1078 2457 Christiani
1110 2390 1231 2440 tam
1266 2388 1409 2457 falso
1466 2404 1631 2457 quam
1660 2385 2013 2457 impudenter

348 2456 411 2508 ob
440 2456 676 2510 ethnicis
708 2456 941 2510 illorum
969 2459 1084 2512 reis
1115 2456 1547 2513 accuSabanlur.
1881 2456 2013 2509 1110

424 2566 562 2616 Aur.
602 2566 643 2616 I.
676 2591 744 2603 --
777 2564 955 2627 Quam
988 2564 1195 2620 invicte
1225 2564 1610 2620 Tertnllianus
1660 2562 2015 2620 demonstret

353 2632 709 2689 Christianos
741 2635 1025 2691 immerito
1076 2638 1335 2692 accusari
1381 2637 1721 2704 infanticidi,
1774 2636 1888 2689 sive
1921 2635 2007 2687 in-

352 2704 527 2758 fantis
583 2705 643 2759 in
692 2708 864 2761 sacris
922 2723 1120 2762 eorum
1165 2709 1474 2777 synaxibus
1522 2708 1719 2771 occisi,
1769 2722 2010 2762 comesa:

355 2785 550 2844 postca
580 2778 700 2845 ejus
731 2780 917 2832 carnis
950 2781 1234 2849 potatique
1265 2783 1662 2849 sanguinis,ac
1693 2778 2009 2847 turpissimi

365 2849 931 2919 incestus,vanasque
961 2852 1317 2906 ethnicorum
1351 2852 1735 2906 cavillationes
1758 2850 2010 2904 funditus

368 2922 591 3045 (evlelil'tit,
629 2921 721 2975 udi
752 2922 821 2975 de
861 2922 1246 2993 Cynapennis,
1277 2923 1651 2993 Sciapodibus
1700 2928 1754 2978 et
1780 2922 2012 3046 Aniiip‘q;

409 3007 425 3045 ι
509 3008 554 3045 s.

409 3006 554 3045 IDUS.

429 3066 571 3117 Aur.
610 3062 681 3117 II.
717 3093 783 3103 -—
827 3067 1006 3126 Quam
1057 3065 1264 3120 invicte
1310 3065 1695 3120 Tertnllianus
1752 3066 2012 3119 ostendat

366 3135 605 3201 gentiles
639 3134 950 3205 homicidii,
1001 3137 1162 3205 cujus
1210 3136 1556 3191 Christianos
1606 3137 1743 3191 falso
1785 3151 2010 3191 accusa-

366 3205 521 3269 bant,
553 3222 674 3259 esse
706 3223 848 3273 reos,
882 3216 1076 3278 utpote
1106 3208 1198 3276 qui
1228 3210 1284 3263 iu
1313 3209 1497 3263 Africa
1543 3209 1786 3262 infantes
1826 3212 2013 3261 Satur-

365 3292 461 3330 no.
513 3292 683 3346 usque
724 3278 793 3331 ad
841 3280 1291 3345 proconsulatum
1344 3280 1576 3347 Tiberii,
1610 3279 2008 3340 immolabant,

366 3348 631 3417 huncque
662 3364 877 3404 morem
911 3358 1125 3405 secreto
1176 3367 1603 3417 perseverasse;
1646 3351 1867 3405 tametsi
1918 3352 2007 3403 Sa.

362 3419 515 3492 turni
548 3422 868 3476 sacerdotes
898 3422 958 3475 in
991 3422 1286 3477 arboribus
1315 3422 1510 3492 templi
1540 3424 1660 3492 ejus
1704 3420 2007 3477 obumbra-

348 3490 607 3565 tricibus,
658 3496 786 3565 leste
814 3494 1017 3548 militia
1042 3498 1246 3564 patriae
1274 3490 1782 3565 nostrisqsuspcnsi,
1814 3509 2009 3564 pmnas

357 3570 538 3617 morte
569 3564 852 3618 dederint.
1600 3564 1614 3565 7
1868 3565 2006 3617 1115

424 3634 555 3687 Aa'r.
596 3634 689 3687 111.
722 3666 791 3675 ——
847 3635 1183 3689 Ostenditur
1246 3636 1540 3690 homicidii
1595 3651 1821 3706 quoque
1883 3651 2007 3689 reos

356 3705 535 3777 fuisse
570 3706 778 3777 Gallos,
812 3707 904 3773 qui
941 3707 1216 3761 Mercurio
1252 3723 1263 3759 :
1299 3708 1532 3774 Tauros,
1560 3709 1655 3777 qui
1692 3709 1880 3761 Dianm
1914 3706 2011 3761 ho-

359 3776 546 3829 mines
576 3775 985 3849 immoladant;
1018 3777 1152 3832 item
1187 3779 1486 3847 Romanos,
1512 3775 1611 3849 qu7i
1644 3779 1705 3833 in
1734 3778 2008 3834 fEneada-

358 3863 485 3920 rum
517 3847 651 3901 urbe
680 3848 872 3903 Jovem
909 3849 1055 3903 ludis
1085 3850 1202 3903 suis
1236 3850 1484 3905 humano
1516 3847 1850 3920 proluebant
1876 3867 2007 3904 san-

359 3919 533 3987 guine
559 3935 572 3985 ;
604 3925 769 3991 atque
796 3920 941 3974 alios
972 3922 1067 3991 qui
1099 3921 1401 3977 liberorum
1427 3919 1655 3977 suorum
1690 3938 1886 3978 recens
1905 3938 2009 3976 na-

359 3998 546 4063 torum
581 3990 845 4063 spiritum
880 3992 937 4046 in
969 4008 1111 4062 aqua
1153 3994 1557 4063 extorquebant
1598 3994 1681 4048 vel
1713 4010 1808 4049 eos
1839 4009 2010 4062 expo-

354 4062 573 4135 nebant
603 4065 769 4135 morti
802 4062 949 4117 haud
984 4080 1209 4133 prorsus
1259 4066 1529 4131 incertae;
1579 4073 1851 4135 quantum
1885 4080 2011 4119 vero

359 4132 669 4187 Christiani
698 4135 769 4189 ab
817 4132 995 4189 omni
1026 4136 1331 4191 homicidio
1370 4132 1758 4202 abhorrerent,
1808 4136 2014 4207 quibus

360 4220 460 4260 nec
494 4207 553 4257 in
577 4209 733 4261 utero
760 4210 1075 4276 conceptum
1108 4207 1399 4262 dissolvere
1442 4207 1594 4276 licet,
1653 4209 1783 4263 dum
1828 4208 2016 4263 adhuc

361 4276 593 4344 sanguis
620 4279 678 4330 in
709 4278 982 4332 hominem
1016 4279 1312 4334 delibatur.
1878 4280 2015 4334 1118

439 4352 573 4420 Aa'r,
611 4348 699 4403 IV.
734 4380 800 4389 —
831 4350 1008 4412 Quam
1040 4358 1189 4406 certo
1221 4351 1606 4406 Tertullianus
1638 4360 1845 4406 asserat
1878 4366 2014 4420 epo-

367 4426 486 4493 tum
517 4418 587 4493 ab
638 4420 884 4493 ethnicis
934 4421 1247 4476 humanum
1296 4424 1633 4493 sanguinem
1684 4418 1929 4492 publicis
1955 4422 2015 4477 in

365 4490 521 4563 ludis
545 4492 666 4546 Jovi
697 4493 919 4559 dicatis,
953 4501 1005 4547 et
1036 4492 1104 4548 ab
1140 4493 1225 4549 his
1253 4495 1347 4563 qui
1378 4490 1649 4549 comitiali
1685 4490 1897 4549 7morbo
1928 4510 2015 4549 re-

373 4562 629 4636 medium
664 4564 1010 4632 quaerebant,
1047 4572 1213 4633 atque
1259 4562 1329 4619 ab
1359 4566 1508 4636 aliis,
1537 4566 1635 4636 qui
1683 4567 1827 4622 sicut
1871 4566 2015 4620 Cati-

365 4632 498 4705 lana
524 4634 703 4689 fmdus
732 4650 864 4690 cum
911 4632 1193 4705 aliquibus
1241 4632 1501 4692 inibanti
1554 4632 1688 4691 item
1741 4639 1800 4692 in
1831 4636 2019 4691 Africa

366 4703 619 4780 Bellonae
667 4703 1159 4780 sacratoshausto
1205 4710 1451 4780 signatos
1503 4709 1676 4764 fuisse
1720 4709 2015 4777 sanguine,

373 4782 541 4844 atque
571 4776 641 4831 ab
676 4778 819 4851 aliis
867 4779 1084 4835 crimen
1130 4780 1219 4835 his
1261 4776 1446 4851 magis
1492 4776 1899 4837 exsecrandum
1933 4781 2021 4835 his

370 4849 709 4918 perpetrari.
1366 4849 1380 4851 7
1883 4852 2020 4907 1120

451 4919 587 4972 Am.
623 4922 688 4972 V.
721 4951 791 4959 —
822 4920 1149 4993 Ostenditur
1198 4924 1479 4993 quomodo
1522 4922 1787 4978 humanis
1834 4923 2021 4978 carni-

380 4988 872 5067 busvescerentur
901 4988 1262 5067 gladiatores,
1312 4995 1550 5067 Scythae,
1605 4995 1931 5067 Massagetae
1969 5001 2023 5050 et

378 5060 665 5135 Derbices,
699 5064 791 5132 qui
825 5060 1081 5133 suscepta
1111 5060 1397 5135 religione
1426 5060 1765 5134 Christiana,
1794 5060 1885 5122 Vah
1935 5067 2023 5121 his

379 5133 767 5189 discesserunt
795 5136 925 5190 feris
957 5133 1238 5191 moribus:
1753 5133 1756 5134 7
1883 5138 2024 5193 1123

446 5210 587 5260 Aur.
620 5205 712 5260 VI.
747 5236 816 5246 —-
847 5211 1025 5273 Quam
1074 5209 1369 5278 perspicue
1416 5208 1802 5264 Tertnllianus
1830 5217 2025 5265 osten-

374 5275 467 5329 dat
498 5278 854 5352 Christianos
887 5275 1090 5335 secreti
1118 5280 1177 5334 in
1204 5275 1381 5336 sacris
1413 5283 1529 5336 suis
1581 5282 1890 5352 synaxibus
1937 5282 2023 5335 in-

374 5350 513 5423 cesti
544 5350 683 5423 falso
716 5350 910 5404 falsius
939 5352 1215 5423 accusari,
1250 5369 1358 5421 quo
1388 5350 1629 5423 gentiles
1658 5355 1814 5409 Jovis
1844 5369 2027 5409 exem-

374 5419 471 5486 plo
508 5421 689 5487 palam
723 5437 787 5476 ac
818 5421 1023 5490 saepius
1050 5419 1602 5480 contaminabantur.
1890 5425 2027 5479 1125

457 5492 588 5566 Αρινι·ἶ
622 5493 736 5546 VII.
771 5524 837 5532 —
889 5497 1064 5566 Quam
1118 5493 1358 5550 absurde
1402 5496 1615 5552 ethnici
1656 5496 1967 5566 objecerint
1997 5514 2030 5550 a

382 5559 721 5637 Christianis
751 5563 983 5637 adorari,
1032 5571 1195 5634 caput
1246 5567 1436 5631 asini;
1488 5570 1611 5637 quis
1664 5559 1796 5624 huic
1826 5568 2031 5623 fabulae

390 5634 1051 5709 occasionem‘dederil;
1122 5644 1332 5709 quanta
1405 5634 1753 5707 impudentia
1825 5639 2031 5694 nebulo

386 5702 899 5781 quidamdudaeus
948 5707 1104 5760 illius
1150 5708 1298 5781 asini
1343 5702 1751 5781 cu_m7ridicula
1808 5726 2033 5779 prorsus

390 5773 766 5841 inscriptione
794 5776 1074 5844 picturam
1122 5776 1568 5851 circumtulerit;
1618 5795 1683 5838 ac
1714 5773 1882 5851 quam
1910 5796 2036 5839 vere

1810 210 2016 273 ORDC
2064 209 2335 273 RERUM

3620 214 3773 273 1168

2133 344 2299 400 fidem
2333 342 2549 399 ethnici
2581 343 2776 399 asinos
2828 345 2995 408 totos,
3022 344 3273 416 aliasque
3300 342 3539 414 belluas,
3568 352 3660 401 aut
3695 348 3775 401 vi-

2130 433 2245 485 vas,
2277 424 2373 470 aut
2402 417 2653 484 depictas
2681 416 3059 472 adoraverint.
3638 419 3776 472 1128

2201 492 2334 542 AnT.
2372 487 2521 542 Vlll.
2575 519 2643 526 —
2687 490 2867 553 Quam
2917 487 3334 544 inconsiderate
3376 488 3590 544 ethnici
3642 491 3771 544 vitio

2126 559 2461 614 Christianis
2491 560 2757 614 verterint
2788 559 3005 615 cultum
3036 561 3223 616 crucis
3262 560 3486 625 Christi,
3522 576 3650 616 cum
3690 561 3771 617 illi

2125 631 2229 700 ipsi
2290 632 2571 702 quaslibet
2620 632 2676 685 in
2727 633 2961 686 deorum
3008 648 3239 687 suorum
3285 632 3622 701 simulacris,
3660 641 3770 687 tro-

2126 704 2280 771 paeis,
2315 704 2541 757 vexillis
2572 710 2623 757 et
2656 703 2988 759 militarium
3022 706 3310 773 signorum
3341 714 3769 767 crnalu,cruces

2123 777 2421 829 adorarent
2450 793 2461 829 :
2496 775 2701 844 quibus
2750 774 2999 844 partibus
3048 792 3275 833 crucem
3306 776 3511 830 Christi
3541 792 3769 845 compo-

2123 846 2289 900 sitam
2322 847 2708 901 Tertnllianus
2737 849 3052 916 putaverit;
3098 854 3197 903 cur
3244 848 3471 917 siphara
3516 848 3767 916 appella-

2122 917 2263 990 v'erit
2294 919 2462 973 stolas
2505 918 2711 985 crucis,
2763 920 2925 989 cujus
2978 920 3143 976 homo
3191 920 3456 990 expansis
3506 918 3768 973 manibus

2122 988 2359 1059 ﬁguram
2392 989 2639 1045 exhibet.
3264 988 3281 990 7
3626 991 3756 1046 1131

2194 1098 2321 1150 CAP.
2355 1096 2493 1152 XXI.
2526 1127 2597 1137 —
2628 1097 2699 1151 De
2733 1097 2882 1152 (sese?
2928 1096 3235 1165 majestatis
3284 1095 3544 1152 humanae
3571 1098 3765 1151 crimi-

2119 1168 2281 1222 nibus
2308 1185 2538 1238 quorum
2584 1185 2702 1223 reos
2750 1184 2913 1239 agere
2961 1168 3306 1223 Christianos
3338 1168 3545 1224 ethnici
3569 1186 3764 1240 perpe-

2119 1255 2245 1293 ram
2282 1242 2647 1295 conabanlur.
3630 1243 3769 1295 1136

2192 1348 2325 1401 ΛΒΤ.
2364 1347 2404 1401 Ι.
2442 1378 2507 1387 -
2548 1348 2727 1412 Quam
2758 1346 3048 1402 evidenter
3078 1347 3461 1403 Tertnllianus
3509 1349 3769 1403 ostendat

2120 1418 2472 1473 Christianos
2507 1419 2652 1473 Lesaa
2686 1418 2990 1487 majestatis
3023 1418 3291 1474 humanae
3343 1419 3621 1475 immerito
3669 1436 3765 1475 ac-

2120 1490 2327 1556 cusari,
2362 1492 2456 1559 qui
2491 1498 2601 1545 toto
2631 1491 2839 1545 mentis
2883 1490 3084 1545 affectu
3123 1507 3238 1546 non
3290 1492 3455 1547 falsos
3484 1492 3639 1555 deos,
3671 1491 3769 1545 sed

2122 1578 2313 1616 verum
2364 1570 2415 1617 et
2467 1560 2913 1630 omnipotentem
2964 1561 3140 1616 Deum
3190 1562 3427 1618 orabant
3462 1580 3560 1631 pro
3591 1562 3770 1618 salute

2122 1634 2492 1702 imperatoris,
2540 1633 2807 1703 illiusque
2857 1635 3251 1703 prosperitate,
3301 1642 3353 1689 et
3401 1635 3769 1689 diuturnitate

2124 1706 2361 1760 Romani
2386 1705 2609 1773 imperii
2640 1706 2783 1773 quod
2805 1704 3188 1760 Tertnllianus
3209 1712 3258 1761 et
3290 1704 3387 1760 alii
3419 1706 3608 1775 plures
3636 1721 3765 1760 cum

2122 1785 2235 1831 toto
2269 1778 2480 1831 mundo
2514 1775 2683 1830 tinem
2715 1779 3080 1845 accepturum
3114 1777 3510 1845 opinabantur.
3631 1778 3766 1830 1136

2192 1854 2333 1901 ΑΜ.
2368 1846 2435 1901 II.
2469 1878 2536 1888 -—
2566 1848 2914 1903 Christianos
2944 1849 3226 1903 immerito
3256 1847 3404 1903 laesae
3456 1849 3763 1917 majestatis

2124 1918 2390 1973 humanae
2420 1919 2693 1984 accusari,
2728 1921 2858 1989 quia
2880 1918 3149 1975 nolebant
3182 1936 3280 1989 pro
3309 1920 3663 1989 imperatoris
3683 1937 3764 1973 sa-

2122 1991 2238 2045 lute
2267 1990 2584 2045 sacrilicare
2616 1992 2725 2044 diis
2770 1991 3088 2059 gentilium,
3134 2000 3231 2045 aut
3274 2007 3370 2047 eos
3402 1993 3639 2062 precari,
3673 1992 3767 2061 qui

2120 2078 2228 2116 nec
2256 2079 2356 2116 sua
2378 2063 2606 2131 templa,
2641 2077 2746 2117 nec
2777 2077 2835 2116 se
2857 2063 3009 2131 ipsos
3040 2063 3205 2117 tutari
3239 2071 3515 2132 poterant,
3540 2079 3643 2119 nec
3664 2063 3765 2117 imo

2120 2134 2391 2202 peratoris
2454 2134 2585 2187 dare
2643 2141 2736 2188 aut
2790 2150 3121 2190 conservare
3179 2135 3441 2203 salutem,
3480 2136 3573 2190 sed
3611 2134 3760 2189 solus

2122 2206 2273 2260 Deus
2328 2206 2708 2273 omnipotens,
2741 2222 2773 2277 a
2820 2221 2929 2275 quo
2986 2206 3287 2261 Christiani
3340 2214 3589 2277 poterant
3635 2221 3759 2260 eam

2122 2278 2238 2331 suis
2270 2278 2569 2346 impetrare
2600 2276 2880 2346 precibus.
3344 2276 3355 2277 7
3624 2276 3759 2331 1139

2193 2350 2331 2401 ΛΒΤ.
2380 2349 2473 2402 111.
2539 2378 2611 2388 -
2668 2351 2843 2413 Quam
2904 2348 3106 2403 frustra
3161 2348 3400 2417 gentiles
3456 2348 3765 2417 objicerent

2121 2420 2471 2474 Christianos
2503 2420 2648 2474 lmsae
2676 2419 2985 2487 majestatis
3016 2420 3278 2475 humanae
3309 2436 3430 2475 esse
3461 2436 3601 2483 reos,
3638 2420 3767 2489 quia

2122 2508 2220 2560 per
2248 2492 2601 2561 imperatoris
2630 2493 2863 2561 genium
2900 2492 3095 2561 jurare
3137 2492 3491 2556 recusabant,
3533 2492 3628 2545 sed
3672 2493 3765 2560 ju-

2122 2564 2320 2617 rabant
2354 2572 2541 2618 tamen
2576 2578 2675 2633 per
2715 2563 2870 2617 illius
2899 2562 3159 2631 salutem,
3184 2564 3440 2633 quamvis
3467 2562 3578 2617 alia
3606 2579 3764 2632 pror-

2120 2649 2215 2689 sus
2237 2651 2401 2704 quam
2430 2634 2668 2705 gentiles
2699 2636 2934 2690 ratione.
3340 2704 3349 2705 ί
3462 2704 3469 2705 7
3604 2634 3763 2705 1141

2189 2707 2327 2767 An'r,
2365 2708 2450 2762 IV.
2492 2737 2559 2745 —
2589 2706 2935 2761 Christianos
2974 2721 3271 2775 perperam
3303 2704 3372 2759 ab
3403 2704 3647 2761 ethnicis
3681 2706 3771 2759 laa-

2121 2792 2193 2830 sae
2226 2778 2535 2847 majestatis
2567 2778 2830 2832 humanze
2862 2778 3072 2832 idcirco
3096 2777 3431 2845 insimulari,
3464 2778 3611 2846 quod
3662 2778 3767 2831 im-

2121 2858 2403 2917 peratores
2446 2866 2639 2905 vocare
2669 2852 2802 2905 deos
2833 2848 3050 2903 nollent
3084 2866 3097 2913 ;
3130 2850 3315 2917 ipsum
3366 2850 3765 2917 imperatorem

2120 2936 2235 2975 sua:
2268 2922 2615 2976 inﬁrmitatis
2639 2922 2994 2975 admonitum
3028 2921 3197 2975 fuisse
3216 2920 3279 2974 in
3302 2922 3549 2974 maxima
3572 2920 3763 2974 trium-

2120 2991 2218 3061 phi
2248 2994 2429 3062 gloria
2464 3012 2477 3058 ;
2512 2998 2833 3048 recusatum
2890 2991 2958 3045 ab
3010 2997 3262 3059 Augusto
3312 2991 3532 3046 Caesare
3580 2992 3669 3045 dei
3699 3006 3763 3045 ac

2119 3064 2337 3120 domini
2371 3081 2687 3134 cognomen
2716 3081 2728 3119 :
2763 3064 3131 3133 imperatores
3161 3080 3193 3117 a
3222 3063 3556 3118 Christianis
3586 3062 3767 3117 domi-

2120 3152 2224 3189 nos
2283 3152 2416 3191 voce
2452 3133 2459 3134 7
2492 3137 2783 3191 communi
2840 3133 3191 3204 appellatos;
3252 3137 3408 3189 nefas
3464 3134 3770 3200 gentilibus

2118 3207 2291 3332 finisse
2312 3208 2712 3277 imperatorem
2734 3214 2864 3262 ante
2886 3214 3126 3262 mortem
3148 3210 3205 3261 et
3225 3207 3576 3277 apotheosim
3599 3207 3769 3332 dppg

2160 3294 2327 3332 icere.

2160 3294 2327 3335 icere.

2189 3388 2309 3439 Car.
2344 3384 2510 3439 XXII.
2542 3417 2610 3426 —
2643 3386 2993 3440 Christianos
3025 3400 3120 3439 nec
3148 3384 3389 3455 publicos
3418 3399 3532 3438 esse
3568 3383 3763 3449 hostes,

2116 3472 2217 3512 nec
2245 3458 2517 3525 factiosos,
2549 3458 2639 3513 sed
2668 3458 2922 3527 gentiles,
2958 3457 3055 3527 qui
3092 3457 3216 3510 illos
3246 3455 3444 3512 horum
3471 3456 3757 3527 criminum

2115 3528 2462 3583 accusabant.
2674 3525 2682 3527 7
2965 3525 2980 3527 7
3624 3525 3759 3579 1117

2188 3636 2326 3688 Aar.
2363 3635 2403 3688 I.
2438 3666 2505 3674 —
2536 3634 2796 3690 Publicos
2842 3633 3025 3689 hostes
3077 3649 3192 3689 non
3222 3649 3344 3689 esse
3388 3632 3768 3692 Christianos,

2118 3706 2213 3775 qui
2243 3705 2441 3760 allatas
2469 3706 2575 3762 sibi
2606 3706 2676 3760 ab
2709 3707 2952 3761 ethnicis
2982 3705 3219 3775 injurias
3251 3720 3543 3775 nunquam
3571 3702 3770 3757 ulcisci

2119 3777 2440 3841 voluerunt,
2473 3778 2692 3833 tametsi
2748 3778 2803 3831 id
2849 3776 3121 3832 facillime
3154 3778 3389 3845 possint,
3427 3776 3508 3830 vel
3543 3776 3772 3829 civitate

2120 3850 2267 3904 clam
2297 3850 2551 3911 incensa.
2601 3849 2687 3904 vel
2742 3850 2957 3904 indicto
3018 3844 3206 3917 palam
3258 3847 3407 3903 bello
3442 3872 3455 3913 ;
3487 3845 3574 3901 vel
3605 3862 3669 3901 se
3707 3844 3775 3898 ab

2119 3922 2323 3975 iisdem
2355 3920 2622 3986 ethnicis,
2655 3936 2893 3990 quorum
2927 3923 3114 3974 minor
3145 3921 3258 3974 erai
3291 3934 3583 3984 numerus,
3618 3933 3772 3987 sepa-

2121 3994 2297 4047 rando
2332 4009 2345 4056 ;
2371 3994 2457 4047 vel
2484 3989 2773 4048 daemones
2801 3992 2872 4048 ab
2902 3992 3263 4047 obsessorum
3292 3989 3629 4060 corporibus
3662 4004 3777 4043 non

2122 4065 2425 4133 ejiciendo.
3600 4060 3772 4133 _1147

2194 4138 2331 4189 Aer.
2368 4135 2435 4189 II.
2463 4166 2532 4176 -—
2550 4137 2728 4201 Quam
2750 4134 2992 4190 absurde
3012 4133 3226 4190 ethnici
3244 4133 3555 4202 objicerent
3587 4131 3776 4185 Chris-

2124 4208 2309 4261 tianos
2338 4223 2459 4262 esse
2490 4206 2748 4277 publicos
2798 4208 3006 4271 hostes,
3058 4207 3190 4274 quia
3238 4206 3644 4273 imperatorum
3693 4219 3778 4255 so-

2122 4278 2335 4332 lemnia
2394 4294 2508 4334 non
2567 4280 2711 4333 sicut
2755 4277 2841 4332 illi
2886 4277 3271 4341 celebrabant,
3323 4277 3478 4331 focos
3537 4283 3590 4330 et
3629 4282 3775 4328 toros

2124 4350 2419 4405 educendo
2447 4351 2504 4404 in
2537 4350 2852 4419 publicum,
2884 4350 3170 4419 epulando
3224 4348 3477 4414 vicatim,
3528 4346 3776 4419 tabernae

2126 4420 2320 4476 habitu
2342 4418 2769 4476 abolefaciendo
2799 4418 3108 4477 civitatem.
3141 4421 3271 4475 vino
3299 4420 3481 4474 lutum
3503 4418 3779 4488 cogendo,

2125 4493 2455 4549 cursitando
2514 4493 2836 4549 catervatim
2898 4494 2966 4548 ad
3016 4492 3257 4563 injurias
3300 4507 3367 4547 ac
3398 4489 3781 4561 impudentias

2126 4564 2537 4635 illecebrasque
2585 4564 2907 4635 voluptatis,
2940 4579 3006 4619 ac
3050 4566 3253 4620 domus
3300 4579 3415 4618 suae
3464 4578 3581 4618 non
3615 4574 3779 4635 secus

2126 4652 2193 4691 ac
2232 4636 2361 4762 [aevi
2392 4630 2685 4706 lupanaris
2715 4630 2969 4706 postibus
3013 4636 3204 4692 lauros
3255 4630 3780 4755 lucernasqueiiiiftid

2129 4724 2238 4762 gen
2284 4724 2336 4762 ο.
3706 4720 3739 4755 o

2169 4720 2336 4763 endo.
3640 4720 3739 4755 110

2129 4724 2336 4779 genoo.
3640 4724 3778 4755 11ου

2201 4786 2340 4834 Au'r.
2374 4778 2468 4833 ΙΙΙ.
2502 4809 2571 4818 -
2601 4777 2934 4833 Ostenditur
2965 4777 3234 4833 ethnicos
3266 4777 3441 4832 fuisse
3460 4789 3645 4832 revera
3669 4787 3778 4842 pu-

2130 4849 2317 4907 blicos
2378 4850 2566 4907 hostes
2625 4850 3006 4920 imperatoris,
3057 4865 3226 4919 quem
3264 4848 3448 4920 palam
3496 4844 3782 4920 vexabant

2131 4923 2405 4989 dicteriis,
2438 4938 2504 4977 ac
2531 4918 2826 4988 conviciis,
2860 4918 3103 4990 quorum
3134 4918 3291 4977 testis
3320 4929 3435 4977 erat
3463 4918 3789 4981 Tiberis,et

2134 4996 2328 5050 schola
2361 4994 2668 5050 bestiarum
2705 5011 2718 5061 ;
2753 4999 2809 5047 et
2838 4993 2932 5063 qui
2965 4995 3098 5049 novi
3126 5009 3193 5049 ac
3233 4994 3367 5049 novi
3400 4990 3636 5047 Caesaris
3664 5003 3789 5063 sce-

2133 5082 2266 5121 nam
2298 5083 2522 5137 semper
2550 5059 2840 5135 optabant,
2856 5059 2937 5120 7ac
2978 5072 3092 5119 tum
3142 5064 3312 5120 etiam
3358 5080 3489 5120 cum
3520 5063 3574 5119 ei
3600 5059 3789 5116 accla-

2136 5148 2259 5194 rent
2295 5155 2307 5194 :
2339 5140 2413 5193 De
2456 5140 2661 5194 nostris
2707 5138 2875 5192 annis
2921 5139 3118 5207 augeat
3167 5138 3270 5191 tibi
3294 5138 3557 5208 Iuppiter
3585 5148 3788 5259 marios?

2208 5283 2353 5337 ΑΜ.
2386 5282 2473 5347 IV,
2513 5312 2582 5321 --
2638 5280 2874 5349 Majores
2920 5278 3323 5349 imperatorum
3374 5279 3566 5333 hostes
3614 5276 3790 5349 fuisse

2141 5354 2402 5428 ethnicos
2425 5348 2760 5428 proditores,
2784 5348 3027 5428 Cassios,
3054 5351 3273 5422 Nigros,
3292 5350 3531 5428 Albinus
3552 5355 3606 5404 et
3624 5348 3791 5428 alios,

2143 5426 2237 5496 qui
2294 5422 2446 5481 inter
2491 5427 2630 5480 duas
2684 5424 3203 5496 laurosﬂCassarem
3256 5422 3650 5496 obsede_runt_;
3696 5422 3792 5489 qui

2142 5492 2402 5553 faucibus
2430 5498 2552 5566 ejus
2576 5495 2963 5567 exprimendis
2983 5500 3357 5551 exercuerunt
3378 5492 3789 5567 palaestricam;

2145 5572 2241 5638 qui
2272 5570 2599 5635 irruperunt
2631 5568 2689 5624 in
2726 5567 3014 5637 palatium,
3046 5567 3314 5623 omnibus
3344 5566 3578 5638 Sigeriis
3620 5571 3793 5631 atque

2145 5636 2466 5695 Partheniis
2496 5636 2827 5695 audaciores
2863 5656 2874 5704 ;
2909 5640 3002 5708 qui
3035 5640 3398 5695 scelestarum
3431 5636 3789 5708 partiumso-

2148 5712 2241 5788 cii_
2274 5714 2359 5768 ac’
2386 5711 2676 5788 plausores
2707 5705 2957 5788 quotidie
2986 5710 3381 5767 revelabantur
3415 5705 3528 5775 ;7ac
3560 5705 3785 5788 tandem

2148 5782 2246 5856 qui
2296 5778 2624 5857 astrologos,
2664 5778 2973 5855 aruspices,
3005 5796 3245 5855 augures
3274 5790 3326 5841 et
3356 5778 3647 5853 magos—de
3676 5778 3783 5846 im:
