4148 6194
334 168 492 230 1469

326 303 651 373 peratorum
700 295 888 373 capite
930 294 1353 373 consultabant,
1401 309 1469 351 ac
1518 302 1633 373 tam
1686 294 1852 373 falsi:
1884 308 1986 373 pro

331 364 527 455 eorum
558 370 739 427 salute
768 364 1065 425 faciebant
1113 374 1265 435 vota,
1317 382 1487 438 quam
1537 368 1761 423 sincera

334 454 493 491 nant-

334 444 493 502 tiani.

407 524 543 569 ΑΒΤ.
573 512 639 566 ν.
664 543 733 553 -—
761 514 895 576 Qua
924 512 1037 565 sint
1065 510 1283 567 illicita
1306 510 1599 575 factiones,
1624 524 1689 563 ac
1711 516 1986 579 quantum

336 588 409 641 ab
439 589 523 642 eis
570 584 851 654 discrepet
900 584 991 652 pia
1038 583 1270 640 vivendi
1321 583 1463 636 ratio
1510 581 1985 654 Christianorum,

374 658 425 712 ui
459 658 742 711 immerito
762 652 983 710 factiosi
1004 654 1359 723 dicebantur,
1375 654 1505 722 quia
1527 652 1987 725 spectaculorum

358 722 635 797 ugiebant
679 726 1028 797 voluptates,
1081 732 1306 797 tamque
1345 722 1983 797 ’Iicitas'sectabantur,

333 794 505 871 quam
536 800 664 855 aliis
694 794 993 870 prohibitis
1043 794 1303 867 Epicurei
1351 803 1404 853 et
1450 795 1547 851 alii
1588 794 1987 920 indulgebiairgqi

403 995 538 1052 Car.
577 993 772 1050 XXIII.
804 1025 873 1035 —-
936 992 1286 1048 Christianos
1331 991 1686 1063 publicarum
1732 990 1985 1063 cladium

333 1083 446 1124 non
473 1082 589 1123 esse
616 1082 865 1124 causam.
1332 1061 1345 1063 “
1847 1061 1985 1115 1164

406 1190 535 1244 ΛΒΤ.
571 1194 614 1243 Ι.
647 1221 716 1230 -
746 1191 878 1257 Qua
901 1190 1014 1244 sint
1037 1187 1278 1259 publica
1300 1186 1508 1257 clades,
1532 1202 1773 1259 quorum
1796 1184 1982 1259 Chrisg

335 1261 521 1317 tianos
565 1268 827 1317 auctores
874 1277 996 1317 esse
1038 1257 1154 1315 tam
1204 1275 1352 1329 sape
1391 1275 1563 1330 quam
1597 1258 1736 1314 falso
1768 1257 1981 1313 ethnici

334 1333 848 1459 t(toliliqluerebantur,
897 1348 963 1389 ac
1010 1333 1294 1403 quomodo
1350 1329 1736 1386 Tertullianns
1766 1346 1868 1455 eosl
1882 1345 1983 1454 11ξὲ-

359 1421 387 1459 e
438 1421 513 1458 a.

359 1413 513 1459 ellat.

406 1477 544 1529 ΑΒΤ.
580 1474 649 1528 II.
710 1503 778 1515 —
836 1473 1126 1537 Quomodo
1186 1471 1575 1528 Tertullianus
1630 1472 1982 1529 demonstret

335 1545 685 1601 Christianos
716 1546 842 1601 ideo
878 1545 1234 1616 publicarum
1266 1544 1515 1616 cladium
1547 1559 1664 1616 non
1696 1560 1819 1599 esse
1848 1559 1980 1599 auc-

335 1625 507 1683 tores,
557 1618 689 1687 quia
738 1614 1119 1673 ante—Christi
1162 1626 1347 1671 ortum
1390 1614 1655 1687 plurimis
1708 1623 1981 1672 terrarum

335 1686 805 1743 inundationibus
843 1704 910 1743 ac
953 1688 1198 1744 motibus
1237 1701 1463 1756 pessum
1493 1686 1755 1741 abierunt
1794 1686 1982 1752 Hiera,

334 1758 1315 1829 Anaphe,Delos,Rhodos,Cos,item
1347 1758 1530 1827 major
1556 1759 1813 1826 Asia,vel
1842 1758 1984 1812 Afri-

334 1846 416 1887 ca
448 1848 598 1901 pars,
627 1838 679 1885 et
705 1839 933 1900 epotum
973 1847 1127 1886 mare
1156 1830 1534 1901 Corinthium,
1563 1834 1732 1899 atque
1774 1846 1841 1884 ex
1876 1834 1980 1901 Lu-

331 1900 494 1957 cania
546 1902 720 1956 Italia
749 1901 968 1957 abcissa
1000 1903 1143 1958 facta
1173 1909 1255 1957 est
1286 1900 1497 1967 Sicilia,
1531 1916 1842 1969 omnesque
1877 1900 1977 1955 ho-

332 1974 517 2028 mines
561 1973 906 2042 cataclysmo
954 1990 1069 2030 non
1122 1981 1337 2029 tantum
1371 1973 1693 2041 campestri,
1728 1973 1823 2028 sed
1860 1973 1982 2026 uni-

328 2044 535 2102 versali
563 2048 874 2115 perierunt.
1648 2114 1651 2115 7
1722 2114 1729 2115 7
1844 2043 1983 2097 1165

400 2118 536 2170 ΑΒΤ.
566 2114 667 2171 III.
700 2146 769 2156 —
798 2117 880 2172 De
907 2115 1184 2184 cladibus,
1218 2131 1342 2185 qua
1372 2121 1505 2169 ante
1535 2114 1861 2185 christiana
1894 2131 1979 2170 re-

330 2186 562 2255 ligionis
586 2188 899 2258 primordia
926 2190 1177 2245 excitata
1206 2184 1337 2242 sunt
1369 2187 1499 2256 igne
1530 2184 1768 2251 calesti,
1800 2195 1857 2241 et
1879 2187 1980 2243 ho-

331 2260 552 2313 minum
581 2260 756 2313 armis
788 2276 800 2315 :
837 2261 909 2315 de
936 2262 1179 2315 Sodoma
1208 2266 1261 2314 et
1294 2258 1606 2314 Gomorrha
1636 2258 1868 2321 exustis,
1901 2266 1981 2313 at-

330 2345 438 2398 que
486 2330 715 2384 illorum
756 2338 923 2398 terra,
963 2347 1087 2402 qua
1136 2338 1640 2402 conanturpoma,
1675 2329 1980 2402 acdeinde

329 2406 593 2455 contacta
618 2400 1041 2471 cinerescunt;
1096 2403 1166 2458 de
1212 2400 1498 2471 Volsiniis,
1535 2400 1844 2470 Pompeiis,
1878 2416 1978 2457 seu

330 2471 583 2539 Tarpeiis
613 2470 743 2541 igne
786 2473 1099 2543 absumptis
1131 2491 1144 2541 ;
1195 2474 1265 2529 de
1313 2470 1791 2529 cladeCannensi
1824 2481 1975 2544 post-

329 2558 498 2615 quam
529 2544 780 2599 Annibal
830 2546 1211 2601 Romanorum
1253 2546 1435 2601 cades
1474 2552 1760 2615 raptorum
1789 2560 1974 2601 annu-

328 2613 518 2687 lorum
550 2614 737 2670 modio
769 2632 999 2673 mensus
1028 2624 1133 2685 est,
1163 2632 1229 2673 ac
1258 2618 1327 2672 de
1358 2613 1632 2687 Capitolio
1662 2632 1694 2670 a
1735 2618 1975 2673 Senoni-

326 2685 434 2741 bus
465 2693 759 2754 occupato.
1437 2685 1451 2687 ’
1840 2690 1977 2744 1169

399 2760 535 2812 ΛΒΤ.
562 2757 657 2829 717V.
692 2788 761 2797 —
792 2760 979 2829 Quam
1003 2758 1298 2829 perspicue
1347 2756 1741 2814 Tertullianus
1788 2765 1976 2817 osten-

328 2828 423 2883 dat
482 2827 836 2896 publicarum
901 2827 1283 2885 calamitatum
1356 2839 1615 2887 auctores
1673 2846 1791 2886 non
1852 2848 1975 2888 esse

327 2898 701 2969 Christianos,
734 2900 830 2970 qui
863 2899 931 2955 iis
978 2901 1429 2965 imminentibus,
1468 2902 1580 2957 veri
1618 2902 1717 2957 Dei
1751 2904 1972 2959 miseri-

325 2971 577 3026 cordiam
606 2971 764 3026 duris
821 2972 1173 3041 pauitantia
1223 2973 1513 3028 laboribus
1541 2973 1921 3042 implorabant
1956 2999 1970 3043 ;

324 3042 417 3115 sed
470 3043 731 3111 gentiles,
765 3043 861 3110 qui
892 3043 1117 3111 ebriosi,
1153 3044 1384 3114 balneis,
1412 3046 1699 3112 cauponis,
1732 3047 1971 3115 lupana-

323 3112 487 3186 ribus
504 3114 877 3184 operantibus,
907 3116 1171 3186 aquilicia
1215 3118 1342 3172 Jovi
1370 3112 1972 3180 immolabant—nudi-

321 3184 553 3258 penalia
581 3184 997 3258 denuntiabant
1028 3186 1257 3257 populo,
1289 3190 1343 3240 et
1370 3187 1565 3241 nubila
1592 3186 1656 3242 de
1694 3188 1970 3258 laqueari-

328 3257 426 3310 bus
456 3257 881 3327 exspectabant.
1762 3257 1772 3258 ί
1836 3261 1972 3314 1173

393 3328 531 3382 ΛΒΤ.
568 3331 627 3385 V.
660 3360 731 3370 —
780 3327 1193 3384 Examinantur
1221 3327 1411 3381 allata
1441 3343 1472 3380 a
1504 3328 1850 3385 Tertulliano
1883 3348 1972 3386 ra-

322 3398 533 3471 tiones,
568 3400 639 3456 ob
670 3416 807 3471 quas
838 3400 986 3455 Deus
1018 3400 1228 3469 patitur
1251 3398 1601 3471 Christianos
1617 3400 1860 3470 publicis
1885 3418 1975 3458 ca-

322 3469 897 3543 lamitatibns'aftligi,
928 3478 982 3527 et
1009 3487 1109 3528 cur
1140 3487 1216 3527 ea
1248 3487 1347 3542 pro
1378 3469 1629 3526 ethnicis
1652 3473 1833 3529 valere
1856 3489 1970 3529 non

322 3542 560 3600 Dessint.
1832 3546 1973 3600 1176

319 3542 560 3610 possint.
832 3542 835 3543 ⁷
1832 3546 1935 3600 117

391 3663 520 3719 ΕΑΒ.
568 3664 764 3737 XXIV.
818 3694 884 3707 —
931 3666 1104 3733 Quam
1146 3664 1379 3720 absurde
1424 3664 1630 3737 ethnici
1674 3682 1971 3737 conquere-

319 3734 519 3810 bantur
548 3736 890 3810 Christianos
918 3737 1237 3808 reipublica
1273 3752 1386 3792 esse
1416 3736 1662 3802 inutiles,
1696 3734 1859 3810 atque
1891 3740 1971 3793 id-

318 3807 463 3862 circo
486 3808 953 3864 exterminandas.
1003 3807 1009 3808 ⁷
1762 3807 1777 3810 “
1836 3810 1975 3864 1177

392 3932 532 3986 ΑΒΤ.
566 3932 607 3985 Ι.
637 3962 703 3973 -
726 3930 1015 3995 Quomodo
1038 3928 1427 3986 Tertullianus
1442 3929 1759 3999 probaverit
1781 3932 1971 3989 Chris-

322 3999 506 4057 tianos
534 4018 653 4059 non
684 4003 863 4058 fuisse
893 4002 1287 4070 hrachmanas,
1320 4016 1425 4057 nec
1447 4001 1714 4058 Indorum
1738 4020 1973 4073 gymno-

322 4078 629 4201 sqqhistas,
681 4090 786 4131 nec
816 4073 1136 4146 sylvicolas,
1168 4074 1264 4129 sed
1296 4073 1628 4143 reipublica
1658 4075 1970 4201 pluriniitig

322 4165 359 4201 ιι
390 4162 404 4201 ι
433 4161 517 4201 es.

322 4148 517 4205 utiles.
1834 4148 1972 4201 1177

398 4224 536 4272 ΛΒΤ.
572 4216 641 4271 ΙΙ.
672 4247 742 4256 -
772 4215 1011 4273 Nullum
1044 4215 1369 4285 reipublica
1403 4215 1680 4271 damnum
1713 4216 1911 4273 inferri
1939 4237 1972 4274 a

323 4290 679 4353 Christianis,
709 4287 802 4357 qui
862 4287 1220 4342 ethnicorum
1270 4289 1637 4342 caremonias
1689 4304 1803 4343 non
1856 4290 1967 4346 fre-

325 4359 694 4431 quentabant,
728 4374 833 4413 nec
856 4358 1257 4431 Saturnalibus
1289 4358 1546 4431 levabant
1571 4360 1848 4424 diluculo,
1873 4364 1969 4417 sed

325 4429 460 4487 hora
488 4429 696 4493 debita,
718 4444 825 4483 nec
855 4429 1183 4484 liberalibus
1204 4430 1635 4485 discumbebant
1657 4431 1716 4485 in
1740 4433 1968 4501 publico

320 4504 465 4559 sicut
497 4500 774 4556 bestiariis
803 4516 1130 4569 supremum
1161 4502 1517 4557 canantibus
1548 4518 1669 4557 mos
1694 4500 1795 4557 est.
1832 4506 1969 4558 1179

391 4576 531 4628 ΑΒΤ.
587 4571 711 4643 III.7
745 4603 812 4610 —
871 4573 1059 4643 Quam
1107 4572 1325 4627 insulse
1382 4572 1595 4629 ethnici
1655 4574 1966 4643 objicerent

321 4644 670 4700 Christianos
699 4641 825 4698 ideo
838 4642 1174 4717 _reipublica
1197 4644 1513 4717 fructuosos
1535 4661 1648 4699 non
1672 4641 1812 4713 esse,
1838 4648 1967 4717 quia

321 4732 558 4773 coronas
574 4731 692 4771 non
711 4714 1068 4780 emebant,ad
1086 4716 1403 4785 spectacula
1424 4732 1537 4771 non
1555 4714 1967 4775 conveniebant

320 4788 483 4842 thura
506 4804 620 4843 non
654 4786 1069 4852 mercabantur,
1106 4787 1325 4841 tametsi
1358 4787 1519 4856 plura
1548 4803 1615 4843 ac
1647 4789 1905 4845 chariora
1931 4808 1963 4845 a

318 4858 529 4913 Sabais
558 4866 745 4927 empta
802 4858 861 4912 in
909 4867 1257 4913 mortuorum
1308 4858 1656 4927 sepulturam
1714 4862 1961 4917 insume-

320 4936 466 4994 rent,
499 4945 660 5001 quam
689 4928 927 4997 gentiles
952 4930 1018 4983 ad
1052 4932 1186 4985 deos
1215 4945 1345 4984 suos
1372 4928 1749 5001 fumigandos.
1826 4934 1962 4987 1182

394 5004 532 5051 ΛΒΤ.
571 4999 656 5051 IV.
699 5029 766 5038 —-
822 5004 999 5065 Quam
1050 5001 1340 5056 immerito
1389 4999 1601 5059 ethnici
1656 5018 1961 5072 conquere-

321 5067 525 5121 bantur
560 5075 898 5146 7temporu_m
946 5087 1175 5146 suorum
1228 5072 1524 5146 vectigalia
1580 5067 1838 5143 decoqui,
1892 5092 1957 5130 ex

320 5154 429 5214 quo
468 5140 571 5191 orti
624 5146 780 5214 erant
832 5140 1153 5214 Christiani,
1188 5146 1283 5214 qui
1315 5140 1423 5199 diis
1450 5144 1673 5200 illorum
1710 5140 1955 5202 hornini-

318 5208 537 5290 busque
570 5210 1026 5290 mendicantibus
1075 5208 1187 5269 non
1206 5208 1596 5290 sufficiebant,
1614 5219 1958 5290 acvectiga-

318 5281 393 5360 lia
422 5279 712 5360 solvebant
736 5287 884 5360 tanta
916 5296 1070 5347 cura,
1106 5288 1329 5360 quantis
1357 5288 1502 5343 dolis
1521 5279 1811 5343 abiisdem
1833 5279 1953 5344 etvh-

318 5351 465 5405 nicis
496 5350 900 5406 fraudabantur
932 5367 944 5405 :
980 5350 1266 5409 neminem
1289 5359 1355 5410 de
1377 5359 1669 5414 sterilitate
1695 5360 1957 5414 Christia-

315 5438 519 5499 norum
580 5423 847 5491 conqueri
900 5425 1175 5499 potuisse,
1201 5435 1398 5494 prater
1429 5430 1669 5485 infames
1700 5431 1953 5499 lenones,

312 5497 697 5570 perductores,
744 5494 1083 5570 aquariolos,
1133 5497 1385 5570 sicarios,
1434 5502 1784 5570 venenarios,
1844 5494 1959 5557 mal

315 5564 431 5642 gos,
494 5565 812 5642 aruspices,
848 5564 1074 5642 ariolos,
1135 5568 1602 5642 mathematicos;
1638 5590 1700 5627 ac
1747 5564 1793 5627 si
1824 5576 1952 5642 quid

318 5638 461 5711 forte
494 5638 704 5711 malum
737 5636 1125 5711 reipublicae
1151 5638 1483 5711 Christianis
1514 5641 1732 5698 illatum
1757 5636 1955 5711 fuerat,

317 5708 461 5764 illud
492 5724 621 5765 cum
655 5709 870 5767 fanore
893 5710 962 5765 ab
996 5709 1150 5767 illius
1179 5710 1407 5769 aliunde
1429 5714 1779 5773 resarcitum.
1819 5708 1957 5772 1184

1337 159 1521 232 QUIE
1561 161 1642 223 IN
1686 161 1842 223 HOC
1886 158 2108 223 ΤΟΜο
2152 157 2741 223 CONTINENTUR.

3585 161 3614 219 1
3626 160 3747 221 470

2174 292 2309 375 Car».
2542 324 2609 333 —
2641 292 2847 361 Quibus
2875 290 3224 375 argumentis
3255 291 3637 375 .Tertullianus
3657 293 3757 375 ae-

2099 371 2359 419 monstret
2382 366 2590 436 falsum
2619 381 2733 421 esse
2761 365 3057 433 gentilium
3093 365 3445 435 religionem,
3491 381 3554 420 ac
3582 367 3757 435 falsos

2097 450 2284 490 omnes
2314 437 2547 491 illorum
2577 437 2721 492 deos.
3618 438 3757 491 1190

2168 526 2309 577 ΑΒΤ.
2346 528 2387 579 ι.
2419 556 2490 566 -
2521 528 2702 592 Quam
2750 532 2939 594 aperte
2986 524 3201 579 falsitas
3232 524 3531 596 religionis
3561 525 3751 581 ethni-

2097 609 2295 649 corum
2326 598 2743 651 demonstretur
2787 612 2852 652 ex
2901 596 3238 651 Christiana
3271 598 3519 663 veritate,
3555 597 3749 666 ejectis

2098 680 2164 721 ex
2214 668 2573 724 obsessorum
2616 684 2851 738 corpore
2880 668 3237 723 daemonibus
3268 676 3422 723 certa
3450 668 3748 725 hominum

2096 739 2445 811 conscientia
2474 756 2487 793 :
2522 741 2727 811 potiori
2762 748 2827 811 et
2876 739 3109 810 notiori,
3140 741 3237 795 sed
3280 741 3447 811 plane
3494 740 3634 796 falsa
3664 740 3750 795 di-

2098 808 2329 865 vinitate
2355 808 2599 878 Saturni,
2629 811 2725 881 qui
2759 810 2927 867 homo
2957 808 3167 879 fuit,'et
3198 828 3231 865 a
3279 808 3411 866 lano
3473 810 3533 865 in
3588 812 3747 866 Italia

2096 890 2387 952 exceptus,
2421 898 2585 938 suum
2607 899 2836 937 nomem
2868 883 3019 937 dedit
3050 882 3483 953 civitati,7quam
3515 884 3744 953 depala-

2096 961 2269 1025 verat,
2294 955 2506 1025 totique
2535 953 2861 1024 Italia,qua
2883 954 3041 1025 prius
3079 952 3347 1010 OEnotria
3394 952 3701 1010 vocabatur
3733 971 3747 1021 ;

2096 1023 2232 1096 item
2260 1023 2469 1093 Thalli,
2491 1023 3005 1095 Cassii,et’Nep“oiis
3031 1026 3372 1092 testimonio,
3405 1040 3471 1081 ac
3501 1025 3741 1096 proinde

2094 1094 2296 1168 falsam
2328 1113 2449 1153 esse
2490 1098 2673 1166 ipsam
2730 1094 2951 1167 quoque
2998 1097 3149 1152 Jovis
3198 1094 3574 1168 aliorumque,
3606 1114 3746 1168 ven-

2096 1166 2330 1224 ditatam
2370 1170 2441 1223 ab
2470 1166 3139 1239 ethnicis,’divinitatem.
3276 1238 3280 1239 7
3466 1166 3477 1168 ⁷
3560 1166 3563 1167 ⁷
3608 1167 3746 1222 1190

2164 1239 2304 1294 ΑΒΤ.
2340 1239 2407 1295 ΙΙ.
2435 1270 2504 1280 -
2532 1243 3077 1364 ρωιωΕι-εθροε18τθ
3125 1238 3343 1295 ethnici
3384 1239 3745 1296 venditarent

2166 1324 2229 1364 os
2260 1318 2381 1364 nost
2413 1319 2707 1364 mortatem
2779 1326 2886 1364 anc
2920 1319 3086 1364 Vitam
3116 1312 3330 1364 factum
3363 1326 3489 1364 esse
3507 1310 3642 1364 deos
3670 1312 3742 1364 ab

2096 1323 2229 1381 suos
2256 1318 2381 1381 post
2413 1319 2707 1367 mortatem
2740 1310 2886 1367 hanc
2920 1312 3086 1366 vitam
3116 1312 3330 1367 factum
3363 1326 3489 1367 esse
3507 1310 3642 1367 deos
3670 1312 3742 1367 ab

2094 1379 2207 1435 alio
2236 1379 2526 1452 superiore
2554 1384 2823 1453 mancipe
2865 1382 3176 1439 divinitatis
3209 1406 3223 1449 ;
3265 1397 3443 1437 unum
3473 1382 3745 1438 duntaXat

2094 1465 2220 1524 esse
2273 1458 2473 1524 Deum,
2534 1456 2629 1524 qui
2682 1455 2961 1509 mundum
3018 1462 3149 1509 ante
3194 1468 3396 1507 omnes
3434 1453 3741 1524 gentilium

2092 1522 2248 1591 deos,
2280 1542 2346 1581 ac
2400 1522 2627 1594 frugum
2668 1526 3012 1592 inventores,
3062 1539 3233 1596 quam
3292 1523 3614 1591 Lucullum,
3646 1526 3743 1595 qui

2094 1608 2313 1663 cerasu,
2346 1604 2399 1652 et
2428 1597 2721 1665 Catonem,
2756 1596 2850 1667 qui
2901 1596 3073 1652 ﬁcum
3116 1596 3352 1651 viridem
3401 1596 3461 1651 in
3520 1596 3741 1652 Italiam

2097 1667 2266 1734 primi
2291 1668 2621 1724 attulerunt.

2166 1742 2310 1795 ΑΒΤ.
2338 1739 2436 1795 ΙΙΙ.
2472 1769 2540 1780 -
2568 1744 2786 1805 Quanta
2834 1737 3150 1794 insulsitale
3205 1737 3446 1807 gentiles
3490 1738 3741 1793 vendita-

2094 1804 2228 1867 bant
2257 1815 2582 1880 Saturnum,
2614 1811 2836 1876 Jovem,
2866 1809 3119 1879 aliosque
3148 1804 3232 1865 ob'
3250 1810 3470 1864 merita.
3503 1810 3741 1880 pracla-

2094 1894 2272 1953 raque
2300 1884 2568 1952 facinora,
2593 1883 2769 1937 factos
2810 1897 2930 1953 esse
2960 1882 3112 1949 deos,
3145 1884 3201 1936 et
3229 1882 3390 1949 alios,
3422 1880 3540 1935 illis
3571 1898 3738 1951 pras-

2093 1951 2382 2017 lautiores,
2436 1951 2677 2010 rediCtos
2715 1953 2775 2007 in
2822 1951 3045 2017 inferis,
3105 1953 3380 2008 nimirum
3427 1953 3737 2020 Socratem,

2090 2026 2419 2092 Aristidem,
2483 2022 2944 2092 Themistoclem,
3006 2024 3390 2079 Alexandrum
3442 2024 3739 2094 Magnum,

2094 2098 2459 2169 Pompeium,
2489 2098 2862 2166 Polycratem,
2920 2094 3737 2169 Syllam,77Crasum,7Demos-

2091 2166 2343 2248 thenem,
2371 2168 2701 2248 Ciceronem
2729 2182 2742 2220 :
2778 2174 2948 2248 atque
2976 2166 3288 2248 ostenditur
3317 2166 3673 2248 divinitatem
3703 2184 3737 2223 a

2090 2242 2397 2366 Eentilidus
2420 2241 2637 2307 eadem,
2671 2254 2780 2309 qua
2808 2238 2919 2294 diis
2953 2238 3089 2304 suis,
3123 2239 3343 2294 ratione
3382 2238 3739 2294 tribuendam

2134 2315 2267 2366 aidi.
2302 2313 2563 2366 Phrvna.
2600 2310 2904 2366 Larentia.
2938 2316 3104 2366 atque
3152 2311 3289 2366 ipsis
3338 2311 3455 2366 sive
3502 2311 3739 2366 mortuis

2134 2315 2267 2379 aidi,
2302 2313 2563 2378 Phryna,
2600 2310 2904 2380 Larentia,
2938 2316 3104 2380 atque
3152 2311 3289 2381 ipsis
3338 2311 3455 2366 sive
3502 2311 3741 2366 mortuis

2087 2388 2207 2444 sive
2237 2384 2376 2439 vivis
2406 2383 2736 2438 Casaribus.
3601 2381 3740 2436 1197

2158 2460 2297 2512 ΑΒΤ.
2330 2454 2423 2510 IV.
2456 2486 2526 2494 —
2571 2452 2863 2509 Refellitur
2920 2450 3113 2506 ﬁctum
3162 2469 3194 2506 a
3252 2452 3497 2508 Varrone
3538 2452 3740 2522 triplex

2088 2532 2321 2587 deorum
2354 2542 2535 2593 genus
2570 2543 2582 2581 :
2617 2524 2917 2596 physicum
2948 2538 3045 2578 seu
3068 2523 3365 2596 naturale;
3396 2523 3736 2592 mythicum,

2088 2604 2204 2659 sive
2233 2598 2551 2655 fabulosum
2577 2615 2590 2666 ;
2618 2592 2709 2653 'et‘
2743 2592 2978 2665 gentile,
3027 2596 3143 2651 sive
3172 2593 3340 2651 civile
3369 2601 3422 2650 et
3446 2596 3739 2722 populiagrgi.

2157 2760 2291 2815 CAP.
2322 2756 2510 2813 XXVI.
2543 2785 2612 2795 --
2643 2754 2814 2822 Quam
2839 2753 3146 2808 luculenter
3177 2753 3542 2808 Tertullianus
3557 2755 3740 2809 ethni-

2085 2849 2272 2889 corum
2305 2829 2528 2898 titteris,
2558 2828 2889 2898 scriptisque
2919 2824 3160 2881 ostendat
3187 2825 3356 2895 falsos
3397 2840 3511 2881 esse
3554 2840 3740 2881 omnes

2085 2906 2306 2961 illorum
2336 2901 2483 2956 deos.
3600 2898 3740 2953 1202

2155 3009 2291 3063 ΛΒΤ.
2329 3008 2472 3061 Ι.τ-
2504 3004 2797 3069 Quomodo
2819 3000 3206 3059 Tertullianus
3245 3002 3593 3058 demonstret
3632 3002 3737 3058 fal-

2085 3097 2176 3137 sos
2206 3094 2329 3135 esse
2359 3077 2657 3148 gentilium
2678 3075 2959 3148 77deos7_es
3010 3074 3232 3148 litteris,
3265 3074 3472 3148 quibus
3501 3074 3569 3129 ad
3599 3090 3736 3143 pru-

2083 3152 2337 3208 dentiam
2366 3145 2445 3204 vet
2492 3146 2746 3201 liberalia
2788 3146 2977 3201 officia
3024 3145 3503 3209 informabantur,
3564 3152 3735 3215 atque

2082 3223 2431 3280 docebantur
2460 3220 2639 3272 varias
2669 3218 2902 3271 deorum
2934 3219 3080 3272 inter
3109 3232 3168 3271 se
3198 3232 3438 3287 pugnas,
3464 3217 3734 3273 Venerem

2084 3295 2413 3362 sauciatam,
2448 3290 2685 3345 Martem
2724 3288 2965 3362 vinculis
3011 3290 3107 3343 diu
3155 3289 3507 3362 adstrictum,
3539 3290 3735 3345 Jovem

2083 3384 2115 3421 a
2146 3358 2408 3421 monstro
2431 3362 2753 3429 liberatum,
2780 3358 2865 3415 vel
2896 3375 3087 3415 casum
3109 3360 3452 3429 Sarpedonis
3480 3364 3731 3427 ﬂentem,

2083 3438 2169 3493 vel
2200 3435 2496 3491 subantem
2528 3432 2588 3487 in
2619 3432 2827 3487 sororis
2854 3446 3107 3486 amorem
3136 3452 3156 3499 ,-
3196 3432 3335 3486 item
3365 3431 3649 3501 Apollinis
3681 3439 3735 3487 et

2082 3509 2331 3579 Neptuni
2360 3503 3039 3579 servitutem,!judicatum
3064 3501 3302 3579 fulmine
3328 3503 3731 3579 Esculapium,

2083 3598 2149 3636 ac
2170 3574 2475 3649 tragoediis
2521 3583 2833 3645 poetarum,
2883 3574 3221 3649 nominatim
3270 3590 3399 3649 vero
3422 3574 3653 3649 Contuli
3682 3582 3735 3630 et

2084 3645 2328 3718 Hostilii,
2387 3648 2625 3717 aliisque
2688 3646 3005 3702 masculum
3084 3645 3283 3701 lunam
3335 3646 3727 3771 irridentitiéicqis

2157 3798 2296 3846 ΑΒΤ.
2330 3791 2397 3845 II.
2429 3818 2498 3828 —
2530 3789 2711 3855 Quam
2736 3786 3031 3857 perspicue
3050 3787 3435 3843 Tertullianus
3465 3786 3734 3843 demons-

2082 3867 2193 3919 tret
2224 3862 2393 3917 falsos
2417 3875 2539 3916 esse
2567 3859 2865 3930 gentilium
2897 3859 3032 3914 deos
3064 3874 3131 3914 ex
3157 3860 3355 3915 litteris
3386 3859 3733 3915 histrionum

2083 3952 2115 3989 a
2152 3934 2373 4005 quibus
2392 3947 2545 3996 voce,
2596 3938 2776 4005 gestu,
2835 3938 3013 4005 motu,
3044 3938 3216 3987 cantu
3253 3930 3733 4005 reprasentaban-

2083 4001 2183 4061 tur'
2216 4004 2311 4059 Sol
2364 4004 2561 4073 lugens
2611 4002 2817 4067 filium,
2849 4001 3053 4073 Cybele
3092 4010 3367 4072 pastoren:
3417 4002 3729 4071 suspirans,

2080 4077 2237 4133 Jovis
2266 4074 2757 4155 elogia,_Junonis,
2793 4073 3024 4155 Veneris
3052 4082 3113 4155 et
3131 4074 3395 4155 Minerva
3417 4073 3725 4155 judicium:

2080 4156 2247 4221 atque
2276 4144 2653 4221 ignominiosa
2686 4144 2947 4199 Minerva
2977 4150 3033 4221 et
3072 4145 3326 4201 IIerculis
3350 4144 3555 4221 imago-
3589 4146 3730 4200 1205

2151 4217 2289 4274 ᾸΒΤ.
2326 4219 2421 4273 ΙΙΙ.
2458 4248 2527 4257 -
2556 4219 2841 4281 Quantum
2861 4217 3120 4286 gentiles,
3158 4232 3461 4286 personam
3492 4217 3725 4272 deorum

2080 4291 2140 4345 in
2171 4307 2339 4347 cavea
2380 4289 2587 4353 induti,
2638 4288 2988 4343 divinitatem
3039 4287 3266 4343 illorum
3325 4289 3727 4356 pessumdede-

2080 4363 2212 4431 rint,
2246 4368 2725 4431 repraesentantes
2745 4366 3048 4415 castratum
3078 4362 3265 4428 Atym,
3301 4359 3385 4415 vel
3429 4360 3724 4415 Herculem

2079 4429 2266 4489 vivum
2297 4429 2610 4497 ardentem,
2647 4429 2731 4486 vel
2779 4431 3120 4486 Mercurium
3172 4432 3418 4486 cauterio
3472 4439 3727 4487 mortuos

2078 4506 2521 4568 examinantem,
2553 4501 2640 4557 vel
2671 4502 2827 4557 Jovis
2855 4503 3080 4557 fratrem
3129 4504 3398 4557 cadavera
3447 4503 3723 4573 gladiato-

2078 4593 2207 4631 rum
2255 4592 2384 4631 cum
2438 4573 2642 4629 malleo
2685 4574 3079 4639 deducentem,
3131 4573 3340 4644 aliique
3389 4574 3445 4627 in
3500 4574 3725 4644 templis

2075 4648 2353 4703 adulteria
2381 4651 2437 4701 et
2466 4645 2749 4700 lenocinia
2778 4652 3203 4715 componentes,
3238 4644 3441 4717 quibus
3487 4646 3723 4701 deorum

2078 4719 2424 4787 majestatem
2454 4716 2772 4772 obsoletant.
3112 4786 3115 4787 7
3202 4786 3207 4787 7
3397 4785 3427 4787 _7
3586 4717 3725 4771 1207

2146 4785 2285 4845 ᾹΒΤ.
2319 4790 2405 4845 1V.
2438 4820 2505 4828 —
2539 4789 2758 4855 Quibus
2804 4786 3152 4857 argumentis
3198 4785 3581 4842 Tertullianns
3624 4805 3723 4858 pa-

2076 4862 2327 4917 tefecerit
2356 4860 2715 4916 ethnicorum
2765 4860 2899 4914 deos
2951 4876 2983 4913 a
3032 4858 3407 4930 philosophis,
3440 4874 3505 4913 ac
3536 4860 3723 4915 nomi-

2074 4934 2307 4988 natima
2337 4934 2580 4997 Socrate,
2620 4931 2884 5001 Diogene,
2926 4937 2979 4986 et
3022 4930 3269 4987 Varrone
3318 4930 3511 4985 irrisos
3556 4938 3722 5001 atque

2071 5020 2137 5061 ex
2148 5005 2353 5074 plosos.
3585 5004 3723 5057 1210

2142 5111 2271 5165 CAP.
2305 5109 2520 5165 XXVII.
2554 5139 2621 5147 —-
2652 5107 3054 5179 [impenduntur
3074 5108 3190 5162 alia
3208 5107 3538 5163 Tertulliani
3558 5126 3721 5179 argu-

2073 5186 2280 5246 menta,
2313 5181 2509 5251 quibus
2553 5180 2724 5254 falsos
2767 5180 3055 5248 nullosque
3099 5196 3213 5234 esse
3256 5179 3555 5250 gentilium
3596 5184 3723 5254 deos

2067 5254 2419 5310 demonstrat.
2554 5252 2561 5254 ⁷
3585 5252 3723 5307 1213

2140 5366 2280 5414 ΛΒΤ.
2312 5360 2354 5413 l.
2387 5389 2455 5398 —
2482 5358 2660 5422 Quam
2694 5359 2907 5413 nefaria
2956 5358 3126 5412 fuerit
3166 5356 3611 5427 provinciarum,
3639 5358 3721 5413 ci-

2066 5431 2299 5485 vitatum
2328 5446 2393 5485 ac
2426 5431 2738 5499 prasertim
2784 5430 3177 5501 [Egyptiorum
3225 5427 3549 5501 peculiares
3584 5431 3718 5486 deos

2069 5502 2175 5556 sibi
2220 5503 2525 5571 adoptandi
2574 5502 2801 5556 licentia
2836 5500 2877 5568 ;“
2906 5517 3075 5571 quam
3135 5515 3332 5571 parum
3391 5500 3718 5557 verisimilia

2069 5577 2182 5629 sint
2235 5589 2298 5626 ea
2331 5588 2454 5643 qua
2502 5589 2533 5626 a
2581 5573 2931 5628 Tertulliano
2963 5574 3162 5627 tradita
3194 5578 3327 5627 sunt
3357 5571 3427 5627 de
3464 5571 3715 5641 Josepho

2066 5645 2404 5717 patriarcha,
2436 5650 2493 5717 et
2526 5650 2713 5700 utrum
2745 5646 2984 5715 Egyptii
3014 5660 3145 5699 eum
3174 5643 3455 5717 Serapidis
3486 5644 3719 5717 nomine

2068 5715 2235 5773 deum
2269 5716 2513 5774 dixerint
2542 5723 2595 5773 et
2635 5717 2913 5774 coluerint
2948 5735 2961 5785 ;
2997 5733 3105 5788 quo
3136 5717 3261 5787 jure
3280 5715 3350 5773 ab
3380 5716 3478 5774 illo
3501 5716 3719 5772 dicatur

3676 5916 3793 5949 ..τιντκ
3816 5924 3819 5925 ν
