1893 3101
781 243 1197 310 ELENCHUS

295 499 553 535 AUCTORUM‘
566 499 625 529 ET
647 499 841 532 OPERUM
862 502 941 542 QUI
961 502 1012 532 IN
1027 503 1042 533 1

919 502 941 531 ll
961 502 1012 532 IN
1027 502 1120 534 H00
1142 503 1271 534 TOIO
1290 504 1307 535 I
1328 502 1666 537 CONTINEHTUR.

601 774 632 805 S.
657 775 871 806 CLEMENSI
895 775 1103 807 PONTIFEX
1127 776 1332 809 ROMANUS.

163 912 297 937 bcnlp'n
312 914 466 936 GENUINA.

200 967 343 1008 Epistola
359 969 372 999 l
390 968 427 999 ad
443 967 636 999 Corinthios.
1736 969 1796 999 199

199 1034 343 1073 Epistola
360 1034 400 1065 ll.
1733 1032 1796 1062 329

199 1097 350 1136 Epistolas
365 1098 438 1129 duae
447 1097 484 1128 ad
501 1097 642 1137 virgines
658 1096 798 1137 (Syriace
812 1099 841 1127 et
857 1094 991 1136 Latine),
1008 1095 1181 1134 interprete
1194 1095 1231 1126 D.
1250 1094 1295 1126 Cl.
1312 1094 1501 1131 Villecourt,

257 1162 287 1192 S.
303 1162 340 1192 Β.
355 1162 389 1192 Ε.
407 1161 573 1192 cardinali.

1733 1161 1796 1191 3’49

157 1225 293 1254 Scrup'u
316 1232 422 1254 Dunu.

195 1285 450 1317 Constitutiones
466 1285 665 1324 apostolicae.
1729 1285 1793 1315 509

195 1346 457 1386 Recognitiones.

1710 1346 1789 1377 H57

870 1539 1057 1571 LECTORI.

189 1625 350 1656 Prodeunt
362 1622 512 1660 feliciter,
529 1623 654 1654 erudite
668 1623 790 1657 Lector.
807 1622 873 1653 hinc
896 1622 995 1653 nostri
1015 1622 1188 1654 Clementis
1206 1624 1322 1662 Opera,
1340 1625 1409 1653 sive
1430 1622 1584 1662 genuina,
1612 1623 1682 1655 sive
1711 1626 1773 1664 ips:

150 1675 327 1714 supposita,
344 1674 382 1705 ab
396 1673 546 1705 omnibus
561 1674 760 1714 antiquitatis
781 1673 1006 1705 ecclesiasticae
1018 1673 1174 1705 studiosis
1192 1674 1269 1704 tanti
1292 1673 1446 1705 facienda.
1467 1674 1541 1704 Haec
1569 1683 1641 1714 quae
1673 1680 1778 1714 antea,

149 1727 201 1757 hic
218 1726 286 1756 illic
298 1733 417 1764 sparsa,
435 1725 470 1755 in
483 1724 746 1756 bibliothecarum
761 1724 889 1764 angulis
904 1724 1134 1756 delitescebant
1150 1728 1181 1755 et
1197 1730 1277 1764 pene
1293 1723 1459 1764 sigillatim
1475 1724 1600 1764 sepulta
1617 1725 1774 1765 iacebant,

150 1787 207 1809 nos
224 1777 316 1816 primi
335 1779 366 1808 in
384 1786 484 1808 unum
499 1777 690 1817 collegimus
705 1781 737 1808 et
754 1786 835 1808 nova
855 1777 924 1808 luce
938 1778 1140 1809 donavimus.
1158 1777 1294 1809 Grandis
1305 1777 1437 1817 quidam
1452 1777 1551 1815 labor,
1567 1779 1623 1809 sed
1640 1780 1706 1816 cui,
1722 1789 1782 1811 an-

149 1835 267 1861 nuente
302 1831 379 1868 Deo,
406 1838 468 1861 non
484 1830 621 1868 impares
638 1829 737 1860 fuisse
753 1830 954 1861 confidimus.
971 1830 1045 1861 Haac
1063 1829 1157 1861 nobis
1175 1830 1216 1860 sit
1233 1838 1355 1862 merces
1380 1838 1439 1860 nos
1463 1829 1503 1860 de
1519 1829 1676 1870 religione
1690 1831 1782 1863 Chri—

149 1881 248 1912 stiana
265 1880 345 1911 bene
362 1880 492 1911 meritos
509 1879 734 1911 fatearis.Vale
752 1885 782 1911 et
798 1881 915 1912 nostris
932 1881 1100 1912 conatibus
1114 1880 1196 1912 fave.

1158 2862 1193 2887 Ex
1211 2860 1292 2887 Tvuis
1309 2857 1424 2885 MIGNE.
1441 2863 1474 2882 an
1491 2851 1741 2881 I'etit-Muntrougu.
