1893 3101
43 213 1655 246 ww
252 218 411 223 ——_‘—
418 213 1032 221 νβ’-*ψ’-
1041 214 1072 216 ⁷⁷
1106 213 1460 238 “..--.-.--“”τξ“
1366 214 1404 217 ”“
1411 214 1416 216 ”
1425 214 1654 240 ’ήῖ-ᾳέζ.

427 306 1264 401 DISSEBTATIO

637 457 682 485 DE
701 456 853 485 OMNIBUS

870 455 1071 484 CENERATIM

225 550 401 596 PRIMI
440 546 736 593 ECCLESL/E
772 544 998 590 SJECULI
1037 545 1490 593 SCRIPTORIBUS.

266 645 308 677 (D.
321 644 355 669 ιι
364 643 476 672 Noun“,
489 643 627 674 Apparatus
644 639 676 663 ad
695 637 866 663 Dibliotliecam
879 637 1021 669 maximam,
1034 639 1147 670 Parisiis,
1161 639 1230 671 l703,
1244 640 1352 672 in-l‘olto,
1365 649 1390 673 p.
1403 641 1437 677 ιε)

293 789 406 818 CAPUT
424 788 570 817 PRIMUM.

44 852 127 885 Quam
142 857 228 885 pauca
243 848 374 886 supersint
385 847 542 886 scriptorum
555 846 633 886 primi
643 844 768 886 Ecclesia;
779 853 829 886 δωέ

77 887 128 912 culi
142 882 243 919 opera;
259 892 306 910 cur
321 883 388 909 Deus
404 882 482 916 plura
497 882 605 919 interire
622 882 789 919 permiserit;
804 885 828 906 et

78 921 138 956 quid
153 916 181 946 in
195 920 247 946 hac
262 919 448 945 dissertatione
465 916 634 943 tractandum
646 916 691 943 sit.

837 791 861 818 Α

79 973 199 1000 Plurima
221 972 332 1008 quidem
354 975 477 998 veterum
500 970 580 1006 primi
595 969 724 998 Ecclesiae
738 969 829 998 sazculi

48 1016 151 1044 Patrum
166 1020 280 1044 exstant
292 1023 386 1050 opera,
395 1016 424 1042 in
435 1015 603 1042 Bibliotheca
615 1019 708 1042 nostra
722 1014 830 1050 Lugdu—

48 1063 119 1090 nensi
141 1062 301 1097 promiscue
325 1061 414 1095 edita;
430 1060 478 1088 sed
505 1060 581 1087 nulla
605 1064 680 1093 sunt,
697 1064 744 1087 aut
759 1065 831 1088 certe

48 1108 220 1142 paucissima,
239 1114 300 1142 qua:
315 1114 396 1134 veros
410 1106 598 1142 genuinosque
614 1110 697 1133 tanta:
712 1106 831 1142 antiqui-

48 1153 108 1181 tatis
121 1153 297 1180 characteres
321 1159 377 1187 prae
400 1159 430 1179 se
446 1151 518 1179 ferre
540 1151 650 1180 invictis
664 1152 832 1187 argumentis

49 1199 279 1226 demonstrentur.
289 1197 398 1233 Septem
411 1197 512 1233 quippe
523 1196 761 1232 lgnatii,'episcopi
776 1197 829 1224 An-

51 1244 160 1271 tiocheni
174 1247 203 1270 et
220 1243 359 1279 martyris,
374 1243 507 1278 epistolae,
528 1243 562 1270 ab
585 1250 628 1274 eo,
646 1242 685 1269 uti
706 1242 833 1270 ostende-

51 1297 114 1322 mus,
137 1290 224 1317 dubio
246 1289 342 1325 procul
367 1295 431 1317 sunt
455 1287 600 1324 profectae;
620 1292 646 1315 at
663 1288 715 1315 illae
733 1288 833 1316 eaedem

53 1342 99 1361 non
114 1341 177 1363 ante
192 1339 322 1362 octavum
346 1334 459 1362 secundi
482 1335 574 1362 saeculi
587 1342 688 1362 annum
702 1334 729 1361 in
745 1334 832 1361 lucem

52 1380 216 1414 prodierunt.
229 1380 270 1408 Ad
283 1380 400 1416 primum
415 1388 480 1408 vero
495 1380 623 1408 Ecclesia:
634 1380 761 1408 saculum
773 1387 834 1416 per-

53 1427 133 1454 tinere
148 1427 231 1455 nobis
254 1427 383 1455 videntur
406 1434 468 1454 cum
494 1426 623 1454 Barnabas.
637 1424 752 1460 apostoli
765 1424 828 1461 Epi-

55 1472 128 1504 stola,
144 1476 204 1499 tum
228 1473 312 1500 etiam
335 1476 393 1500 tres
413 1471 546 1503 Pastoris,
561 1479 610 1499 seu
626 1470 732 1498 Hermae
753 1470 833 1503 libri;

55 1525 171 1545 veremur
193 1522 286 1546 tamen
308 1525 343 1546 ne
364 1525 404 1546 ea!
416 1518 516 1553 quibus
529 1517 555 1545 id
571 1518 751 1552 assequiiuur,
768 1524 835 1544 cou-

54 1563 167 1596 jectune,
185 1565 364 1600 quantumvis
385 1565 469 1592 ﬁrma),
491 1564 546 1591 sint
566 1568 593 1591 et
604 1563 707 1596 solidas,
723 1564 758 1592 iis
780 1571 835 1592 non

55 1610 210 1645 probentur,
226 1610 273 1645 qui
286 1617 338 1638 nec
352 1613 554 1645 praeconceptas
569 1609 712 1645 opiniones
721 1615 835 1646 possunt

57 1663 165 1691 unquam
189 1655 347 1691 deponere;
365 1663 416 1683 nec
432 1655 504 1683 vinci
527 1655 631 1689 volunt,
645 1655 700 1683 nisi
722 1655 836 1684 demon-

56 1701 228 1729 strationibus
257 1701 454 1729 invictissimis.
479 1701 564 1728 Porro
591 1705 682 1728 autem
710 1703 835 1737 quamvis

57 1747 175 1774 omnibus
190 1746 219 1773 id
236 1751 311 1774 esset
324 1755 496 1782 persuasum,
510 1746 570 1774 duae
584 1750 689 1774 tantum
704 1755 777 1775 nunc
789 1756 836 1776 stt-

58 1797 190 1826 peressent
215 1793 380 1828 scriptorum
398 1794 479 1829 primi
495 1794 577 1829 hujus
595 1795 687 1822 saeculi
705 1794 836 1822 lucubra-

58 1839 148 1866 tiones.
164 1838 214 1867 liis
226 1843 319 1867 autem
332 1840 404 1875 quod
420 1840 594 1875 adjungatur,
608 1840 676 1867 nihil
692 1841 748 1868 fere
763 1841 837 1869 aliud

59 1888 146 1914 restat.
164 1885 217 1913 nisi
232 1885 321 1920 prima
337 1893 369 1912 ac
383 1885 475 1913 forsan
490 1886 610 1913 secunda
623 1886 770 1914 Clementis
783 1885 838 1914 Ro-

62 1929 126 1956 mani
139 1929 272 1965 Epistola,
288 1938 349 1966 quae
363 1938 425 1958 cum
440 1931 467 1958 in
481 1924 649 1959 Bibliotheca
660 1935 755 1958 nostra
766 1931 838 1967 Lug-

63 1975 170 2002 dunensi
193 1983 250 2002 non
274 1976 330 2003 sint
351 1983 469 2009 excusas,
485 1976 577 2004 nullus
591 1976 625 2004 de
639 1976 674 2004 iis
690 1978 743 2005 erit
758 1977 837 2005 nobis

62 2020 145 2047 hocin
161 2028 244 2056 opere
258 2021 367 2048 dicendi
380 2021 467 2049 locus.

93 2065 186 2093 lliruui
201 2074 280 2098 sane,
296 2073 328 2093 ac
344 2066 458 2094 forsitan
473 2067 634 2095 incredibile
648 2067 791 2095 nonnullis
802 2068 839 2095 vi-

63 2110 172 2158 debitur,
185 2111 260 2147 quod
271 2115 327 2138 tam
342 2119 429 2146 pauca
443 2111 476 2139 ad
490 2120 542 2140 nos
556 2113 730 2148 pervenerint
744 2113 838 2148 primae
850 2126 876 2158 ο

63 2157 272 2186 Christianorum
288 2159 376 2186 aetatis
388 2166 480 2194 opera.
495 2158 577 2186 Extra
590 2158 702 2186 dubium
721 2166 839 2194 namque

64 2207 100 2229 cst
112 2204 202 2238 plures
219 2203 337 2238 hujusce
360 2204 490 2239 temporis
512 2204 661 2239 scriptores
681 2204 758 2231 varia
781 2203 840 2232 edi-

66 2247 130 2276 disse
141 2249 286 2284 opuscula,
303 2249 443 2285 epistolas,
459 2254 592 2278 tractatus
607 2250 649 2277 vel
663 2249 732 2277 alias
747 2249 841 2284 hujus-

67 2295 162 2322 cemodi
186 2295 403 2323 lucubrationes.
420 2294 479 2328 Qua
501 2302 567 2331 ergo
589 2295 637 2323 Dei
658 2295 839 2330 pmvidentia,

67 2339 173 2374 inquies,
186 2342 247 2369 fieri
264 2341 369 2377 potuit,
384 2345 414 2368 ut
428 2346 482 2368 tam
496 2342 613 2377 pretiosa
624 2341 777 2369 divinorum
791 2341 841 2368 ho-

70 2385 162 2413 minum
175 2391 364 2419 monumenta,
384 2395 444 2422 qua:
457 2387 537 2423 primi
552 2394 615 2415 esse
627 2387 762 2414 debebant
784 2389 842 2413 tra-

69 2430 169 2459 ditionis
183 2436 285 2460 nostra:
299 2433 419 2464 canales,
436 2433 544 2467 penitus
556 2432 729 2460 interierint?
740 2430 841 2458 Verum

69 2474 107 2503 his
127 2478 306 2512 querimoniis
326 2478 382 2505 cito
403 2478 512 2505 modum
532 2478 666 2513 impones,
684 2477 709 2504 si
733 2476 843 2504 aliunde

71 2521 189 2550 damnum
205 2524 283 2557 illud,
297 2524 472 2559 quantumvis
488 2524 643 2559 lugendum,
659 2523 737 2559 plene
756 2530 844 2550 resar-

71 2568 145 2596 citnm
166 2569 314 2605 intelligas.
329 2569 436 2598 Etenim
449 2577 546 2598 omnes
560 2569 623 2597 novi
646 2569 758 2597 lcederis
781 2568 843 2595 libri

72 2614 157 2649 scripti
172 2619 237 2642 sunt
251 2615 304 2642 hoc
319 2615 433 2649 saeculo;
446 2619 527 2651 atque
538 2623 571 2643 eo
579 2615 725 2651 plurimum
739 2614 842 2646 adulto,

72 2661 96 2684 et
120 2665 186 2694 pene
212 2659 332 2693 labente,
347 2659 466 2689 Joannes
493 2661 634 2696 apostolus
655 2661 843 2696 Evangelium,

73 2703 298 2742 Apocalypsinque
312 2714 390 2734 suam
404 2707 562 2742 publicavit.
578 2707 649 2741 Quid
664 2708 736 2743 quod
754 2711 781 2734 et
793 2713 843 2735 ea-

74 2748 128 2778 dem
151 2750 198 2780 Dei
214 2752 384 2788 providentia
399 2753 500 2781 factum
516 2758 568 2787 est,
583 2759 613 2782 ut
627 2754 662 2783 iis
676 2755 802 2783 acerbius
817 2756 844 2782 in

75 2802 222 2826 nascentem
253 2797 404 2827 Ecclesiam
431 2800 599 2828 saevientium
622 2800 842 2836 persecutionum
860 2794 883 2822 Ῐ)

76 2845 242 2879 temporibus,
257 2845 350 2881 plures
373 2853 436 2873 cum
458 2855 492 2874 ex
516 2847 656 2883 apostolis,
672 2851 730 2876 tum
744 2856 776 2877 ex
797 2848 842 2881 iis.

224 2893 356 2924 Ρλτιοι..
377 2893 438 2924 Gn.
457 2892 481 2923 l.

851 1457 872 1485 Β

875 788 920 824 qui
940 795 1003 815 cum
1024 787 1145 819 Christo,
1162 795 1245 815 carne
1267 792 1360 815 nostra
1379 788 1484 821 induto,
1509 792 1664 819 conversati

879 839 954 867 sunt,
970 835 1079 870 longum
1095 835 1122 862 in
1138 839 1245 869 tempus
1258 835 1340 862 vitam
1357 836 1548 871 produxerim,
1564 845 1666 873 eosque

880 881 926 915 qui
945 881 1045 908 saeculo
1069 881 1192 908 secundo
1204 880 1367 913 ﬂoruerunt,
1385 882 1530 910 habuerint
1545 883 1666 918 discipu-

879 926 931 953 los.
949 925 1004 953 llos
1020 933 1085 961 ergo
1103 925 1190 953 sacris
1203 926 1334 953 doctrinas
1346 926 1509 955 Christiana:
1524 929 1667 964 pra-ceptis

879 976 906 999 et
920 970 1106 1006 dogmatibus,
1121 977 1182 1006 quae
1197 970 1236 996 illi
1258 977 1273 997 a
1296 969 1406 998 Christo
1421 971 1481 1006 ipso
1492 978 1666 1008 acceperant.

880 1019 1028 1052 potuerunt
1048 1016 1172 1043 imbuere
1189 1025 1195 1043 :
1212 1024 1262 1043 nec
1278 1016 1340 1044 aliis
1355 1016 1477 1045 Ecclesia
1490 1018 1604 1054 indiguit
1618 1019 1669 1047 do-

881 1062 1014 1093 ctoribus,
1033 1062 1122 1096 queis,
1136 1064 1264 1095 tanquam
1280 1061 1430 1091 canalibus.
1446 1061 1540 1089 eadem
1556 1063 1669 1098 dogma-

881 1111 909 1135 ta
924 1115 992 1135 voce
1005 1111 1033 1134 et
1051 1115 1109 1138 ore.
1126 1107 1186 1134 sine
1202 1107 1315 1142 scripto,
1332 1107 1366 1134 de
1379 1115 1472 1140 manu,
1487 1113 1515 1134 ut
1535 1109 1622 1140 aiunt,
1641 1109 1668 1136 in

883 1163 992 1183 manum
1016 1155 1049 1182 ad
1075 1162 1126 1182 nos
1149 1155 1411 1182 transmitterentur.
1428 1155 1550 1192 Denique
1565 1156 1615 1184 huc
1630 1160 1670 1183 tot

882 1202 1005 1236 tantique
1029 1201 1108 1236 pretii
1131 1201 1297 1236 scriptorum
1316 1200 1424 1234 jactura
1449 1201 1590 1233 docemur,
1615 1209 1669 1229 non

883 1247 958 1274 aliud
973 1247 1072 1274 divinat
1087 1245 1271 1274 Providentiae
1286 1246 1373 1274 fuisse
1390 1247 1553 1279 consilium,
1570 1248 1623 1275 nisi
1641 1253 1671 1275 ut

883 1293 902 1320 ii
914 1292 1084 1320 sanctissimi
1099 1292 1259 1327 scriptores,
1283 1293 1330 1328 qui
1353 1300 1447 1321 omnes
1463 1294 1585 1329 plerique
1608 1302 1671 1322 san-

884 1338 993 1373 guinem
1019 1345 1068 1372 pro
1086 1336 1242 1365 Christiana
1263 1338 1314 1366 lide
1330 1339 1440 1370 tuenda,
1456 1343 1483 1366 et
1500 1340 1672 1374 propaganda

885 1383 1023 1414 fuderunt,
1040 1383 1114 1410 illam
1130 1383 1288 1419 sanguineis
1303 1384 1381 1412 ell'usi
1396 1385 1503 1412 cruoris
1525 1386 1610 1421 guttis
1631 1387 1671 1413 al-

885 1429 951 1460 tius,
980 1435 1062 1463 quam
1089 1427 1194 1460 charta,
1215 1428 1320 1456 calamo
1345 1432 1372 1456 et
1393 1432 1557 1463 atramento,
1573 1430 1672 1456 animis

885 1473 1025 1500 hominum
1041 1473 1234 1505 inscriberent,
1250 1473 1459 1508 inligerentquc.

918 1519 987 1546 Cum
1003 1522 1093 1546 autem
1109 1519 1275 1554 paucissima
1291 1519 1346 1546 sint
1360 1518 1470 1546 Patrum
1487 1519 1565 1554 primi
1580 1518 1673 1546 Eccle-

886 1565 934 1594 sia:
957 1565 1050 1593 saeculi
1071 1572 1169 1600 opera,
1185 1565 1231 1592 illa
1255 1572 1322 1592 sane
1346 1572 1379 1592 eo
1404 1565 1491 1600 pluris
1514 1566 1672 1593 asstimanda

885 1613 961 1642 sunt,
975 1617 1030 1645 quo
1053 1609 1183 1644 majorem
1206 1609 1288 1637 iidem
1309 1608 1404 1637 Patres
1419 1614 1446 1637 et
1461 1611 1558 1638 merito
1569 1619 1630 1643 suo,
1646 1617 1674 1638 et

886 1662 936 1682 sua
960 1662 1022 1681 cum
1036 1654 1146 1681 Christo
1160 1654 1274 1689 ejusque
1289 1654 1419 1689 apostolis
1432 1655 1628 1682 consuetudine
1641 1664 1674 1683 ac

887 1699 1071 1726 familiaritate
1086 1699 1139 1726 sibi
1154 1699 1371 1726 conciliaverunt
1387 1700 1586 1728 auctoritatem.
1602 1702 1672 1734 Qua-

887 1748 998 1780 propter
1012 1748 1041 1771 ut
1055 1751 1183 1779 germana
1197 1752 1292 1772 eorum
1309 1745 1410 1779 scripta
1426 1753 1440 1771 a
1453 1746 1554 1780 spuriis
1569 1750 1595 1773 et
1610 1754 1674 1782 sup-

888 1791 1015 1826 posititiis
1029 1793 1131 1825 queant
1149 1789 1228 1817 facile
1243 1790 1373 1822 discerni,
1387 1791 1492 1826 singula
1505 1799 1619 1827 quaeque
1640 1793 1674 1819 ad

888 1837 1040 1864 severiores
1063 1836 1167 1863 criterii
1189 1836 1308 1871 regulas,
1332 1837 1454 1864 studiose
1477 1837 1675 1874 diligcntcrque

889 1884 917 1910 in
931 1882 1107 1918 sequentibus
1119 1882 1361 1910 dissertationibus
1375 1883 1601 1913 examinabimns.
1621 1886 1674 1914 Sed

889 1928 966 1964 prius
989 1927 1024 1955 de
1048 1928 1082 1955 iis
1105 1935 1166 1962 qua:
1181 1928 1214 1955 ad
1229 1928 1289 1956 illos
1305 1928 1453 1964 scriptores
1471 1931 1621 1965 generatim
1643 1941 1676 1961 ac

890 1974 1015 2002 universe
1032 1974 1177 2009 pertinent,
1192 1973 1243 2001 hac
1267 1975 1295 2001 in
1321 1974 1511 2003 dissertatione
1533 1977 1676 2012 disputan-

889 2019 954 2047 dum
968 2023 1020 2047 est.
1028 2019 1210 2047 Ustcndemus
1225 2019 1317 2054 itaque
1332 2020 1405 2055 quod
1420 2023 1673 2057 eorumingenium,

889 2073 950 2101 quae
963 2065 1063 2098 studia,
1080 2073 1140 2100 quas
1157 2065 1362 2100 occupationes,
1379 2075 1440 2102 quae
1454 2068 1613 2097 occasiones
1635 2070 1676 2097 eis

891 2111 925 2139 ad
949 2111 1124 2140 scribendum
1151 2111 1261 2144 fuerint,
1286 2120 1356 2147 quos
1379 2115 1577 2148 prostraverint
1600 2115 1677 2143 Chri-

891 2157 974 2184 stiani
990 2157 1107 2184 nominis
1122 2162 1149 2184 et
1163 2157 1296 2185 doctrinae
1311 2158 1414 2190 hostes,
1429 2166 1462 2186 ac
1486 2159 1594 2188 tandem
1616 2170 1676 2196 qua:

893 2203 995 2230 fuerint
1016 2203 1116 2230 scholae
1140 2211 1189 2230 seu
1206 2204 1258 2231 loci
1273 2203 1386 2239 publici,
1402 2204 1431 2232 in
1453 2206 1552 2240 quibus
1566 2206 1583 2233 ii
1599 2205 1678 2234 Chri-

891 2249 1009 2278 stianam
1027 2248 1172 2276 didicerint
1187 2249 1278 2282 ﬁdem,
1290 2249 1332 2277 vel
1341 2250 1409 2278 alias
1420 2251 1529 2285 ipsimet
1540 2259 1599 2279 eam
1612 2251 1678 2279 edo-

892 2295 1006 2323 cuerint.

1199 2339 1313 2368 CAPUT
1332 2339 1364 2368 ll.

893 2399 970 2433 Quod
985 2399 1066 2434 fuerit
1086 2398 1244 2432 scriptorum
1258 2397 1338 2432 primi
1350 2398 1440 2434 saeculi
1459 2398 1606 2434 ingenium,
1620 2407 1678 2434 qua:

929 2432 1029 2467 studia,
1041 2433 1224 2468 occupationes
1232 2437 1256 2459 et
1269 2433 1417 2460 occasiones
1429 2432 1463 2459 ad
1473 2432 1648 2462 scribendum.

930 2479 1012 2507 Extra
1029 2478 1244 2506 controversiam
1256 2482 1298 2506 est
1310 2477 1373 2506 illos
1388 2486 1420 2506 eo
1433 2479 1606 2514 potissimum
1618 2487 1677 2506 om-

894 2532 944 2553 nes
959 2524 1060 2560 ingenii
1084 2524 1127 2552 sui
1150 2530 1248 2551 nervos
1269 2523 1454 2555 contendisse,
1468 2531 1603 2558 omneque
1619 2528 1679 2552 stu-

895 2572 968 2599 dium
982 2574 1011 2598 et
1021 2577 1131 2606 operam
1143 2569 1356 2604 consumpsisse,
1373 2573 1403 2596 ut
1414 2569 1589 2605 Evangelium
1602 2569 1680 2597 Chri-

896 2618 931 2646 sti
953 2617 1082 2645 omnibus
1106 2615 1317 2648 annuntiarent;
1343 2622 1377 2642 ac
1399 2614 1584 2642 demonstrata
1599 2614 1681 2642 Chri-

895 2664 991 2692 stiana:
1005 2662 1144 2697 religionis
1160 2661 1282 2692 veritate,
1298 2661 1332 2688 iis
1347 2660 1542 2696 persuaderent
1557 2668 1616 2688 eam
1634 2669 1680 2689 so-

895 2709 959 2740 lam,
976 2708 1082 2736 caztcris
1103 2706 1230 2734 omnibus
1252 2705 1411 2740 repudiatis,
1437 2713 1498 2732 esse
1523 2706 1681 2741 amplexan-

897 2754 970 2782 dam.
992 2752 1062 2780 Hinc
1079 2752 1186 2780 Iudaeos
1200 2751 1283 2779 variis
1297 2750 1496 2778 convincebant
1513 2752 1680 2786 argumentis

896 2801 1036 2829 Christum
1057 2807 1118 2827 esse
1131 2800 1206 2827 illum
1223 2798 1328 2830 tandiu,
1344 2803 1472 2833 tantoque
1484 2798 1580 2825 ardore
1592 2798 1626 2825 ab
1639 2798 1681 2826 eis

897 2849 1094 2882 exspectatum,
1111 2844 1248 2878 Messium,
1265 2851 1414 2880 verumque
1430 2843 1525 2871 I‘culn,
1540 2847 1565 2870 et
1591 2841 1680 2869 Patris

1487 2891 1498 2921 1
