1893 3101
201 163 231 189 Η
794 160 838 188 DE
857 156 1012 188 OMNIBUS
1028 157 1226 186 GENERATIM
1780 158 1810 186 ια

198 219 292 247 aeterni
316 218 430 253 Filium;
456 223 522 248 tunc
537 228 601 248 vero
616 221 757 255 completa,
775 228 835 254 quae
857 219 890 247 de
905 219 951 247 illo
965 225 980 244 a
994 217 1019 247 Α
1033 222 1153 251 peccata,
1168 217 1211 245 vel
1226 219 1380 247 nascentes.
1391 217 1502 251 jamque
1513 216 1647 244 irruentes
1659 215 1760 244 abusus
1768 223 1812 242 ca-

199 265 337 300 prophetis
360 267 539 301 praenuntiata
554 266 672 298 fuerant,
685 267 811 300 oracula;
835 274 867 294 ac
882 266 982 302 Moysis

198 312 294 347 legem,
310 312 497 346 caeremonias,
512 317 540 341 et
561 313 696 341 sacriﬁcia
719 312 754 340 ab
774 320 808 340 eo
830 312 914 339 fuisse
939 318 982 338 reo

197 358 284 385 scissa
295 361 322 384 et
335 358 474 394 abrogata.

232 408 351 444 Paganis
366 413 457 436 autem
472 413 500 437 et
512 408 645 436 idolorum
661 409 813 437 cultoribus
829 409 905 436 ibant
919 416 980 443 per-

196 462 308 482 suasum
323 454 381 482 ﬁeri
391 463 445 482 non
456 462 547 490 posse.
561 461 591 483 ut
603 456 696 491 plures
708 456 763 483 sint
773 455 822 487 dii,
839 455 887 483 sed
896 462 979 482 unum

195 500 386 528 tantummodo
409 509 471 528 esse
495 500 580 529 Deum
605 501 666 529 cmli
682 506 708 529 et
724 506 814 533 terrae,
833 507 980 535 rerumque

196 545 319 572 omnium
338 550 509 579 creatorem;
531 546 671 574 Christum
693 554 758 574 vero
781 546 891 573 unicum
918 545 979 580 ejus

194 599 256 619 esse
268 590 379 626 Filium,
400 592 438 619 ita
450 600 464 619 a
479 591 560 620 Patre
575 593 706 628 genitum,
724 596 753 620 ut
767 600 838 620 unus
853 592 979 626 idemque

194 644 255 663 cum
274 645 307 664 eo
321 637 357 665 sit
372 636 454 666 Deus.
469 637 559 671 Hunc,
574 642 605 665 ut
619 637 743 666 homines
758 637 914 670 redimeret,
926 636 977 664 bu-

194 690 302 710 manam
326 684 508 719 assumpSisse
530 691 649 717 carnem,
658 685 812 721 ipsumque,
821 691 875 718 quo
891 683 976 718 magis

193 727 325 755 falsorum
347 728 490 755 numinum
505 728 594 756 cultus
618 728 738 756 infandis
755 729 905 756 sceleribus
922 729 975 756 ob-

192 773 425 808 scenitatibusque
442 773 632 801 abominandis
647 777 706 800 erat
721 777 931 808 conspurcatus,
942 781 975 801 eo

192 819 318 854 puriores
332 819 537 854 sanctioresque
558 823 585 847 et
605 821 666 847 vitae
679 819 853 847 instituendae
867 823 895 847 et
908 819 974 847 ado-

191 865 284 892 randre
294 865 445 893 divinitatis
461 865 533 900 leges
547 865 704 892 hominibus
717 864 972 893 constituisse.Por—
988 885 1009 914 Β

191 919 223 938 ro
246 915 335 938 autem
359 911 412 938 etsi
426 910 553 938 Christus
574 911 608 938 ab
630 911 721 945 impiis
735 910 972 945 perduellibusque

189 956 290 984 Judaais
306 957 386 984 morti
410 956 492 984 fuerit
507 957 624 985 traditus
635 977 642 990 ,
658 957 805 991 scriptores
819 961 910 984 tamen
923 964 973 984 no—

188 1003 237 1029 stri
264 1002 479 1030 luculentissime
502 1002 682 1030 Ostendebant
709 1002 782 1030 illius
804 1002 972 1030 divinitatem

188 1049 349 1080 innumeris.
363 1056 423 1084 quae
435 1048 495 1084 ipse
507 1048 640 1081 ediderat,
656 1056 770 1084 quaeque
784 1049 843 1083 ipso
857 1056 973 1076 nasccn-

188 1098 224 1125 le,
241 1093 384 1126 moriente,
404 1098 486 1129 atque
500 1102 515 1121 a
529 1095 645 1122 mortuis
669 1098 829 1129 resurgente
851 1094 972 1129 contige-

187 1143 258 1171 rant,
276 1139 415 1167 miraculis
432 1139 516 1167 fuisse
526 1148 655 1175 perquam
668 1140 847 1168 invictissime
858 1140 971 1168 demon-

187 1188 311 1213 stratam.
329 1184 378 1213 His
401 1185 537 1213 addebant
560 1193 611 1213 nos
635 1190 698 1221 post
715 1186 803 1222 ipsum
824 1193 840 1212 a
856 1185 971 1213 mortuis

187 1230 334 1266 aliquando
347 1238 409 1259 esse
431 1231 616 1264 suscitandas,
633 1239 665 1259 ac
679 1232 830 1260 secundum
845 1232 907 1259 vitae
921 1239 972 1259 no-

186 1280 251 1304 stra:
273 1284 355 1311 opera
380 1280 427 1304 aut
449 1277 592 1312 suppliciis
617 1279 727 1306 aeternis
742 1278 907 1311 alliciendos,
924 1281 971 1305 aut

186 1323 353 1358 sempiterna
367 1322 511 1350 donandos
526 1323 664 1351 felicitate.
681 1324 767 1357 Quam
788 1324 898 1360 quidem
922 1323 971 1351 du-

185 1368 302 1394 ctrinam
318 1368 469 1401 miraculis,
488 1376 502 1395 a
518 1376 547 1396 se
557 1377 665 1404 quoque
680 1369 760 1397 editis
772 1369 969 1403 conﬁrmatam,

186 1413 247 1442 fuso
259 1414 391 1449 sanguine
406 1415 565 1450 plerumque
578 1415 792 1450 consignabant.

221 1462 296 1495 Quos
319 1462 430 1490 tandem
455 1462 490 1490 ad
506 1462 688 1490 Christianam
704 1463 784 1492 ﬁdem
799 1471 895 1492 recens
922 1465 971 1491 ad-

185 1508 335 1540 duxerant,
351 1508 401 1535 hos
416 1508 511 1544 primis
527 1516 603 1536 nova:
624 1509 690 1544 legis
703 1509 846 1545 praeceptis
859 1509 968 1538 erudie-

1034 263 1178 299 stigatione
1189 267 1302 298 paterna
1316 264 1494 295 coercebant,
1510 263 1748 298 corrigebantque.
1763 262 1811 290 Alii

1033 308 1149 343 denique
1162 315 1196 335 ne
1209 307 1389 344 simpliciores
1402 307 1582 343 quorumdam
1594 307 1677 334 animi
1693 313 1813 334 corrum-

1032 357 1173 388 perentur,
1190 354 1219 380 in
1238 360 1380 389 perversae
1394 353 1543 385 doctrinas,
1560 359 1723 387 erroresque
1738 350 1812 379 nefa~

1032 398 1099 431 rios,
1112 406 1144 426 ac
1161 403 1304 427 nascentes
1316 398 1434 426 haereses
1450 399 1551 434 stylum
1565 401 1716 425 verterunt.

1338 455 1453 483 CAPUT
1472 455 1516 483 lll.

1032 511 1068 539 De
1082 513 1209 539 hrcresum
1224 513 1303 547 primi
1319 513 1409 540 swculi
1424 518 1493 543 ortu,
1512 519 1663 547 progressu,
1681 516 1706 538 et
1722 512 1812 539 interi-

1066 552 1103 579 tu,
1118 556 1258 582 earumque
1268 547 1510 582 expugnatoribus;
1531 555 1562 574 ac
1576 547 1692 581 primum
1705 547 1738 574 de
1760 547 1812 574 lm-

1064 583 1116 609 π·εεὶ
1131 580 1248 610 Simoni;
1262 580 1346 616 Magi;

1062 638 1162 667 Verum
1179 639 1317 667 enimvero
1335 639 1466 667 adversus
1481 638 1589 666 divinos
1604 637 1765 665 Christianae
1779 637 1811 664 ﬁ-

1027 685 1068 713 dei
1078 689 1228 713 assertores
1235 685 1334 720 abipso
1346 684 1458 712 orientis
1465 684 1592 711 Ecclesiae
1611 682 1729 710 initioex
1740 683 1810 711 erebi

1027 729 1153 758 faucibus
1175 734 1348 758 emerserunt
1370 729 1504 764 stupenda
1524 729 1662 756 variarum
1679 728 1811 755 haresum

1025 779 1146 802 monstra
1161 783 1167 802 :
1181 778 1263 810 atque
1278 779 1307 802 ut
1322 774 1470 810 prudenter
1485 777 1577 801 monet
1593 772 1810 800 Theodoretus':

1024 820 1090 848 Cum
1102 820 1224 848 diabolus
1231 820 1364 848 hominum
1371 820 1510 855 perniciem
1518 820 1613 851 sitiret,
1624 828 1674 846 non
1681 825 1813 853 exspecta-

1023 866 1071 897 vit,
1080 870 1108 892 ut
1115 865 1292 900 apostolorum
1298 865 1451 900 pradicatio
1458 865 1635 896 incalesceret;
1644 863 1689 891 sed
1695 870 1753 890 cam
1759 863 1813 898 pri-

1023 920 1093 938 mum
1101 912 1141 939 illi
1146 917 1243 939 terram
1250 912 1345 944 colere,
1352 917 1376 938 et
1383 911 1488 946 pietatis
1496 912 1598 938 semina
1606 919 1727 946 spargere
1734 919 1813 946 ωερε-

1022 961 1095 989 runt,
1115 956 1265 984 hicinterim
1273 956 1532 988 seminavitzizania,
1543 956 1768 984 idestschismata
1785 960 1813 984 et

1022 1002 1149 1030 haereses.
1166 1002 1267 1030 Contra
1284 1002 1343 1030 haec
1357 1003 1507 1030 errantium
1521 1003 1662 1030 hominum
1676 1006 1810 1037 portenta,

1020 1057 1081 1085 quae
1094 1057 1148 1077 non
1164 1050 1264 1081 minus,
1279 1057 1361 1085 quam
1373 1053 1574 1085 persecutores,
1588 1049 1699 1077 crudele
1711 1054 1739 1076 et
1753 1050 1813 1077 exi-

1021 1095 1122 1122 tiosum
1138 1094 1267 1122 Ecclesiae
1282 1094 1384 1122 bellum
1399 1095 1563 1127 intulerunt,
1578 1094 1741 1129 quandoque
1761 1101 1811 1129 pa-

1020 1140 1074 1168 lam
1091 1144 1118 1167 et
1133 1144 1236 1176 aperte,
1252 1140 1415 1175 quandoque
1430 1140 1542 1172 tectius,
1565 1143 1593 1167 et
1607 1139 1743 1167 occultius
1764 1139 1812 1167 de-

1021 1190 1160 1214 certarunt
1185 1185 1334 1221 scriptores
1359 1185 1457 1213 nostri.
1474 1185 1644 1220 Quapropter
1663 1190 1694 1213 ut
1716 1193 1810 1213 eorum

1020 1231 1133 1266 scripta,
1150 1230 1251 1266 quibus
1276 1230 1394 1258 hareses
1409 1229 1477 1258 satis
1503 1230 1618 1258 obscure
1631 1230 1723 1258 verbis
1743 1238 1811 1257 non-

1020 1284 1159 1312 nunquam
1175 1274 1382 1303 obscurioribus
1397 1275 1602 1311 impugnantur,
1619 1275 1728 1303 facilius
1744 1284 1811 1311 pos-

1021 1323 1076 1351 sint
1098 1322 1222 1357 intelligi,
1244 1321 1400 1349 earumdem
1414 1321 1555 1349 baereseé'iv
1577 1325 1665 1354 ortus,
1685 1329 1809 1357 progres-

1020 1375 1068 1395 sus
1092 1372 1119 1395 et
1135 1367 1260 1395 interitus
1276 1366 1403 1398 breviter,
1420 1366 1468 1393 sed
1483 1366 1556 1393 clare
1569 1369 1597 1393 et
1620 1370 1748 1394 accurate
1761 1373 1810 1393 ex-

1020 1413 1138 1449 plicandi
1155 1416 1230 1441 sunt.

1059 1470 1154 1498 Simon
1166 1469 1260 1505 Magus
1274 1468 1390 1504 primam
1401 1468 1661 1500 interChristianos,
1694 1472 1725 1495 ut
1751 1467 1808 1495 lre—

1020 1517 1123 1548 naeus',
1146 1514 1280 1543 Eusebius
1296 1514 1318 1547 ³,
1334 1514 1502 1550 Epiphanius
1521 1514 1532 1530 ⁸
1549 1518 1577 1542 et
1593 1513 1781 1542 Theodoretus
1795 1514 1808 1530 '

184 1555 268 1586 bant,
285 1553 525 1589 informabantque
548 1563 602 1590 qua
627 1556 734 1584 ratione
748 1560 812 1591 post
833 1556 967 1591 abiectam

1042 1566 1181 1596 nemorant,
1210 1563 1334 1590 hseresim
1350 1563 1523 1598 excogitavit,
1542 1562 1806 1597 disseminavitque:

183 1600 338 1628 Iuda-orum
363 1608 565 1636 paganorumve
590 1602 746 1637 religionem
769 1604 814 1631 uni
829 1603 884 1632 Deo
907 1612 968 1632 ser-

183 1647 321 1674 viendum.
339 1646 408 1674 Tum
423 1647 521 1675 deinde
543 1655 590 1675 eos
614 1647 749 1676 docebant
772 1649 838 1684 quid
852 1650 968 1685 singulis

183 1693 338 1728 quibusque
352 1697 425 1720 esset
440 1693 623 1728 praestandum
634 1713 641 1726 ,
661 1697 690 1721 ut
703 1695 866 1729 genitalibus
881 1696 969 1731 bapti-

183 1738 234 1765 srni
253 1738 333 1765 undis
347 1737 456 1765 Christo
472 1739 638 1774 consepulti,
658 1743 685 1766 et
698 1747 759 1767 cum
776 1747 808 1768 eo
823 1749 968 1777 resurgen-

183 1788 236 1816 tes,
256 1792 326 1811 nova
350 1785 445 1820 gratia:
466 1785 533 1816 vita,
549 1786 669 1820 peccatis
679 1787 801 1821 amplius
816 1795 870 1815 non
885 1788 968 1815 mori-

182 1830 248 1863 turi,
265 1833 484 1858 renascerentur.
496 1829 561 1858 Post
576 1836 734 1867 susceptum
746 1833 845 1861 divina:
855 1842 968 1870 regene-

185 1876 299 1904 rationis
310 1881 523 1910 sacramentum,
536 1878 684 1905 secretiora
699 1878 760 1906 ﬁdei
773 1883 873 1907 nostrae
887 1880 966 1916 adyta

181 1923 222 1949 eis
244 1923 404 1950 reserabant
428 1922 502 1949 clara
524 1927 550 1950 et
575 1927 703 1950 accurata
716 1931 811 1951 eorum
829 1925 966 1958 omnium,

181 1975 241 2003 quae
261 1968 330 1996 alios
345 1968 480 2001 celabant,
496 1976 558 1996 cum
574 1970 765 2005 mysteriorum
782 1970 925 1999 Trinitatis
940 1975 967 1999 et

180 2014 393 2047 lncamationis,
420 2018 478 2042 tum
505 2021 739 2043 sacramentorum
763 2024 795 2044 ac
816 2018 966 2052 praesertim

181 2059 359 2087 Eucharistize
374 2060 554 2095 expositione.
572 2060 602 2088 ln
616 2062 713 2096 primis
727 2066 817 2090 autem
828 2063 891 2091 illos
903 2064 968 2092 hor-

181 2104 319 2136 tabantur,
334 2107 364 2131 ut
379 2104 406 2131 in
421 2105 520 2132 tradita
532 2105 583 2133 lide
593 2109 752 2134 constantes
763 2113 964 2142 permanerent,

179 2157 211 2177 ac
238 2157 287 2185 pro
315 2156 346 2177 ea
368 2149 468 2177 tuenda
490 2150 617 2185 quaelibet
632 2150 783 2186 perferrent
795 2159 895 2188 genera
909 2158 967 2180 tor-

179 2202 344 2225 mentorum.

214 2248 319 2281 Quibus
336 2255 402 2276 sane
416 2248 561 2276 tormentis
580 2249 602 2277 si
617 2250 671 2276 vita
690 2249 732 2277 eis
753 2250 914 2284 eriperetur,
925 2250 963 2278 v'id

178 2293 303 2320 nonnulli
327 2293 426 2321 litteris
448 2294 625 2323 mandabant.
643 2294 805 2322 Scribebant
828 2304 893 2324 vero
917 2297 963 2325 alii

179 2339 294 2366 aliorum
311 2338 411 2366 virtute
425 2343 452 2367 et
466 2340 564 2368 merito
575 2340 795 2375 pratstantiorum
809 2341 962 2376 historiam,

178 2385 288 2416 itinera,
314 2385 447 2419 pericula,
470 2386 596 2419 labores,
623 2386 783 2418 certamina,
808 2388 963 2422 passiones,

179 2431 323 2467 supplicia,
333 2435 360 2459 et
372 2433 463 2459 omnia
476 2439 571 2459 eorum
587 2432 709 2468 martyrii
726 2436 796 2460 acta.
808 2432 863 2460 Alii
877 2436 964 2461 statu-

178 2482 205 2504 ta
221 2481 247 2506 et
257 2486 386 2510 canones,
403 2478 436 2505 ab
451 2478 581 2513 apostolis
594 2485 742 2513 eorumque
757 2479 964 2507 successoribus

178 2525 212 2552 ad
227 2525 359 2552 doctrina:
373 2524 594 2559 explicationem,
610 2524 887 2561 informationemque
904 2533 963 2553 m0—

178 2578 238 2598 rum
254 2571 369 2602 sancita,
386 2571 497 2606 scriptis
510 2571 731 2604 tradebant;-alii
746 2571 817 2600 datis
829 2573 863 2600 ad
877 2579 962 2607 quos-

177 2617 240 2644 dam
256 2616 439 2649 Christianos,
457 2622 503 2644 aut
518 2617 674 2652 episcopos,
685 2621 732 2643 aut
743 2615 878 2644 Ecclesias
889 2618 962 2645 litte-

176 2663 227 2694 ris,
244 2663 305 2690 illos
322 2663 506 2690 accendebant
522 2662 555 2689 ad
567 2665 743 2698 tyrannorum
759 2664 961 2698 persecutiones

176 2707 374 2743 patientissime
396 2706 568 2741 tolerandas;
582 2707 623 2735 vcl
638 2707 762 2743 graviora
777 2708 959 2743 quorumdam

212 2810 221 2825 ί
237 2809 345 2836 Praefat.
369 2809 418 2837 lib.
437 2810 452 2836 ι’
467 2809 568 2837 Ηαινει.
592 2809 660 2837 Fab.

176 2844 186 2860 '
203 2844 303 2882 Hmret.
336 2844 402 2873 Fab.
424 2845 470 2873 lib.
503 2853 522 2878 ι,
538 2853 599 2880 cap.
618 2846 642 2873 Ι.
681 2844 761 2874 'Lib.
776 2854 794 2874 ιι
813 2848 883 2875 Hist.
904 2854 965 2882 cap.
977 2847 1021 2874 14.
1059 2847 1069 2863 ⁷
1085 2843 1144 2873 Lib.
1161 2843 1335 2872 vuStromat.
1374 2843 1452 2870 'Act.
1466 2849 1561 2875 vm,lx
1577 2845 1603 2869 et
1618 2849 1676 2876 seq.

176 2881 217 2909 cis
239 2881 314 2908 citat.

1023 1607 1057 1635 Ut
1083 1608 1197 1644 magnis,
1221 1608 1310 1643 inquit
1348 1607 1484 1636 Eusebius
1500 1607 1530 1640 ⁸.
1555 1612 1579 1635 et
1603 1607 1808 1635 admirabilibus

1020 1654 1167 1682 Servatoris
1188 1655 1271 1681 nostri
1288 1654 1414 1688 apostolis
1429 1661 1479 1688 par
1493 1654 1664 1681 adversarius
1679 1654 1808 1680 consiste»

1021 1706 1072 1728 ret.
1089 1700 1148 1733 Qua
1162 1708 1228 1735 ergo
1239 1700 1345 1727 ratione
1359 1700 1485 1727 Clemens
1500 1699 1699 1727 Alexandrinus
1710 1699 1720 1716 '
1735 1699 1808 1727 hanc

1020 1746 1145 1773 haeresim
1164 1754 1219 1773 non
1238 1749 1301 1773 ante
1315 1745 1437 1773 adultum
1452 1745 1582 1773 seculum
1601 1745 1763 1772 secundum.
1779 1749 1808 1772 et

1021 1790 1167 1818 Marcionis
1179 1794 1290 1818 aetatem
1304 1794 1395 1818 ortum
1417 1791 1546 1818 habuisse
1567 1790 1676 1822 dixerit,
1693 1791 1808 1818 omnino

1019 1844 1074 1863 non
1091 1836 1225 1864 videmus.
1242 1835 1296 1864 Sed
1315 1835 1348 1864 de
1369 1836 1420 1864 hac
1435 1836 1583 1864 Clementis
1597 1836 1725 1870 opinione
1740 1836 1807 1863 alibi

1019 1882 1215 1917 disputabitur.

1053 1927 1079 1956 Is
1101 1936 1183 1963 porro
1207 1928 1301 1956 Simon
1319 1927 1415 1964 Gythis
1432 1929 1493 1956 vico
1508 1928 1639 1956 Samaria:
1659 1927 1805 1959 oriundus.

1018 1974 1095 2010 plura
1112 1982 1173 2009 quae
1197 1974 1337 2002 miraculis
1351 1978 1379 2000 et
1400 1973 1533 2009 prodigiis
1565 1974 1677 2000 omnino
1701 1972 1806 1999 similia

1018 2021 1191 2053 videbantur,
1212 2021 1325 2055 magicis
1339 2021 1443 2047 artibus
1459 2019 1593 2054 patrabat.
1611 2018 1663 2046 Sed
1679 2023 1741 2053 post
1754 2026 1806 2046 ex-

1018 2069 1148 2095 stinctum
1161 2067 1292 2102 martyrio
1302 2066 1481 2101 Stephanum,
1497 2065 1639 2100 Philippus
1649 2065 1804 2092 Samariam

1016 2113 1149 2148 evangelii
1169 2111 1334 2147 praedicandi
1348 2112 1436 2146 gratia
1451 2119 1481 2139 se
1500 2111 1625 2142 contulit,
1641 2111 1731 2145 ibique
1746 2118 1804 2137 non

1018 2158 1097 2191 falsa,
1114 2163 1144 2185 ut
1159 2157 1282 2189 Simon',
1299 2157 1347 2184 sed
1362 2164 1425 2184 vera
1441 2156 1526 2184 edidit
1541 2156 1683 2183 miracula.
1696 2155 1804 2188 Quibus

1018 2205 1052 2232 ab
1062 2204 1156 2232 eodem
1185 2202 1297 2230 Simone
1318 2202 1394 2237 Mago
1414 2202 1542 2237 cognitis,
1556 2201 1741 2229 Christianam
1756 2208 1805 2228 re-

1017 2250 1146 2286 ligionem
1163 2249 1209 2277 ille
1222 2248 1365 2284 professus
1382 2251 1435 2280 est,
1450 2248 1503 2280 vel,
1518 2252 1547 2274 ut
1564 2248 1603 2273 ait
1627 2246 1762 2274 Eusebius
1778 2246 1802 2278 ',

1015 2295 1154 2322 simulavit
1168 2302 1198 2321 se
1213 2293 1345 2329 proﬁteri.
1359 2293 1427 2320 Cum
1440 2300 1504 2320 vero
1519 2292 1545 2319 in
1555 2292 1706 2327 baptizatos
1722 2298 1803 2319 sacra

1015 2341 1087 2369 Petri
1114 2345 1140 2368 et
1166 2339 1280 2367 Joannis
1306 2347 1437 2366 manuum
1461 2339 1637 2374 impositione
1666 2337 1803 2372 Spiritum

1017 2391 1155 2419 sanctum,
1170 2386 1298 2414 omnibus
1310 2385 1391 2420 plane
1404 2384 1609 2419 aspectabilem,
1633 2382 1804 2411 descendere

1015 2432 1216 2468 conspexisset,
1241 2431 1383 2466 pecuniam
1412 2429 1508 2457 iisdem
1526 2428 1658 2465 apostolis
1678 2428 1802 2461 obtulit,

1013 2484 1043 2507 ut
1058 2478 1183 2506 eumdem
1197 2477 1328 2512 Spiritum
1339 2481 1464 2504 sanctum
1480 2475 1508 2502 in
1522 2475 1590 2502 alios
1603 2473 1804 2501 transfunden-

1013 2526 1039 2552 di
1054 2525 1105 2553 sibi
1122 2523 1244 2551 facerent
1257 2525 1429 2558 potestatem.
1445 2521 1548 2548 Verum
1565 2521 1617 2547 hac
1631 2519 1712 2554 impia
1724 2519 1802 2546 obla-

1010 2572 1086 2599 tione
1113 2571 1147 2597 ab
1169 2569 1300 2605 apostolis
1329 2568 1387 2595 acri
1413 2574 1578 2602 magnoque,
1599 2566 1636 2593 uti
1653 2572 1702 2600 par
1716 2569 1800 2596 erat,

1012 2617 1104 2644 animo
1115 2614 1261 2643 confestim
1275 2614 1386 2649 reiecta,
1403 2612 1498 2640 Simon
1523 2613 1551 2640 in
1576 2619 1624 2639 eos
1644 2610 1802 2638 debaccha-

1011 2667 1067 2694 tus,
1095 2667 1207 2688 rursum
1231 2659 1345 2694 magicis
1377 2659 1493 2690 artibus,
1520 2657 1711 2691 erroribusque
1738 2656 1800 2684 suis

1014 2705 1175 2743 spargendis
1189 2712 1221 2733 eo
1235 2704 1459 2740 perniciosiorem
1474 2703 1548 2731 dedit
1562 2710 1684 2738 operam,
1700 2710 1756 2737 quo
1766 2709 1799 2729 ea

699 2809 781 2845 fLib.
800 2812 924 2839 rodvers.
941 2811 1044 2840 limes.
1067 2818 1128 2845 cap.
1148 2810 1194 2837 20.
1213 2808 1242 2845 _'
1261 2807 1332 2834 Hist.
1348 2807 1434 2845 lib._n
1447 2814 1507 2841 cap.
1531 2806 1575 2833 15.
1613 2806 1623 2821 ⁵
1640 2803 1793 2845 llwre{._21

1723 2839 1798 2867 ιιο,
