1893 3101
80 180 110 207 IS
522 179 619 208 PRIMI
639 179 816 207 ECCLESLE
837 177 973 206 SECULI
994 177 1252 206 SCRIPTORIBUS.
1670 180 1702 207 Η

77 235 166 263 omnia
177 235 238 262 ﬁcta
251 234 403 264 Christiani
421 235 540 264 nominis
555 235 645 272 specie
658 235 789 263 audacius
804 242 866 262 ven-
884 237 905 264 A
919 235 1074 268 periculum.
1092 235 1161 270 quod
1179 235 1326 263 Christiani
1351 236 1512 264 docebantur
1526 244 1700 271 contemnere,

77 282 187 310 ditabat.

110 326 161 360 Qui
175 329 267 354 autem
279 325 381 354 fuerint
393 326 514 356 Simonis
527 335 636 356 errores
659 327 692 355 ab
708 328 867 362 antiquissi-

76 373 128 400 mis
140 370 268 400 Patribus
284 373 385 401 disces.
412 373 533 401 Primum
558 374 631 401 enim
653 381 686 401 ex
704 373 866 403 Theodoreti

76 423 136 453 pou
144 417 274 445 lrenaaum
286 419 445 446 testimonio
457 420 479 435 ‘°
492 429 499 448 :
511 419 607 447 Docuit
620 420 787 454 semetipsum
800 428 865 451 esse,

78 464 128 499 qui
144 464 213 490 inter
226 463 337 492 Judazos
349 465 465 500 quidem,
479 465 557 500 quasi
579 464 668 491 Filius
694 465 866 499 apparuerit;

75 510 102 536 in
116 509 246 537 Samaria
258 514 347 536 autem
356 530 365 543 ,
377 510 455 546 quasi
467 509 549 537 Pater
562 510 735 542 descenderit,
750 514 775 537 et
786 510 813 536 in
829 517 867 536 re-

74 554 156 589 liquis
164 562 225 580 vero
237 554 369 589 gentibus,
389 554 467 589 quasi
480 553 598 586 Spiritus
612 558 723 580 sanctus
734 572 742 585 ,
767 552 863 579 aduen-

72 600 149 626 tarit.
177 599 272 635 Neque
286 600 331 627 his
351 604 484 635 repugnat
501 600 529 627 in
547 606 618 626 nova
631 599 751 627 editione
772 606 865 626 cmen-

72 646 138 674 data
151 646 298 682 Augustini
315 647 440 674 narratio
455 646 488 674 “.

110 693 240 721 Secundo
257 693 341 721 iidem
360 693 467 724 Patres.
480 701 531 721 nec
543 700 597 720 non
611 693 787 726 Philastrius,
806 697 863 720 tra-

70 737 144 766 dunt
168 737 307 766 Simonem
333 738 385 765 sibi
400 739 544 773 copulasse
569 737 698 766 Helenam
721 746 769 766 seu
793 737 864 765 Sile-

70 792 137 811 n
153 794 161 812 :
178 784 245 817 Quae
269 785 346 812 initio
362 784 479 820 quidem,
496 784 578 812 verba
602 789 668 812 sunt
695 784 805 811 Eusebii
822 784 843 799 ”
854 803 861 815 ,

72 829 144 864 apud
174 829 275 865 Tyrum
305 831 395 858 urbem
425 831 560 858 Phenices
596 829 698 864 publice
726 830 754 856 in
787 829 863 863 lupa-

72 876 134 902 nari
160 876 325 909 prostiterat.
345 876 417 905 idem
433 876 538 908 Simon,
554 879 624 904 teste
647 875 760 906 Irenzeo.
788 875 862 902 dicc-

71 922 120 949 bat
138 932 145 949 :
161 921 241 949 Hanc
256 931 318 950 esse
330 923 443 957 primam
465 923 559 950 mentis
578 922 634 957 ejus
650 921 839 956 conceptionem
852 940 859 952 ,

70 972 185 994 matrem
211 968 341 1001 omnium,
358 975 405 1002 per
428 976 507 1003 quam
520 968 598 995 initio
615 968 731 1001 concepit
757 966 862 1002 angelos

71 1012 160 1045 latae
173 1016 199 1039 et
217 1012 446 1047 archangelos.....
476 1020 493 1038 a
517 1011 611 1046 quibus
625 1015 650 1038 et
665 1010 791 1037 mundum
805 1009 863 1044 fac-

68 1062 129 1084 tum
140 1066 198 1085 esse
209 1057 289 1085 dixit.
304 1057 386 1085 Addit
402 1058 569 1093 Epiphanius
582 1066 589 1085 :
607 1057 641 1084 Se
657 1065 789 1084 summam
807 1064 863 1083 esse

72 1102 124 1130 Dei
136 1104 200 1136 vim,
216 1107 332 1130 scortum
347 1111 406 1130 vero
419 1111 496 1130 suum
513 1102 643 1136 Spiritum
659 1110 715 1129 esse
740 1107 862 1129 sanctum

72 1149 208 1184 opimiore
223 1157 306 1176 ausus
318 1154 358 1176 est
372 1157 382 1180 ;
402 1152 484 1183 atque
497 1155 558 1176 eam
578 1148 665 1183 ipsam
679 1155 741 1175 esse
753 1152 859 1182 propter

69 1204 150 1229 quam
161 1215 170 1226 .
195 1199 227 1222 ut
241 1195 362 1230 loquitur
378 1194 506 1228 lrenaaus,
524 1194 671 1226 Troianum
697 1198 862 1220 contractum

69 1247 111 1268 est
125 1241 237 1269 bellum.
255 1241 323 1269 Hinc
347 1241 476 1268 ridiculas
501 1240 644 1276 anilesque
660 1241 767 1268 fabulas
783 1248 860 1267 com-

71 1291 194 1320 menius,
210 1287 386 1315 asseverabat
412 1293 478 1314 eos:
501 1286 554 1320 Qui
573 1287 602 1313 in
616 1294 674 1313 eum
695 1291 719 1313 et
737 1286 765 1312 in
781 1285 862 1313 Hele-

70 1340 132 1359 nam
147 1340 222 1367 spem
236 1332 400 1360 habebam...
418 1332 560 1360 secundum
572 1332 658 1367 ipsius
672 1333 786 1367 gratiam
809 1332 862 1360 sal-

68 1379 127 1405 vari
141 1383 167 1405 et
179 1387 234 1405 nou
244 1378 387 1406 secundum
401 1386 491 1413 operas
499 1378 600 1413 justas.
616 1377 695 1411 Quod
708 1381 784 1405 certe
801 1384 862 1404 sec-

70 1424 210 1452 tatoribus
229 1425 287 1451 suis
301 1424 342 1452 sic
355 1424 401 1451 ille
414 1424 521 1452 tandem
536 1427 731 1459 persuaserat,
747 1427 778 1450 ut
791 1423 860 1449 ima-

69 1470 161 1504 ginem
171 1470 233 1504 ejus
248 1470 281 1497 ad
290 1470 403 1505 ﬁguram
410 1469 496 1502 lovis,
509 1469 616 1498 Heleni!
627 1476 693 1497 vero
705 1468 738 1496 ad
749 1468 861 1505 ﬁguram

72 1515 203 1542 Minervae
229 1515 312 1549 proni
332 1518 537 1548 venerarentur,
552 1514 662 1542 easdem
687 1513 860 1547 suﬂimentis,

69 1561 220 1589 sacriﬁciis
231 1569 264 1588 ac
276 1561 453 1589 libationibus
463 1561 553 1589 colere
565 1569 621 1588 non
636 1566 771 1589 verentes.

105 1607 204 1635 Simon
228 1611 370 1641 praeterea,
400 1611 512 1635 auctore
542 1606 694 1642 Epiphanio
713 1616 719 1634 :
742 1606 861 1634 Nomina

68 1652 195 1687 quadam
220 1653 416 1687 principatuum
435 1658 460 1679 et
471 1657 632 1687 potestatum
645 1658 805 1680 commentus
823 1658 863 1680 est

68 1699 240 1734 cautesque
252 1698 345 1734 globos
367 1699 499 1727 varios....
517 1704 636 1726 nostrum
650 1707 729 1734 porro
743 1699 791 1726 hoc
815 1707 863 1726 sm-

67 1745 160 1771 culum
174 1745 208 1771 ab
224 1744 348 1780 nequities
374 1745 563 1779 principatibus
577 1750 603 1772 et
618 1745 790 1780 potestatibus
804 1753 863 1772 cum

68 1789 173 1824 defectu
185 1790 331 1817 conditum.
345 1788 381 1817 Se
391 1797 466 1822 vero.
476 1795 505 1818 ut
518 1790 655 1818 subnectit
665 1790 794 1823 lrenaeus.
803 1799 863 1817 cum

68 1835 222 1862 hominibus
236 1839 419 1862 conoersatum
441 1835 539 1868 aiebat,
553 1844 613 1862 cum
626 1844 679 1862 non
692 1840 759 1863 esset
773 1835 861 1867 homo;

66 1885 93 1908 α
102 1889 218 1915 passum
228 1901 237 1913 ο
250 1889 309 1908 cum
324 1890 376 1908 non
392 1886 458 1908 ιςδει
469 1890 573 1916 passus.

105 1927 229 1955 Docebat
244 1928 357 1962 insuper
371 1937 377 1955 :
393 1927 486 1964 Legem
503 1927 604 1964 Moysi:
619 1937 671 1956 non
686 1937 702 1955 a
717 1928 782 1961 Deo,
808 1929 862 1955 nti—

69 1980 134 2000 mur
148 1972 298 2008 Epiplianii
313 1973 416 2005 verbis,
431 1973 476 2000 sed
492 1982 508 2000 a
520 1974 630 2001 sinistra
653 1973 767 2009 quatiant
788 1975 862 2001 intel-

69 2019 181 2054 ligentia
192 2018 340 2053 profectam
352 2027 361 2050 ;
376 2020 416 2046 uti
424 2027 503 2054 neque
516 2019 662 2055 prophetas
677 2027 692 2046 a
705 2020 776 2047 bono
791 2019 858 2052 Deo,

69 2064 118 2092 sed
143 2064 180 2091 ab
213 2065 266 2091 alia
291 2069 374 2100 atque
402 2064 455 2091 alia
485 2064 665 2100 intelligentia
692 2069 860 2099 comparatos

69 2109 191 2142 fuisse...
211 2109 323 2144 denique
337 2109 456 2145 quisquis
484 2109 571 2137 Veteri
595 2109 762 2138 Testamento
778 2110 857 2146 [idem

70 2153 180 2181 adhibet
194 2174 202 2185 ,
219 2154 355 2181 incurrere
368 2160 476 2181 mortem
500 2159 642 2182 asseverat.
667 2154 860 2183 Resurrectio-

70 2207 134 2228 nem
152 2208 222 2228 vero
237 2204 422 2234 mortuorum,
442 2201 481 2228 uti
498 2200 618 2228 refertur
632 2202 704 2236 apud
729 2202 860 2236 Augusti-

917 281 1006 308 dtcens
1023 281 1213 316 indi/ferentem
1234 289 1288 308 rem
1301 290 1356 308 esse
1370 282 1560 312 idololatriam.
1577 283 1636 311 Ima
1659 293 1704 311 ncs

918 327 976 354 ulla
999 328 1145 362 persecutio
1169 332 1261 355 contra
1289 327 1459 355 Simonianos
1477 337 1593 364 unquam
1611 335 1704 357 exorta

917 369 1161 400 est,’l‘ertul|ianus
1178 374 1198 388 “‘
1218 373 1335 408 denique
1358 377 1488 401 testatum
1505 374 1569 401 facit
1585 373 1705 402 Simonis

917 420 1068 446 sectatores
1087 418 1232 453 quemdam
1253 419 1359 454 angelis
1374 420 1490 450 cultum,
1511 421 1705 454 superstitione

916 465 943 489 et
956 462 1113 490 idololatria
1129 462 1261 490 infectum
1276 463 1435 491 exhibuisse
1455 473 1460 490 :
1475 463 1638 492 Simoniame
1656 475 1703 492 au-

917 511 967 534 tem
981 508 1074 543 magia:
1086 508 1238 542 disciplina,
1250 509 1351 543 inquit.
1364 510 1463 544 angelis
1474 511 1601 543 serviens,
1615 512 1704 546 utique

915 557 939 579 et
954 552 1012 586 ipsa
1036 553 1105 579 inter
1127 553 1296 580 idololatrias
1321 554 1515 588 deputabatur,
1540 561 1564 582 et
1584 564 1600 582 a
1625 556 1704 583 Petro

915 598 1034 632 apostolo
1062 599 1090 625 in
1115 599 1172 632 ipso
1199 598 1306 626 Simone
1322 599 1512 627 damnabatur.
1532 600 1599 628 Illud
1612 605 1703 629 tamen

915 643 1098 677 Tertulliano,
1116 645 1138 672 si
1168 645 1225 671 hinc
1245 652 1320 676 vera,
1337 645 1377 672 uti
1399 645 1529 678 refertur,
1551 647 1704 682 iueritejus

914 698 991 717 mens
1007 694 1033 717 et
1047 691 1194 722 sententia,
1217 690 1356 718 adversari
1382 691 1500 725 videtur,
1515 692 1588 727 quod
1610 692 1703 721 Simon

914 735 972 770 ipse
993 735 1136 770 jactitabat
1163 743 1193 763 se
1224 736 1335 771 angelos
1349 743 1477 766 ereasse:
1500 746 1585 773 seque
1601 747 1616 766 e
1633 741 1704 767 cmlo

913 781 1055 816 delapsum
1076 791 1082 808 :
1107 781 1141 808 Ut
1169 782 1287 817 angelos,
1312 791 1372 809 cum
1405 784 1473 811 male
1504 785 1703 813 moderarentur

914 827 1056 859 mundum,
1071 829 1223 862 corriperet.
1248 828 1301 856 Sed
1316 830 1382 856 nulli
1400 831 1499 858 mirum
1521 839 1583 859 esse
1603 831 1682 859 debet
1694 852 1701 862 .

914 873 937 900 si
953 874 1078 901 homines
1093 881 1107 900 a
1123 875 1248 902 veritatis
1259 875 1303 902 via
1327 883 1459 911 perquam
1472 877 1631 913 longissime
1650 879 1697 904 ah—

914 923 1048 952 errantes,
1065 927 1157 947 secum
1182 920 1233 955 ipsi
1253 921 1402 957 aliquando
1417 926 1548 957 pugnent,
1564 927 1591 951 et
1613 924 1702 958 inepte

913 967 1008 990 contra
1035 971 1065 991 se
1095 963 1197 991 dicant.
1219 964 1253 991 Et
1277 973 1307 992 re
1323 965 1433 1000 quidem
1453 974 1516 994 vera
1532 966 1702 1002 Epiphanius

915 1009 1052 1038 Simonem
1067 1010 1129 1037 ideo
1144 1011 1271 1046 castigat,
1297 1012 1370 1047 quod
1395 1011 1430 1040 de
1454 1013 1557 1048 angelis
1579 1015 1700 1049 quisedam

913 1064 1006 1084 secum
1027 1056 1178 1092 pugnantia
1201 1057 1346 1085 tradiderit
1363 1068 1369 1085 :
1388 1058 1618 1091 Quemadmodum
1642 1069 1702 1088 uero

913 1110 1042 1138 nugarum
1064 1111 1174 1129 suarum
1190 1102 1288 1130 oblitus
1307 1104 1446 1139 impostor,
1461 1106 1529 1132 velut
1539 1114 1630 1134 eorum
1643 1116 1702 1143 quia

913 1153 992 1175 antea
1018 1148 1176 1181 tradiderat,
1210 1149 1329 1184 ignarus,
1352 1158 1380 1177 se
1393 1151 1479 1184 ipsum
1504 1152 1612 1184 refellit.
1629 1152 1701 1180 Nam

913 1202 973 1220 cum
995 1193 1107 1222 dixisset
1127 1195 1234 1230 angelos
1249 1203 1265 1222 a
1291 1204 1319 1223 se
1343 1204 1389 1230 per
1407 1197 1608 1233 intelligentiam
1625 1207 1702 1226 suam

912 1245 1061 1272 procreatos
1073 1248 1129 1267 esse
1139 1260 1147 1272 ,
1171 1239 1281 1275 subjecit
1305 1246 1406 1275 postea,
1423 1247 1451 1268 ut
1472 1243 1574 1270 eosdem
1589 1244 1650 1272 illos
1666 1245 1703 1272 la-

913 1289 965 1312 tere
987 1285 1167 1313 dascendettdo
1181 1291 1279 1321 posset,
1296 1287 1410 1322 ﬁguram
1427 1288 1455 1315 in
1471 1297 1624 1324 unoquoque
1638 1291 1702 1317 carlo

913 1337 1040 1359 mutasse.
1059 1331 1146 1368 Igitur
1159 1333 1258 1360 latebat
1273 1333 1342 1366 ideo,
1356 1333 1426 1370 quod
1437 1343 1480 1362 eos
1496 1339 1632 1363 metueret.
1654 1336 1702 1362 At-

912 1378 1032 1413 quiquid
1051 1386 1106 1410 eos,
1131 1387 1195 1414 quos
1210 1379 1264 1413 ipse
1291 1379 1456 1409 condiderat.
1483 1381 1590 1416 angelos
1622 1382 1703 1417 impo—

912 1429 968 1451 stor
983 1424 1029 1451 ille
1040 1424 1170 1451 metuebat
1179 1426 1192 1452 ἴ

950 1469 1047 1497 Simon
1065 1477 1174 1498 errores
1189 1478 1254 1498 suos
1269 1471 1418 1505 publicavit
1436 1472 1553 1506 primum
1570 1471 1702 1500 Samaria:

913 1524 944 1544 ac
955 1517 983 1544 in
994 1516 1099 1549 Judaea,
1114 1517 1213 1545 deinde
1225 1517 1286 1545 aliis
1301 1517 1326 1544 in
1340 1517 1418 1549 locis,
1433 1518 1541 1553 oppidis
1556 1522 1583 1546 et
1595 1519 1695 1547 civita-

914 1562 1004 1594 tibus,
1022 1569 1054 1589 ae
1065 1562 1176 1589 tandem
1190 1561 1302 1594 Romae;
1332 1570 1386 1597 qua
1401 1563 1428 1590 in
1445 1563 1513 1590 urbe
1527 1564 1636 1591 animos
1650 1564 1701 1591 b0<

914 1608 1019 1635 minum
1031 1607 1068 1635 ita
1085 1608 1137 1636 sibi
1149 1609 1286 1642 devinxit,
1302 1613 1332 1636 ut
1353 1609 1405 1644 ipsi
1424 1614 1554 1644 tanquam
1572 1618 1702 1646 supremo

914 1653 970 1682 Deo
993 1654 1093 1682 summi
1118 1653 1286 1682 adorationis
1317 1654 1436 1683 honores
1465 1654 1566 1682 iuerint
1589 1655 1700 1687 decreti,

913 1703 941 1725 et
967 1698 1082 1727 Claudio
1107 1699 1269 1734 imperante,
1299 1703 1387 1727 statua
1403 1699 1490 1727 eidem
1506 1706 1596 1727 erecta
1614 1702 1642 1728 in
1660 1701 1701 1728 in-

913 1744 973 1771 sula
983 1744 1106 1772 Tiberina
1119 1745 1187 1772 inter
1200 1745 1267 1772 duos
1278 1750 1378 1779 pontes,
1388 1754 1445 1772 cum
1457 1746 1505 1772 hac
1517 1747 1682 1781 inscriptione
1690 1755 1700 1773 :

914 1790 1017 1818 Simoni
1046 1790 1101 1817 Deo
1130 1790 1240 1818 Sancto.
1268 1791 1387 1818 Narrant
1414 1796 1503 1818 tamen
1532 1794 1700 1820 recentiores

913 1835 1024 1870 quidam
1038 1836 1187 1870 scriptores
1216 1836 1238 1852 ¹⁸
1266 1836 1425 1871 pontiﬁcatu
1449 1836 1573 1872 Gregorii
1602 1838 1701 1865 decimi

914 1881 987 1908 tertii
1007 1881 1144 1909 inventam
1172 1881 1287 1917 hujusce
1312 1886 1410 1910 statuae
1428 1883 1516 1910 basim
1541 1883 1674 1918 lapideam
1690 1903 1700 1915 ,

913 1928 956 1954 cui
972 1927 1029 1955 haec
1049 1927 1192 1964 inscriptio
1211 1927 1295 1954 incisa
1312 1931 1372 1955 erat
1387 1937 1393 1955 ι
1407 1928 1513 1956 Semoni
1527 1924 1616 1956 Sanco
1645 1928 1699 1956 Deo

915 1971 992 1999 Fidio
1008 1981 1125 2003 sacrum.
1150 1973 1177 1999 id
1203 1977 1246 2000 est
1271 1976 1301 1999 ut
1315 1972 1367 2007 ipsi
1389 1972 1466 1998 aiunt
1485 1971 1628 2004 :Herculi,
1644 1980 1699 1999 non

914 2017 1028 2045 Simoni.
1047 2017 1111 2045 Inde
1134 2021 1224 2045 autem
1253 2017 1419 2044 concludunt
1441 2016 1590 2049 Iustinum,
1605 2018 1700 2053 primi-

912 2063 1023 2097 genium
1035 2062 1138 2090 erroris
1154 2062 1227 2090 illius
1242 2062 1355 2093 fontem,
1371 2063 1406 2089 ob
1421 2061 1522 2089 Latinae
1533 2062 1631 2097 linguae
1648 2063 1694 2090 im-

915 2108 1041 2142 peritiam
1055 2115 1070 2135 a
1084 2107 1253 2135 Simonianis
1271 2108 1426 2142 deceptum,
1452 2108 1600 2135 tradidisse
1629 2108 1700 2136 hanc

913 2154 998 2182 fuisse
1013 2152 1133 2180 Simonis
1146 2152 1214 2187 Magi
1227 2155 1357 2179 statuam.
1376 2151 1429 2179 Sed
1447 2152 1629 2186 scriptoribus
1644 2153 1698 2179 illis

911 2199 1022 2228 omnino
1037 2198 1205 2234 probandum
1221 2202 1280 2225 erat
1292 2198 1380 2225 basim
1397 2198 1482 2230 illam,
1497 2205 1557 2233 quas
1572 2197 1616 2226 his
1630 2202 1699 2225 tem-

68 2253 138 2273 num
152 2266 160 2278 ,
174 2247 343 2282 pernegabat
356 2266 364 2278 ,
379 2247 542 2282 sinebatque
561 2247 747 2275 indiﬂ'erenter
759 2248 799 2275 uti
817 2247 858 2275 fe-
875 2243 898 2272 D
911 2245 1025 2280 poribus
1037 2243 1141 2272 ultimis
1158 2244 1268 2270 inventa
1282 2247 1335 2275 est,
1352 2243 1476 2271 eamdem
1491 2243 1576 2279 ipsam
1592 2243 1677 2271 fuisse
1690 2265 1696 2277 ,

68 2292 165 2319 minis.
183 2291 234 2319 His
249 2292 317 2319 alias
336 2292 404 2327 ipse,
416 2295 443 2319 et
455 2291 585 2327 discipuli
600 2292 661 2327 ejus
675 2292 861 2327 adiungebant

65 2337 270 2369 obscenitates,
300 2337 538 2372 turpitudinesque
560 2341 664 2366 aeterno
686 2338 858 2365 damnandos

68 2381 192 2409 silentio.
215 2380 280 2409 Illas
295 2386 385 2410 tamen
397 2382 532 2410 Eusebius
544 2382 566 2398 “
575 2383 618 2410 his
630 2383 736 2417 paucis,
753 2391 804 2410 nec
818 2383 861 2410 in-

71 2425 211 2459 honestis,
223 2428 317 2455 verbis
330 2429 554 2462 comprehendit:
567 2427 644 2455 Nihil
659 2433 714 2456 tam
725 2429 860 2463 impurum

69 2476 118 2499 aut
134 2481 194 2500 esse
207 2478 256 2500 aut
267 2473 413 2509 excogitari
432 2479 529 2509 potest,
556 2473 626 2509 quod
647 2475 860 2510 flagitiosissima

69 2518 193 2550 illorum,
211 2517 334 2547 Simonis
345 2519 544 2554 discipulorum
557 2539 565 2553 ,
582 2524 654 2547 secta
672 2520 749 2554 longo
778 2520 860 2547 inter-

70 2565 144 2592 vallo
168 2573 222 2592 non
244 2569 358 2600 superet,
379 2565 442 2592 dum
457 2565 560 2593 miseris
585 2571 662 2600 atque
679 2567 750 2592 omni
766 2566 861 2594 scelere

66 2612 201 2647 conpertis
216 2611 372 2639 mulieribus
386 2611 514 2640 illudunt.

105 2657 221 2693 θῆκευὶ
238 2658 260 2673 ¹⁸
273 2658 299 2685 si
315 2657 477 2687 credideris.
499 2657 592 2685 Simon
610 2667 616 2685 :
633 2657 691 2690 Quo
704 2657 793 2691 plures
810 2658 860 2685 sibi

66 2709 179 2739 pararet
195 2704 355 2739 discipulos,
370 2703 479 2731 sustulit
493 2703 526 2731 de
547 2712 596 2731 sua
618 2703 740 2731 doctrina
764 2705 857 2732 mortis

105 2818 131 2835 "
147 2818 213 2847 Loc.
225 2819 273 2848 cit.
325 2818 346 2835 “
366 2817 424 2846 Lib.
442 2818 474 2846 ds
501 2820 565 2847 har.
581 2825 640 2852 cap.
664 2818 689 2844 l.

912 2292 1021 2326 ipstque
1036 2289 1236 2324 superpositam
1250 2293 1368 2316 statuam
1385 2289 1471 2321 illam.
1491 2289 1525 2316 de
1538 2297 1591 2324 qua
1612 2288 1699 2316 Justi-

912 2344 965 2364 nus
982 2335 1083 2370 aliique
1106 2333 1203 2362 Patres
1226 2334 1413 2369 antiquissimi
1440 2335 1607 2362 mentionem
1631 2335 1697 2362 olitn

913 2383 1047 2410 iecerunt.

947 2427 1013 2454 Utut
1028 2429 1075 2458 sit,
1091 2426 1196 2461 primus
1213 2425 1258 2452 ille
1271 2425 1516 2452 bwresiarcharum
1530 2432 1630 2460 parens
1653 2425 1696 2452 Si-

918 2481 981 2500 mon
998 2472 1103 2507 Magus,
1118 2479 1133 2498 a
1148 2471 1237 2505 primo
1252 2470 1438 2505 apostolorum
1454 2470 1588 2506 principe,
1606 2469 1696 2497 Simo-

913 2527 947 2546 ne
962 2518 1052 2550 Pctt'o,
1070 2517 1225 2553 perculsus,
1241 2516 1330 2544 victus
1351 2520 1564 2552 prostratusque
1575 2522 1618 2545 est
1635 2526 1641 2544 :
1663 2516 1697 2544 In

910 2564 1018 2596 Judtca,
1050 2563 1139 2598 inquit
1155 2562 1288 2590 Eusebius
1304 2562 1342 2595 ",
1358 2570 1374 2588 a
1397 2561 1477 2589 Petro
1498 2563 1619 2596 apostolo
1637 2571 1697 2590 eon-

908 2612 992 2639 oictus
1006 2615 1056 2641 est,
1077 2609 1215 2645 omniaque
1228 2609 1284 2643 ejus
1310 2608 1443 2642 maleﬁcia
1462 2608 1596 2643 patefacta
1608 2628 1616 2641 ,
1638 2609 1696 2635 ιοη-

910 2657 1017 2693 gissime
1031 2660 1106 2682 trans
1120 2663 1193 2683 mare
1204 2655 1294 2690 fugam
1308 2654 1431 2688 arripuit.
1442 2654 1521 2681 Hunc
1535 2658 1625 2682 autem
1641 2654 1697 2681 Bo-

913 2710 985 2731 mam
1003 2701 1148 2737 fugientem
1165 2701 1304 2736 apostolus
1319 2700 1472 2731 insecutus,
1494 2700 1594 2727 ibidem
1618 2700 1695 2727 illum

741 2818 761 2832 “
779 2817 838 2844 Lib.
857 2824 876 2844 tt
893 2816 963 2843 Hist.
981 2815 1102 2851 cap.ri5.
1138 2815 1164 2851 ff
1177 2814 1274 2851 Lib._u
1291 2813 1448 2851 Hist:__cap.
1550 2812 1570 2828 "
1594 2811 1693 2851 Lib._1't

67 2860 142 2888 cant.
167 2853 238 2882 Cels.
278 2853 300 2870 "
322 2853 385 2888 LibA
407 2853 438 2880 de
456 2847 694 2888 pra'script.'cap.
713 2853 756 2880 53.
798 2853 818 2868 '°
827 2851 927 2880 Justin.
945 2847 1023 2886 Apol:
1043 2850 1067 2884 l,
1086 2858 1114 2878 n.
1133 2849 1179 2883 ‘26,
1197 2853 1223 2877 et
1237 2848 1336 2877 Euseb.
1354 2848 1401 2876 lib.
1423 2847 1442 2876 ii
1461 2847 1521 2875 Hist
1559 2854 1618 2881 cap.
1647 2847 1690 2874 i5.

67 2885 89 2906 “'
104 2889 167 2918 Lib.
181 2896 202 2916 Il
219 2888 293 2917 Hist.
389 2889 432 2916 ll.
