1893 3101
180 180 214 208 15
771 179 814 206 DE
831 178 986 207 OMNIBUS
1003 178 1203 207 GENERATIM
1766 183 1800 210 16

181 245 346 273 omnemque
372 237 431 273 ejus
450 237 599 273 potentiam
627 237 728 265 delevit
755 241 782 265 et
812 238 965 265 exstinxit:
982 242 1004 271 Α
1019 238 1130 271 cultum,
1156 246 1232 273 quem
1249 238 1361 273 abjiccre
1374 239 1423 266 visi
1438 239 1555 274 fuerant,
1575 239 1696 274 deinceps
1707 239 1804 267 nihilo-

179 282 247 310 Cum
258 281 306 309 Dei
321 281 454 314 doctrina,
469 280 645 317 prosequitur
664 280 808 312 Eusebius,
835 279 966 307 Romanos

178 328 291 356 adventu
299 336 346 355 suo
353 328 524 359 illustrasset,
535 326 651 355 Simonis
658 326 760 362 quidem
770 327 808 354 vis
816 331 840 354 et
850 327 968 362 potentia

178 382 237 400 cum
247 381 303 408 ipso
312 372 393 400 simul
402 377 509 400 auctore
519 372 588 399 brevi
595 373 725 399 exstincta
736 376 814 407 atque
820 372 906 399 deleta
915 377 964 399 est.

178 420 267 454 Atque
288 423 317 446 ut
330 418 578 454 Augustiniverbis
604 421 714 445 utamur
732 418 754 434 ⁸⁸
768 427 775 445 :
788 417 821 444 In
836 425 888 453 qua
901 417 965 444 urbe

177 465 312 500 apostolus
329 464 425 491 Petrus
446 471 506 491 eum
535 471 596 491 vera
618 464 713 491 virtute
724 463 774 490 Dei
783 463 965 498 omnipotentis

175 512 312 540 exstinxit.
322 510 451 544 Quamvis
460 514 550 538 autem
563 510 609 538 ille
623 510 664 538 sic
675 508 774 537 fuisset
785 509 820 537 ab
834 509 964 545 Apostolo

175 558 294 585 obtritus
317 562 398 592 atque
423 564 588 592 oppressus,
617 556 710 592 plures
737 559 828 583 tamen
857 555 966 591 reliquit

175 611 301 632 errorum
317 603 508 638 scelerumque
520 610 633 631 suorum
646 610 833 630 successores.
848 601 917 629 Nam
930 610 965 630 ex

176 652 228 677 hac
243 649 416 677 amarissima
431 648 535 681 radice,
557 648 580 675 si
595 647 796 676 Theodoretum
813 647 910 675 audias
930 648 962 681 η,

176 696 228 723 orti
243 701 303 722 sunt
327 694 465 726 Cleodani.
491 693 657 726 Dositheani,
690 693 826 725 Gortlteni,
851 692 964 720 Musbo-

177 741 238 772 1ῆεί,
250 740 423 772 Adrianistw,
440 739 604 775 Eutychetis,
617 738 661 766 vel
675 742 704 766 ut
714 737 786 773 apud
797 737 963 765 Clementem

177 787 393 815 Alexandrinum
407 786 429 801 ¹⁰
443 794 450 820 ;
475 785 633 821 Eutychitw,
649 783 778 812 Cainistte
797 784 832 811 ¹¹.
867 783 964 810 Verum

175 834 312 866 hi.omnes,
333 841 392 860 cum
406 833 494 867 impia:
507 832 613 859 haeresis
627 839 723 865 pravas
739 829 868 865 quosdam
877 833 963 856 mlta-

176 882 258 917 tiones
273 881 474 914 excogitassent,
486 887 536 906 non
550 878 596 905 diu
610 877 752 910 durarunt,
775 876 820 903 sed
834 880 964 911 perpetute

1019 285 1106 311 minus
1118 283 1284 312 relabuntur.
1297 284 1448 312 Exstabant
1466 293 1531 321 ergo
1552 285 1663 314 Eusebii
1681 289 1806 321 tempore

1017 330 1130 366 quidam
1144 330 1256 358 haeresis
1273 330 1438 359 Simonianze
1453 331 1585 359 fautores.
1600 331 1634 359 At
1657 339 1720 359 cum
1746 332 1805 368 ple-

1017 383 1128 411 rosque,
1144 376 1255 404 retectis
1269 384 1364 403 eorum
1381 376 1535 408 fraudibus,
1553 384 1587 405 ex
1607 376 1729 406 Ecclesia
1748 376 1806 410 eje-

1016 426 1075 450 ctos
1086 430 1149 450 esse
1163 422 1234 450 idem
1252 422 1388 450 Eusebius
1404 422 1576 455 testiﬁcetur,
1592 422 1618 450 id
1634 426 1709 450 certe
1731 422 1806 450 indi-

1016 469 1059 495 cio
1071 471 1114 495 est
1129 475 1180 495 nec
1194 467 1279 496 dubio
1294 476 1344 496 nec
1356 469 1487 501 obscuro,
1501 475 1549 496 eos
1564 472 1622 495 tum
1638 475 1741 503 paucos
1756 467 1804 495 ad-

1015 513 1126 541 modum
1149 513 1246 548 fuisse,
1260 518 1288 542 et
1302 515 1412 550 quidem
1429 514 1481 542 sub
1498 513 1567 542 falso
1585 514 1805 542 Christianorum

1014 559 1125 587 nomine
1141 567 1202 588 sese
1223 561 1404 588 occultantes.
1426 559 1505 588 Unde
1520 559 1669 587 concludas
1689 566 1805 587 necesse

1013 610 1066 638 est,
1086 607 1209 634 heresim
1234 607 1308 634 illam
1334 615 1390 635 non
1409 607 1456 634 diu
1476 610 1571 642 postea
1586 613 1778 642 perseverasse
1792 625 1800 639 ,

1013 657 1040 680 et
1053 653 1108 680 cito
1121 652 1205 681 fuisse
1221 653 1394 681 exstinctam.

1313 698 1428 727 CAPUT
1452 697 1497 727 IV.

1254 744 1294 772 De
1307 744 1401 773 hazresi
1417 744 1570 773 Menandri.

1051 791 1074 807 “
1090 791 1239 819 Menander
1259 790 1447 819 Samaritanus
1469 799 1561 826 genere
1586 798 1600 818 e
1613 790 1668 817 vico
1683 789 1805 825 Capara-

1015 837 1076 869 teia,
1087 836 1283 872 Καπαρατείας
1295 844 1340 863 seu
1349 835 1466 872 Χάὸραι,
1474 836 1612 869 oriundus,
1621 835 1740 864 Simonis
1749 835 1806 863 dis-

1015 882 1122 917 cipulus
1133 902 1141 916 ,
1159 882 1181 898 "
1193 882 1320 917 majorem
1330 890 1358 909 se
1370 885 1532 908 antecessore
1543 889 1574 908 ac
1585 887 1744 916 prtereptore
1755 889 1804 909 suo

176 927 298 954 oblivioni
315 926 410 953 traditi
437 929 508 952 sunt.
521 925 556 952 Αι
567 924 591 952 εἰ
603 923 755 960 Hegesippo
771 923 850 950 [idem
864 922 965 950 habere
979 917 1000 945 Β
1010 928 1143 962 iactabat.
1160 926 1332 963 Quapropter
1347 927 1488 955 nonnullis
1509 927 1673 962 quibusdam
1696 927 1804 955 errori-

177 973 253 1006 velis,
275 977 393 1008 quatuor
417 972 523 1008 priores
542 970 676 1007 originem
690 970 828 997 duxerunt
844 977 850 994 :
865 968 888 995 E
906 976 964 1003 sep-

176 1024 227 1045 tem
241 1019 317 1045 sectis
333 1018 360 1045 in
371 1016 485 1044 Iudaico
499 1017 595 1052 populo
621 1016 819 1050 proseminatis.
849 1013 888 1041 Ex
910 1022 964 1049 quo

177 1064 299 1092 Valesius
308 1064 379 1091 hanc
386 1063 479 1092 elicuit
490 1062 695 1090 conclusionem
707 1070 714 1089 :
731 1060 836 1088 Rectius
852 1059 964 1087 dixisset

177 1109 415 1141 Theodoretus,eas
431 1116 518 1136 omnes
534 1115 566 1135 es:
581 1106 703 1134 ludaicis
715 1106 793 1133 sectis
806 1105 888 1140 fuisse
901 1113 964 1140 pro-

174 1160 297 1190 pagatus,
310 1155 424 1181 maxime
438 1162 496 1181 vero
510 1161 569 1180 cum
582 1151 702 1188 qua-dam
712 1151 818 1178 illarum
828 1149 965 1177 hatreset'bv

176 1201 331 1228 Simoniana
347 1200 500 1228 vetustiores
523 1207 581 1226 esse
595 1198 743 1230 videantur,
771 1196 842 1224 uerbi
864 1195 961 1231 gratia,

176 1248 308 1275 Gorthena
333 1252 358 1274 et
374 1246 547 1273 Dositheana.
577 1244 630 1272 Sed
646 1251 743 1271 vereor
757 1248 787 1271 ut
801 1243 859 1270 hzec
881 1241 962 1269 Valc-

177 1294 253 1321 siana
273 1292 434 1324 conclusio,
449 1298 503 1327 qua
524 1298 558 1318 cx
572 1290 679 1318 duabus
699 1289 782 1320 sectis
804 1288 962 1316 Simonima

176 1339 383 1369 vetustioribus,
403 1337 471 1364 alias
496 1343 607 1371 quoque
627 1335 687 1370 ipsa
715 1334 884 1369 antiquiores
901 1342 962 1361 esse

177 1384 268 1416 infert,
295 1382 423 1411 omnibus
449 1381 561 1409 omnino
590 1380 731 1416 probetur.
759 1379 845 1407 Porro
871 1383 961 1407 autem

176 1423 344 1465 Epiphanius
363 1435 396 1455 ex
419 1426 531 1454 Simone
554 1424 700 1452 Gnosticos
713 1428 789 1452 ortos
806 1432 867 1452 esse
887 1424 960 1451 afﬁr-

175 1479 231 1502 mat
244 1475 266 1490 ”
283 1485 290 1502 :
306 1473 390 1509 Atque
399 1473 457 1500 hinc
465 1481 553 1500 eorum
563 1480 627 1507 quos
637 1471 774 1499 Gnosticos
786 1470 960 1506 appellamus,

175 1520 247 1555 origo
256 1519 396 1554 proﬂuxit.

209 1566 340 1594 Testatur
352 1564 484 1601 Origenes
499 1564 524 1580 "
543 1572 556 1591 a
579 1571 631 1592 suo
646 1564 704 1599 jam
719 1567 842 1598 tempore
858 1562 961 1591 exstir-

173 1617 265 1648 patam
281 1610 502 1638 Simonianorum
512 1610 653 1637 haeresim:
670 1608 748 1636 Nunc
763 1617 892 1644 nusquam
903 1617 963 1644 gan-

176 1659 242 1685 tium
256 1662 362 1685 exstant
385 1657 545 1684 Simoniani.
560 1655 598 1684 De
623 1654 798 1683 Dositheanis
823 1659 914 1682 autem
945 1663 960 1683 a

176 1705 256 1732 nobis
285 1704 366 1738 paulo
408 1707 470 1730 ante
496 1702 655 1730 memoratis
672 1721 679 1734 ,
708 1701 766 1729 hmc
796 1701 961 1737 subjungit:

174 1751 308 1778 Cteterum
334 1749 490 1776 Dositlteani
515 1756 561 1776 nec
590 1756 708 1784 unquam
736 1748 907 1783 ﬂoruerunt,
938 1752 963 1775 et

175 1805 243 1824 nunc
262 1797 368 1823 omnino
384 1795 508 1822 exstincti
532 1799 605 1827 sunt,
623 1799 653 1820 ut
667 1795 772 1822 nomine
788 1798 890 1822 tantum
905 1803 963 1822 ma-

175 1848 250 1870 nente
262 1862 270 1876 ,
287 1844 355 1870 inter
370 1841 481 1877 triginta
506 1845 673 1869 censeantur.
690 1840 744 1868 Sed
760 1840 828 1869 falsa
842 1841 961 1876 quadam

175 1889 333 1917 narratione
346 1889 477 1923 deceptus
493 1891 535 1916 est
551 1886 696 1922 Origenes,
713 1891 760 1914 aut
773 1895 806 1915 ex
819 1887 865 1920 iis,
894 1895 962 1922 quas

176 1935 234 1970 ipse
247 1937 450 1969 peragraverat,
466 1932 626 1968 regionibus
647 1932 719 1960 idem
741 1936 768 1960 et
789 1932 817 1959 in
833 1933 962 1961 omnibus

175 1980 269 2008 mundi
298 1980 421 2015 partibus
449 1978 585 2006 accidisse
620 1978 817 2006 arbitrabatur.
859 1977 961 2006 Scribit

173 2027 247 2054 enim
275 2025 410 2053 Eusebius
426 2025 449 2040 ἰ
461 2024 592 2057 quosdam
616 2023 706 2050 adhuc
727 2043 735 2055 ,
752 2023 817 2050 dum
844 2024 960 2056 viveret,

174 2073 300 2100 extitisse
325 2071 490 2098 Simoniauae
507 2070 644 2096 haereseos
666 2073 817 2096 sectatores
834 2077 842 2096 :
856 2068 959 2101 Simon,

175 2119 263 2154 inquit
279 2118 335 2149 ille,
352 2117 429 2152 [idem
441 2118 468 2144 in
480 2117 614 2144 Christum
626 2116 782 2148 simulavit,
810 2119 839 2142 ut
856 2115 960 2150 baptis-

175 2173 245 2191 mum
256 2163 408 2197 s‘usciperet.
422 2162 497 2196 Quod
509 2162 613 2198 quidem
629 2161 774 2188 etiamnum
796 2161 854 2196 fieri
868 2161 900 2187 ab
920 2161 960 2188 Itis

174 2210 219 2246 qui
231 2209 393 2236 teterrimam
411 2209 467 2243 ejus
477 2213 574 2236 sectam
585 2208 742 2242 profitentur
754 2227 762 2240 ,
778 2215 831 2234 non
841 2207 897 2234 sine
913 2207 961 2234 ad-

1015 971 1065 999 bus
1080 971 1170 1006 impia:
1188 971 1311 1007 magistri
1325 971 1368 999 sui
1388 971 1521 999 doctrinae
1532 971 1634 999 additis
1648 972 1691 999 vel
1706 972 1806 999 immu-

1014 1017 1090 1050 tatis,
1107 1025 1206 1045 novam
1221 1016 1344 1045 condidit
1359 1021 1473 1051 sectam,
1491 1023 1518 1046 et
1530 1018 1720 1046 haeresiarchas
1737 1018 1806 1046 titu—

1015 1062 1070 1090 lum
1095 1070 1127 1090 ac
1152 1071 1253 1091 nomen
1285 1064 1448 1099 promeruit.
1466 1063 1492 1092 Is
1508 1064 1600 1099 itaque
1614 1073 1675 1092 cum
1705 1064 1803 1092 Simon

1014 1109 1129 1137 dixisset
1143 1117 1274 1136 summam
1299 1117 1329 1137 se
1349 1118 1411 1138 esse
1431 1109 1482 1137 Dei
1503 1112 1634 1144 uirtutem,
1649 1110 1777 1138 docuit“
1794 1120 1802 1139 :

1013 1153 1135 1181 Primam
1145 1154 1250 1190 quidem
1263 1155 1386 1182 virtutem
1396 1155 1557 1190 incognitam
1569 1156 1700 1188 omnibus,
1712 1163 1740 1182 se
1751 1163 1805 1182 au-

1013 1203 1065 1226 tem
1081 1208 1141 1227 eum
1156 1208 1223 1233 esse,
1234 1195 1391 1236 quimissus
1408 1201 1444 1228 sit
1460 1201 1492 1228 ab
1509 1201 1697 1234 inuisibilibus,
1712 1201 1805 1228 salva-

1015 1248 1096 1271 torem
1109 1252 1155 1279 pro
1166 1245 1251 1272 salute
1269 1246 1397 1272 omnium.
1413 1245 1462 1273 His
1484 1245 1584 1279 adjecit
1605 1253 1613 1272 :
1627 1244 1806 1271 Resurrectio-

1013 1298 1072 1317 nem
1087 1297 1134 1325 per
1148 1290 1175 1316 id
1192 1289 1261 1325 quod
1275 1295 1315 1317 est
1331 1291 1358 1317 in
1372 1298 1431 1317 eum
1445 1289 1587 1325 baptisma,
1604 1290 1720 1324 accipere
1743 1289 1804 1323 ejus

1013 1336 1166 1371 discipulos,
1182 1340 1208 1363 et
1221 1337 1292 1363 ultra
1303 1345 1355 1364 non
1377 1344 1452 1372 posse
1473 1336 1552 1369 mori,
1568 1335 1616 1363 sed
1637 1342 1804 1371 perseverare

1013 1391 1065 1409 non
1076 1388 1235 1410 senescentes
1249 1387 1274 1410 et
1289 1382 1462 1410 immortales.
1479 1382 1584 1410 Catera
1596 1402 1604 1414 ,
1630 1381 1741 1409 eosdem
1768 1387 1803 1408 ac

1012 1432 1164 1464 praeceptor
1181 1437 1248 1457 suus
1262 1436 1371 1457 errores
1384 1432 1411 1457 et
1423 1428 1545 1464 magicas
1570 1431 1642 1456 artes
1656 1432 1803 1455 consecta-

1012 1475 1104 1502 batur.

1047 1519 1192 1549 Nonnullis
1213 1524 1305 1548 autem
1324 1520 1461 1556 explicato
1478 1519 1588 1547 dillicile
1610 1519 1727 1552 videtur,
1744 1527 1801 1555 quo

1013 1574 1098 1595 sensu
1122 1567 1241 1595 lrenaaus
1267 1568 1387 1603 primum
1413 1566 1555 1594 Menandri
1587 1573 1709 1594 errorem
1738 1573 1801 1594 esse

1013 1613 1125 1646 dixerit,
1146 1614 1219 1649 quod
1236 1621 1265 1641 se
1278 1618 1444 1649 praeceptore
1461 1621 1512 1641 suo
1531 1611 1642 1640 Simone
1666 1612 1801 1646 majorem

1011 1659 1138 1695 jactarct,
1154 1667 1217 1686 cum
1232 1658 1330 1687 Simon
1347 1667 1453 1688 summa
1469 1659 1517 1687 Dei
1527 1659 1570 1687 vis
1582 1658 1618 1686 ab
1632 1658 1693 1686 aliis
1705 1658 1801 1685 volue—

1013 1705 1048 1732 rit
1062 1705 1169 1739 audire,
1183 1712 1358 1740 nequaquam
1369 1713 1433 1733 vero
1448 1704 1607 1733 Menander.
1626 1703 1755 1731 Attamen
1775 1703 1799 1730 si

1012 1748 1106 1777 lrenzei
1119 1751 1202 1777 verba
1216 1753 1320 1777 attente
1335 1749 1550 1785 perpendantur,
1567 1749 1638 1776 haud
1652 1755 1724 1784 aegre
1743 1748 1801 1775 sol-

1013 1799 1091 1823 vetur
1104 1795 1274 1824 diﬂicultatis
1287 1796 1361 1824 illius
1373 1795 1472 1824 nodus.
1485 1795 1545 1822 Non
1563 1795 1616 1822 alia
1631 1795 1731 1830 quippe
1748 1793 1798 1821 viri

1012 1841 1102 1869 sancti
1120 1849 1197 1870 mens
1213 1850 1274 1870 esse
1285 1842 1394 1870 videtur
1405 1863 1412 1876 ,
1428 1841 1483 1870 nisi
1499 1841 1678 1868 Menandrum
1692 1848 1722 1868 sc
1737 1847 1798 1867 ma-

1011 1887 1099 1923 gistro
1114 1896 1176 1921 suo,
1193 1896 1250 1916 non
1273 1889 1376 1916 virtute
1402 1887 1513 1923 quidem
1541 1891 1569 1915 et
1594 1886 1725 1922 potentia,
1750 1885 1799 1914 sed

1012 1933 1127 1960 scientia
1139 1937 1166 1960 et
1181 1933 1314 1961 missione
1328 1933 1494 1968 praedicasse
1506 1932 1647 1968 majorem.

1049 1977 1124 2011 Quos
1154 1978 1350 2006 Menandriana
1365 1979 1477 2006 haeresis
1495 1978 1671 2006 adversarios
1691 1977 1798 2005 habue-

1011 2023 1059 2056 rit,
1075 2024 1194 2059 accipies
1207 2031 1223 2050 a
1239 2024 1412 2052 Theodoreto
1423 2025 1446 2040 "
1458 2044 1466 2058 ,
1487 2024 1535 2060 qui
1559 2031 1620 2052 eam
1649 2031 1665 2050 a
1688 2023 1800 2051 Justino

1011 2073 1141 2104 martyre,
1161 2068 1275 2104 Irenaeo,
1297 2076 1330 2096 ac
1343 2068 1461 2104 Origene
1485 2068 1597 2104 scriptis
1616 2073 1799 2104 expugnatam

1012 2121 1075 2142 csse
1084 2117 1213 2142 testatur.
1236 2113 1329 2150 Neque
1343 2115 1417 2143 ullus
1434 2118 1510 2143 certe
1533 2114 1583 2142 ibit
1610 2123 1730 2150 unquam
1757 2115 1800 2142 in-

1014 2159 1092 2187 ﬁcias
1113 2160 1240 2187 nonnihil
1252 2161 1387 2189 adversus
1403 2161 1477 2189 illam
1497 2169 1513 2189 a
1527 2161 1635 2190 Justiuo
1650 2165 1676 2190 et
1696 2161 1800 2189 Irenaeo

1012 2205 1152 2233 memoriae
1161 2206 1247 2234 fuisse
1259 2207 1408 2242 proditum.
1419 2207 1613 2236 Verumtamen
1620 2215 1700 2243 quem
1709 2207 1799 2235 Theo-

175 2256 316 2282 miratione
327 2255 457 2282 cernimus
472 2262 480 2280 :
493 2254 537 2290 qui
550 2262 621 2281 more
632 2253 749 2288 parentis
767 2254 809 2281 sui
821 2254 847 2280 in
864 2252 957 2281 Eccle-
977 2262 997 2289 ι)
1011 2250 1123 2278 doretus
1138 2251 1236 2278 scribit
1263 2252 1291 2279 in
1316 2252 1438 2285 modum,
1465 2253 1580 2288 ipsemet
1595 2252 1690 2288 procul
1715 2253 1798 2280 dubio

174 2304 242 2329 siam
256 2322 264 2335 ,
281 2307 406 2337 tanquam
417 2302 496 2336 pestis
513 2306 558 2328 aut
576 2301 647 2335 lepra
663 2300 785 2336 qutedam
807 2300 959 2334 irrepentes,

173 2349 360 2384 gravissimum
378 2347 504 2374 damnum
521 2347 637 2382 inferunt
651 2347 694 2378 iis,
714 2346 807 2381 quibus
819 2347 961 2381 pessimum

173 2394 241 2420 illud
251 2398 276 2420 et
292 2391 483 2420 immedicabile
494 2400 634 2424 uenenum,
647 2391 716 2426 quod
731 2390 860 2418 mentibus
877 2391 962 2418 occul-

174 2445 242 2472 tant,
256 2439 389 2466 instillare
404 2439 545 2473 potuerint.
563 2438 601 2464 Ac
617 2437 734 2472 plerique
745 2437 805 2471 jam
822 2445 912 2464 eorum
928 2437 961 2463 ab

174 2486 291 2514 Ecclesia
305 2486 380 2521 ejecli
393 2491 453 2513 sunt
468 2506 475 2518 ,
491 2494 550 2512 cunt
569 2485 645 2520 fraus
657 2485 775 2519 ipsorum
799 2489 868 2511 esset
887 2487 958 2512 dete-

173 2540 225 2561 cta.
238 2532 270 2559 Et
284 2533 384 2560 infra“
399 2542 404 2559 :
418 2531 491 2559 Unde
507 2531 541 2559 ad
554 2536 674 2558 nostram
689 2538 770 2566 usque
780 2535 885 2558 aetatem
900 2532 958 2566 qui-

173 2586 273 2613 cunque
287 2578 343 2613 ejus
359 2583 457 2605 sectam
470 2578 638 2612 proﬁtentur,
656 2585 716 2603 cum
731 2584 757 2603 se
773 2575 958 2604 Christianam

173 2623 334 2658 religionem.
350 2623 455 2657 plenam
471 2622 598 2650 molestia:
614 2627 639 2649 et
658 2622 820 2654 sanctitatis,
837 2622 959 2656 amplecti

173 2669 353 2696 simulaverinl
366 2689 373 2700 ,
391 2675 476 2695 tamen
495 2673 519 2695 el
537 2668 571 2695 ad
586 2667 796 2701 superstitiosum
809 2667 958 2694 daemonum

210 2781 231 2797 "
247 2781 307 2809 Lib.
322 2782 354 2808 de
380 2784 471 2810 literas.
498 2789 558 2816 cap.
584 2783 608 2809 i.

650 2784 671 2801 ¹⁹
684 2783 743 2810 Lib.
772 2791 780 2810 ι
804 2783 905 2810 Ureret.
927 2782 995 2810 Fab.
1012 2791 1072 2810 can.
1091 2783 1116 2811 i.

1012 2297 1136 2332 quaedam
1152 2297 1205 2325 alia
1220 2306 1313 2326 eorum
1335 2299 1447 2334 scripta,
1464 2300 1564 2335 quibus
1578 2299 1704 2327 haeresim
1724 2299 1799 2326 illam

1012 2343 1122 2378 planius
1137 2343 1283 2379 fusiusque
1296 2344 1487 2378 confutabant,
1503 2345 1540 2373 ibi
1565 2345 1704 2373 indicasse
1723 2345 1799 2372 vide-

1012 2394 1067 2416 tur.
1083 2389 1170 2417 Porro
1186 2395 1276 2417 autem
1293 2398 1354 2426 quae
1370 2390 1519 2420 Menander
1533 2391 1567 2420 de
1582 2391 1719 2427 baptismo
1736 2398 1797 2422 suo,

1012 2443 1067 2471 quo
1094 2435 1220 2464 homines
1244 2436 1415 2464 immortales
1427 2436 1487 2464 lieri
1508 2437 1656 2473 garriebat,
1673 2436 1743 2464 adeo
1759 2440 1799 2463 te-

1013 2491 1087 2511 mere
1098 2483 1256 2515 venditavit,
1271 2492 1302 2512 ea
1318 2483 1504 2513 Tertullianus
1516 2485 1624 2520 egregie
1639 2483 1750 2516 refellit,
1773 2487 1798 2510 et

1012 2528 1127 2556 ridicula
1149 2536 1212 2556 esse
1236 2528 1409 2557 demonstrat
1440 2530 1474 2557 '°.
1496 2529 1590 2565 Neque
1619 2533 1710 2556 tamen
1732 2527 1797 2556 illud

1011 2582 1156 2604 censemus
1170 2575 1365 2610 adjiciendum,
1379 2576 1451 2611 quod
1467 2575 1592 2603 nonnulli
1600 2575 1796 2602 Tertullianqu

1011 2628 1108 2649 rursus
1127 2621 1162 2649 de
1185 2621 1279 2649 eadem
1305 2622 1402 2650 hznresi
1424 2622 1526 2658 aliquid
1544 2622 1573 2649 in
1592 2621 1673 2650 Libro
1689 2622 1722 2649 de
1733 2628 1798 2657 prte-

1014 2667 1199 2702 scriptionibus
1240 2668 1338 2696 litteris
1362 2668 1508 2697 mandasse
1539 2669 1698 2704 opinantur.
1726 2667 1796 2694 Nihil

1156 2783 1178 2798 ²⁰
1194 2781 1253 2809 Lib.
1266 2789 1303 2809 vtt
1315 2781 1425 2818 Strom.,
1443 2791 1471 2818 p.
1489 2783 1550 2810 765.
1567 2782 1679 2818 “Apud
1695 2781 1794 2818 Euseb.

175 2817 266 2853 ubi”
295 2816 379 2847 una.
396 2826 456 2853 cap.
471 2817 498 2845 2.
522 2811 560 2853 7'"
577 2817 677 2853 llzeres.
694 2818 782 2851 21,4.
821 2817 914 2846 "Lib.
931 2826 955 2845 vt
971 2811 1129 2846 εοηικςειε.
1168 2819 1191 2833 ιι
1206 2818 1264 2844 Lib.
1282 2825 1302 2844 ιι
1319 2811 1460 2852 Hist.cap.
1475 2818 1502 2845 2.
1540 2819 1563 2833 η
1589 2811 1656 2845 Ibid.
1673 2825 1733 2852 cap.
1752 2817 1793 2853 is.

175 2854 196 2868 "'
213 2852 375 2889 Theotloret.
391 2853 482 2889 lib._|r
506 2852 604 2881 "az-ret.
634 2852 730 2880 Fabul.
760 2862 819 2889 cap.
849 2854 875 2881 5.

175 2889 196 2903 ³·
212 2888 261 2916 Lib
285 2892 296 2915 ἰ
317 2888 416 2915 Μαι-ει.
431 2887 527 2916 Fabul.
549 2896 609 2923 cap.
629 2889 655 2916 2.

914 2854 935 2869 ’⁷
963 2853 1096 2888 Epiphan.
1117 2853 1217 2882 lltcrcs.
1230 2853 1275 2880 22.

696 2890 717 2905 ³⁸
731 2889 788 2916 Lib.
802 2889 834 2916 de
849 2890 948 2922 animo,
967 2897 1026 2924 cap.
1043 2889 1086 2916 50.

1327 2853 1348 2868 "
1369 2853 1439 2881 lren.
1456 2853 1514 2880 adv.
1541 2853 1644 2881 lltvres.
1673 2860 1733 2888 cap.
1750 2852 1794 2880 2i.
