1893 3101
103 147 133 176 Π
548 152 641 180 Ριιιιιι
660 152 838 181 ECCLESlrE
856 154 993 184 διαδουμ
1022 155 1281 185 SCRIPTORIBUS.
1692 162 1725 190 18

101 209 169 237 enim
185 209 221 236 ibi
239 208 273 236 de
301 217 334 237 ea
349 210 483 245 reperias.
505 210 559 238 nisi
582 211 609 238 in
627 211 690 239 libri
715 212 789 240 illius
801 213 888 248 capite
903 215 926 244 Α
942 214 1017 249 cujus
1034 220 1123 243 tamen
1134 216 1194 251 legi,
1211 221 1337 252 tanquam
1361 217 1434 245 bonce
1459 218 1637 254 obtemperare
1653 220 1725 248 vida.

101 255 143 286 ‘5,
156 254 228 289 quod
244 255 280 282 ab
302 255 500 290 impostoribus
523 257 560 284 ibi
594 261 718 285 assutum
738 265 799 286 esse
831 259 886 286 cri-

100 301 144 328 tici
158 301 306 335 peritiores
320 302 477 330 observant.

132 345 192 374 Non
207 347 254 375 diu
270 348 345 375 stetit
357 348 402 375 illa
413 347 553 376 Menandri
568 349 693 377 haeresis.
709 350 836 379 Justinus
847 352 885 378 si-

96 392 207 426 quidem
219 394 346 428 quamvis
363 394 455 429 plures
469 395 547 422 initio
562 403 577 422 :1
591 395 740 424 Menandro
754 396 884 432 deceptos

96 446 156 466 esse
171 443 323 474 agnoscat:
339 447 443 475 paucos
467 446 560 468 tamen
576 449 628 468 suo
643 445 767 477 tempore
788 451 884 478 super-

96 485 175 512 stites
199 485 327 513 extitisse
348 494 403 513 non
429 486 547 515 obscure
571 488 693 516 declarat
708 488 729 504 “
748 498 754 516 :
772 488 883 516 Menan-

95 529 173 556 drum
200 531 348 558 Antiochite
372 531 468 559 multos
487 536 543 559 arte
556 533 660 568 magica
680 533 810 568 decepisse
829 535 882 562 sci-

94 583 190 603 mus...
203 582 315 612 suntque
343 577 408 605 adeo
423 586 492 605 nunc
504 587 605 614 quoque
616 579 649 606 ab
663 588 692 607 eo
707 580 800 615 reliqui
814 589 881 608 non-

94 621 162 648 nulli
170 642 178 653 ,
198 623 245 657 qui
256 622 304 650 hoc
317 624 356 650 sic
370 624 538 658 proﬁtentur.
552 625 616 653 Inde
630 633 695 661 ergo
709 625 882 655 Menandria-

93 673 156 693 nam
173 667 300 696 hasresim
315 672 377 697 ante
403 669 588 698 Simonianam
602 672 738 701 excidisse
755 681 810 700 non
833 675 881 702 ah-

93 714 175 741 surde
190 714 320 749 colliges;
349 716 403 744 nisi
420 724 479 744 eam
501 718 529 745 in
549 717 682 746 Saturnili
694 723 722 747 et
752 720 881 750 Basilidis

92 763 183 788 sectas
195 759 343 789 inﬂuxisse
357 761 472 790 dixeris.

398 807 514 836 CAPUT
530 809 562 836 V.

338 853 376 880 De
388 854 482 882 ha’resi
490 855 617 884 Cerinthi.

937 265 990 288 tur.
1008 261 1077 289 llinc
1097 262 1180 290 etiam
1193 262 1384 296 Cerinthiani,
1407 267 1436 291 ut
1456 264 1528 292 idem
1553 265 1724 301 Epiphanius

936 306 1028 334 subdit
1041 307 1062 323 ⁴¹
1073 316 1080 334 :
1098 306 1214 334 Paulum
1228 312 1331 342 penitus
1342 309 1495 343 erplodunt,
1506 316 1644 345 propterea
1653 313 1723 348 quod

935 353 1161 382 circumcisione»:
1185 355 1328 383 abdicauit.
1353 355 1518 385 Philastrius
1543 365 1609 385 vero
1634 361 1723 394 arguit

934 398 1106 432 Corinthum,
1119 401 1193 436 quod
1206 405 1233 428 et
1246 401 1315 429 alios
1330 402 1423 436 plures
1434 403 1496 430 novi
1514 403 1625 431 l'oaderis
1638 404 1723 432 libros

934 445 1119 480 repudiaverit
1131 455 1138 473 :
1151 446 1307 480 Apostolum
1322 447 1435 474 Paulum
1447 456 1497 475 non
1505 449 1611 484 accipit,
1621 449 1721 476 ludam

933 490 1094 524 proditorem
1120 492 1254 525 honorat,
1283 492 1453 528 Evangelium
1481 495 1622 522 secundum
1649 495 1722 523 Hat-

934 535 1031 563 thwum
1048 537 1134 564 solum
1150 538 1245 572 accipit
1261 558 1268 570 ,
1286 539 1338 566 tria
1354 539 1497 575 Evangelia
1511 541 1620 574 spernit,
1632 541 1720 569 beatos

933 587 1064 618 martyres
1082 583 1255 619 blasphemat.
1272 584 1365 620 Neque
1379 589 1470 613 tamen
1485 587 1519 613 ab
1535 594 1568 614 eo
1583 587 1720 623 integrum

933 627 1052 656 Matth-ei
1072 629 1249 666 Evangelium
1284 636 1423 666 acceptum
1451 631 1537 660 fuisse
1561 637 1658 660 auctor
1679 638 1721 661 est

931 672 1101 708 Epiphanius
1111 673 1134 690 “
1148 684 1155 702 :
1172 674 1296 702 Matthazi
1310 675 1452 711 Evangelia
1478 685 1529 704 non
1544 677 1656 712 integro,
1674 678 1720 704 sed

930 724 1048 752 exparte
1062 718 1193 745 duntaxat
1208 723 1329 752 utuntur,
1349 720 1475 747 nimirum
1499 726 1604 756 propter
1626 730 1720 757 genea-

932 762 1046 798 logiam,
1062 771 1120 798 quas
1138 764 1196 799 ejus
1210 769 1248 792 est
1267 765 1355 792 carnis
1380 767 1497 801 propria.
1519 767 1574 795 Nec
1597 769 1695 795 mirum
1710 778 1718 801 ;

930 809 1041 844 quando
1056 810 1165 845 quidem
1183 818 1215 837 ea
1236 810 1338 839 Christi
1353 813 1513 849 genealogia
1530 821 1626 843 omnes
1641 823 1719 843 erro-

932 862 976 882 res
989 853 1113 883 funditus
1128 856 1328 885 evertebantur.

121 896 274 926 Ccrinthus
301 899 336 926 ab
366 901 426 935 ipso
451 904 639 937 apostolorum
668 910 789 942 tempore
803 915 880 934 nova:
896 893 915 920 Β
966 900 1048 928 Caius
1071 906 1160 930 autem
1185 903 1256 937 apud
1277 903 1425 931 Eusebium
1447 905 1578 933 Cerintho
1595 915 1717 934 errorem

89 941 227 970 haereseos
243 951 354 978 parens,
367 945 396 972 in
407 945 535 981 Egypto,
545 947 634 983 inquit
648 941 836 980 Theodoretus
844 953 877 984 ",

86 987 202 1020 plurimo
216 993 332 1024 tempore
351 997 471 1019 versatus
484 1012 492 1025 ,
509 997 534 1020 et
552 994 580 1021 in
592 994 779 1031 philosophieis
794 999 879 1026 scien-

86 1035 129 1061 tiis
141 1035 263 1063 eruditus
273 1056 281 1068 ,
293 1037 360 1064 venit
374 1043 465 1072 postea
477 1040 504 1066 in
513 1041 615 1076 Asiam,
628 1047 652 1070 et
663 1043 804 1078 discipulos
816 1054 878 1073 suos

85 1080 117 1106 de
130 1082 240 1108 nomine
255 1091 303 1110 suo
321 1084 472 1118 appellavit.
483 1085 534 1114 Cui
551 1089 673 1116 concinit
690 1090 799 1125 quidem
813 1091 878 1127 Epi-

85 1125 216 1160 phanius,
234 1128 282 1155 sed
300 1128 378 1156 addit
392 1137 439 1157 eos
454 1130 543 1160 dictos
556 1132 640 1162 fuisse
655 1125 853 1166 Merinthianos
869 1146 875 1165 :

86 1171 179 1199 Utrum
196 1182 269 1204 vero.
285 1175 323 1202 ait
333 1175 376 1203 ille
386 1175 419 1209 ³³,
436 1176 578 1206 Ccrinthus
592 1180 647 1214 ipse
660 1181 809 1210 Merinthns
822 1184 876 1211 alio

83 1218 188 1244 nomine
199 1219 237 1245 sit
248 1219 348 1252 dictus,
364 1222 464 1249 nescire
479 1231 519 1250 me
530 1223 617 1257 fateor
626 1247 634 1259 ,
653 1235 687 1254 an
698 1232 795 1261 preter
806 1228 876 1255 hunc

82 1263 148 1290 alter
158 1273 189 1291 eo
205 1267 312 1293 nomine
326 1268 625 1304 appellatusezstiterit,
642 1273 751 1308 adjutor
761 1275 834 1303 illius
849 1280 875 1303 et

82 1310 182 1340 socius,
199 1310 228 1336 id
241 1311 347 1346 quidem
363 1313 478 1342 soIiDeo
494 1321 656 1351 compertum
669 1323 720 1347 est.

115 1354 241 1383 Primum
259 1362 360 1390 autem,
373 1363 444 1388 teste
461 1361 564 1390 Irenaeo
580 1363 612 1396 “,
625 1364 772 1393 Corinthus
786 1376 792 1394 :
811 1367 874 1395 Non

81 1408 97 1425 a
111 1401 201 1434 primo
219 1401 273 1430 Deo
288 1403 389 1437 factum
402 1414 458 1433 esse
473 1408 600 1436 mundum
615 1410 715 1443 docuit,
732 1413 777 1439 sed
791 1422 807 1440 a
820 1414 874 1441 vir-

80 1450 134 1472 tute
145 1446 265 1480 quadam
272 1454 405 1482 separata,
421 1456 445 1478 et
454 1452 570 1480 distante
578 1454 610 1480 ab
621 1462 652 1482 ea
663 1456 871 1491 principalitate,

79 1498 136 1525 qua:
150 1496 190 1518 est
201 1500 282 1527 super
290 1495 423 1528 universa,
438 1502 464 1524 et
478 1498 614 1533 ignorante
626 1509 656 1528 eo
669 1503 714 1537 qui
737 1507 776 1530 est
795 1511 872 1537 super

80 1537 168 1564 omnia
177 1537 243 1566 Deo.
256 1538 397 1568 Christum
413 1547 514 1576 autem,
527 1551 637 1574 auctore
652 1547 824 1577 Theodoreto
837 1551 870 1584 ³⁸,

79 1581 150 1610 duas
162 1583 189 1610 in
200 1589 305 1619 partes,
315 1593 363 1614 seu
375 1595 506 1622 personas
519 1598 535 1617 a
543 1598 573 1618 se
587 1592 703 1621 invicem
715 1594 870 1630 distinctas,

79 1628 235 1664 dividebat;
255 1632 435 1668 tradebatque
457 1635 551 1663 Jesum
576 1639 720 1666 secundum
745 1628 870 1669 naturam

78 1680 164 1701 ortum
173 1684 209 1703 ea:
223 1676 321 1713 Ioseph
333 1684 358 1705 et
369 1679 467 1712 Maria.
481 1686 653 1717 temperantia
667 1691 765 1719 autent,
776 1692 800 1714 et
808 1688 870 1722 jus-

78 1721 148 1755 titia,
170 1727 197 1749 et
212 1723 277 1751 aliis
294 1725 436 1754 virtutibus
462 1729 627 1759 excelluisse.
644 1731 692 1760 Vel
707 1738 736 1760 ut
761 1735 799 1760 ait
810 1721 870 1763 Vire-

77 1775 152 1795 natus
164 1768 189 1784 "
203 1779 210 1796 :
229 1769 296 1798 Plus
313 1772 431 1805 potuisse
446 1774 478 1800 ab
502 1776 623 1804 omnibus
633 1797 640 1810 ,
656 1783 680 1805 et
695 1785 754 1813 post
770 1780 869 1815 baptis—

78 1820 148 1839 mum
161 1813 330 1843 descendisse
353 1817 381 1844 in
400 1826 459 1845 eum
472 1818 607 1848 Christum
622 1823 654 1850 ab
668 1832 700 1851 ea
713 1813 868 1860 principali-

77 1864 139 1887 tate.
149 1868 211 1894 quia
226 1868 266 1888 est
279 1870 358 1897 super
372 1865 472 1896 omnia.
488 1867 576 1902 ﬁgura
590 1869 735 1903 columine,
759 1877 784 1899 et
806 1878 868 1900 tunc

77 1907 252 1933 annuntiasse
262 1908 424 1944 incognitum
445 1911 565 1946 Patrem,
580 1920 606 1942 et
618 1916 728 1945 virtutes
740 1919 866 1954 perfecis-

75 1960 120 1983 se;
133 1953 161 1979 in
173 1953 227 1987 fine
242 1959 329 1982 autent
340 1958 470 1985 revolasse
483 1960 580 1987 iterum
592 1961 727 1990 Christum
742 1965 774 1992 de
788 1965 864 1999 Iesu,

74 1996 203 2025 etJesum
214 2008 325 2034 passum
345 2010 401 2029 esse
416 2008 442 2030 et
466 2007 654 2041 resurreaisse,
670 2009 805 2037 Christum
817 2021 866 2038 au-

75 2048 129 2071 tem
151 2045 345 2079 impossibile»;
372 2057 560 2084 perseverasse,
586 2054 741 2082 existentem
755 2057 865 2092 spirita-

75 2088 133 2116 lem.
148 2089 255 2117 Contra
271 2095 362 2120 tamen
379 2094 547 2130 Epiphanius
560 2097 594 2130 ³⁷,
609 2094 642 2126 ac
655 2104 717 2134 post
731 2088 794 2129 enin
808 2103 864 2130 Au-

72 2134 201 2168 gustinus
217 2135 262 2163 ":
280 2135 381 2170 Dicere,
395 2138 493 2173 inquit,
511 2140 576 2167 nihil
593 2147 632 2169 est
643 2144 741 2172 veritus
754 2153 863 2179 passum

72 2180 177 2214 quidem
193 2185 219 2208 et
227 2183 387 2218 cruciﬁxum
400 2194 456 2213 esse
467 2186 614 2221 Christum,
625 2190 740 2217 nondum
749 2198 836 2220 tamen
847 2202 863 2220 a

929 946 1124 974 Chiliastarum
1140 948 1236 975 tribuit
1251 948 1274 964 δ’
1288 959 1294 976 ;
1309 949 1362 976 Per
1380 951 1550 978 revelationes
1565 961 1581 978 a
1592 961 1619 979 se
1631 973 1637 985 ,
1656 958 1718 980 tan-

928 1000 1007 1027 quam
1025 1001 1042 1019 ιι
1057 1001 1151 1028 magno
1166 994 1291 1027 Apostolo
1303 996 1466 1030 conscriptas
1479 1017 1487 1028 ,
1501 1002 1627 1031 portenta
1644 1007 1718 1033 qutt—

927 1037 1000 1069 dam,
1017 1038 1094 1073 quasi
1109 1038 1142 1065 ab
1158 1040 1256 1074 angelis
1276 1040 1328 1067 sibi
1341 1046 1446 1069 ostensa
1460 1049 1632 1078 conmeatus,
1642 1045 1717 1072 nobis

927 1083 1069 1110 introducit
1086 1103 1094 1114 ,
1123 1084 1257 1118 afﬁrmans
1285 1091 1344 1120 post
1370 1089 1586 1116 resurrectionem
1608 1098 1717 1125 regnum

927 1128 1028 1156 Christi
1041 1130 1067 1156 in
1079 1130 1157 1157 terris
1171 1130 1301 1165 futurum,
1311 1141 1342 1158 ac
1353 1141 1445 1160 rursus
1457 1133 1577 1161 homines
1588 1135 1611 1161 Η
1616 1137 1716 1163 ieroso-

928 1175 1004 1210 lymis
1014 1175 1144 1210 degentes,
1158 1177 1344 1211 cupiditatibus
1357 1182 1381 1205 et
1396 1179 1524 1213 voluptati
1538 1182 1656 1214 corporis
1669 1182 1717 1209 oh-

926 1222 1019 1248 nozios
1039 1222 1116 1256 fore;
1146 1222 1270 1258 additque
1292 1224 1364 1252 mille
1392 1233 1523 1252 annorum
1546 1227 1660 1260 spatium
1689 1229 1715 1254 in

925 1265 1087 1298 nuptialibus
1103 1266 1178 1300 festis
1201 1272 1366 1295 transactum
1387 1269 1432 1296 iri.
1460 1268 1533 1296 Unde
1553 1271 1633 1298 etiam
1653 1272 1716 1299 Chi-

925 1309 1023 1342 liastte,
1038 1311 1127 1346 inquit
1143 1311 1314 1347 Augustinus
1327 1313 1360 1346 “,
1378 1319 1439 1341 sunt
1455 1315 1591 1350 appellati.
1608 1316 1635 1344 ld
1649 1325 1715 1344 con—

926 1354 1016 1382 ﬁrmat
1029 1355 1165 1385 Eusebius
1181 1357 1233 1385 hac
1255 1358 1377 1395 Dionysii
1394 1360 1572 1389 Alexandrini
1591 1365 1714 1390 auctori-

925 1407 981 1432 tate
998 1414 1003 1431 :
1020 1404 1102 1432 Aiunt
1124 1413 1182 1433 eum
1193 1426 1200 1439 ,
1216 1406 1378 1434 Cerinthum
1388 1427 1396 1440 ,
1411 1407 1509 1435 librum
1524 1411 1711 1444 composuisse,

924 1450 1009 1478 indito
1025 1450 1140 1478 Joannis
1155 1453 1275 1484 nomine,
1292 1453 1354 1480 dum
1376 1455 1562 1482 auctoritatem
1582 1457 1712 1492 [igniculis

923 1495 980 1522 suis
996 1503 1029 1522 ea;
1044 1495 1157 1524 Joannis
1173 1498 1276 1524 nomine
1301 1500 1421 1525 mutuari
1435 1499 1519 1527 vellet.
1538 1499 1590 1528 Sed
1607 1502 1640 1529 de
1661 1502 1712 1529 hoc

924 1542 1043 1569 ridiculo
1068 1543 1192 1571 Corinthi
1214 1548 1370 1573 commento
1395 1545 1459 1573 alibi
1489 1547 1599 1574 dabitur
1624 1548 1714 1576 fusius

922 1588 1080 1624 disputandi
1096 1590 1182 1618 locus.

958 1633 1053 1662 Visum
1068 1640 1111 1664 est
1123 1636 1264 1664 nonnullis
1277 1645 1325 1665 eos
1338 1658 1346 1670 ,
1368 1638 1414 1673 qui
1435 1638 1558 1667 viventes
1573 1640 1718 1675 baptismo-

921 1688 976 1709 non
998 1681 1108 1709 luerunt
1122 1681 1223 1715 abluti,
1240 1686 1301 1718 post
1326 1689 1441 1712 mortem
1460 1685 1494 1712 ab
1515 1685 1550 1712 iis
1574 1686 1709 1714 haereticis

921 1732 1103 1756 sacramento
1119 1729 1165 1756 illo
1179 1729 1265 1758 fuisse
1280 1730 1411 1759 initiatos.
1425 1731 1526 1759 Verum
1540 1740 1601 1760 cum
1617 1734 1635 1761 ii
1650 1735 1710 1762 solo

919 1773 1076 1809 Epiphanii,
1092 1782 1173 1810 quem
1188 1775 1222 1802 de
1235 1775 1297 1803 aliis
1313 1777 1548 1812 potiushaarcticis
1561 1779 1660 1806 ibidem
1672 1780 1710 1807 lo-

919 1820 965 1855 qui
978 1820 1071 1855 plures
1085 1821 1253 1854 existimant,
1269 1822 1426 1849 testimonio
1445 1823 1609 1857 innitautur,
1624 1825 1650 1852 id
1662 1826 1706 1853 isti

919 1866 961 1893 vel
974 1869 1075 1901 negant
1090 1866 1213 1900 omnino,
1228 1867 1270 1894 vel
1288 1867 1396 1903 penitus
1411 1869 1546 1897 incertum
1565 1878 1627 1898 esse
1639 1879 1707 1898 con-

918 1912 1043 1940 tendunt.

951 1957 1060 1991 Quanto
1089 1958 1195 1985 horrori
1225 1957 1373 1987 Ccrinthus
1403 1959 1500 1988 Joanni
1533 1962 1707 1997 evangelista:

916 2004 1010 2038 fuerit,
1025 2004 1158 2032 discimus
1173 2013 1207 2032 ex
1220 2005 1322 2032 Irenaeo
1333 2005 1355 2021 “
1365 2025 1373 2038 ,
1390 2006 1436 2041 qui
1451 2006 1485 2034 ab
1500 2007 1561 2034 aliis
1576 2015 1606 2035 se
1626 2015 1706 2035 accc-

917 2051 990 2086 pisse
999 2054 1126 2083 testatur,
1135 2050 1280 2084 Joannem,
1291 2060 1350 2079 cum
1366 2052 1473 2080 lavandi
1485 2061 1567 2081 causa
1582 2053 1704 2082 balneum

915 2095 1012 2131 Ephesi
1026 2100 1093 2123 esset
1107 2097 1252 2131 ingressus,
1272 2097 1327 2124 viso
1339 2098 1411 2125 intus
1427 2097 1572 2132 Cerintho,
1595 2108 1656 2126 mox
1670 2101 1704 2126 il-

915 2143 996 2169 lotum
1012 2150 1044 2169 ea:
1058 2142 1151 2170 balneo
1166 2143 1324 2179 profugisse,
1339 2149 1416 2179 atque
1430 2145 1457 2172 in
1478 2145 1533 2172 hinc
1552 2147 1703 2180 prorupisse

915 2188 1014 2216 verba:
1031 2188 1177 2224 Fugiamus
1194 2189 1265 2223 hinc,
1278 2198 1308 2217 ne
1318 2189 1387 2224 forte
1405 2190 1526 2217 balneum
1539 2199 1658 2224 corruat,
1675 2194 1701 2219 in

73 2228 184 2254 Mortuis
196 2229 353 2263 excitatum,
366 2240 397 2258 ac
412 2236 467 2259 tum
481 2233 585 2261 demum
600 2244 658 2263 cum
672 2239 769 2266 manu;
779 2248 864 2267 γρεατ.
877 2253 902 2283 D
914 2243 964 2269 quo
978 2240 1017 2262 est
1032 2234 1171 2263 Ccrinthus
1184 2236 1302 2263 veritatis
1316 2237 1449 2264 inimicus.
1468 2236 1637 2273 Epiphanius
1650 2239 1700 2274 igi-

71 2277 130 2306 gent
143 2281 248 2306 omnes,
264 2276 443 2306 excitandum.
465 2278 542 2307 Unde
557 2282 656 2310 merito
669 2283 779 2318 quidem
798 2286 861 2321 jure

71 2317 268 2348 Cerinthianos
282 2329 376 2350 secum
397 2323 512 2353 invicem
527 2332 620 2362 aperte
643 2317 781 2365 pugnasse
795 2317 860 2360 con-

72 2363 169 2392 cludit.

104 2407 161 2437 Nec
182 2412 277 2440 minus
293 2413 405 2442 haeresis
417 2415 463 2443 illa
474 2416 526 2444 sibi
540 2417 592 2453 ipsi
603 2418 631 2445 in
645 2427 678 2447 co
692 2421 858 2451 adversaba-

72 2459 123 2488 tur,
138 2457 214 2491 quod
229 2468 237 2485 :
267 2457 355 2488 Carne
372 2461 525 2490 circumcidi
548 2469 677 2498 oportere,
694 2467 776 2495 verba
792 2474 857 2497 sunt

71 2501 217 2547 hugustini
233 2504 266 2535 ³’.
282 2510 359 2541 atque
382 2508 437 2535 alia
460 2509 613 2544 hujusmodi
629 2511 707 2547 legis,
728 2514 856 2543 nimirum

70 2545 206 2577 Mosaicae.
222 2556 352 2585 praecepta
364 2554 464 2581 servari
481 2554 599 2589 juberet.
614 2545 685 2584 Nam
700 2567 758 2586 eum
776 2569 793 2586 a
805 2569 856 2595 quo

70 2592 110 2619 lca:
124 2594 229 2622 tradita
244 2597 290 2628 sit,
302 2597 398 2625 bonum
416 2606 491 2634 negat
505 2609 572 2635 esse,
588 2605 626 2630 ait
641 2592 854 2640 Epiphanius“,

105 2696 128 2712 "
161 2698 272 2733 Apolog.
311 2699 340 2727 2.

70 2739 130 2802 :2:-

530 2739 553 2754 ³⁸
579 2739 644 2768 Loc.
668 2743 714 2768 cit.

495 2773 517 2789 “
540 2773 598 2802 Lib.
623 2775 655 2803 de
683 2777 777 2805 luens.

259 2735 282 2750 ⁸⁸
309 2734 372 2764 Loc.
419 2737 457 2765 cit

257 2769 282 2785 “
304 2769 370 2798 Loc.
399 2771 446 2800 cit.

415 2702 437 2717 ³¹
466 2701 527 2730 Lib.
563 2712 582 2731 ll
614 2704 713 2734 "teret.
750 2707 848 2735 Fabal.
864 2717 924 2743 cap.
950 2709 977 2736 3.

419 2737 455 2758 rit
530 2739 553 2754 ιι
580 2739 633 2758 [.m-
668 2743 702 2758 ne.
763 2743 784 2758 s1
819 2743 854 2758 ιι-
903 2745 977 2758 ι.......Δ

814 2743 854 2770 De
900 2745 994 2772 Intres.
1020 2744 1033 2780 §
1061 2746 1088 2772 8.

824 2779 846 2794 "
874 2778 940 2807 Loc.
969 2780 1032 2812 cit.,
1059 2779 1072 2815 §
1099 2780 1125 2807 5.

915 2285 969 2313 tur,
985 2281 1032 2317 qui
1047 2282 1104 2309 haec
1119 2281 1215 2308 Ebioni
1234 2282 1341 2315 tribuit,
1357 2283 1489 2310 memoria
1505 2284 1600 2318 procul
1616 2284 1700 2311 dubio

913 2328 1008 2363 lapsus
1021 2331 1073 2355 est.
1093 2327 1186 2366 Neque
1199 2331 1289 2355 tamen
1305 2328 1339 2355 ad
1354 2329 1564 2363 expugnandam
1576 2329 1699 2356 Cerinthi

913 2374 1038 2402 haeresim
1054 2374 1092 2402 ibi
1112 2375 1188 2402 stetit
1207 2374 1317 2402 divinus
1339 2375 1419 2415 plane
1436 2374 1550 2403 Joannis
1575 2375 1657 2403 ardor
1672 2380 1699 2403 et

912 2420 1044 2449 studium.
1061 2420 1110 2448 Ille
1125 2420 1208 2453 enim,
1221 2425 1250 2448 ut
1263 2421 1347 2448 tradit
1362 2420 1542 2456 Hieronymus
1550 2421 1591 2449 “2
1609 2421 1699 2456 Scrip-

910 2468 946 2496 sit
964 2467 1138 2503 evangelium,
1152 2471 1260 2502 rogatus
1281 2467 1313 2494 ab
1333 2467 1404 2494 Asiae
1418 2468 1555 2502 episcopis,
1572 2468 1697 2496 adversus

911 2513 1075 2546 Cerinthum,
1087 2513 1205 2548 aliosque
1219 2513 1364 2540 hwreticos.
1377 2512 1546 2548 Epiphanius
1559 2514 1581 2530 "
1605 2518 1695 2541 autem

911 2559 1061 2587 arbitratur
1083 2558 1214 2586 Jacohum
1244 2559 1367 2594 aliosque
1393 2560 1530 2594 apostolos
1562 2559 1695 2588 adversus

911 2606 1036 2634 eumdem
1050 2605 1259 2633 haeresiarcham
1275 2605 1379 2633 litteras
1394 2606 1420 2632 in
1433 2606 1491 2633 haec
1505 2606 1587 2633 verba
1598 2606 1694 2634 Antio-

1030 2709 1052 2725 ³³
1071 2708 1235 2736 llaares.28.
1309 2701 1333 2724 h
1369 2708 1428 2736 Lib.
1458 2708 1552 2736 ιΑᾶυ.

1030 2745 1032 2760 l
1062 2746 1077 2760 Ω
1143 2744 1236 2760 διΙιυι
1274 2744 1309 2760 nil
1349 2744 1361 2760 Κ
1390 2745 1406 2760 ﬂ
1469 2745 1490 2760 ιν
1525 2744 1552 2760 n.

1182 2744 1246 2770 Loc.
1274 2744 1321 2771 cit.
1349 2744 1362 2779 ἓ
1390 2745 1416 2771 6.

1178 2780 1200 2795 ⁵³
1215 2779 1275 2806 Lib.
1300 2786 1330 2805 ιιι
1359 2779 1443 2812 Hist.,

1596 2713 1688 2740 hwres.

1469 2745 1490 2760 ³⁸
1523 2744 1559 2772 De
1597 2749 1687 2774 Ita-res.

1478 2788 1537 2815 cap.
1560 2779 1606 2808 28.
1631 2781 1686 2810 Viti.

71 2800 279 2849 Theog‘pr.‘locl.
293 2806 340 2832 cit.
361 2810 389 2834 ct
402 2800 652 2849 «ταράξω-Εὐέρὶῖ
664 2800 953 2849 Inf'vii'amfc'iﬁ.
1025 2800 1032 2812 ⁷
1053 2800 1075 2830 ἃ
1088 2800 1160 2842 Ebro
1189 2800 1443 2843 ciC-"."l-Eusi‘lii.’
1456 2800 1686 2844 Ιίὗῗνίιι-Ἠίειιϊῖί

71 2837 224 2885 ἕρκει
234 2839 291 2885 ,ιιι
305 2849 417 2885 με.
433 2843 477 2873 ιι.
491 2844 590 2885 eius;
605 2837 664 2885 is...
674 2837 721 2875 ns
731 2837 1029 2884 ‘n'bi's;';.:zu:"iiw7;;.
1056 2837 1160 2885 est}:
1190 2837 1416 2878 annuatim:
1433 2837 1462 2878 ..:

71 2872 171 2907 «clem,
187 2873 216 2901 in
225 2873 310 2903 Joan.
334 2872 368 2892 ’⁸⁷
385 2872 486 2906 fici-es.
503 2872 550 2913 28;
567 2880 580 2916 ξ
602 2880 629 2908 ’2.

1502 2852 1524 2866 ⁸⁸
1539 2850 1576 2876 De
1596 2853 1688 2886 script.
