1893 3101
180 167 212 194 19
777 165 820 192 DE
839 164 995 193 OMNIBUS
1009 163 1211 192 GENLliATlM
1772 164 1806 192 at)

179 227 270 254 cbiam
286 226 440 255 direxisse:
460 227 594 260 Quoniam
617 225 785 261 cognouimus
799 223 931 259 quosdam
950 231 966 249 a
980 223 1003 251 A
1018 229 1092 249 more
1117 225 1306 257 procreatum;
1334 221 1477 256 ipsumque
1497 220 1600 248 Filium
1617 219 1666 247 Dei
1684 227 1806 255 progres-

178 272 252 299 nabis
264 272 299 299 ad
315 281 358 300 vos
370 281 427 300 esse
439 273 580 307 profectos,
591 275 644 299 etc.
657 270 754 298 Nullus
767 277 880 305 quoque
890 268 970 297 dubi-

180 322 220 345 tat
236 317 346 345 Petrum
363 322 390 345 et
404 317 530 350 Paulum,
547 317 642 345 eodem
658 316 767 352 penitus
777 315 970 343 evertendier-

180 364 252 391 roris
266 370 360 392 amore
378 371 527 391 succensos
539 384 547 397 ,
567 366 664 390 contra
680 362 770 398 ipsum
790 361 859 388 inito
877 365 968 389 certa-

179 410 261 440 mine,
278 408 404 436 haeresim
423 409 483 444 ejus
503 408 662 436 confutasse
677 411 704 436 et
728 407 895 443 proﬂigasse.
920 406 969 434 His

180 455 369 484 Thcodoretus
385 456 509 492 adjungit
531 456 647 490 Caium,
674 455 833 491 Dionysium
847 455 967 482 Alexan-

139 515 142 519 ·
179 501 300 532 drinum.
315 501 452 531 Iustinum
468 505 625 537 martyrem,
638 500 769 529 Irenaeum
780 504 862 535 atque
874 499 968 535 Origo—

179 555 251 575 nem.
268 547 355 576 Porro
370 551 460 574 autem
482 555 545 574 cum
570 555 626 574 non
650 547 722 574 alios
738 546 786 582 qui
806 550 902 574 contra
917 545 968 573 Ce-

180 592 303 619 rinthum
317 591 498 628 pugnaverint
511 611 518 623 ,
534 595 731 619 commemoret
746 591 790 618 vir
803 590 848 618 ille
862 590 965 617 doctis-

180 639 278 670 simus,
295 637 358 665 hinc
373 645 428 665 non
443 637 500 665 leve
515 637 624 664 ducitur
635 640 826 672 argumentum
841 635 966 663 haeresim

179 683 252 710 illam
263 703 270 715 ,
287 683 360 710 circa
374 682 500 717 Origenis
520 687 643 717 tempora
661 681 824 709 exstinctam
839 700 847 713 ,
875 680 967 707 nullos

180 729 298 764 amplius
314 729 443 756 habuisse
459 729 590 756 fautores.
603 728 714 755 Certum
738 731 829 755 tamen
843 731 885 755 est
898 734 967 762 pra:-

178 775 274 810 cipuos
298 775 419 803 Cerinthi
447 782 555 802 errores
575 774 609 802 ab
623 773 685 802 aliis
707 777 800 809 postea
823 773 966 808 adoptatos

179 820 264 848 fuisse
283 820 430 853 haereticis,
449 820 495 856 qui
516 828 586 848 nova
609 820 691 848 sectis
704 819 773 852 suis,
790 823 822 846 ut
833 818 965 854 dicemus,

178 866 289 893 nomina
303 866 501 900 imposuerunt.

487 910 601 938 CAPUT
621 910 664 938 VI.

426 957 464 984 De
482 957 576 984 heresi
600 957 718 984 Ebiouis.

215 1001 302 1030 Ebion
322 1002 401 1037 cujus
425 1010 524 1030 nomen
540 1002 612 1037 apud
633 1002 729 1031 Patres
743 1002 919 1031 doctissimos
931 1001 964 1035 “,

178 1048 248 1076 idem
264 1056 295 1076 ac
310 1048 446 1075 mendicus
462 1052 552 1081 sonat,
567 1056 583 1076 a
606 1048 692 1076 Mario
712 1048 863 1077 Mercatore
878 1049 901 1065 "
916 1056 965 1076 vo-

177 1097 254 1120 catur
266 1093 434 1127 pltilosophus
458 1098 485 1121 et
508 1094 608 1121 stoicus
631 1093 810 1129 philosophus.
835 1094 966 1122 Eruditus

177 1144 267 1166 autem
282 1139 401 1173 scriptor
411 1139 521 1173 quidam
536 1147 636 1166 nomen
649 1140 768 1167 mendici
781 1139 832 1175 ipsi
850 1139 966 1166 inditum

177 1187 266 1219 putat,
282 1185 355 1219 quod
371 1185 471 1219 spretis
485 1184 604 1217 divitiis,
620 1185 803 1212 voluntariam
821 1189 966 1220 pauperta-

178 1235 231 1259 tem
263 1230 447 1266 profiteretur.
477 1230 576 1258 Verum
603 1231 755 1266 Epiphanio
779 1231 912 1259 Ebionilaa
937 1240 966 1258 se

177 1275 308 1303 mendicos
324 1276 482 1311 prwdimnt,
495 1277 564 1313 quod
584 1277 765 1312 apostolorum
781 1281 894 1311 tempore
908 1285 964 1304 mos

175 1324 242 1346 esset
259 1319 327 1346 bona
340 1327 390 1347 sua
406 1319 552 1348 distrahere
562 1341 570 1353 ,
584 1326 609 1348 et
624 1321 659 1348 ad
675 1321 782 1348 illorum
802 1321 878 1356 pedes
893 1321 964 1354 abii-

175 1371 242 1391 cere.

213 1408 273 1441 Quo
289 1413 381 1437 autem
403 1410 463 1438 loco
474 1415 500 1438 et
516 1415 637 1447 tempore
652 1416 713 1439 orta
728 1412 764 1440 sit
776 1412 888 1441 Ebionis
910 1412 965 1440 ba:-

177 1455 248 1481 rcsis
262 1454 332 1482 idem
353 1455 521 1490 Epiphanius
541 1457 582 1484 his
599 1458 690 1485 verbis
709 1458 829 1486 declarat
844 1458 867 1474 ⁸⁰
882 1468 888 1486 :
905 1458 965 1486 Hu-

171 1499 218 1532 jus
235 1499 361 1533 [actionis
377 1501 514 1528 exordium
537 1507 596 1536 post
620 1503 871 1539 Hierosolymitana:
890 1505 964 1532 urbis

175 1546 306 1572 excidium
326 1547 414 1580 cmpit.
431 1547 489 1580 Quo
502 1553 616 1583 tempore
631 1548 778 1576 Christiani
796 1558 885 1577 omnes
903 1559 964 1577 cum

1020 267 1092 294 sione
1105 266 1221 302 quadam
1243 267 1365 299 virtutis,
1390 267 1472 294 verba
1495 271 1559 295 sunt
1572 265 1717 302 Epiphanii
1731 265 1766 298 ⁵³,
1781 271 1805 293 et

1019 314 1199 348 conjunctione
1213 321 1273 340 cum
1292 312 1346 340 Deo
1366 313 1467 347 factum
1483 320 1492 339 :
1509 312 1677 348 proindeque
1699 312 1791 347 adepti

1019 367 1082 386 vum
1097 358 1231 386 duntaxat
1244 366 1306 386 esse
1317 358 1365 386 Dei
1379 358 1489 391 Filium,
1506 365 1535 386 ut
1547 357 1746 386 eidemEbioni
1757 366 1806 386 ex-

1019 404 1130 439 probrat
1147 403 1291 432 Mercator.
1320 403 1476 431 Sectatores
1499 408 1592 432 tamen
1618 403 1732 431 Ebionis
1749 411 1805 431 non

1019 458 1073 477 uno
1087 450 1237 486 eodemque
1251 449 1332 477 modo
1348 449 1421 476 hunc
1433 449 1557 485 magistri
1569 449 1612 476 sui
1626 456 1803 483 errorem;se-

1018 496 1076 523 cuti
1090 499 1156 523 sunt
1169 505 1175 522 ξ
1192 496 1250 522 Alii
1264 495 1395 523 enimvero
1411 495 1443 523 ab
1458 495 1500 522 his
1515 495 1605 523 eodem
1619 495 1723 532 nomine
1737 502 1804 521 nun-

1018 541 1117 576 cupati,
1132 541 1221 576 inquit
1234 541 1371 570 Eusebius
1386 542 1419 575 ⁵⁸,
1440 541 1583 568 absurdam
1597 548 1686 567 eorum
1702 544 1805 567 senten-

1018 587 1083 613 tiam
1098 587 1253 620 reiicicntes,
1268 587 1403 616 Christum
1415 586 1518 622 quidem
1533 594 1566 614 ea:
1586 586 1690 622 Virgine
1703 590 1728 612 et
1744 584 1792 619 Spi

1018 633 1071 659 ritu
1085 638 1176 660 sancto
1191 634 1307 669 genitum
1322 642 1378 661 esse
1398 642 1450 661 non
1465 637 1561 669 negant
1576 641 1585 660 :
1605 632 1649 660 sed
1668 632 1748 659 iidem
1763 632 1793 658 ni

1017 679 1160 706 hilominus
1174 687 1234 707 cum
1249 679 1396 714 Christum,
1412 685 1500 714 utpote
1515 679 1614 712 Deum,
1635 678 1759 711 Verbum,
1773 686 1803 704 αι.

1016 726 1173 760 sapientiam
1187 726 1291 759 Patris,
1309 732 1368 754 ante
1383 727 1472 754 omnia
1481 726 1628 754 substitisse
1643 725 1748 753 minime
1760 725 1804 759 [a-

1018 775 1134 803 teautur,
1157 772 1185 799 in
1211 772 1329 800 eamdem
1346 781 1406 799 cum
1426 772 1560 806 prioribus
1580 772 1737 799 sententiam
1758 771 1803 798 ds-

1017 816 1086 851 lapsi
1099 822 1170 845 sunt.
1188 817 1266 846 Unde
1278 818 1360 846 etiam
1375 818 1543 853 Epiphanius
1555 818 1578 834 "
1591 827 1598 845 :
1611 817 1666 844 Alii
1682 817 1760 845 aliter
1773 818 1806 845 de

1018 862 1124 891 Christo
1149 865 1369 897 pronuntiant....
1386 863 1518 891 Nonnulli
1539 864 1608 891 enim
1622 871 1656 892 ea:
1677 864 1715 891 eis
1728 864 1806 891 Adeo

1019 918 1089 936 mum
1104 910 1187 945 fuisse
1198 910 1334 938 Christum
1345 911 1513 946 pradicant"
1530 932 1538 940 .
1555 911 1609 938 Alii
1623 919 1637 939 ι
1651 911 1715 939 calo
1727 911 1805 939 Chri-

1018 959 1088 982 stum
1105 963 1162 982 esse
1175 956 1335 990 conﬁtentur
1346 975 1354 988 ,
1370 955 1417 983 sed
1435 960 1497 983 ante
1512 957 1601 983 omnia
1622 962 1756 988 creatum,
1773 965 1806 983 ac

1017 1001 1142 1035 spiritum
1155 1001 1294 1036 quemdam
1311 1010 1378 1035 esse,
1393 1002 1543 1037 angelisque
1557 1006 1702 1037 praestare,
1726 1008 1805 1037 atque

1017 1046 1134 1074 omnium
1142 1054 1229 1074 rerum
1235 1046 1402 1074 dominaturi:
1415 1051 1509 1075 tenere.
1525 1047 1577 1080 Qui
1586 1056 1644 1074 cum
1653 1052 1805 1082 perpetuam

1017 1091 1074 1118 illic
1088 1091 1279 1120 habitationem
1293 1093 1403 1120 sortitus
1418 1093 1463 1125 sit,
1472 1094 1572 1128 quoties
1585 1093 1700 1128 libuerit,
1707 1095 1735 1121 in
1749 1094 1806 1122 haec

1016 1137 1109 1172 inﬁma
1124 1137 1266 1172 delabitur,
1277 1138 1497 1174 quemadmodum
1508 1139 1536 1166 in
1545 1139 1649 1167 Adamo
1660 1139 1804 1174 descendit,

1016 1187 1041 1209 et
1065 1182 1225 1217 patriarchis
1244 1191 1352 1218 corpore
1376 1184 1554 1218 circumfusus
1582 1185 1805 1219 apparuit,oelut

1015 1238 1075 1256 cum
1096 1230 1131 1257 ad
1157 1230 1357 1263 Abrahamum,
1386 1230 1511 1259 lsaacum
1531 1236 1556 1258 et
1575 1231 1706 1258 Iacobum
1724 1230 1805 1258 adiit.

1016 1275 1091 1304 Idem
1107 1275 1217 1311 denique
1233 1277 1370 1311 postremis
1382 1277 1541 1311 temporibus
1552 1278 1631 1309 venit,
1642 1276 1739 1304 Adami
1749 1285 1806 1305 cor-

1014 1329 1077 1355 pore
1093 1326 1236 1354 contectus,
1255 1326 1280 1350 et
1294 1322 1372 1350 homo
1392 1323 1463 1350 visus
1483 1327 1533 1356 est,
1547 1323 1612 1352 etin
1625 1330 1728 1350 crucem
1742 1323 1807 1350 sub-

1016 1367 1087 1397 latus
1103 1368 1230 1401 surrexit,
1242 1373 1267 1395 et
1281 1369 1399 1396 ascendit
1414 1369 1441 1396 in
1456 1369 1561 1396 coelum.
1582 1368 1686 1396 Rursus
1706 1367 1750 1396 ubi
1771 1369 1805 1396 li-

1015 1411 1112 1446 buerit,
1127 1413 1166 1440 ita
1179 1421 1207 1441 se
1221 1422 1276 1440 rem
1287 1413 1382 1441 habere
1392 1418 1497 1449 negant,
1514 1414 1541 1441 in
1552 1421 1661 1449 eumque
1673 1413 1805 1441 duntaxat

1014 1467 1071 1486 sese
1084 1464 1206 1486 sanctum
1229 1458 1359 1494 infudisse
1374 1458 1522 1494 Spiritum,
1537 1459 1583 1494 qui
1600 1463 1641 1486 est
1663 1458 1804 1491 Cltristus..

1014 1511 1124 1539 eumque
1135 1505 1181 1540 qui
1194 1503 1272 1531 Jesus
1289 1509 1397 1531 vocatus
1408 1508 1458 1536 est,
1477 1503 1604 1531 induisse.
1620 1503 1653 1530 Et
1672 1504 1744 1532 inlra
1754 1504 1778 1520 "
1795 1514 1802 1532 :

1015 1549 1088 1577 Duos
1103 1558 1119 1576 α
1136 1549 1191 1577 Deo
1205 1551 1361 1578 constitutos
1377 1559 1434 1578 esse
1458 1555 1604 1583 asserunt,
1621 1550 1756 1578 Christum
1778 1555 1806 1578 et

176 1591 203 1617 in
217 1590 311 1618 Per-tua
325 1592 457 1627 degerent,
477 1599 554 1628 atque
572 1595 599 1621 in
611 1595 673 1622 urbe
688 1595 764 1622 Pella
778 1596 945 1630 potissimum
955 1617 962 1629 ,
978 1584 999 1613 (ἶ
1015 1594 1161 1628 diabolum,
1176 1604 1287 1631 quorum
1302 1596 1344 1623 illi
1364 1596 1449 1631 futuri
1458 1616 1465 1629 ,
1482 1596 1543 1623 huic
1560 1597 1698 1631 praesentis
1711 1597 1805 1624 circuli

175 1644 234 1671 qure
246 1637 272 1663 in
284 1636 475 1672 Decapolitana
484 1640 619 1673 provincia
632 1645 706 1669 est...
718 1649 796 1675 prope
808 1641 964 1670 Balanteum

175 1690 207 1709 ac
219 1682 403 1711 Basanitidem
412 1693 421 1716 ,'
442 1694 500 1712 cum
517 1686 584 1718 illic,
600 1687 719 1722 inquam,
735 1687 898 1716 domicilium
909 1689 965 1716 col-

176 1729 329 1761 locassent,
345 1729 406 1757 hinc
423 1730 522 1758 Ebioni.
538 1731 603 1759 data
622 1737 660 1760 est
683 1734 847 1768 propagandi
865 1735 963 1762 erroris

176 1773 291 1802 occasio.
314 1773 366 1807 Qui
394 1775 422 1802 iu
435 1784 503 1811 pago
526 1777 642 1811 quodam
668 1778 780 1811 Cocabe,
807 1779 835 1806 in
860 1780 964 1815 regione

175 1817 379 1847 Carnaimorum
394 1840 401 1853 ,
417 1821 536 1855 Arnemi,
560 1828 586 1849 et
600 1823 815 1857 Astarotharum,
831 1829 857 1853 et.
876 1825 963 1852 Busa-

174 1863 266 1892 nitidis
282 1870 368 1892 tractu
376 1865 495 1894 habitare
510 1868 597 1902 ctepil,
609 1869 833 1904 quemadmodum
844 1875 915 1898 uetus
928 1871 962 1898 ad

173 1917 221 1937 nas
239 1918 320 1945 usque
334 1911 408 1946 fama
427 1913 545 1946 pertulit.
561 1913 660 1942 Postea
675 1922 742 1942 vero
761 1916 853 1950 adjicit
867 1917 888 1932 ⁸¹
903 1926 910 1944 :
929 1916 962 1944 ln

172 1956 240 1984 Asia
252 1965 283 1983 ac
298 1956 388 1985 Roma:
398 1967 513 1986 errarent
527 1968 604 1986 suum
620 1961 813 1991 disseminaoit.
825 1961 893 1991 Cum
910 1964 961 1994 ita-

173 2011 228 2037 que
239 2004 306 2031 urbs
321 2004 568 2040 Hierosolymitana
576 2006 654 2040 juxta
670 2008 829 2042 peritiorum
844 2009 962 2037 chrono-

174 2048 274 2084 logiam
289 2056 361 2076 anno
375 2049 478 2077 Christi
496 2050 529 2077 70
547 2056 627 2086 capta
642 2051 724 2079 fuerit
741 2059 774 2079 ac
792 2053 898 2086 diruta,
914 2062 962 2089 per

174 2094 201 2121 id
222 2093 306 2122 ferme
321 2098 428 2130 tempus
440 2095 527 2123 Ebion
537 2097 564 2123 in
578 2096 657 2129 locis,
669 2098 704 2124 ab
720 2097 872 2133 Epiphanio
884 2108 964 2127 com-.

173 2141 342 2172 memoratis,
356 2148 464 2169 errores
487 2149 553 2169 suos
580 2142 762 2172 disseminare
786 2145 879 2179 coepit.
906 2145 961 2173 Nec

174 2187 252 2221 longe
282 2187 360 2214 abest
388 2187 422 2214 ab
447 2187 498 2215 hac
529 2188 664 2217 sententia
692 2188 892 2226 Hieronymus,
914 2193 961 2226 qui

171 2230 315 2263 Joannem,
332 2237 516 2268 consurgente
530 2232 644 2260 Ebionis
659 2233 767 2267 haeresi,
784 2234 959 2271 Evangelium

172 2285 252 2304 suum
265 2278 410 2313 scripsisse
424 2279 570 2306 allirmat"
582 2289 588 2306 :
603 2279 716 2314 Scripsit
727 2279 898 2317 anngelium
911 2283 960 2309 ad-

172 2332 261 2350 versus
279 2323 492 2353 Cerinthum.....
508 2331 532 2353 et
552 2327 666 2353 maxime
687 2335 756 2354 nunc
773 2327 958 2361 Ebionitarum

170 2369 266 2405 dogma
282 2379 448 2406 consurgens.
748 2372 752 2374 ’

206 2415 321 2444 Errores
335 2424 399 2444 vero
415 2416 527 2445 Ebionis
546 2417 627 2445 iidem
649 2419 843 2454 propemodum
858 2427 935 2448 erant
949 2442 962 2454 ,,

169 2467 204 2490 ac
217 2462 358 2496 Cerinthi;
375 2463 412 2490 ita
428 2468 458 2490 ut
471 2463 517 2491 ille
536 2471 551 2490 a
573 2463 755 2499 quibusdam,
768 2465 840 2500 quod
867 2471 958 2496 tamen

171 2507 356 2536 indubitatum
372 2510 485 2537 omnino
500 2518 554 2537 non
570 2514 622 2544 est,
641 2510 765 2545 ejusdem
778 2512 901 2540 Cerinthi
913 2514 956 2541 di-

169 2554 294 2590 scipulus
307 2554 391 2583 fuisse
406 2560 555 2584 asseratur.
576 2556 694 2585 Docebat
710 2562 801 2586 autent
815 2559 956 2588 Christum

171 2607 276 2628 merum
291 2608 354 2628 esse
370 2601 518 2635 hominem,
533 2609 565 2629 ex
581 2602 666 2630 Maria
681 2607 709 2631 et
722 2603 821 2640 Ioseph
834 2605 955 2638 humano

1014 1645 1129 1675 potestas
1145 1645 1184 1668 est
1208 1641 1350 1668 commissa
1367 1649 1377 1668 :
1391 1641 1468 1678 idque
1483 1641 1553 1670 adeo
1572 1643 1757 1677 omnipotentis
1767 1643 1804 1669 il-

1016 1686 1068 1714 lius
1086 1687 1213 1714 mandato
1235 1687 1271 1717 ad
1295 1687 1422 1724 cujusque
1445 1689 1651 1723 postulationem
1676 1697 1734 1716 esse
1752 1689 1802 1724 fa-

1015 1737 1096 1766 ctum
1110 1737 1163 1761 etc.

1050 1779 1071 1795 ⁵⁷
1085 1778 1161 1807 Hanc
1175 1787 1256 1816 porro
1267 1780 1424 1816 opinionum
1439 1781 1602 1810 divisionem
1627 1785 1654 1809 et
1674 1781 1804 1809 dill‘eren-

1014 1825 1079 1855 tiam
1094 1825 1184 1854 Elxaeo
1195 1826 1444 1863 pseudopropheta:
1455 1827 1627 1855 tribuendam
1636 1836 1697 1855 esse
1709 1828 1804 1863 suspi-

1014 1877 1102 1899 catur.
1125 1870 1242 1904 Quidam
1265 1880 1329 1900 vero
1342 1872 1416 1900 hunc
1430 1873 1567 1906 Elxaeum,
1584 1881 1633 1902 seu
1649 1873 1740 1902 Elccai
1755 1881 1803 1909 pe-

1013 1917 1127 1945 culiaris
1148 1917 1293 1952 cujusdam
1307 1918 1438 1951 haeresis,
1461 1927 1523 1955 quae
1545 1919 1581 1947 ab
1605 1919 1678 1947 illius
1690 1919 1807 1947 nomine

1013 1962 1230 1991 Helcesaitarum
1246 1964 1318 1991 dicta
1333 1968 1376 1992 est
1388 1983 1395 1995 .
1412 1964 1526 1991 tradunt
1548 1963 1634 1992 fuisse
1647 1968 1800 1991 auctorem.

1013 2009 1088 2038 Illius
1104 2018 1186 2045 porro
1205 2017 1314 2037 errores
1327 2010 1362 2037 ab
1375 2009 1495 2037 Eusebio
1509 2009 1532 2026 ⁵⁸
1548 2014 1576 2038 et
1591 2009 1764 2038 Theodoreto
1777 2010 1803 2029 ⁵*

1013 2059 1161 2088 notantur;
1180 2054 1229 2082 sed
1242 2062 1303 2082 eam
1317 2055 1400 2083 simul
1416 2059 1519 2089 natam,
1533 2056 1615 2083 simul
1632 2056 1798 2084 exstinctam

1013 2101 1084 2128 idem
1110 2100 1244 2128 Eusebius
1259 2100 1287 2129 in
1302 2100 1494 2128 ecclesiastica
1508 2109 1558 2129 sua
1578 2101 1700 2130 Historia
1714 2105 1800 2130 testa-

1013 2151 1058 2175 tus
1072 2149 1124 2174 est.
1139 2145 1259 2173 Citatum
1281 2153 1296 2173 a
1311 2146 1392 2175 nobis
1414 2147 1488 2175 illius
1505 2147 1597 2175 locum
1616 2148 1639 2175 si
1660 2147 1737 2176 adire
1751 2156 1804 2175 vo.

1013 2192 1109 2225 lueris,
1125 2192 1183 2228 lege
1197 2192 1283 2220 etiam
1298 2192 1327 2222 in
1342 2200 1404 2221 eum
1421 2192 1522 2222 Valesii
1537 2198 1617 2222 notas
1631 2197 1658 2222 et
1673 2194 1800 2221 animad-

1013 2237 1165 2266 versiones.

1049 2283 1182 2311 Ebionitae
1201 2287 1292 2313 autem
1309 2289 1441 2320 praeterea
1465 2286 1601 2314 docebant
1623 2294 1719 2315 onines
1740 2287 1799 2322 lege

1013 2330 1132 2359 Mosaica
1150 2330 1248 2364 teneri,
1267 2332 1482 2367 servandamque
1501 2332 1612 2360 Sabbati
1635 2333 1797 2360 celebratio-

1013 2385 1085 2410 nem,
1102 2375 1230 2412 quamvis
1245 2378 1415 2406 Dominicam
1434 2386 1543 2413 quoque
1562 2378 1634 2406 diem
1653 2379 1680 2405 in
1696 2377 1798 2406 Resur-

1013 2424 1143 2451 rectionis
1162 2424 1264 2454 Christi
1280 2424 1438 2452 memoriam
1458 2424 1566 2459 ipsimet
1579 2424 1794 2452 observaverint.

1013 2468 1186 2506 Quapropter
1197 2468 1214 2495 ii
1229 2469 1307 2503 juxta
1324 2467 1454 2495 lrenaaum
1475 2468 1496 2483 ⁶⁰
1510 2477 1517 2494 ;
1533 2467 1648 2498 Paulum
1663 2473 1795 2499 recusant.

1008 2519 1158 2548 apostatam
1173 2522 1233 2541 eum
1247 2514 1310 2549 legis
1322 2513 1495 2546 dicentes..."
1510 2513 1567 2541 solo
1582 2518 1670 2541 autem
1683 2521 1712 2540 ea
1726 2516 1797 2548 quod

1007 2565 1045 2588 est
1062 2560 1205 2589 secundum
1219 2559 1247 2587 Μ
1249 2559 1374 2587 attluzum
1386 2559 1527 2595 Evangelia
1538 2564 1657 2587 utuntur.
1671 2559 1719 2588 His
1735 2568 1801 2595 qua:-

1009 2608 1042 2635 de
1056 2607 1204 2642 Evangelia
1220 2605 1340 2635 Matthaei
1356 2606 1487 2634 dicuntur
1501 2626 1508 2638 ,
1525 2606 1647 2636 concinit
1669 2605 1795 2635 Theodo-

205 2700 230 2744 ξ³
251 2700 454 2744 Origen.'__lib._
477 2711 494 2729 ιι
524 2709 594 2744 cont.
626 2704 702 2744 Cc_l_s.‘
720 2710 746 2744 et
776 2707 822 2734 lib.
851 2715 878 2734 tv
907 2708 1067 2741 Periarch.;
1105 2709 1204 2737 Euseb.
1236 2709 1281 2735 lib.
1313 2715 1352 2744 ll_l_
1371 2709 1440 2735 llist.
1473 2716 1532 2744 cap.
1566 2709 1610 2740 57;
1629 2708 1791 2744 Epiphan”

170 2735 267 2764 hmrcs.
291 2735 340 2766 50‘.
363 2737 499 2765 Theodor.

172 2769 185 2804 ᾗ
204 2771 228 2798 Ι.
277 2773 298 2787 ⁵·
317 2772 382 2800 Ibid.
406 2773 419 2804 ξ
442 2773 484 2800 l8.

171 2805 263 2833 homil.
287 2807 319 2834 l7
349 2809 375 2833 in

170 2848 229 2874 cap.
246 2842 290 2871 2⁵1,
330 2842 350 2858 ⁸⁵
365 2843 429 2870 Luc.
443 2844 490 2869 cit.

544 2738 618 2776 llrgr.
652 2739 748 2776 νίψαι.
786 2750 846 2776 cap.
875 2751 904 2769 ιι.

424 2807 654 2844 uc.;-llier0nym.
685 2807 724 2837 De
748 2812 837 2844 script.
865 2814 956 2840 coclea.

541 2843 679 2881 “inaures.
697 2845 741 2876 50,
765 2846 778 2881 ξ
795 2843 823 2874 5.

959 2745 982 2760 δ’
1013 2745 1123 2772 Mercat.
1152 2744 1291 2772 Anathcm.
1326 2742 1446 2774 Nestor.,
1476 2743 1519 2770 12.

532 2773 554 2788 “
570 2773 608 2802 De
638 2774 728 2814 script.
760 2773 868 2814 erata.
886 2777 912 2804 in
938 2776 1031 2808 Joan.;
1048 2779 1151 2806 Tertul.
1177 2779 1235 2807 Lib.
1263 2778 1394 2814 decorae
1410 2773 1522 2809 Christi.
1540 2787 1600 2814 cap.
1616 2780 1659 2806 18.
1679 2773 1790 2814 υῑίευιιξ

1573 2745 1596 2759 ⁵⁰
1623 2743 1714 2771 literas
1720 2764 1726 2770 .
1746 2745 1790 2776 δυ,

1007 2815 1029 2830 ⁸³
1055 2814 1155 2842 Haeres.
1189 2815 1234 2845 50,
1263 2813 1276 2845 ᾗ
1304 2813 1348 2843 18.
1371 2817 1399 2841 et
1423 2814 1522 2842 Euseb.
1552 2814 1598 2841 lib.
1623 2822 1652 2840 Ill
1686 2813 1790 2841 llistor.

170 2848 229 2874 cap.
246 2847 290 2871 :7.
330 2847 350 2858 "
365 2847 429 2870 Luc.
443 2847 490 2869 cit.
541 2847 563 2859 "
579 2847 679 2871 Haeres.
697 2847 741 2876 50,
765 2847 778 2881 ς
795 2847 823 2874 5.
873 2848 896 2862 ⁸⁵
915 2848 962 2876 Ibit

169 2873 193 2891 εο
211 2876 302 2891 Tun...)
329 2878 363 2891 nu.
387 2887 404 2891 ..
427 2877 511 2891 11....-.
552 2878 603 2891 [βλ.
651 2887 691 2891 ..μ
732 2881 745 2891 -ν
796 2882 817 2891 ιιι
843 2882 849 2891 1
887 2890 892 2891 ,
939 2884 953 2891 -.

1028 2849 1069 2877 16.
1109 2850 1130 2865 ⁵⁷
1144 2849 1210 2877 Ιυίιι.
1231 2847 1244 2884 ς
1260 2847 1286 2876 5.
1321 2848 1344 2865 ⁸⁸
1360 2848 1460 2878 Euseb.
1479 2850 1524 2877 lib.
1540 2857 1565 2876 γι
1586 2849 1654 2876 lltst.
1668 2857 1728 2884 cap.
1745 2849 1789 2876 50.

211 2876 313 2905 Theod.
329 2878 374 2906 lib.
387 2887 404 2906 ιι
424 2877 523 2917 lla‘rrt.
547 2878 616 2910 Fab,
630 2899 636 2911 ,
650 2887 710 2915 t‘ap.
732 2876 773 2907 7.”
796 2882 817 2897 ⁶⁰
842 2882 907 2913 Luc.
918 2884 967 2911 uit.
