1893 3101
81 159 113 187 91
532 161 626 190 PRlMl
646 162 825 191 ECCLESl.-E
846 162 984 193 SA‘ICULI
1005 165 1264 197 SCRIP'FORIBUS.
1679 173 1714 200 22

81 221 176 250 retus;
198 217 273 246 addit
296 222 391 247 tamen
418 220 588 256 Epiphanius
600 222 622 238 ⁶¹
642 232 648 251 ;
666 223 824 258 Quanquam
846 231 877 250 ne
891 225 914 254 Α
929 226 1055 260 mysteria
1081 227 1203 261 qua-dam
1224 229 1370 262 quotannis
1397 229 1543 262 celebrant,
1564 231 1591 257 in
1618 231 1712 266 quibus

79 262 212 297 integrum
226 264 331 298 quidem
356 265 452 293 habent
466 287 473 299 ,
495 267 539 294 sed
552 267 730 295 adulteratam
745 273 770 296 et
792 269 872 295 muti-

79 307 134 333 lam
146 316 157 338 ;
178 314 258 344 atque
277 310 311 337 iis
324 311 456 343 omnibus.
472 321 530 348 qua:
541 314 575 340 ad
586 314 762 349 genealogiam
774 314 874 342 Christi

78 359 213 387 spectant,
230 356 292 384 inde
308 357 412 385 abrasit
425 379 433 391 ,
450 359 565 394 idipsum
587 360 748 388 Hebraicum
768 366 869 388 vocant.

76 399 147 433 Quid
167 409 247 438 ergo,
272 403 400 439 inquies,
419 405 562 434 Mercatori
592 407 724 436 faciemus
738 428 746 440 ,
768 408 815 444 qui
837 409 871 436 de

77 447 184 476 Ebione
197 449 256 477 haec
273 451 372 478 scribit
398 460 405 480 :
427 452 560 480 Christum
575 454 602 480 in
625 454 672 482 Dei
686 455 773 490 ﬁlium
787 455 869 489 adop-

78 497 162 520 tatum
181 503 266 522 ausus
280 501 319 523 est
345 497 492 531 pradicare
505 518 513 530 ,
532 503 651 527 asserens
676 509 703 527 se
731 500 868 536 Matthwi,

76 539 165 568 ,Ιανεί
173 547 199 570 et
209 542 286 570 Luce
310 545 530 580 evangelistarum
539 549 723 575 auctoritatem
737 550 869 576 secutum?

75 587 194 614 Aiebant
206 590 333 616 nonnulli
345 590 523 619 Mercutorem
539 593 572 620 de
582 592 686 622 Ebione
696 615 703 625 ,
720 594 787 621 alios
804 602 868 622 vero

75 629 174 659 Patres
195 632 231 660 de
245 633 307 667 ejus
328 635 402 670 loqui
425 636 579 672 discipulis.
605 638 641 665 At
662 638 689 665 id
708 639 781 674 quod
802 647 868 668 vero

73 675 186 703 videtur
203 677 342 712 similius,
359 680 378 707 ii
395 681 565 716 subjungunt
576 702 584 715 ,
601 686 658 710 tres
673 683 734 712 illos
751 691 867 720 cvange-

74 720 149 748 listas
164 722 201 749 ab
217 722 333 757 Ebione,
354 729 383 753 ut
396 726 434 754 ait
449 727 594 761 Mercator,
607 729 706 758 citatos
717 751 725 763 ,
739 738 794 758 non
805 731 866 759 ideo

72 765 186 799 quidem
194 767 272 801 quod
282 768 449 797 admittenda
459 775 567 806 putaret
580 772 687 800 illorum
698 773 844 810 Evangelia
856 795 863 807 ,

72 810 117 837 sed
134 815 163 838 ut
180 819 280 839 eorum
297 815 486 843 auctoritatem
502 821 600 844 contra
623 817 780 846 Catholicos
795 839 803 851 ,
817 820 865 855 qui

70 863 128 882 eam
145 857 275 885 divinam
285 866 348 887 esse
357 861 518 893 credebant,
530 868 733 898 argumentomt
746 865 848 900 loquun
856 881 864 886 -

71 906 123 933 tur,
138 903 175 929 ad
195 903 339 932 hominem
354 911 474 942 urgeret.
490 907 624 936 Caeterum
651 910 674 937 si
695 911 761 945 quid
789 912 862 939 aliud

71 948 193 975 senserit
201 947 348 983 Mercator,
359 951 433 980 certe
440 953 532 988 opinio
542 955 615 983 illius
626 955 740 983 aliorum
751 956 862 984 Patrum

69 995 214 1022 sententiae
230 996 400 1030 praeferenda
415 1007 469 1026 non
484 1004 536 1028 est.

103 1038 126 1053 "
137 1038 334 1070 Praedicabant
358 1043 471 1079 insuper
496 1045 629 1075 Ebionitae
641 1047 773 1076 Christum
793 1050 862 1076 veri-

69 1085 130 1111 tatis
145 1093 206 1113 esse
221 1088 410 1121 prophetam...
425 1091 569 1126 Prophetas
580 1101 650 1126 vero,
665 1103 717 1122 non
731 1096 860 1129 ueritatis,

67 1130 110 1156 sed
135 1131 322 1168 intelligentia
342 1144 398 1163 esse
423 1138 563 1172 prophetas
575 1160 583 1172 ,
596 1141 754 1176 proindeque
767 1142 860 1169 Iesum

67 1176 152 1203 solum
168 1186 230 1205 esse
247 1180 411 1214 prophetam.
435 1183 467 1210 Et
481 1185 562 1219 paulo
576 1187 703 1221 superius
717 1197 722 1214 :
738 1187 861 1214 Abraha-

67 1228 147 1269 mum,
158 1227 185 1249 et
199 1223 328 1252 lsaacurn
342 1246 349 1259 ,
366 1236 397 1254 ac
410 1227 539 1257 Iacobum
551 1251 559 1263 ,
583 1236 608 1259 et
639 1232 765 1267 Moysem,
782 1239 859 1269 atque

67 1264 200 1294 Aaronem
217 1269 373 1305 admittunt,
390 1281 442 1300 una
457 1283 515 1302 cum
530 1275 605 1310 Iesu,
621 1279 666 1312 qui
676 1264 777 1313 liloysis
790 1264 859 1306 dun-

66 1315 142 1338 tazat
154 1322 305 1348 successor,
318 1326 398 1353 neque
413 1320 556 1354 quidquam
574 1323 687 1357 amplius
709 1323 798 1358 fuerit.
811 1325 859 1352 Se-

64 1358 182 1386 cundum
193 1360 244 1388 hos
256 1362 359 1391 nullum
372 1365 454 1392 alium
469 1375 502 1394 ex
513 1368 644 1402 prophetis
659 1370 803 1403 asciscant,
813 1371 858 1398 sed

64 1409 123 1449 cum
131 1407 317 1435 exsecratione
325 1410 491 1442 proscribunt
503 1420 534 1439 ac
547 1412 675 1446 derident,
688 1419 763 1449 puta,
776 1415 858 1443 Davi-

63 1446 134 1481 dem,
149 1454 176 1476 et
197 1450 380 1487 Salomonem,
396 1460 475 1491 atque
489 1456 592 1486 Isaiam
605 1479 612 1491 ,
627 1446 770 1487 Ieremiam
781 1481 788 1493 ,
800 1461 856 1488 Da-

63 1495 168 1527 nietem,
186 1496 362 1532 Ezechielem,
376 1502 532 1535 quibuscum
544 1503 632 1532 Etiam
647 1510 724 1541 atque
739 1506 855 1534 Eliseum

63 1542 217 1574 repadiant.
234 1542 263 1571 Si
285 1546 348 1580 quis
362 1550 453 1574 autem
479 1549 694 1586 interrogasset:
714 1551 787 1580 Unde
805 1553 855 1589 igi—

64 1592 109 1612 tur
118 1591 190 1615 tenes
204 1597 266 1623 qua
277 1590 312 1617 ad
325 1590 443 1627 Moysen:
467 1594 697 1632 Abrahamumque
708 1599 855 1633 pertinent!

64 1633 271 1668 respondebant
290 1636 364 1665 illico
377 1638 405 1664 id
419 1639 469 1666 sibi
480 1649 497 1667 a
509 1640 615 1669 Christo
628 1644 799 1678 patefactum.

99 1680 176 1728 Alios
189 1689 290 1728 reorum
312 1692 421 1714 errores
445 1690 633 1717 enumerando
649 1691 721 1719 idem
735 1691 854 1728 Epipha-

64 1726 127 1754 nius
141 1727 164 1742 "
179 1727 288 1759 dixerat
304 1739 310 1757 :
327 1729 378 1758 Est
401 1731 449 1759 hoc
466 1733 521 1760 illis
537 1734 644 1770 insuper
659 1737 686 1763 in
696 1726 768 1765 more
786 1726 855 1773 posi-

65 1776 132 1804 tum,
159 1777 189 1799 ut
217 1775 426 1804 adolescentulos
451 1779 521 1806 citra
543 1785 675 1809 maturam
699 1788 804 1811 tetatem
819 1785 854 1812 ad

65 1818 170 1851 nuptias
185 1820 378 1854 compellant...
393 1831 474 1858 neque
485 1833 545 1852 vero
562 1827 621 1854 unis
635 1827 767 1856 duntaxat
788 1838 854 1865 nup-

64 1863 107 1890 tiis
120 1864 271 1899 afﬁnitates
285 1867 353 1894 inter
366 1876 394 1895 se
416 1870 593 1906 conjungunt,
611 1873 656 1900 sed
673 1875 697 1900 si
708 1875 750 1901 cui
765 1863 853 1903 diuor-

64 1907 128 1934 tium
144 1909 234 1943 facere
249 1911 370 1945 libuerit,
392 1922 423 1940 ac
442 1923 536 1942 novum
552 1917 618 1944 inire
641 1921 850 1954 matrimonium,

64 1953 98 1980 ad
113 1955 210 1982 tertias
225 1961 251 1982 et
267 1958 392 1991 septimas
408 1968 488 1995 usque
500 1964 605 1996 nuptias
620 1966 783 1998 permittunt.
800 1967 852 1995 Su-

64 2000 156 2048 perius
170 2009 239 2029 vero
253 2002 275 2018 “
289 2013 296 2031 :
321 2003 407 2033 Hodie
419 2026 426 2038 ,
443 2007 600 2042 inquiebat,
621 2012 757 2047 uirginitas
782 2015 852 2048 apud

63 2045 122 2072 illos
138 2051 164 2072 et
186 2048 300 2074 castitas
325 2051 430 2078 omnino
449 2052 633 2086 prohibetur...
648 2045 720 2083 Nam
741 2045 805 2085 olim
820 2059 852 2087 de

63 2091 213 2126 virginitate
228 2092 341 2127 gloriari
355 2095 495 2129 solebant,
519 2099 648 2127 nimirum
669 2101 701 2128 ob
721 2102 851 2131 Iacobum

64 2138 174 2171 fratrem
188 2138 308 2173 Domini,
321 2141 436 2178 adeoque
457 2144 539 2173 libros
563 2155 624 2175 suos
640 2148 675 2175 ad
695 2151 811 2179 seniores
826 2157 850 2179 et

64 2183 173 2218 sirgines
188 2185 345 2215 inscribunt.

923 276 1004 302 panes
1024 279 1142 306 azymos,
1158 276 1182 298 et
1194 271 1228 299 ad
1243 273 1354 300 alteram
1369 274 1488 309 mysterii
1501 280 1601 308 partem
1612 285 1712 304 meram

923 323 1019 350 aquam
1034 316 1165 344 adhibent.

958 359 1030 387 Idem
1046 361 1135 389 adhuc
1154 362 1320 398 Epiphanius
1332 363 1356 378 ⁸⁸
1368 369 1501 392 memorat
1523 365 1633 393 eosdem
1657 367 1711 394 ha:-

921 407 1032 439 reticos,
1047 411 1077 434 ut
1092 415 1219 443 maguum
1235 410 1373 437 erroribus
1388 410 1446 438 suis
1461 412 1631 439 auctoritatis
1642 419 1709 446 pon-

921 451 971 479 dus
985 453 1145 486 tribuerent,
1161 462 1239 482 sacra
1253 456 1439 489 apostolorum
1459 457 1569 484 nomina
1594 457 1709 492 quibus-

920 499 981 526 dam
996 499 1084 531 libris,
1097 507 1111 526 a
1133 507 1163 528 se
1185 500 1320 533 conﬁctis,
1343 501 1709 537 praeﬁxisse:Apostolor-um

919 544 986 570 alios
1001 544 1082 571 Actus
1097 545 1294 580 circumferunt,
1308 547 1335 573 in
1349 546 1442 582 quibus
1455 548 1577 581 plurima»
1585 554 1646 575 sunt
1658 549 1708 575 int-

918 589 1021 623 pietatis
1042 590 1150 617 illorum
1162 592 1280 626 vestigia,
1293 592 1399 627 ejusque
1411 593 1576 627 potissimum
1591 596 1707 622 auctori-

918 640 972 662 tate
990 635 1051 663 libri
1065 636 1100 663 ad
1112 637 1315 672 oppugnandam
1335 639 1470 665 veritatem
1496 645 1642 668 armantur.
1673 641 1707 668 Et

917 681 987 708 infra
997 681 1019 697 ⁶⁹
1033 692 1038 709 :
1050 683 1234 716 Apostolorum
1249 685 1368 716 nomina,
1379 693 1429 719 quo
1444 686 1551 719 facilius
1564 691 1705 714 sectatores

915 735 977 754 suos
990 728 1134 762 pelliciant,
1156 736 1202 763 per
1215 730 1409 757 simulationem
1431 731 1587 762 admittunt,
1612 730 1705 765 quibus

914 774 993 800 etiam
1009 775 1134 808 conﬁctos
1148 775 1274 810 quosdam
1288 784 1304 802 a
1318 784 1345 802 se
1367 776 1446 803 libros
1468 776 1623 808 inscribunt,
1637 776 1705 803 velut

915 828 932 846 a
944 819 1056 851 Iacobo,
1067 819 1206 852 Matthwo,
1224 829 1255 846 ac
1270 821 1377 856 reliquis
1391 820 1528 855 discipulis
1544 821 1639 854 editos,
1659 822 1703 849 in-

915 868 953 890 ter
963 872 1021 899 qua:
1031 863 1144 891 Ioannis
1155 865 1234 891 etiam
1244 865 1356 899 apostoli
1371 874 1463 893 nomen
1475 865 1628 893 admiscent.
1637 866 1658 893 Τ
1659 875 1705 894 es~

878 897 899 925 B
913 897 1000 936 tatu-In
1010 909 1129 945 denique
1145 897 1323 941 iacit,librum
1335 911 1381 946 qui
1397 910 1530 938 Circuitus
1544 909 1632 945 Petri,
1645 916 1673 940 et
1687 920 1703 940 ι

911 955 1050 984 Clemente
1062 957 1235 991 conscriptus
1251 965 1315 985 esse
1332 957 1480 989 ferebatur,
1498 958 1593 985 iisdem
1617 958 1704 986 haereo

911 1002 973 1030 titzis
988 1003 1050 1030 usui
1070 1003 1165 1031 fuisse.

945 1048 1004 1082 Qua
1019 1057 1086 1076 cura
1101 1049 1271 1084 Epiphanius
1286 1057 1394 1077 errores
1410 1049 1597 1077 Ebionitarum
1611 1058 1704 1078 recen-

910 1101 961 1127 set,
978 1094 1071 1122 eadem
1087 1095 1166 1130 plane
1181 1095 1321 1130 diligentia
1336 1103 1394 1127 eos,
1409 1103 1423 1122 a
1438 1096 1538 1131 quibus
1559 1096 1652 1132 rejecti
1674 1101 1706 1125 et

909 1141 1043 1169 destructi
1066 1145 1140 1173 sunt,
1158 1141 1311 1169 luculenter
1338 1141 1460 1168 ostendit
1474 1152 1479 1168 :
1494 1142 1589 1174 Porro,
1611 1143 1706 1178 inquit

910 1186 964 1218 ille,
981 1194 1031 1212 non
1042 1185 1159 1213 Ioannes
1171 1185 1259 1217 modo,
1274 1185 1319 1213 sed
1329 1190 1353 1212 et
1365 1194 1452 1213 omnes
1463 1193 1571 1220 prorsus
1589 1187 1702 1222 apostoli

909 1230 1019 1258 Ebionis
1033 1231 1111 1266 ﬁdem
1126 1232 1274 1266 repudiarit,
1289 1236 1313 1259 et
1327 1240 1343 1259 a
1357 1232 1413 1259 suis
1427 1232 1604 1267 dogmatibus,
1625 1238 1703 1268 atque

909 1277 1053 1311 apostolico
1065 1278 1111 1304 illo
1127 1278 1281 1305 charactere
1296 1278 1411 1305 alienam
1421 1278 1562 1313 judicant;
1581 1279 1608 1306 id
1630 1279 1700 1314 quod

908 1324 1048 1359 unicuique
1061 1325 1227 1359 perspicuum
1242 1329 1290 1352 est.
1306 1324 1431 1353 Vidimus
1454 1333 1536 1360 supra
1550 1333 1584 1353 ex
1602 1325 1700 1354 Hiero-

907 1378 989 1406 nymo
1002 1370 1134 1398 Joannem
1147 1370 1176 1398 in
1190 1370 1285 1406 primis
1296 1371 1428 1399 adversus
1439 1379 1608 1407 consurgens
1620 1371 1701 1400 Ebio—

907 1417 951 1444 nis
962 1416 1070 1452 dogma,
1083 1425 1162 1444 suum
1175 1417 1295 1445 edidisse
1307 1417 1493 1452 Evangelium.
1507 1417 1604 1446 Nullus
1617 1426 1700 1453 porro

906 1463 1047 1490 dubitandi
1064 1463 1141 1491 locus
1154 1467 1206 1495 est,
1227 1463 1293 1499 quin
1306 1463 1391 1490 divini
1411 1464 1450 1491 illi
1466 1464 1570 1499 pugiles
1591 1465 1698 1500 plenam

906 1507 1108 1543 perfectamque
1117 1509 1248 1536 adversus
1262 1508 1311 1536 hos
1323 1509 1384 1536 lidei
1393 1513 1418 1536 et
1428 1509 1568 1537 catholica:
1578 1510 1702 1538 veritatis

906 1554 1000 1582 hostes
1009 1555 1151 1582 victoriam
1165 1555 1374 1590 reportaverint.
1387 1555 1419 1582 Et
1434 1561 1509 1584 certe
1519 1557 1575 1592 jam
1591 1557 1700 1585 monui-

905 1609 967 1629 mus
982 1601 1043 1630 illos
1055 1609 1070 1628 a
1086 1601 1144 1630 suis
1158 1601 1316 1637 primordiis
1330 1602 1420 1630 varias
1435 1603 1463 1630 in
1483 1607 1577 1638 partes
1595 1604 1699 1631 scissos

905 1642 1002 1681 fuisse,
1016 1652 1042 1676 et
1058 1648 1129 1676 inter
1144 1656 1174 1676 se
1187 1647 1301 1676 divisos.
1317 1647 1387 1681 Quid
1403 1654 1493 1676 autem
1508 1649 1582 1676 aliud
1596 1657 1629 1677 ex
1645 1650 1698 1677 hac

904 1694 1075 1722 dissensione
1090 1694 1166 1729 sequi
1181 1694 1278 1728 potuit,
1297 1702 1377 1729 quam
1394 1695 1497 1729 integra
1513 1695 1594 1730 hujus
1617 1700 1698 1724 sectae

905 1740 993 1772 ruina,
1009 1740 1200 1774 excidiumque
1214 1743 1319 1767 certum
1335 1743 1361 1767 et
1376 1741 1558 1768 celerrimum.
1572 1740 1631 1768 Non
1644 1741 1697 1769 ibi-

904 1795 965 1815 mus
982 1790 1073 1814 tamen
1087 1786 1193 1814 inlicias
1215 1786 1307 1820 plures
1323 1785 1434 1813 Ebionis
1454 1794 1562 1814 errores
1578 1787 1612 1814 ab
1633 1788 1696 1815 aliis

904 1831 1077 1868 postmodum
1092 1831 1227 1858 haereticis
1249 1834 1405 1863 renovatos,
1422 1831 1469 1859 sed
1484 1831 1503 1858 ii
1524 1831 1695 1868 proﬂigatum

903 1879 937 1906 ab
949 1877 1080 1912 apostolis
1090 1876 1278 1904 Ebionitarum
1290 1883 1399 1909 nomen,
1409 1876 1461 1904 sibi
1474 1876 1603 1912 deinceps
1615 1884 1695 1905 arro-

903 1929 968 1957 gare
981 1928 1035 1948 non
1050 1919 1110 1948 ausi
1125 1925 1201 1948 sunt.

1200 1965 1315 1994 CAPUT
1335 1966 1391 1994 Vll.

1116 2011 1153 2038 De
1167 2011 1259 2038 haeresi
1275 2011 1481 2042 Nazarworum.

938 2057 1068 2090 Quamvis
1082 2056 1202 2084 Nazareni
1214 2064 1229 2083 a
1245 2057 1406 2092 quibusdam
1420 2057 1569 2085 Christiani
1585 2059 1692 2087 hatred;

902 2103 937 2137 ci,
952 2110 967 2129 a
991 2102 1129 2129 nonnullis
1144 2109 1194 2129 nec
1216 2102 1376 2135 Christiani,
1397 2110 1446 2131 nec
1459 2102 1555 2136 Iudaei,
1577 2104 1610 2131 ab
1632 2105 1693 2132 aliis

902 2149 1018 2182 denique
1033 2146 1128 2175 iisdem
1144 2155 1175 2174 ac
1196 2146 1316 2175 Ebionazi
1341 2148 1483 2176 erroribus
1498 2149 1629 2183 implicati
1649 2149 1693 2177 di-

901 2197 1012 2226 cantur,
1030 2192 1067 2219 illi
1082 2197 1182 2224 tamen.
1201 2193 1223 2220 si
1237 2192 1388 2228 Epiphanio
1398 2194 1421 2209 ’¹⁶
1436 2194 1513 2225 ﬁdes,
1530 2195 1598 2221 meri
1614 2200 1693 2222 erant

95 2229 195 2258 Tradit
207 2232 292 2259 etiam
309 2232 331 2249 “
345 2233 476 2263 Ebionem
504 2237 710 2275 discipulosque
732 2241 792 2276 ejus
817 2243 848 2270 ab
865 2244 887 2272 Β
900 2238 985 2267 Iudici
998 2248 1004 2264 :
1019 2237 1109 2273 Neque
1121 2237 1234 2265 Iessazos
1246 2247 1274 2265 se
1289 2239 1360 2272 ipsos
1376 2244 1478 2271 vocant,
1496 2247 1576 2275 neque
1586 2238 1692 2267 Iudwoa

62 2275 197 2303 alimentis
215 2277 337 2306 omnibus
360 2280 526 2317 reliquoque,
541 2284 611 2318 quod
632 2293 710 2313 carne
739 2275 848 2322 constet,

62 2322 246 2355 abstinuisse;
260 2324 331 2358 quod
346 2325 395 2353 illa
408 2335 422 2353 e
442 2336 583 2362 corporum
604 2332 675 2358 coitu
695 2333 851 2360 concubitu-

61 2376 108 2401 que
122 2370 281 2404 gignantur.
296 2370 352 2399 Nec
371 2373 474 2409 pigebit
493 2383 527 2403 ex
541 2376 637 2404 eodem
658 2377 811 2413 Epiphanio
826 2381 853 2397 “

61 2413 207 2441 observare
215 2414 359 2444 Ebionitas
371 2419 492 2453 quotidie
503 2421 618 2456 lavasse,
633 2427 659 2450 et
670 2425 848 2459 quotiescun-

61 2465 112 2492 que
122 2459 229 2494 aliquid
239 2460 339 2496 impuri
353 2471 383 2491 se
398 2464 519 2500 tetigisse
530 2467 745 2498 arbitrabantur.
761 2471 848 2504 Quam

61 2505 288 2534 consuetudinem
308 2511 339 2534 ut
366 2507 439 2537 Petri
464 2513 627 2541 auctoritate
653 2514 795 2543 ﬁrmarent
819 2520 848 2544 et

60 2551 200 2586 exemplo:
212 2551 321 2586 Petrus,
332 2554 500 2590 inquiebant,
510 2557 617 2586 lavabat
627 2560 752 2594 quotidie,
764 2562 851 2595 prius-

61 2601 138 2639 quam
160 2595 250 2623 cibum
274 2604 396 2626 sumeret.
413 2599 503 2636 Pergit
521 2602 592 2631 idem
618 2603 786 2639 Epiphanius
800 2606 820 2621 "
835 2615 841 2632 :

62 2638 200 2674 Baptismo
215 2650 316 2678 quoque
329 2650 427 2678 prteter
441 2648 625 2681 quotidianum
641 2638 718 2677 illum
739 2651 849 2678 initian-

62 2690 118 2718 tur,
140 2691 166 2713 et
193 2695 228 2714 es:
255 2687 470 2719 Christianorum
500 2693 676 2731 Ecclesia-que
701 2697 848 2725 imitatione

64 2859 84 2875 ι·
94 2824 280 2893 ἱεὲνὲἓῗῗῑς
293 2828 385 2892 εἶπά.
398 2829 446 2881 θίὲθ
455 2830 522 2893 imi:

133 2861 162 2889 αξ
177 2861 280 2897 52,15
293 2867 321 2892 et
339 2863 385 2892 22.
424 2865 445 2881 ιτ
455 2861 522 2893 Ibid.

547 2831 591 2868 βξ.
629 2831 799 2868 “VEpipltan.
828 2834 879 2861 loc.
909 2834 956 2862 cit.
988 2834 1065 2868 518.

540 2865 553 2901 §
573 2867 614 2894 16.
654 2867 675 2883 ⁶⁶
689 2865 757 2896 ibid.
797 2868 817 2884 "
836 2869 904 2898 Ibid.
939 2869 953 2904 ς
971 2865 1015 2898 23.

903 2293 962 2311 rum
977 2284 1130 2311 vocabulum
1153 2284 1274 2316 retinent,
1289 2293 1369 2319 neque
1393 2294 1420 2312 se
1443 2285 1619 2317 Christianos,
1645 2285 1690 2313 sed

905 2329 1051 2357 Nazarazos
1073 2329 1104 2356 de
1119 2329 1168 2356 illa
1192 2330 1242 2358 loci
1255 2330 1431 2365 appellatione
1455 2336 1616 2365 nuncupant,
1631 2339 1691 2358 cum

900 2375 1006 2402 interim
1030 2375 1095 2402 meri
1112 2375 1163 2403 sint
1187 2374 1287 2408 Iudcei,
1303 2384 1383 2413 neque
1408 2376 1482 2402 aliud
1506 2381 1642 2410 pneterea.
1658 2377 1691 2404 Et

900 2421 1022 2450 sectione
1036 2428 1108 2449 nona
1121 2431 1127 2448 :
1138 2420 1227 2448 Iudici
1244 2423 1332 2457 potius
1349 2431 1428 2457 quam
1443 2423 1558 2457 cujusvis
1579 2424 1690 2451 alterius

899 2467 1000 2501 generis
1013 2471 1085 2498 sunt,
1100 2467 1206 2494 tametsi
1237 2466 1340 2495 Iudicis
1363 2469 1417 2495 sint
1437 2469 1631 2501 inimicissimi;
1644 2479 1689 2497 ne-

899 2520 948 2546 que
960 2512 1028 2538 enim
1043 2511 1198 2539 Iudieorum
1210 2513 1308 2547 posteri
1320 2514 1406 2541 solum
1420 2514 1530 2548 capitali
1543 2514 1604 2542 illos
1628 2515 1689 2542 odio

899 2562 1101 2592 prosequuntur,
1113 2557 1158 2584 sed
1172 2563 1197 2585 et
1212 2567 1287 2585 mane
1299 2567 1329 2586 ac
1342 2559 1449 2586 meridie
1457 2564 1481 2586 et
1494 2559 1528 2586 ad
1541 2568 1686 2595 vesperam,

900 2608 939 2630 ter
951 2603 983 2630 de
994 2603 1046 2636 die,
1061 2612 1121 2630 cum
1135 2604 1162 2630 in
1185 2605 1324 2639 synagogis
1340 2606 1394 2632 suis
1409 2605 1443 2632 ad
1456 2605 1585 2633 orandum
1600 2615 1688 2634 conus.

900 2650 985 2682 uiuat,
1001 2649 1068 2677 diris
1084 2650 1144 2677 illos
1165 2650 1297 2684 devovent,
1313 2659 1344 2678 ac
1368 2651 1478 2679 solemni
1501 2652 1688 2687 imprecatione

898 2695 1076 2729 proscribunt.
1094 2694 1165 2723 Idem
1180 2700 1271 2724 tamen
1286 2697 1368 2732 paulo
1380 2697 1469 2730 aliter,
1485 2702 1512 2726 et
1527 2699 1636 2733 planius
1650 2699 1685 2726 ilo

1115 2834 1138 2871 ξι
1155 2834 1221 2862 Ibid.
1244 2834 1359 2871 i'ilbid.
1379 2835 1392 2871 g
1412 2836 1438 2862 2.

1490 2835 1511 2850 ολ
1524 2835 1579 2863 Ibid
1608 2835 1689 2873 ut.

1067 2869 1090 2885 ⁷ο
1103 2868 1203 2897 llicrcs.
1220 2870 1255 2897 29
1277 2869 1291 2904 §
1308 2870 1331 2897 7.
