1893 3101
178 172 214 199 ‘15

759 173 803 200 DE
827 172 980 201 OMNIBUS
999 172 1198 200 GENEHATIH

1781 167 1827 194 ει

179 230 226 257 iud
241 229 354 256 deﬁnire
369 229 476 257 videtur
491 230 534 258 bis
549 230 639 258 verbis
653 239 659 256 :
674 229 731 256 Hoc
746 230 826 264 igitur
840 227 891 256 u'no
910 234 965 256 tam
979 231 1004 258 Α
1016 237 1081 255 usus
1096 228 1247 263 indiﬁ'erens
1259 229 1427 263 feminarum.
1443 227 1479 254 Hi
1495 226 1588 254 nec-ab
1603 226 1649 257 iis,
1662 232 1723 259 qua
1738 224 1824 250 idolis

183 283 200 301 a
214 274 328 307 Iudicis,
343 283 422 310 quam
433 284 449 302 a
461 275 622 303 Christianis
635 276 759 310 differunt
772 283 781 302 .'
797 275 830 302 ab
845 275 900 302 illis
912 276 971 310 qui-

179 321 238 347 dem
252 320 322 355 quod
337 321 365 347 in
388 320 523 348 Christum
541 321 667 352 credant;
690 329 707 347 a
731 319 890 348 Christianis
912 329 970 348 vero

180 365 248 399 quod
261 364 381 391 Judaicis
395 364 490 392 ritibus
505 366 684 399 implicantur.

218 410 274 438 Hos
288 415 378 438 autem
393 411 488 438 iisdem
504 412 699 447 propemodum
714 419 746 438 ac
759 411 879 440 Ebionmi
895 420 972 440 erro-

181 456 259 483 ribus
274 457 394 484 imbutos
408 456 487 484 docet
502 457 573 484 idem
589 457 756 492 Epiphanius
766 458 788 474 "
801 467 807 485 :
820 457 902 484 Ambo
917 458 971 484 cot-

183 502 245 528 latis
257 502 324 528 inter
336 510 365 529 se
375 501 514 536 capitibus,
529 510 606 529 suam
621 503 688 529 alter
701 511 759 529 cum
774 504 856 530 altera
873 504 972 538 impro-

183 547 290 574 bitatem
306 556 337 574 ac
360 548 503 582 nequitiam
516 549 726 576 communicavit.
739 550 823 584 Atque
835 550 885 576 etsi
905 558 972 584 qua-

183 593 322 620 damtenus
334 602 350 620 a
364 602 392 620 se
406 598 496 620 mutuo
509 593 670 627 dissideant,
685 595 714 622 in
734 596 906 630 excogitando
931 601 973 622 ta-

183 648 242 666 men
255 641 411 674 pravissimo
431 640 552 675 dogmate
572 648 628 667 sese
654 641 762 668 invicem
778 648 969 675 expresserunt.

185 683 282 711 Utrum
298 692 362 712 vero
377 685 445 719 ipsis
458 688 484 712 et
499 692 562 712 cum
578 684 762 714 Cerinthianis
776 687 871 714 eodem
891 687 972 715 modo

185 730 353 761 convenerit,
368 736 469 764 anceps
484 729 528 757 ille
541 733 581 757 est
597 729 654 756 :De
666 729 770 757 Christo
782 739 851 762 vero,
867 731 971 766 inquie-

185 773 231 800 bat
240 774 274 805 "',
297 778 367 800 certo
389 774 520 808 affirmare
543 782 650 808 nequeo,
674 779 764 801 utrum
787 774 915 807 Cerinthi,
934 777 973 804 uel

185 817 313 845 Herinthi
325 819 458 852 impietate
471 819 519 845 illa
537 818 648 853 decepti,
669 819 812 854 simplicem
827 820 902 847 illum
926 821 973 847 ho-

185 865 281 891 minem
296 869 452 896 asseuerent,
468 873 499 890 ac
513 865 552 890 uti
564 872 618 891 sese
630 873 669 891 res
685 865 772 897 habet,
783 873 828 899 per
842 865 972 900 Spiritum

185 915 305 936 sanctum
320 909 353 937 de
376 909 467 936 Maria
494 909 598 945 Virgine
610 911 726 945 genitum
749 919 806 938 esse
827 911 971 946 fateantur.

185 955 374 983 Theodoretus
388 963 452 983 vero
466 955 576 984 brevius
588 955 752 991 planiusque
773 956 910 990 edisserit,
926 958 974 992 qui

186 1001 286 1028 fuerint
299 1000 432 1033 Nazaraei,
448 1005 475 1028 et
498 1008 558 1036 qua!
578 1008 673 1028 eorum
696 1001 820 1034 bzeresis,
836 1010 890 1037 quo
906 1007 974 1031 tem-

185 1054 250 1081 pore
264 1050 370 1078 exorta,
385 1050 412 1074 et
427 1054 442 1072 a
457 1046 557 1081 quibus
569 1045 679 1073 tandem
693 1052 849 1082 expugnata
862 1057 868 1075 :
881 1047 975 1075 Nasa-

185 1094 233 1120 rtei
245 1092 336 1120 λιιάωὶ
347 1097 419 1123 sunt,
435 1092 570 1119 Christum
592 1092 762 1126 honorantes,
787 1098 914 1129 tanquam
928 1094 977 1122 Ito-

186 1138 281 1164 minem
292 1138 407 1172 justum,
419 1142 444 1164 et
459 1136 599 1171 Evangelia
614 1142 736 1171 utuntur,
751 1139 820 1174 quod
834 1139 976 1166 secundum

186 1184 295 1211 Petrum
309 1184 418 1212 dicitur.
437 1185 494 1213 llas
509 1187 631 1217 haereses,
646 1186 791 1219 imperante
811 1185 975 1217 Domitiano,

185 1229 316 1263 conﬂatas
338 1235 431 1257 auctor
445 1236 483 1257 est
506 1231 646 1258 Eusebius.
668 1230 767 1258 Contra
787 1238 853 1266 quas
873 1230 977 1264 scripsit

186 1274 308 1302 Justinus
323 1275 491 1309 philosophus
504 1281 529 1303 et
545 1282 658 1311 martyr,
672 1281 698 1303 et
711 1276 828 1303 Ircnwus
843 1283 978 1303 successor

187 1321 379 1354 apostolorum,
394 1326 419 1348 et
435 1321 571 1357 Origenes.

223 1364 273 1392 ilic
286 1368 375 1392 autem
399 1366 486 1394 obiter
504 1367 620 1394 observa
644 1367 710 1394 illud
731 1367 890 1395 diﬂicultate
904 1369 978 1395 omni

187 1417 242 1437 non
248 1417 351 1443 carere,
359 1411 431 1445 quod
439 1412 477 1438 ait
486 1419 534 1439 eos
542 1419 607 1439 usos
617 1412 760 1448 Evangelio
773 1413 844 1440 κατὰ
858 1413 960 1449 Πέτρον
969 1434 977 1446 ,

187 1455 408 1490 quandoquidem
424 1455 540 1483 aﬂirmat
553 1457 721 1492 Epiphanius
735 1458 803 1485 illud
824 1459 978 1487 secundum

189 1501 344 1528 biatthaum
355 1521 363 1532 ,
377 1505 406 1528 et
424 1501 559 1530 Hebraice
574 1503 706 1538 scriptum
722 1503 807 1532 fuisse
816 1504 841 1520 ⁷³
855 1513 861 1530 :
877 1503 926 1532 Est
941 1513 981 1532 se.

189 1555 237 1578 ro,
260 1547 339 1577 iniit,
365 1554 441 1581 penes
465 1547 526 1574 illos
551 1547 722 1583 Evangelium
747 1549 889 1576 secundum
904 1549 977 1576 Μαι-
993 1557 1016 1587 C

190 1592 286 1618 thazum
303 1591 431 1619 Hebraicc
444 1593 582 1627 scriptum,
591 1597 617 1619 et
630 1593 733 1628 quidem
744 1594 979 1622 absolutissimum.

989 896 1010 924 Β

193 1637 249 1664 Hoc
273 1637 342 1664 enim
364 1637 518 1669 certissime,
542 1643 620 1672 prout
634 1637 770 1666 Hebraicis
786 1639 881 1666 litteris
905 1640 980 1666 initio

191 1684 318 1717 scriptum
328 1686 378 1713 est,
394 1682 420 1708 in
435 1682 589 1709 hodiernum
605 1688 703 1718 tempus
716 1692 796 1719 usque
815 1690 979 1712 conservant.

191 1729 255 1756 Haec
269 1737 335 1757 sane
358 1730 475 1757 assertio
490 1733 545 1757 tam
559 1734 633 1763 certa
656 1734 684 1758 et
700 1731 844 1766 perspicua
866 1739 982 1766 scrupu-

191 1775 248 1801 ium
272 1782 338 1803 sane
355 1779 382 1802 et
403 1775 548 1809 quamdam
573 1775 770 1803 dubitationem
792 1776 890 1811 injicit,
917 1784 980 1804 num

191 1819 300 1854 aliquod
320 1820 347 1846 in
370 1823 472 1847 textum
496 1818 658 1847 Theodoreti
682 1821 808 1848 mendum
831 1821 980 1856 irrepserit,

191 1865 233 1891 vel
258 1865 315 1898 ipse
338 1864 424 1891 falsus
443 1864 489 1896 sit,
515 1868 562 1891 aut
589 1865 719 1891 memOria
742 1865 850 1900 lapsus;
876 1872 908 1892 ac
932 1873 982 1900 pro

191 1910 263 1936 κατὰ
273 1910 374 1946 Πέτρον
383 1911 455 1945 apud
468 1911 556 1944 ipsum
571 1911 622 1944 legi
637 1910 744 1944 debeat,
754 1911 823 1937 κατὰ
832 1911 980 1939 Ματθαῖον.

193 1955 227 1981 Et
248 1959 322 1982 certe
347 1955 413 1982 huic
437 1955 602 1989 conjectum
625 1955 696 1982 favet
719 1955 911 1991 Hieronymus,
935 1958 980 1984 ubi

194 2002 262 2029 dixit
273 2002 296 2018 ⁷⁸
309 2009 316 2028 z
328 2001 361 2028 In
376 2001 518 2037 Evangelia
533 2010 582 2036 quo
595 2006 705 2028 utuntur
718 2001 856 2033 Nazam'i,
870 2008 895 2029 et
906 2002 984 2029 Ebio-

194 2049 268 2080 nittz,
291 2048 359 2082 quod
375 2055 457 2081 nuper
479 2048 507 2073 in
522 2046 640 2074 Graecum
655 2047 686 2074 de
711 2047 823 2074 Hebraeo
844 2050 984 2075 transtuli-

196 2101 265 2123 mus,
281 2097 305 2119 et
320 2091 388 2126 quod
403 2096 511 2117 uocatur
530 2099 547 2117 a
560 2090 689 2125 plerisque
709 2090 831 2118 Matt/tan‘
853 2092 984 2119 authenti-

196 2145 266 2163 cum.
283 2135 354 2163 Idem
369 2135 432 2162 alibi
446 2136 543 2169 repetit
551 2135 586 2168 "",
602 2142 634 2161 ac
649 2135 758 2162 tandem
769 2136 849 2163 docet
863 2137 984 2173 Evange—

197 2183 264 2209 lium
287 2189 343 2208 non
367 2181 484 2208 Mattbtei
499 2181 547 2207 sed
572 2180 654 2207 Marci
667 2179 746 2207 Petro
768 2180 854 2208 fuisse
867 2183 982 2209 attribu-

1022 274 1205 305 immolantur,
1220 274 1291 301 cibos
1305 283 1367 301 suos
1380 277 1512 308 separant,
1524 277 1549 299 et
1563 272 1632 299 alios
1647 271 1718 298 ritus
1733 270 1828 305 genti-

1024 319 1089 345 lium
1113 319 1329 353 superstitionum
1352 327 1404 345 non
1428 322 1592 345 aversantur.
1611 315 1738 343 Narrant
1763 315 1826 341 alia

1020 363 1144 397 qutedam
1170 362 1303 397 fabulosa,
1328 362 1482 395 densanda,
1505 362 1592 388 nescio
1614 369 1675 395 qua
1700 359 1827 386 barbara

1021 408 1170 442 principum
1198 409 1306 435 nomina
1333 407 1470 434 miscentes
1498 403 1724 440 disputationibus
1749 404 1824 431 suis.

1022 451 1143 479 Barbara
1156 451 1201 478 illa
1214 452 1325 479 nomina
1340 451 1423 479 refert
1437 451 1546 486 quidem
1569 449 1754 484 Epiphanius,
1771 447 1826 475 sed

1021 505 1071 525 eos
1086 497 1119 525 de
1134 497 1229 525 iisdem
1244 498 1316 524 inter
1331 504 1360 524 se
1374 496 1520 524 dissentire
1534 499 1637 522 monet.
1654 494 1760 528 Aliqui,
1779 493 1827 519 in-

1022 542 1083 576 quit
1091 542 1124 574 "’,
1139 542 1312 569 Barbelonem
1327 542 1412 569 nescio
1422 550 1500 577 quam
1517 540 1660 572 celebrant,
1677 540 1721 566 cui
1736 540 1766 566 in
1777 546 1829 565 oc-

1023 592 1083 614 tavo
1096 588 1160 615 caelo
1175 588 1337 615 domicilium
1352 587 1509 614 attribuant.
1526 586 1602 613 Hanc
1618 593 1635 612 a
1651 585 1735 612 Patre
1756 592 1828 618 pro-

1022 635 1129 662 ductam
1139 634 1280 668 afﬁrmant,
1291 638 1450 667 matremque
1461 632 1508 658 alii
1520 630 1696 661 Jaldabaoth,
1710 629 1762 656 alii
1774 628 1795 657 S
1805 638 1830 655 ι-

1023 679 1254 714 baothfaciunt....
1265 679 1315 706 alii
1323 678 1465 705 Prunicam
1474 676 1627 713 quamdam,
1637 675 1686 702 alii
1698 674 1829 702 Caulau—

1022 725 1104 752 cauch
1115 724 1220 751 cuidam
1229 722 1340 750 eamdem
1349 722 1530 749 venerationem
1539 721 1668 756 deferunt,
1676 729 1727 755 quo
1736 720 1827 746 nomi-

1022 779 1054 798 ne
1088 778 1168 796 unum
1175 777 1207 797 ex
1215 769 1375 804 principibus
1384 768 1516 803 appellant
1573 766 1629 793 Alii
1634 766 1729 792 dicunt
1742 764 1830 791 initia

1024 815 1153 847 tenebras,
1166 824 1197 841 ac
1221 816 1380 850 uoraginem,
1395 819 1420 841 et
1443 821 1538 848 aquam
1553 812 1635 847 fuisse
1648 831 1656 843 ε
1669 819 1731 846 qua:
1752 818 1769 836 a
1794 817 1827 837 sc

1023 863 1131 889 invicem
1142 862 1250 896 spiritus
1264 861 1408 888 secreverit.
1424 859 1519 886 Verum
1530 857 1643 885 tenebrte
1656 860 1755 884 contra
1771 856 1833 890 spi-

1024 908 1104 934 ritum
1121 906 1261 933 iracundia
1278 914 1308 932 ac
1322 906 1412 940 furore
1422 905 1538 939 percita,
1552 911 1661 930 sursum
1676 909 1833 929 murreu-

1024 957 1074 983 tes,
1091 960 1149 978 eum
1163 960 1194 979 eo
1208 959 1352 987 congressa:
1365 954 1438 978 sunt.
1454 948 1520 976 Inde
1532 949 1633 975 matria:
1648 947 1740 974 nescio
1755 954 1831 981 quit.

1024 997 1113 1033 genita
1136 996 1246 1031 prodiit,
1260 1004 1319 1031 quae
1339 994 1455 1029 ejusdem
1470 994 1579 1028 spiritus
1601 991 1834 1019 consuetudinem

1025 1042 1141 1077 appetiit,
1152 1049 1184 1068 ex
1196 1049 1277 1076 eaque
1291 1045 1404 1076 quatuor
1417 1047 1501 1067 teones
1518 1037 1640 1074 producti
1656 1041 1733 1069 sunt,
1745 1035 1781 1062 ab
1797 1035 1834 1061 iis

1025 1093 1138 1124 quatuor
1150 1087 1237 1114 decem
1251 1087 1299 1114 alii
1311 1087 1452 1121 procreati,
1465 1086 1526 1112 item
1542 1083 1638 1111 dextra
1649 1082 1833 1116 sinistraque,

1026 1143 1072 1162 nec
1086 1143 1137 1162 non
1153 1134 1239 1161 lumen
1250 1138 1274 1160 et
1289 1133 1410 1160 tenebrae.
1426 1130 1575 1158 Secundum
1589 1129 1638 1156 hos
1653 1135 1747 1155 omnes
1774 1131 1834 1152 tur~

1026 1186 1083 1213 pem
1099 1178 1237 1214 quemdam
1255 1185 1353 1205 Leonem
1373 1176 1472 1204 editum
1491 1179 1616 1205 narrant,
1635 1179 1751 1206 eumque
1770 1178 1836 1197 cum

1028 1233 1072 1256 ea,
1088 1233 1165 1260 quam
1179 1224 1259 1259 paulo
1273 1229 1332 1250 ante
1347 1222 1475 1256 diximus,
1488 1221 1599 1249 matrice
1613 1220 1713 1247 coiisse
1725 1227 1733 1250 ;
1748 1222 1775 1245 et
1799 1217 1834 1244 ab

1029 1275 1137 1305 utroque
1156 1270 1228 1302 deos,
1243 1274 1320 1303 atque
1340 1268 1456 1303 angelos.
1471 1272 1494 1295 et
1509 1267 1655 1297 da'mones,
1672 1273 1705 1291 ac
1727 1268 1834 1297 septem

1029 1317 1136 1351 spiritus
1161 1321 1248 1342 ortum
1268 1314 1398 1342 habuisse.
1423 1313 1569 1348 Subjungit
1583 1311 1698 1338 tandem
1713 1319 1720 1337 :
1733 1309 1834 1337 Certos

1030 1361 1111 1388 libros
1123 1360 1287 1388 Jatdabaoth
1301 1361 1406 1387 nomine
1417 1359 1569 1393 inscriptos,
1584 1366 1616 1384 ac
1628 1355 1835 1384 commentitios

1030 1406 1137 1433 habent.

1067 1451 1123 1479 Hos
1137 1451 1292 1483 haereticos,
1307 1451 1331 1479 si
1345 1450 1476 1478 lrenmum
1487 1449 1510 1465 ”
1525 1453 1551 1476 et
1568 1446 1725 1475 Eusebium
1739 1445 1764 1461 “
1781 1452 1835 1471 au-

1031 1496 1102 1529 dias,
1116 1496 1236 1524 Joannes
1247 1497 1289 1524 his
1303 1496 1394 1524 verbis
1408 1496 1436 1522 in
1450 1494 1612 1529 Apocah'psi
1625 1497 1706 1519 notat
1716 1492 1740 1508 "
1756 1501 1763 1518 :
1780 1489 1839 1518 Sed

1032 1544 1080 1570 hoc
1092 1543 1170 1570 habes
1186 1543 1258 1576 boni,
1269 1543 1330 1577 quia
1346 1541 1426 1569 odisti
1440 1541 1514 1575 facta
1531 1539 1556 1566 Ν
1561 1539 1754 1569 icolaitarum,
1774 1545 1836 1573 qua:

1033 1593 1058 1616 et
1072 1598 1118 1623 ego
1133 1589 1187 1616 odi.
1203 1589 1225 1615 A
1238 1588 1338 1623 quibus
1352 1591 1444 1614 autem
1459 1587 1514 1613 sint
1528 1584 1693 1620 oppugnati,
1710 1583 1837 1618 accipies

1033 1641 1048 1660 a
1072 1633 1242 1661 Theodoreto
1252 1631 1408 1660 “:Contra
1433 1631 1491 1662 hos,
1509 1630 1608 1665 inquit,
1636 1629 1751 1663 scripsit
1771 1626 1837 1656 Cla—

1033 1687 1118 1711 mens,
1134 1683 1158 1706 et
1171 1678 1300 1709 Irenwus,
1315 1682 1340 1704 et
1356 1676 1490 1711 Origenes,
1504 1681 1529 1702 et
1545 1674 1712 1710 Hippolytus
1732 1674 1838 1708 episco-

1033 1732 1082 1759 pus
1092 1729 1117 1750 et
1126 1729 1236 1758 martyr.
1249 1722 1335 1756 Quam
1347 1730 1411 1749 vero
1422 1721 1537 1749 feliciter
1546 1725 1644 1748 contra
1657 1727 1710 1747 eos
1725 1726 1836 1754 pugna-

1032 1769 1132 1800 verint,
1148 1768 1260 1803 colligas
1273 1776 1306 1795 ex
1316 1767 1430 1795 victoria
1445 1767 1479 1794 ab
1493 1767 1534 1794 eis
1550 1772 1686 1801 perquam
1698 1765 1839 1792 citissime

1033 1817 1182 1849 reportata.
1205 1813 1311 1840 Etenim
1334 1813 1391 1840 haec
1418 1811 1540 1843 haeresis,
1564 1814 1636 1838 teste
1662 1809 1793 1838 Eusebio
1803 1809 1836 1840 ⁸⁵,

1035 1859 1185 1885 brevissimo
1205 1858 1328 1892 temporis
1347 1857 1433 1892 spatio
1449 1855 1605 1890 permansit.
1620 1854 1662 1881 Ex
1678 1855 1734 1882 hoc
1745 1860 1838 1882 tamen

1034 1904 1110 1931 fonte
1123 1902 1329 1937 corruptissimo
1341 1901 1478 1928 ﬂuxerunt
1489 1899 1626 1931 Gnostici,
1641 1899 1752 1934 aliique
1765 1907 1839 1926 com-

1034 1950 1138 1984 plures,
1153 1948 1186 1974 de
1197 1947 1297 1981 quibus
1311 1944 1478 1980 Epiphanius
1488 1944 1512 1960 "
1526 1953 1533 1970 :
1546 1943 1586 1970 Ab
1612 1943 1663 1970 hoc
1677 1944 1770 1978 fonte,
1787 1944 1838 1975 ait,

1034 1993 1156 2023 derivati,
1170 2000 1201 2018 ac
1222 1992 1331 2025 pessime
1354 1991 1382 2017 in
1397 1989 1522 2017 mundum
1537 1988 1687 2015 introducti
1701 1993 1768 2016 sunt
1783 1988 1837 2015 luc-

1035 2038 1110 2065 retici
1124 2037 1174 2069 illi,
1189 2037 1234 2071 qui
1247 2043 1305 2062 eam
1319 2035 1380 2068 sibi,
1397 2043 1475 2070 quam
1490 2034 1561 2069 [also
1572 2035 1732 2065 nominant,
1749 2034 1838 2069 cogni-

1035 2084 1132 2112 tiunem
1149 2082 1290 2113 vindicant,
1308 2080 1455 2114 cujusmodi
1470 2085 1530 2108 sunt
1547 2079 1681 2112 Gnostici,
1694 2079 1839 2107 Phibioni-

1036 2134 1080 2159 tae,
1094 2132 1118 2154 et
1133 2127 1226 2162 quibus
1246 2126 1278 2153 ab
1293 2126 1427 2161 Epiphane
1447 2134 1540 2153 nomen
1553 2130 1592 2152 est
1614 2125 1751 2153 inditum.
1770 2125 1837 2152 Tum

1035 2173 1115 2200 etiam
1131 2172 1271 2203 Militares,
1286 2171 1404 2203 Levitici,
1419 2172 1516 2206 aliique
1534 2171 1700 2206 complures.
1717 2171 1838 2205 Quorum

197 2233 254 2254 mm
266 2227 289 2242 η
303 2237 308 2253 ε
323 2226 375 2254 Sed
389 2232 413 2253 ει
438 2225 610 2260 Evangelia",
630 2225 772 2252 “cundum
794 2225 926 2260 Marcum,
941 2229 985 2262 qm-
1001 2216 1023 2242 D
1037 2216 1144 2251 quilibet
1158 2215 1278 2262 hierosim
1299 2217 1445 2250 propriam,
1461 2216 1498 2262 adi
1516 2217 1602 2243 animi
1614 2217 1659 2244 sui
1680 2217 1838 2251 affectiones

198 2272 305 2299 auditor
317 2272 374 2306 ejus
387 2277 411 2298 et
427 2272 555 2306 interpres
571 2272 632 2305 fuit,
644 2271 732 2306 hujus,
747 2272 833 2304 Petri,
846 2279 902 2299 esse
920 2272 988 2299 dici-

199 2324 252 2345 Μ’
496 2349 609 2378 CAPUT
628 2349 697 2378 vnI.

410 2395 448 2423 De
462 2396 556 2422 heresi
572 2394 776 2423 Nicolaitarum.

235 2443 376 2471 Nicolaita:
399 2449 495 2470 novam
519 2449 627 2476 quoque
650 2441 737 2476 primo
761 2441 861 2469 saeculo
887 2445 987 2468 sectam

201 2488 349 2517 commenti
363 2492 436 2515 sunt.
453 2487 568 2514 Errores
583 2494 676 2514 eorum
691 2488 784 2520 paucis
801 2487 892 2513 verbis
907 2493 989 2519 espo-

201 2535 244 2562 uit
267 2533 418 2560 lrenmus"
432 2543 438 2560 :
454 2532 597 2559 lndiscrete
621 2532 717 2563 vivunt,
741 2531 842 2557 nullam
866 2530 989 2564 iii/feren-

203 2581 269 2607 tiam
284 2587 339 2605 esse
353 2579 467 2605 dicentes
482 2578 510 2603 in
525 2576 687 2604 mmo/tando.
702 2580 727 2602 et
741 2575 916 2609 idolothytum
930 2574 988 2600 ede-

204 2632 241 2652 re.
266 2624 437 2659 Augustinus
460 2625 549 2649 autem
575 2621 654 2656 paulo
676 2621 823 2647 dilucidius
834 2620 878 2646 "z
899 2619 989 2646 Placet

557 2712 573 2729 ι)

559 2731 584 2740 -ο

262 2716 285 2731 ’ί
311 2714 410 2741 lizcrcs.
557 2712 584 2740 ε.
620 2713 653 2754 ,⁵η
679 2711 836 2754 ῐιηῖιερς.,29

207 2751 240 2778 ad
267 2758 328 2783 cap.
367 2757 416 2775 xu.
454 2748 477 2764 ⁷⁸
504 2749 542 2774 De
574 2749 697 2782 scriptor.
738 2748 894 2779 eccles.,in
928 2748 967 2770 tm

207 2794 269 2811 mn.
287 2785 332 2811 ‘27.
371 2783 393 2799 "‘
409 2782 468 2809 Lib.
488 2783 520 2808 de
537 2781 642 2811 htwes.,
659 2783 672 2811 ᾗ
758 2781 779 2795 τ’
796 2780 897 2806 lla-res.
931 2779 967 2805 25

358 2784 390 2848 ii,
409 2784 468 2854 .
488 2784 520 2832 (εξ
659 2784 761 2841 ἓΙὲιτι.
780 2784 978 2847 Eg,
991 2784 1015 2839 is.

209 2855 232 2869 "'
250 2853 329 2880 Lucis
348 2853 450 2879 citatis.

738 2747 829 2773 eccles.
843 2767 851 2779 ,
866 2747 894 2772 in
928 2743 1026 2772 Matth.

973 2709 1119 2746 "haeres.
1145 2708 1199 2746 ﬁt).
1226 2708 1288 2746 §_9.

1039 2259 1249 2292 accommodans,
1264 2264 1400 2287 sexcentas
1423 2261 1546 2295 nequitiis
1578 2262 1637 2288 vias
1662 2261 1838 2298 excogitavit.

1038 2304 1125 2340 Atque
1146 2305 1208 2332 inde
1229 2305 1322 2340 procul
1345 2305 1428 2331 dubio
1442 2309 1502 2331 orta
1517 2309 1571 2337 est,
1587 2313 1621 2333 ea
1641 2314 1733 2341 quam
1756 2313 1838 2342 supra

1038 2350 1257 2381 memoravimus,
1268 2349 1318 2377 hos
1330 2349 1401 2376 inter
1416 2349 1561 2378 haereticos
1571 2350 1607 2379 de
1619 2352 1758 2381 barbaris
1769 2353 1840 2388 prin-

1037 2395 1127 2429 cipum
1143 2395 1297 2422 nominibus
1309 2394 1455 2422 dissensio.

1075 2440 1141 2472 Quis
1157 2444 1246 2467 autem
1259 2440 1372 2474 huiusce
1393 2440 1530 2468 haereseos
1544 2445 1646 2469 auctor
1667 2442 1770 2476 fuerit,
1787 2450 1839 2470 non

1039 2486 1077 2512 ita
1095 2488 1248 2519 promptum
1263 2488 1306 2512 est
1326 2484 1449 2512 definire.
1468 2485 1584 2513 Plurimi
1600 2487 1772 2516 existimant
1788 2495 1839 2515 non

1041 2530 1123 2556 alium
1140 2529 1223 2557 fuisse
1236 2537 1315 2564 qliam
1331 2529 1483 2562 Nicolaum,
1498 2539 1585 2558 unum
1598 2539 1634 2559 ex
1653 2538 1768 2568 septem
1790 2534 1838 2560 illi:

1042 2574 1167 2601 Ecclesia:
1181 2574 1350 2606 diaconibus,
1359 2575 1406 2609 qui
1422 2575 1456 2602 ab
1467 2576 1602 2610 apostolis
1621 2577 1707 2605 electi
1724 2583 1754 2607 et
1765 2579 1840 2606 inau-

1042 2620 1131 2654 gurati
1147 2623 1220 2646 sunt.
1235 2619 1268 2645 Et
1288 2620 1345 2646 haec
1360 2620 1469 2654 quidem
1489 2621 1541 2648 fuit
1555 2621 1654 2650 Irenaei
1665 2624 1702 2656 ⁵⁸,
1721 2624 1838 2661 Epipha-

1336 2711 1360 2725 ’δ
1387 2710 1447 2737 Lib.
1462 2719 1480 2737 ll
1507 2710 1660 2740 Comment.
1695 2715 1727 2741 in
1742 2713 1838 2741 Matth.

1084 2744 1107 2758 ⁷⁸
1145 2742 1279 2777 lbid.,in
1310 2743 1382 2771 Petr.
1435 2747 1457 2761 ⁷⁷
1487 2745 1547 2772 Lib.
1586 2755 1605 2773 ιι
1643 2749 1716 2776 Adv.
1748 2751 1838 2776 Ιιωιίκ.

1001 2778 1014 2812 §
1042 2777 1070 2807 2,
1092 2778 1109 2812 5
1138 2781 1164 2803 et
1189 2778 1216 2803 5.
1237 2778 1276 2812 ﬁ"
1288 2777 1352 2805 Loc.
1379 2780 1426 2806 cit.
1464 2781 1484 2795 '“
1501 2780 1593 2808 Lib.v
1626 2781 1702 2810 "ist.
1722 2784 1837 2812 rauim.

1054 2813 1076 2828 ελ
1097 2811 1155 2838 Lib.
1173 2819 1202 2837 ιιι
1230 2811 1342 2843 llistor.,
1369 2822 1429 2848 cap.
1461 2815 1506 2841 ρο.
1557 2815 1706 2845 "times.
1733 2811 1799 2854 ei;
1816 2817 1838 2843 2,
