1893 3101
72 167 102 193 25
505 168 600 196 PRIMI
621 169 796 198 ECCLESIIE
818 169 953 197 SECULI
974 169 1237 198 SCRIPTORIBUS.
1652 173 1686 200 26

68 227 100 253 nii
119 224 301 253 etPhilastrii
327 226 429 261 opinio.
450 227 551 262 quibus
576 229 759 264 astipulantur
774 228 848 255 llila-
862 231 884 258 Α
898 231 1044 256 monstrat.
1078 228 1212 256 Clementi
1246 228 1412 262 astipulatur
1444 232 1506 265 post
1539 228 1685 257 Eusebium

68 273 118 298 rius
128 271 160 303 ",
172 270 356 307 Hieronymus
367 272 401 303 ",
416 271 536 301 Isidorus
544 273 581 306 ”,
595 274 695 309 aliique
712 281 766 301 non
781 281 848 308 pau-

68 317 100 344 ci.
110 316 136 343 In
148 323 242 344 eorum
257 320 350 344 tamen
365 324 444 353 grege
455 317 639 346 Tertullianus
650 326 706 346 non
717 326 848 346 annume-

69 362 159 389 raudus
173 366 226 390 est.
244 362 320 390 Nihil
334 363 406 390 enim
420 363 454 391 de
467 363 580 392 Nicolao
596 365 642 392 illo
657 365 776 400 scripsit.
794 364 847 392 nisi

70 410 92 436 in
101 408 182 443 capite
196 408 231 436 45
248 404 326 432 Libri
337 407 369 435 de
377 408 617 444 proscriptionibus
632 421 642 439 .-
654 411 726 446 quod
738 410 847 446 quidem

69 456 139 487 caput
160 452 247 480 eidem
268 453 341 482 libro
361 455 395 482 ab
418 455 566 491 impostore
590 455 707 490 quodam
723 459 846 486 assutum

72 498 143 527 luisse
155 499 210 533 jam
223 499 442 529 observavimus.

98 543 273 579 Befragantur
286 549 377 572 autem
391 545 455 573 huic
469 549 510 573 tot
523 549 716 581 tantorumque
725 545 846 573 virorum

69 589 197 617 Sententia:
210 590 362 625 scriptores
376 591 513 623 nonnulli,
530 591 660 626 aiuntque
673 590 724 618 hos
738 589 847 617 haereti-

71 642 118 664 :os,
127 638 155 661 ut
176 635 356 663 celeberrimo
371 635 487 669 alicujus
499 636 620 663 auctoris
632 635 741 662 nomine
753 634 845 662 fucum

69 681 122 708 aliis
144 679 273 712 facerent,
292 681 366 709 hunc
391 681 531 709 Nicolaum
547 682 600 709 sibi
622 681 692 709 falso
715 681 846 709 ascivisse

70 730 139 753 sectae
159 734 214 754 suae
238 727 402 762 principem.
420 727 527 755 Scimus
539 727 649 762 quidem
664 727 691 754 in
706 726 845 762 lgnatiana

70 771 171 807 quadam
184 772 300 807 epistola
317 773 385 800 illud
400 776 493 808 aperte
503 773 589 801 asseri
601 773 624 790 '°
637 783 644 800 :
658 772 753 808 Fugite
763 773 847 808 impu-

69 827 105 846 ros
120 818 274 850 Nicolaitas,
287 818 388 854 falsum
402 819 452 846 sibi
463 827 555 846 nomen
568 824 709 850 sumentes;
720 818 767 846 sed
783 826 844 846 cum

70 863 118 891 haec
131 864 206 891 verba
224 864 432 899 interpolatoris
454 865 518 896 sint,
534 873 590 892 non
605 873 669 892 vero
689 864 795 900 lgnatii,
811 873 844 892 ex

71 910 98 937 iis
110 909 223 944 profecto
238 909 308 936 nihil
331 910 397 937 certi
413 910 539 937 concludi
559 913 658 945 potest.
674 909 844 945 Quapropter

70 955 190 987 opinionis
215 955 291 983 illius
319 955 441 983 [autores
456 959 483 982 et
508 955 616 990 patroni
640 962 674 983 ex
697 955 844 983 Clementis

71 1001 228 1028 Alexandrini
251 1002 417 1029 auctoritate
438 1001 555 1029 validius
577 1006 676 1029 eruunt
696 1009 842 1037 argumen-

70 1051 126 1073 tum.
137 1046 159 1074 ls
172 1047 242 1074 enim
259 1046 410 1075 Nicolaitas
424 1047 524 1083 arguit,
537 1048 609 1082 quod
624 1048 652 1075 in
663 1047 775 1076 haeresis
788 1055 844 1076 suae

71 1093 287 1120 conﬁrmationem
304 1094 387 1120 verba
400 1092 504 1121 Nicolai
520 1100 619 1128 pravos
634 1093 661 1120 in
684 1101 781 1122 sensus
794 1093 843 1120 de-

71 1143 209 1174 torquerent
223 1148 229 1166 :
244 1138 326 1165 Tales
343 1142 413 1171 sunt,
426 1138 567 1173 inquiebat
587 1138 631 1166 ille
642 1139 679 1171 “,
692 1139 738 1173 qui
753 1138 843 1166 dicunt

72 1193 94 1211 se
105 1186 167 1220 sequi
181 1184 336 1220 Nicolaum,
352 1186 509 1213 adducentes
524 1186 581 1220 ejus
596 1186 651 1213 viri
660 1185 761 1221 aliquid
772 1185 844 1212 litte-

71 1239 145 1257 rarum
160 1232 334 1259 monumentis
355 1231 519 1264 mandatum,
535 1231 580 1259 sed
602 1231 634 1258 ab
647 1232 684 1258 eis
703 1231 842 1263 detectum,

72 1285 164 1312 nentpe:
177 1277 305 1313 Oportere
319 1286 397 1305 carne
412 1279 461 1306 uti.
477 1277 528 1305 Sed
545 1278 590 1305 ille
604 1277 706 1313 quidem
720 1278 759 1305 uir
771 1286 842 1312 pra:-

72 1324 146 1351 clarus
160 1325 327 1360 signiﬁcabat
342 1330 458 1359 oportere
473 1325 617 1360 voluptates
631 1333 718 1352 arcere
732 1329 756 1352 et
771 1325 844 1360 cupi—

72 1369 162 1402 ditates,
184 1375 207 1397 et
225 1371 274 1397 hac
299 1371 486 1398 exercitatione
509 1371 642 1398 marcidus
666 1371 843 1406 ﬂaccidasque

71 1414 162 1441 reddere
171 1416 254 1442 carnis
270 1416 442 1451 appetitiones
457 1420 482 1442 et
496 1416 620 1443 insultas.
634 1416 686 1449 Qui
697 1421 783 1443 autem
799 1417 842 1443 in-

73 1465 119 1487 star
132 1460 256 1488 hircorum
271 1467 336 1488 sunt
349 1462 425 1496 e/fusi
439 1462 465 1488 in
480 1461 695 1496 voluptatem.....
711 1461 842 1489 decretum

73 1507 141 1539 ipsius
154 1509 302 1542 uoluptatis,
317 1516 368 1534 non
381 1512 468 1534 autem
479 1508 528 1534 viri
537 1508 676 1543 apostolici
686 1513 841 1544 sequuntur.

73 1551 101 1577 At
111 1551 226 1581 Clemens
239 1552 384 1579 Nicolaum
400 1552 471 1579 haud
485 1552 566 1580 dubie
579 1553 667 1580 virum
679 1554 840 1588 praeclarum

72 1601 94 1624 et
106 1598 271 1632 apostolicum
290 1607 345 1626 non
357 1597 530 1634 appellasset,
548 1598 571 1625 si
587 1603 642 1625 tam
655 1605 745 1633 pravae
757 1598 842 1627 haere-

73 1650 124 1670 seos
137 1651 228 1679 parens
243 1644 343 1673 fuisset
357 1649 384 1672 et
398 1649 504 1673 auctor.

102 1688 162 1721 Quid
176 1690 266 1724 plura?
278 1689 354 1717 Idem
366 1689 493 1718 Clemens
504 1697 613 1717 omnem
628 1689 727 1726 impuri
746 1690 842 1718 crimi-

74 1734 117 1765 nis,
131 1735 161 1762 ab
172 1735 262 1764 iisdem
276 1735 413 1763 haereticis
424 1735 536 1764 Nicolao
551 1736 644 1771 inusti,
659 1738 842 1773 suspicionem

75 1781 164 1815 egregie
175 1781 282 1816 depellit
294 1782 315 1798 ³³
329 1792 336 1810 :
348 1782 415 1810 Cum
428 1788 517 1811 autem
529 1784 562 1811 de
576 1784 647 1813 dicto
667 1784 781 1813 Nicolao
803 1786 843 1813 lo-

74 1832 200 1857 queremur,
216 1827 282 1853 illud
296 1828 522 1861 praetermisimus.
541 1828 608 1857 Cum
627 1830 782 1864 formosam,
798 1831 841 1858 in-

75 1871 166 1904 quiunt,
183 1871 285 1900 haberet
303 1881 412 1901 uxorem
424 1893 432 1906 ,
451 1879 476 1901 et
495 1879 554 1909 post
571 1874 718 1904 Servatoris
738 1885 843 1905 assum-

76 1917 170 1948 ptionem
179 1919 202 1945 ei
210 1919 301 1953 fuisset
317 1920 350 1946 ab
359 1920 485 1955 apostolis
499 1921 644 1955 exprobata
659 1922 799 1958 selotypia,
814 1925 841 1951 in

78 1963 172 1990 medium
184 1965 296 1993 adducta
311 1967 431 1999 muliere,
445 1968 562 2002 permisit
576 1968 619 1995 cui
633 1969 707 1996 vellet
720 1977 777 1996 eam
791 1978 841 1997 nu-

77 2010 132 2037 bere.
142 2011 217 2038 Aiunt
229 2013 298 2040 enim
313 2012 380 2040 hanc
395 2021 481 2040 uocem
501 2014 544 2041 illi
556 2015 612 2041 voci
629 2020 840 2048 consentaneum,

77 2063 123 2089 qua
141 2057 207 2090 dicit,
221 2058 289 2093 quod
310 2066 389 2085 carne
412 2059 451 2086 uti
471 2064 599 2093 oporteat,
615 2060 722 2096 ejusque
741 2061 841 2095 factum

77 2106 96 2127 st
104 2102 190 2130 dictum
199 2104 326 2137 absolute,
335 2109 360 2132 et
371 2105 562 2133 inconsiderate
573 2111 716 2141 sequentes,
729 2108 773 2142 qui
783 2107 840 2141 ejus

78 2147 178 2176 heresim
195 2154 401 2186 persequuntur,
422 2151 587 2185 impudenter
607 2152 737 2188 effuseque
756 2153 841 2188 forni-

78 2199 162 2222 eantur.
173 2195 225 2232 Ego
242 2202 330 2225 autem
342 2197 423 2224 audio
446 2197 589 2225 Nicolaum
603 2199 704 2226 nullum
726 2207 840 2235 unquam

899 272 1098 302 Theodoretus.
1112 273 1150 301 Ex
1163 274 1245 301 allato
1257 275 1359 309 quippe
1369 274 1518 303 Clementis
1531 276 1686 303 testimonio

898 319 939 346 sic
954 319 999 347 ille
1013 319 1152 347 concludit
1164 319 1187 336 "
1200 329 1206 347 :
1220 319 1261 346 Ea:
1283 320 1376 355 quibus
1399 320 1497 356 liquido
1513 322 1684 355 convincitur,

898 365 967 399 falso
980 365 1030 392 sibi
1044 365 1075 392 de
1087 365 1164 400 hujus
1177 365 1350 400 appellatione
1362 374 1454 394 nomen
1465 374 1590 403 arrogare
1604 366 1688 395 Nico~

897 411 988 438 laitas.
1014 411 1148 439 Eusebius
1171 419 1236 439 vero
1250 412 1273 428 “
1295 421 1302 440 :
1325 411 1362 439 Hi
1386 411 1527 440 Nicolaum
1548 414 1686 449 quemdam

897 464 978 482 unum
997 464 1030 483 ea:
1045 456 1110 488 illis,
1125 457 1169 491 qui
1188 457 1223 483 ad
1235 465 1327 484 curam
1343 458 1447 492 inopum
1461 459 1612 493 gerendam,
1633 468 1686 487 una

896 510 956 529 eum
969 502 1100 536 Stephano
1116 503 1147 529 ab
1157 504 1284 538 apostolis
1294 505 1430 531 constituti
1445 505 1548 539 fuerant
1560 506 1684 536 ministri.

897 554 973 577 seem
986 558 1039 577 sua
1057 555 1190 576 auctorem
1200 550 1351 584 jactabant.
1368 551 1438 584 Quid
1450 551 1523 578 aliud
1537 551 1589 579 hoc
1604 553 1688 580 verbo

891 595 1043 631 jactabant,
1060 595 1148 623 innuit
1171 596 1316 629 Eusebius,
1332 604 1413 631 quam
1437 596 1580 625 Nicolaqu
1604 598 1685 633 hujus

896 642 1031 669 haereseos
1045 648 1100 667 non
1114 649 1175 669 esse
1189 642 1347 668 auctorem?

930 686 1016 713 Porro
1034 691 1122 714 autem
1140 686 1204 722 quid
1216 686 1250 713 de
1265 687 1316 713 hac
1327 687 1488 722 quaestione,
1500 694 1582 723 quam
1596 691 1686 714 tanto-

895 739 956 759 rum
971 731 1082 758 Patrum
1098 732 1246 759 auctoritas
1259 731 1370 759 dubiam
1392 732 1491 764 reddit,
1509 732 1684 760 statuendum

895 778 942 809 sit,
958 776 992 804 ab
1003 777 1065 805 aliis
1077 776 1214 804 lubentius
1230 776 1383 804 audiemus.
1400 775 1478 803 Enim
1490 784 1554 803 vero
1566 775 1686 803 Irenaeus

895 825 922 850 et
938 822 1076 854 Clemens,
1093 822 1262 857 antiquiores
1282 826 1308 850 et
1322 822 1603 857 pmcipuiutriusque
1624 822 1685 856 opi-

895 869 986 896 nionis
1000 868 1130 900 fautores,
1147 869 1230 896 coaevi
1246 873 1334 900 erant,
1351 872 1378 896 et
1394 876 1409 894 a
1426 868 1530 895 Nicolai
1555 869 1686 903 tempori-

894 915 946 942 bus
961 918 1015 941 tam
1030 922 1127 949 parum
1143 913 1250 945 remoti,
1266 917 1296 940 ut
1310 914 1343 941 ab
1358 914 1481 948 ejusdem
1493 913 1599 941 Nicolai
1617 915 1685 940 ami-

894 961 934 988 cis
950 964 994 987 aut
1011 959 1155 994 discipulis
1176 960 1316 994 potuerint
1339 959 1419 986 facile
1431 959 1548 991 discere,
1563 967 1629 986 num
1651 960 1686 987 ab

893 1006 940 1033 illo
950 1013 1012 1034 vere
1028 1005 1149 1041 profecta
1161 1006 1196 1033 sit
1208 1013 1240 1032 ea
1256 1005 1377 1033 haeresis.
1393 1006 1424 1032 Et
1438 1005 1563 1033 Clemens
1575 1004 1685 1040 quidem

894 1059 924 1079 se
938 1051 965 1079 id
980 1059 1034 1078 non
1049 1050 1225 1086 indiligenter
1246 1050 1425 1086 iuvestigasse
1443 1043 1596 1085 'signiﬁcat.
1612 1050 1684 1083 Quid

893 1104 958 1124 vero
978 1095 1050 1131 quod
1075 1096 1102 1122 in
1133 1095 1192 1129 ejus
1208 1094 1345 1129 opinionis
1369 1094 1571 1121 ﬁrmamentum
1586 1093 1685 1126 adduci

894 1141 960 1170 illud
975 1146 1075 1177 potest,
1087 1141 1160 1176 quod
1178 1141 1314 1168 haereticis
1325 1141 1353 1167 in
1362 1148 1439 1168 more
1449 1141 1565 1175 positum
1584 1140 1620 1167 sit
1631 1148 1687 1167 ma-

893 1196 975 1224 gnum
990 1188 1042 1216 sibi
1057 1187 1201 1222 quemdam
1216 1187 1352 1214 haereseos
1367 1194 1423 1214 suae
1436 1186 1569 1214 advocare
1586 1190 1684 1214 aucto-

893 1233 964 1261 rem?
973 1232 1067 1267 Neque
1081 1237 1172 1260 tamen
1183 1239 1215 1259 eo
1232 1232 1400 1267 repudianda
1412 1235 1454 1259 est
1468 1231 1562 1259 lrenmi
1576 1235 1686 1259 senten-

892 1279 940 1311 tia,
958 1279 1021 1314 quia
1034 1279 1069 1306 ab
1082 1285 1136 1306 uno
1149 1286 1182 1306 ex
1198 1281 1301 1313 septem
1313 1277 1409 1312 primis
1424 1277 1553 1305 Ecclesim
1563 1277 1686 1305 diaconis

893 1324 1018 1352 haeresim
1032 1325 1106 1351 illam
1119 1327 1209 1351 ortum
1225 1331 1303 1351 suum
1322 1323 1434 1352 duxisse
1452 1323 1630 1359 improbabile
1645 1324 1688 1350 vi-

893 1370 999 1400 deatur.
1014 1368 1081 1396 Nam
1096 1376 1158 1396 cum
1176 1368 1302 1396 Christus
1316 1368 1351 1395 ab
1363 1375 1418 1395 uno
1438 1376 1454 1396 e
1468 1376 1526 1396 suns
1542 1368 1684 1403 apostolis,

893 1422 927 1441 ne
941 1414 1093 1442 doctrinam
1109 1421 1186 1442 suam
1202 1417 1373 1449 propagaret,
1390 1413 1423 1440 ad
1436 1420 1528 1441 necem
1544 1413 1579 1441 sit
1592 1413 1686 1441 vendi-

893 1463 948 1493 tus,
962 1460 1051 1495 potuit
1065 1463 1093 1488 et
1108 1467 1180 1488 unus
1193 1468 1226 1487 ex
1240 1463 1344 1495 septem
1360 1459 1414 1487 illis
1431 1459 1556 1488 diaconis
1566 1459 1684 1494 alicujus

893 1505 1028 1534 haereseos
1044 1505 1172 1534 inventor
1185 1513 1247 1533 esse
1261 1513 1294 1532 ac
1307 1505 1504 1540 promulgator.

1199 1550 1313 1579 CAPUT
1331 1550 1376 1579 IX.

964 1599 1031 1633 Qua
1045 1607 1078 1628 ea:
1092 1599 1140 1626 hac
1154 1598 1286 1626 hereseon
1300 1599 1474 1634 descriptione
1487 1598 1612 1626 utilitas?

929 1646 1078 1681 Quorsum,
1093 1645 1211 1682 inquies,
1225 1645 1271 1673 illa
1285 1649 1326 1672 tot
1339 1645 1479 1672 haereseon
1491 1643 1640 1679 descriptio
1652 1651 1683 1672 ac

893 1692 1025 1720 historia?
1037 1691 1133 1719 Nonne
1147 1691 1188 1718 illi
1202 1690 1328 1717 humana:
1344 1689 1444 1717 mentis
1455 1688 1683 1716 monstrosissimi

893 1743 988 1775 partus
1001 1742 1132 1773 perpetuo
1142 1736 1250 1765 silentio
1260 1735 1409 1771 sepeliendi
1429 1734 1523 1762 erant?
1533 1733 1603 1767 Quid
1617 1742 1683 1761 vero

893 1794 926 1814 ex
940 1785 991 1813 hac
1006 1785 1103 1812 odiosa
1122 1784 1290 1818 molestaque
1304 1781 1562 1810 commemoratione
1583 1781 1611 1808 in
1632 1780 1682 1808 Ec-

892 1833 1004 1860 clcsiam
1017 1830 1205 1862 emolumenti,
1221 1833 1248 1857 et
1271 1829 1299 1856 in
1324 1828 1441 1856 lectores
1458 1827 1600 1854 utilitatis?
1622 1826 1682 1854 Non

893 1878 1035 1906 minimum
1061 1879 1146 1905 certe.
1169 1875 1236 1902 Nam
1251 1878 1432 1910 prmterquam
1456 1873 1527 1908 quod
1543 1873 1681 1900 haereseon

892 1924 1047 1959 cognitione
1068 1928 1278 1956 nonnunquam,
1300 1920 1340 1947 uti
1359 1919 1490 1952 diximus,
1506 1918 1682 1946 obscuriores

891 1970 1002 1998 Patrum
1018 1969 1071 1996 loci
1088 1967 1196 1995 facilius
1214 1966 1413 2002 intelliguntur,
1430 1965 1493 1993 inde
1506 1965 1589 1992 etiam
1609 1964 1681 1991 into-

892 2015 1011 2044 lerabilis
1026 2014 1178 2047 hominum,
1190 2021 1260 2041 nava
1273 2020 1381 2048 semper
1391 2011 1572 2043 molientium,
1586 2018 1682 2045 super-

890 2063 935 2090 bia
952 2061 1118 2093 retunditur,
1133 2067 1166 2087 ac
1182 2059 1293 2087 tandem
1308 2058 1417 2086 funesto
1432 2057 1622 2085 haereticorum
1634 2063 1682 2083 ca-

890 2118 923 2138 su
933 2109 1068 2137 Catholici
1081 2108 1149 2135 ﬁunt
1163 2107 1311 2134 cautiores.
1324 2105 1353 2132 ln
1366 2105 1462 2140 primis
1474 2107 1566 2131 autem
1578 2110 1612 2131 ex
1626 2102 1679 2130 hac

889 2155 1039 2183 errantium
1054 2160 1234 2188 errorumque
1247 2151 1363 2180 historia
1376 2150 1486 2178 discunt
1501 2155 1606 2181 omnes,
1620 2155 1684 2183 quae

889 2201 973 2230 fuerit
986 2201 1020 2228 ab
1034 2200 1164 2228 Ecclesiae
1176 2198 1313 2234 principio
1327 2204 1392 2225 vera
1414 2200 1441 2224 et
1456 2194 1592 2223 catholica
1613 2194 1682 2222 ﬁdes

79 2239 131 2272 alia,
140 2249 210 2276 quam
219 2251 249 2270 ea
262 2251 320 2278 qua:
329 2243 355 2271 ei
364 2247 500 2278 nupserat,
512 2251 594 2271 more
607 2252 684 2272 usum
694 2253 760 2277 esse,
772 2250 796 2272 et
806 2253 839 2273 ex

934 2248 1068 2276 doctrina.
1093 2246 1183 2281 Atque
1198 2253 1233 2273 ne
1257 2248 1335 2272 extra
1346 2243 1466 2279 primum
1488 2241 1618 2269 Ecclesia:
1629 2248 1681 2269 sar

79 2285 136 2313 illius
149 2287 229 2315 liberis
240 2289 310 2323 ﬁlias
324 2288 428 2325 quidem
438 2290 604 2317 consenuisse
618 2290 740 2326 uirgines,
751 2291 838 2326 ﬁlium

80 2336 148 2359 autem
158 2336 324 2367 permansisse
338 2336 528 2370 incorruptum.
544 2335 610 2369 Qum
622 2345 682 2363 cum
694 2337 733 2364 ita
746 2346 774 2364 se
790 2337 839 2365 ha-

81 2375 149 2410 beant.
162 2380 214 2407 vitii
227 2386 282 2408 erat
296 2381 415 2417 depulsio
427 2386 504 2415 atque
517 2383 671 2417 expurgatio
684 2383 712 2409 in
724 2382 838 2410 medium

81 2425 230 2456 apostolorum
240 2428 405 2455 circumactio
417 2429 519 2460 uxoris,
531 2428 606 2463 cujus
617 2428 753 2456 dicebatur
766 2430 839 2457 labo-

80 2477 127 2498 rare
135 2473 268 2508 selotgpia,’
281 2480 306 2502 et
320 2475 479 2502 continentia
492 2484 510 2502 a
523 2475 700 2510 voluptatibus
714 2484 772 2512 qua:
786 2485 841 2504 ma-

81 2518 202 2550 gnostudio
215 2525 352 2554 parantur,
365 2520 474 2548 docebat
484 2522 555 2549 istud
569 2531 575 2549 ε
588 2522 627 2548 uti
638 2530 727 2554 carne,
742 2522 790 2549 hoc
800 2528 839 2550 est

81 2569 177 2592 exercere
194 2574 302 2595 carnem.
319 2566 410 2601 Neque
423 2568 503 2601 enim,
524 2572 554 2595 ut
567 2568 699 2600 existimo,
719 2569 839 2597 uolebant

81 2611 232 2638 conuenienter
245 2612 350 2640 Domini
361 2618 488 2647 pra-cepto
509 2613 610 2641 duobus
625 2613 739 2641 dominis
758 2615 841 2642 serui-

82 2659 112 2684 re.
128 2655 241 2690 uoluptati
266 2662 291 2686 et
303 2657 368 2686 Deo.
388 2657 427 2684 ita
441 2658 486 2685 ille
500 2661 527 2685 et
546 2659 628 2686 verba
642 2658 746 2686 Nieolai
768 2660 838 2688 male

83 2697 241 2736 inlerpretata,
252 2709 279 2732 et
291 2711 398 2732 errores
414 2703 453 2730 illi
467 2703 537 2731 falso
552 2704 700 2739 imputatos
715 2712 776 2732 esse
790 2705 838 2733 de-

110 2800 205 2840 ’βψ
237 2806 270 2834 25
299 2807 329 2834 in
363 2806 460 2834 Manli.

519 2807 543 2822 ³⁸
568 2806 653 2841 Epist.
691 2814 710 2834 ll
750 2809 782 2835 ad
812 2808 949 2837 Heliodor.

890 2294 982 2321 culum
997 2295 1126 2321 excurrat
1145 2291 1248 2323 oratio,
1264 2298 1298 2318 ex
1313 2290 1356 2317 his
1378 2296 1439 2324 qute
1452 2296 1468 2315 a
1487 2287 1567 2315 nobis
1587 2287 1680 2314 hacte-

890 2347 943 2367 nus
957 2339 1096 2374 disputata
1114 2340 1190 2369 sunt,
1206 2335 1311 2372 liquido
1325 2335 1472 2371 colligitur,
1488 2333 1554 2369 quid
1567 2333 1601 2361 de
1614 2340 1682 2368 pne.

890 2383 979 2419 cipuis
994 2383 1055 2411 ﬁdei
1071 2386 1173 2410 nostrae
1184 2381 1318 2413 articulis,
1333 2388 1403 2416 quos
1419 2379 1583 2415 respuebant
1597 2379 1681 2406 haere-

889 2430 946 2462 tici,
963 2430 998 2457 iis
1019 2428 1188 2464 temporibus
1203 2427 1238 2455 sit
1262 2430 1398 2455 assertum
1416 2430 1443 2454 et
1457 2425 1609 2453 deﬁnitum.
1626 2424 1680 2452 Ve-

888 2484 949 2504 rum
971 2476 1044 2503 enim
1059 2483 1122 2503 vero
1142 2482 1205 2502 cum
1220 2473 1349 2502 Ecclesiae
1361 2472 1457 2500 Patres
1471 2471 1573 2499 erroris
1593 2471 1680 2498 haere-

889 2530 1005 2557 seosque
1028 2529 1077 2550 eos
1104 2521 1310 2552 condemnant,
1337 2519 1384 2555 qui
1407 2518 1546 2547 Christum
1571 2524 1681 2544 merum

876 2568 1038 2600 hominem,
1054 2575 1087 2595 ex
1104 2566 1190 2594 Maria
1202 2570 1230 2594 et
1249 2565 1362 2600 Ioseph,
1379 2572 1435 2592 non
1455 2571 1536 2592 secus
1549 2570 1581 2590 ac
1597 2566 1678 2589 caete-

889 2622 935 2642 ros
958 2613 1095 2645 homines,
1109 2612 1242 2648 genitum,
1256 2619 1308 2639 nec
1322 2611 1396 2638 Patri
1420 2614 1522 2638 aeterno
1544 2608 1675 2643 aequalem

891 2667 1013 2688 asserere
1029 2659 1088 2686 ausi
1103 2662 1182 2691 sunt,
1199 2657 1262 2686 inde
1278 2656 1427 2685 concludas
1441 2658 1548 2691 oportet
1565 2653 1676 2682 eosdem

890 2705 985 2734 Patres
1000 2705 1052 2733 ﬁde
1066 2705 1222 2733 certissima
1235 2703 1386 2732 credidisse
1399 2702 1540 2730 Christum
1556 2708 1617 2728 esse
1631 2699 1677 2726 Fi-

1025 2815 1051 2838 st
1100 2810 1194 2845 med.,
1213 2813 1240 2837 et
1268 2807 1355 2845 epist.
1383 2807 1419 2845 _t§
1457 2805 1492 2833 ad
1532 2803 1673 2845 §abinian.

85 2842 132 2896 ἓψ-
144 2838 169 2866 3.
298 2850 329 2869 ιιι
345 2842 448 2877 Origin.
468 2842 508 2882 1”
520 2838 602 2882 Epist"
611 2842 643 2868 ad
661 2842 795 2883 Trallcns.
835 2845 842 2860 '

100 2878 149 2896 intra
165 2880 217 2896 met
238 2880 285 2896 "ut
334 2877 357 2895 οι
373 2877 425 2896 Ιηρ
452 2881 484 2896 ms
536 2878 557 2893 Μ
575 2877 623 2896 hi.
645 2885 672 2896 m
691 2877 781 2896 ηωη..
828 2887 841 2896 ρ

929 2853 962 2872 ,ιι
976 2838 1115 2881 έινοεηηιη
1131 2838 1194 2880 ροδί
1224 2838 1295 2871 ιιιηαῖ
1334 2843 1357 2859 ⁹²
1381 2841 1440 2870 Lib.
1473 2849 1502 2868 ιιι
1529 2838 1671 2869 Stromut.,

100 2878 149 2908 ηιμ
164 2880 218 2909 post
238 2877 296 2905 init.
334 2877 357 2895 "
371 2877 436 2905 Loc.
452 2878 497 2905 cit.
536 2878 557 2893 ⁹³
575 2877 633 2905 Lib.
645 2885 673 2905 In
689 2877 790 2906 Histor.
807 2900 813 2913 ,
828 2887 887 2916 cap.
899 2880 927 2907 2.
