1893 3101
176 169 212 196 27
771 167 816 195 DE
834 166 988 196 OMNIBUS
1006 166 1208 197 GENERATtVl
1766 171 1804 200 98

177 226 243 253 lium
260 223 318 254 Dei.
334 223 407 252 Patri
423 231 474 252 suo
488 227 592 253 aeterno
605 224 747 259 aequalem,
762 232 795 252 ex
811 223 895 252 Maria
909 223 972 251 Vir-
985 226 1009 253 Δ
1023 223 1185 259 imbuerent,
1202 226 1248 260 qui
1263 226 1366 254 divinis
1377 233 1472 254 eorum
1484 227 1657 255 mmor-ibus
1671 227 1705 255 ad
1721 228 1802 256 fidem

177 270 250 305 gine,
267 269 325 297 sola
342 269 463 305 Spiritus
479 271 567 298 sancti
587 271 688 298 virtute
701 269 816 298 editum.
833 269 903 297 Hinc
918 277 969 297 au-

177 319 232 342 tem
258 322 355 343 rursus
386 315 500 351 colligas
524 323 638 343 necesse
665 319 706 343 est
732 315 912 343 orthodoxam
935 315 970 343 de

176 360 281 388 Christi
295 360 447 392 divinitate,
461 368 570 395 unaque
584 361 658 389 illius
673 368 735 388 cum
750 360 830 388 Patre
844 361 970 388 substan-

179 406 227 440 tia,
244 415 291 434 seu
317 407 603 434 consubstantialitate
626 406 778 434 doctrinam
803 414 819 433 a
840 406 970 434 Patribus

178 453 258 488 primi
276 452 404 480 Ecclesia:
417 452 521 484 saeculi,
536 457 562 480 et
577 452 656 488 longe
671 456 734 480 ante
746 451 885 479 Nicaeuum
903 459 970 480 con-

177 498 271 525 cilium
291 497 377 525 fuisse
398 497 537 530 traditam,
553 501 686 525 assertum
708 500 736 525 et
757 500 968 532 propugnatam.

190 547 250 571 dem
266 544 379 579 quilibet
393 548 420 572 et
435 543 468 572 de
484 543 546 572 aliis
560 543 715 579 quibusque
731 544 883 575 erroribus,
899 550 969 578 quos

179 590 214 617 ab
236 590 372 618 haereticis
396 589 524 618 defensos
538 610 546 622 ,
570 597 585 616 a
613 589 741 617 Patribus
766 588 883 624 rejectos
907 595 970 616 esse

179 635 310 667 diximus,
322 635 456 670 judicium
472 635 544 663 ferre
557 636 647 663 debet.

215 680 274 708 Alia
294 689 402 717 quoque
421 690 454 709 ex
478 681 574 709 iisdem
601 681 737 708 haereticis
757 680 821 708 inde
841 684 904 708 nata
926 683 970 708 est

180 726 312 754 Ecclesiae
332 728 448 759 utilitas,
471 727 544 762 quod
570 727 589 754 ii
613 726 742 754 Ecclesiae
760 726 888 754 Palribus
904 733 969 753 suos

179 774 312 802 adversus
328 773 445 802 haereses
460 774 546 802 libros
558 777 586 801 et
600 776 734 800 tractatus
761 780 832 808 quos
842 771 968 800 fortassis

179 829 319 856 nunquam
330 821 489 853 edidissent.
500 820 637 848 scribendi
648 820 773 848 dederint
784 818 969 846 occasionem.

180 866 228 894 llis
239 874 304 902 ergo
315 866 462 898 haereticis,
479 866 542 893 licet
556 865 650 893 invitis
661 869 688 893 et
703 865 803 900 saepius
817 864 968 892 reclaman—

179 913 266 944 tibus,
281 913 413 941 debemus
427 913 547 948 pretiosa
560 913 605 940 illa
619 916 759 940 tantorum
774 911 895 939 virorum
908 917 968 938 mo-

180 963 322 990 numenta,
338 967 371 986 ex
386 958 488 994 quibus
503 966 645 986 sacrorum
660 957 723 985 ﬁdei
737 957 894 993 dogmatum
911 961 969 984 tra-

180 1003 249 1030 ditio
261 1003 294 1030 ad
309 1011 360 1031 nos
373 1011 459 1039 usque
476 1003 593 1032 deducta
607 1007 659 1030 est.
673 1002 766 1037 Neque
782 1002 855 1030 aliud
872 1002 922 1029 hac
937 1002 965 1029 in

181 1058 210 1078 re
232 1050 322 1085 magis
344 1050 501 1085 lugendum,
523 1057 604 1084 quam
627 1048 699 1084 quod
724 1049 816 1076 omnia
835 1048 971 1084 ejusmodi

181 1095 282 1130 scripta
297 1094 330 1122 ad
341 1103 391 1122 nos
412 1102 467 1122 non
481 1096 570 1123 solum
587 1102 642 1122 non
654 1095 839 1130 pervenerint,
855 1094 903 1123 sed
919 1102 969 1122 nec

181 1141 236 1168 ulla
251 1141 369 1176 plurium
391 1145 481 1169 exstet
505 1141 622 1176 amplius
645 1141 787 1172 memoria,
813 1148 864 1169 nec
885 1141 968 1168 ullum

180 1195 275 1215 eorum
296 1187 372 1215 ullibi
389 1187 469 1215 nobis
484 1187 625 1223 vestigium
646 1186 777 1221 supersit.

494 1243 609 1272 CAPUT
629 1243 663 1271 X.

299 1290 337 1317 De
352 1290 500 1318 scholarum
513 1290 725 1318 Christianarum
740 1291 850 1326 origine.

218 1336 369 1364 Adversum
400 1336 542 1364 haereticos
571 1345 626 1364 non
655 1337 761 1364 calamo
789 1337 922 1364 duntaxat
943 1341 970 1364 et

182 1384 305 1420 scriptis,
317 1385 364 1412 sed
376 1384 438 1411 viva
452 1384 535 1411 etiam
548 1391 625 1415 voce,
639 1384 780 1418 variisque
795 1384 969 1412 sermonibus

182 1429 360 1458 decertabant
375 1429 524 1464 scriptores
538 1430 637 1461 nostri,
654 1428 881 1465 Christianosque
906 1437 970 1457 cum

182 1483 289 1505 morum
311 1476 467 1511 prteceptis,
494 1479 551 1502 tum
567 1475 629 1502 tldei
652 1475 777 1502 doctrina
795 1474 969 1503 erudiebant.

182 1522 247 1549 illos
261 1525 352 1549 autem
364 1529 395 1549 ea
410 1520 546 1548 docebant
559 1521 586 1548 in
603 1520 669 1548 locis
685 1520 810 1556 privatis.
832 1528 864 1548 ac
880 1528 969 1556 quan-

1021 270 1141 304 adducti,
1149 271 1332 300 Christianam
1344 272 1512 307 religionem,
1527 273 1649 308 pristinis
1660 275 1804 303 erroribus

1021 315 1165 351 depositis,
1182 317 1224 345 vel
1240 318 1351 353 publica
1362 318 1523 354 sinceraque
1539 318 1709 354 professione
1723 325 1803 348 erant

1021 362 1176 397 amplexati,
1193 363 1298 397 veljam
1308 363 1364 399 jam
1379 364 1582 400 amplexaturos
1598 372 1627 392 se
1641 373 1713 397 esse,
1724 370 1803 394 certo

1021 407 1230 442 pollicebantur.
1248 407 1297 435 His
1321 412 1423 440 autem,
1446 412 1476 436 ut
1491 408 1599 443 plenius
1619 408 1682 437 fidei
1705 409 1803 438 Chris-

1020 452 1102 480 tiana
1114 455 1256 488 praeceptis
1265 456 1292 480 et
1302 453 1474 488 dogmatibus
1482 453 1706 486 informarentur.
1718 462 1803 490 quos-

1020 497 1082 525 dam
1092 497 1287 533 praeﬁciebant,
1302 506 1372 534 quos
1381 499 1528 535 Apostolus
1542 499 1600 534 ipse
1612 500 1739 528 doctores
1753 508 1803 535 ap-

1021 543 1113 578 pellat,
1122 547 1149 571 et
1165 551 1180 570 a
1190 544 1300 571 caeteris
1312 544 1369 571 fere
1379 544 1508 572 omnibus
1522 544 1650 572 Ecclesiae
1666 545 1802 572 ministris

1020 593 1114 625 aperte
1129 589 1272 616 discernit.
1285 588 1322 617 De
1336 590 1370 617 iis
1384 591 1485 624 quippe
1501 590 1575 618 hunc
1589 591 1617 617 in
1634 590 1744 617 modum
1756 590 1804 617 illa

1020 635 1054 662 ad
1079 633 1223 669 tEphesios
1249 635 1364 663 scribit:
1382 635 1417 662 Et
1435 637 1488 670 ipse
1506 636 1577 664 dedit
1602 637 1730 672 quosdam
1745 637 1804 672 qui-

1019 682 1078 710 dem
1093 682 1236 716 apostolos,
1252 683 1380 717 quosdam
1395 691 1453 710 vero
1464 683 1614 718 prophetas,
1630 683 1697 710 alios
1713 688 1803 710 autem

1018 731 1138 762 pastores
1158 731 1184 754 et
1195 727 1315 754 doctores
1339 727 1371 755 ".
1395 727 1428 754 Et
1446 728 1479 755 ad
1498 725 1620 754 Corinth.
1641 737 1648 755 :
1664 727 1807 761 Quosdam.

1019 773 1123 808 quidem
1134 774 1222 809 posuit
1235 773 1305 801 Deus
1328 774 1356 801 in
1380 772 1509 805 Ecclesia,
1527 774 1641 808 primum
1655 774 1803 808 apostolos,

1019 817 1132 845 secundo
1156 817 1308 852 prophetas,
1333 818 1408 845 tertio
1420 817 1540 846 doctores
1555 818 1588 846 ”.
1609 817 1696 846 Porro
1711 824 1803 846 autem

1019 863 1086 891 illud
1101 863 1223 891 doctoris
1237 871 1336 891 munus
1350 864 1486 899 episcopis
1497 864 1671 899 potissimum
1681 865 1804 893 delatum

1018 917 1081 938 esse
1095 908 1165 937 idem
1177 917 1233 937 non
1243 909 1360 937 obscure
1378 909 1459 937 docet
1474 910 1562 945 prima
1581 910 1615 938 ad
1629 909 1812 938 Timotheum.

1019 955 1139 991 Epistula
1157 965 1163 983 :
1180 955 1289 990 Oportet
1304 964 1364 991 ergo
1386 957 1535 990 episcopum
1553 957 1806 991 irreprehensibilem

1018 1009 1132 1030 esse.....
1152 1001 1319 1036 hospitalem,
1343 1002 1476 1029 doctorem
1487 1003 1520 1031 ".
1537 1002 1578 1030 Ad
1603 1002 1693 1031 Titum
1716 1011 1802 1031 vero:

1020 1047 1128 1084 Oportet
1141 1049 1290 1083 episcopum
1306 1049 1364 1076 sine
1383 1049 1493 1076 crimine
1507 1058 1621 1078 esse.....
1645 1050 1806 1085 amplecten—

1021 1100 1071 1123 tcm
1084 1103 1154 1127 eum,
1167 1095 1212 1130 qui
1225 1095 1368 1122 secundum
1384 1095 1535 1123 doctrinam
1555 1100 1606 1129 est,
1624 1096 1728 1131 ﬁdelem
1748 1105 1807 1124 ser-

1019 1149 1138 1173 monem;
1153 1145 1183 1167 ut
1196 1145 1286 1175 potens
1307 1142 1343 1169 sit
1355 1141 1491 1169 exhortari
1504 1144 1531 1169 in
1543 1141 1665 1170 doctrina
1678 1151 1768 1176 sacra,
1780 1147 1816 1170 οτι

1019 1196 1063 1216 eos
1073 1188 1118 1222 qui
1128 1187 1313 1215 contradicunt
1326 1196 1437 1223 arguere
1453 1188 1497 1217 ¹⁰⁶.

1054 1232 1127 1261 Idem
1139 1237 1233 1260 tamen
1254 1233 1376 1261 doctoris
1391 1233 1509 1262 oﬂlcium
1529 1234 1602 1267 aliis,
1617 1234 1747 1270 episcopo
1761 1235 1807 1262 in-

1021 1278 1187 1311 ferioribus,
1210 1286 1405 1314 nonnunquam
1435 1278 1661 1306 demandabatur.
1686 1278 1818 1306 Rursum.

1019 1325 1091 1352 enim
1106 1323 1208 1353 Paulus
1219 1324 1253 1352 ad
1267 1324 1455 1352 Timotheum:
1469 1325 1521 1358 Qui
1535 1325 1607 1357 bene,
1623 1326 1722 1360 inquit,
1737 1334 1817 1360 pra-~

1020 1375 1081 1398 sunt
1111 1371 1267 1407 presbyteri,
1294 1371 1395 1407 duplici
1422 1370 1522 1399 honore
1549 1371 1622 1407 digni
1647 1371 1807 1404 habeantur,

1019 1418 1134 1445 maxime
1152 1418 1197 1453 qui
1218 1417 1342 1445 laborant
1363 1418 1392 1445 in
1414 1418 1490 1445 uerbo
1501 1422 1527 1445 et
1548 1418 1670 1446 doctrina
1684 1418 1704 1446 ¹.
1728 1419 1818 1452 Quod4

1020 1464 1045 1492 si
1072 1472 1105 1493 ea
1131 1464 1279 1500 presbyteri
1313 1472 1380 1492 voce
1402 1465 1547 1500 episcopos
1572 1464 1647 1500 ipsos
1668 1464 1815 1500 designari»

1024 1510 1195 1545 pertinacius
1209 1510 1372 1543 contendas,
1393 1514 1421 1538 et
1436 1514 1464 1538 lu
1489 1511 1549 1546 ipse
1568 1510 1681 1539 fatearis
1693 1518 1809 1539 necesse

182 1569 272 1603 doque
292 1568 419 1603 publicis,
438 1571 571 1603 quantum
588 1568 727 1603 pacatiora
744 1568 968 1603 persecutionum
985 1558 1006 1588 θ
1022 1561 1066 1586 δεῖ
1080 1557 1198 1593 duPlicis
1213 1558 1323 1593 Βθιιετίε
1338 1557 1423 1585 fuisse
1439 1557 1595 1592 θρίδοοβοεν
1609 1564 1727 1592 (Florum
1738 1564 1814 1584 "on"

183 1617 308 1649 tempora
331 1613 356 1641 id
380 1613 514 1646 ferebant,
527 1613 569 1642 vel
583 1621 631 1641 eos
645 1621 769 1641 summus
783 1610 906 1649 martyrii
925 1621 970 1641 ar-

183 1659 234 1687 dor
251 1660 285 1686 ad
300 1659 501 1695 praedicandam
518 1659 596 1686 fidem
612 1658 776 1694 impellebat.
795 1659 834 1686 Ac
850 1659 970 1695 primum

183 1705 293 1740 quidem
311 1709 388 1732 extra
411 1705 627 1732 controversiam
649 1710 692 1734 est
715 1707 866 1742 apostolos,
888 1711 971 1742 atque

183 1759 278 1780 eorum
300 1751 451 1786 discipulos
472 1751 499 1779 in
514 1752 634 1780 vicorum
650 1753 813 1788 urbiumque
823 1753 927 1788 plateas
945 1758 971 1781 et

183 1797 314 1832 compita,
332 1797 360 1824 in
374 1796 530 1824 Iudaeorum
553 1804 704 1834 synagogas
719 1802 746 1826 et
759 1799 868 1828 scholas
882 1800 972 1835 genti-

184 1844 251 1871 lium
267 1851 328 1871 sese
354 1843 507 1871 incredibili
523 1851 635 1879 prorsus
647 1844 745 1873 ardore
759 1845 863 1874 idcirco
875 1851 971 1874 contu-

184 1890 261 1921 lisse,
277 1894 306 1917 ut
318 1889 494 1925 Evangelium
504 1889 617 1922 Christi.
633 1894 659 1918 et
675 1898 781 1918 sacram
795 1891 856 1926 ejus
868 1891 972 1920 doctri-

185 1944 248 1964 nam
264 1936 468 1968 annuntiarent,
483 1944 598 1971 eamque
616 1937 813 1972 persuaderent
833 1939 970 1967 omnibus.

184 1981 218 2008 Et
239 1989 305 2008 sane
320 1979 421 2008 Paulus
438 1988 500 2008 cum
515 1981 636 2009 Athenas
651 1982 772 2010 venisset
787 1992 795 2010 :
814 1982 971 2017 Disputabat

184 2027 212 2053 in
227 2025 367 2061 Synagoga
381 2034 440 2052 cum
453 2025 556 2053 ludatis
569 2031 594 2053 et
606 2027 763 2060 colentibus,
777 2033 803 2054 et
817 2029 843 2055 in
856 2029 915 2063 foro
927 2037 973 2064 per

185 2079 274 2097 omnes
286 2070 341 2097 dies
354 2069 389 2096 ad
402 2078 456 2102 eos,
470 2071 515 2105 qui
528 2070 647 2098 aderant.
663 2071 779 2104 Quidam
789 2076 872 2099 autem
880 2071 974 2108 Epica-

185 2115 224 2142 rei
241 2119 265 2141 et
276 2114 360 2142 Stoici
381 2114 527 2149 philosophi
548 2114 711 2142 disserebant
739 2124 799 2142 cum
821 2124 851 2143 eo
859 2116 894 2148 ".
916 2122 971 2146 etc.

185 2160 256 2188 Cum
279 2163 370 2187 autem
399 2159 499 2194 Ephesi
536 2163 691 2187 moraretur
711 2170 718 2188 :
743 2160 923 2196 Introgressus
945 2163 973 2190 in

187 2206 355 2254 Sgnagogam
368 2213 428 2232 cum
442 2205 543 2254 ﬁducia
558 2206 713 2254 loquebatur
726 2215 771 2254 per
790 2212 842 2234 tres
860 2216 970 2242 menses,
988 2224 1011 2254 υ

185 2252 326 2287 disputans
341 2256 365 2279 et
378 2252 492 2280 suadens
509 2253 541 2280 de
552 2261 630 2288 regno
652 2253 711 2281 Dei.
729 2252 796 2281 Cum
810 2258 899 2281 autem
910 2256 972 2290 qui-

186 2298 249 2324 dam
275 2297 465 2325 indurarentur
488 2303 513 2326 et
532 2307 584 2326 non
612 2299 756 2331 crederent,
789 2300 971 2329 maledicentes

186 2343 257 2370 viam
279 2343 388 2371 Domini
402 2352 492 2371 coram
513 2344 692 2376 multitudine,
710 2344 846 2373 discedens
868 2346 900 2372 ab
921 2347 970 2380 eis,

185 2391 329 2426 segregavit
344 2390 498 2425 discipulos,
522 2390 638 2426 quotidie
661 2391 800 2425 disputans
832 2392 859 2419 in
880 2392 971 2419 sellula

187 2436 294 2470 tyranni
309 2436 459 2471 cujusdam.
476 2437 534 2464 Hoc
547 2441 633 2464 autem
646 2437 747 2472 factum
770 2441 809 2464 est
831 2445 877 2472 per
900 2437 973 2466 bien-

186 2483 259 2508 nium
271 2502 279 2514 ,
296 2482 334 2510 ita
355 2487 383 2509 ut
408 2491 497 2510 omnes
510 2483 556 2518 qui
572 2482 727 2509 habitabant
742 2483 769 2509 in
791 2482 856 2510 Asia
868 2502 876 2515 ,
895 2484 970 2511 audi-

186 2533 244 2554 rent
256 2528 362 2555 verbum
377 2528 484 2556 Domini
497 2528 586 2556 Judwi
600 2533 678 2564 atque
709 2528 818 2564 gentiles
830 2529 863 2556 ".
876 2529 973 2558 Nullus

187 2579 279 2602 autem
307 2575 451 2602 dubitandi
478 2576 553 2603 locus
572 2578 625 2608 est,
651 2574 719 2610 quin
733 2573 847 2607 Paulus.
870 2575 973 2611 aliique

187 2621 316 2655 apostoli,
330 2622 433 2649 similes
459 2621 521 2649 aliis
542 2621 570 2648 in
586 2619 654 2648 locis
674 2620 876 2655 disputationes
892 2621 971 2649 iusti-

187 2667 300 2695 tuerint.

225 2712 254 2740 lu
284 2714 406 2748 privatas
431 2721 496 2741 vero
511 2713 608 2741 domos
622 2712 723 2747 saepius
748 2711 766 2739 ii
781 2711 949 2747 cogebantur
962 2734 970 2745 ,

189 2765 244 2793 quo
260 2766 339 2786 sacra
355 2758 545 2794 mysteriorum
563 2761 721 2786 nostrorum
746 2758 903 2792 cognitione
925 2767 973 2788 eos

228 2864 251 2878 ’⁵
272 2862 330 2890 Art.
348 2871 413 2892 xvu.
433 2863 474 2890 l7.
513 2863 536 2878 ”
550 2863 609 2890 Act.
626 2869 683 2893 lix,
696 2861 712 2888 8
770 2862 791 2877 "

197 2897 232 2926 ‘l
262 2898 325 2926 l‘iiu.
342 2908 366 2931 ν,
379 2899 421 2926 l7.
460 2900 469 2914 ¹
484 2898 543 2927 Act.
565 2905 624 2931 xm,
643 2897 669 2925 l.
708 2897 716 2912 ⁸
730 2895 749 2923 ll
766 2895 836 2923 'l'im.
850 2904 879 2930 ιι,
896 2898 919 2923 tt.

1022 1604 1102 1637 nulli,
1117 1603 1204 1632 Paulo
1217 1608 1298 1638 teste,
1313 1605 1343 1631 in
1355 1603 1433 1631 uerbo
1454 1608 1481 1631 et
1498 1603 1620 1631 doctrina
1635 1603 1808 1631 laborabant.

1022 1649 1215 1678 Verumtamen
1229 1653 1256 1678 et
1267 1650 1335 1678 alios
1350 1650 1384 1678 ab
1393 1650 1531 1685 episcopis
1548 1649 1643 1677 munia
1663 1649 1808 1677 doctorum

1020 1697 1124 1725 abiisse
1132 1696 1203 1724 haud
1214 1695 1524 1724 obscuredemonstrant
1534 1703 1566 1724 ea
1573 1695 1703 1723 Actorum
1710 1695 1806 1722 verba:

1023 1743 1109 1771 Erant
1121 1748 1209 1771 autem
1225 1743 1253 1770 in
1269 1742 1389 1770 Ecclesia
1399 1742 1546 1770 Antiochia:
1559 1742 1692 1777 prophetat
1707 1745 1732 1768 et
1745 1740 1810 1767 dor—

1023 1794 1101 1822 tores,
1122 1789 1149 1816 in
1163 1788 1256 1825 quibus
1268 1793 1294 1816 et
1314 1788 1454 1816 Barnabas
1475 1793 1500 1816 et
1518 1788 1622 1820 Simon,
1635 1788 1680 1823 qui
1700 1787 1810 1815 vocaba-

1023 1840 1066 1863 tur
1086 1835 1179 1871 Niger,
1198 1840 1223 1863 et
1247 1835 1345 1862 Lucius
1366 1834 1533 1870 Cyrenensis,
1562 1838 1586 1862 et
1602 1833 1745 1866 Manahen,
1764 1833 1816 1868 qui,

1021 1886 1079 1909 erat
1103 1881 1217 1909 Herodis
1241 1881 1392 1909 Tetrarchte
1415 1880 1605 1912 collactaneus,
1628 1884 1653 1907 et
1676 1879 1807 1907 Saulus‘.

1023 1927 1078 1955 Hos
1089 1928 1163 1956 enim
1179 1935 1277 1956 omnes
1291 1932 1318 1956 et
1331 1928 1455 1963 singulos
1473 1926 1507 1954 ad
1519 1927 1680 1962 dignitatem
1701 1927 1810 1961 episco-

1023 1974 1113 2010 palem
1130 1977 1241 2002 evectos
1254 1973 1341 2002 fuisse
1356 1973 1418 2008 quis
1433 1973 1533 2001 audeat
1543 1972 1698 2000 atﬁrmare?

1059 2019 1099 2046 Ad
1114 2019 1270 2047 scholarum
1286 2026 1369 2054 porro
1383 2010 1517 2054 originem
1540 2019 1607 2046 illud
1619 2019 1707 2054 magis
1723 2020 1809 2055 perti-

1024 2073 1090 2093 nere
1103 2065 1219 2094 forsitan
1233 2066 1381 2098 videbitur,
1394 2065 1468 2102 quod
1483 2065 1628 2093 Timotheo
1642 2066 1732 2093 adhuc
1743 2065 1810 2094 scri-

1023 2111 1064 2139 bit
1073 2110 1176 2139 Paulus
1189 2121 1197 2139 :
1213 2111 1279 2144 Qua:
1292 2111 1392 2139 audisti
1406 2120 1422 2139 a
1436 2120 1530 2148 meper
1543 2113 1640 2140 multos
1655 2116 1742 2145 testes,
1754 2112 1809 2139 Ιιιιιι·

1024 2157 1178 2185 commenda
1192 2157 1314 2192 ﬁdelibus
1328 2157 1490 2190 hominibus,
1513 2159 1558 2193 qui
1581 2158 1670 2186 idonei
1696 2163 1772 2186 erunt
1784 2163 1809 2186 et

1025 2204 1092 2232 alios
1108 2204 1201 2233 docere
1214 2205 1235 2233 '.
1258 2204 1298 2232 Ex
1312 2205 1358 2232 his
1386 2205 1488 2240 quippe
1506 2205 1599 2233 verbis
1615 2205 1680 2238 duo,
1700 2213 1761 2241 quae
1775 2205 1810 2232 ad

1024 2250 1180 2279 institutum
1193 2255 1319 2279 nostrum
1335 2251 1453 2278 maxime
1465 2250 1634 2283 conducunt,
1651 2258 1704 2278 non
1719 2251 1810 2286 inepte

1025 2306 1093 2326 sane
1102 2297 1280 2333 colliguntur.
1291 2296 1384 2324 Primo
1396 2296 1504 2333 quidem
1517 2295 1620 2323 Paulus
1635 2295 1809 2323 Timotheum

1025 2344 1151 2372 doctrina
1167 2343 1324 2371 Christiana
1333 2342 1487 2374 erudierat,
1503 2349 1549 2375 per
1567 2341 1664 2369 multos
1680 2346 1772 2374 testes,
1782 2341 1809 2368 id

1026 2393 1079 2422 est,
1089 2396 1181 2416 coram
1192 2387 1296 2420 multis,
1306 2387 1353 2423 qui
1363 2395 1425 2415 eum
1435 2392 1462 2415 et
1471 2386 1614 2414 docentem
1622 2386 1777 2419 audierant,
1783 2390 1810 2414 et

1024 2434 1131 2464 tradita
1153 2434 1297 2462 Timotheo
1328 2433 1462 2461 doctrinae
1492 2432 1701 2468 locupletissimi
1726 2435 1810 2460 testes

1024 2486 1114 2510 erant.
1127 2480 1211 2516 Atqui
1236 2479 1260 2508 si
1284 2479 1387 2507 Paulus
1405 2477 1580 2506 Timotheum
1603 2478 1738 2513 aliosque,
1763 2478 1809 2513 qui

1023 2537 1084 2557 eum
1096 2526 1223 2555 audiendi
1234 2533 1319 2554 causa
1328 2525 1357 2553 in
1371 2525 1499 2553 eumdem
1510 2525 1600 2552 locum
1612 2529 1809 2557 convenerant,

1024 2575 1064 2603 sic
1080 2573 1207 2602 doctrina
1223 2572 1286 2600 ﬁdei
1306 2571 1436 2605 instituit,
1460 2570 1524 2606 quis
1537 2570 1707 2598 inliciabitur
1720 2570 1809 2605 ipsum

1024 2620 1119 2648 eodem
1135 2618 1251 2646 docendi
1267 2617 1348 2646 modo
1373 2618 1443 2645 alios
1455 2625 1566 2652 quoque
1579 2617 1731 2652 discipulos
1745 2624 1810 2644 suos

1027 2666 1125 2696 iisdem
1141 2665 1275 2692 imbuisse
1289 2663 1439 2692 institutis?
1455 2662 1583 2691 Secundo
1599 2663 1701 2691 Paulus
1717 2663 1810 2690 Timo-

1024 2712 1088 2739 theo
1104 2710 1227 2746 prtecipit
1245 2709 1316 2737 alios
1339 2708 1451 2741 docere,
1468 2707 1496 2735 id
1510 2712 1553 2736 est
1567 2708 1663 2736 eadem
1685 2716 1747 2743 quae
1774 2707 1808 2734 ab

1025 2760 1085 2794 ipso
1100 2756 1234 2788 audierat,
1250 2755 1311 2783 aliis
1323 2755 1418 2783 eadem
1441 2754 1569 2783 mcthodo
1590 2754 1709 2782 tradere.
1731 2753 1808 2788 Quod

837 2858 935 2894 Ephes.
950 2867 964 2885 l‘

1025 2864 1042 2890 I.
1070 2863 1092 2878 "
1113 2860 1195 2889 lCor.
1213 2868 1259 2894 xn,
1275 2860 1320 2887 28.
1358 2858 1381 2876 ’³
1397 2859 1486 2886 ΙΤιιιι-
1503 2858 1630 2892 ιιι,2.ιοο
1650 2854 1801 2889 Tit.|,7,9.
