1893 3101
75 148 108 175 29
530 149 625 177 PRIMI
645 149 825 178 Εεειεδιλε
845 150 981 178 εερωιι
1000 148 1264 180 SCRIPTORIBUS.
1673 154 1708 182 εςο

73 205 185 241 quidem
198 209 229 233 et
239 213 258 233 a
275 207 486 235 successoribus
500 208 561 243 ejus
572 208 720 244 diligenter
734 208 819 236 fuisse
828 207 876 234 οὶ»
888 211 913 239 Α
961 206 1055 242 Neque
1067 215 1131 235 vero
1148 207 1236 242 prima
1259 207 1393 236 duntaxat
1413 208 1498 244 hujus
1515 209 1617 237 schola:
1631 210 1709 237 initia

73 255 230 283 servatum,
249 252 358 284 nullus,
374 253 483 288 opinor,
495 255 644 289 negaverit.
660 255 694 281 At
708 262 789 289 porro
805 254 828 282 si
839 254 874 282 iis

73 296 151 327 locis.
168 297 198 324 in
210 297 322 332 quibus
335 298 480 326 docentem
494 298 609 326 Paulum
624 303 665 327 tot
683 299 806 334 tantique
816 298 874 326 dis-

72 343 157 378 cipuli
176 343 346 378 audierunt,
363 352 463 372 nomen
479 345 582 373 scholae
603 345 732 380 deneges,
752 345 799 373 tibi
811 345 873 380 qui-

72 388 131 416 dem
157 396 218 417 non
242 389 362 417 omnino
388 390 616 426 repugnabimus;
642 390 723 417 modo
750 390 783 417 ad
809 391 871 418 illos

72 434 187 468 primam
203 433 434 462 Christianarum
452 435 611 463 scholarum
635 435 770 471 originem
788 436 872 462 redu-

71 479 183 507 cendam
200 487 269 508 esse
283 481 431 509 concedas.

103 525 200 553 Primo
210 529 311 554 tamen
331 526 462 554 Ecclesiae
485 527 598 559 sreculo,
624 527 746 554 nondum
763 527 867 562 elapso,

70 571 201 606 quasdam
232 571 459 600 Christianorum
485 573 605 605 scholas,
632 573 741 608 proprie
767 573 866 605 dictas,

67 616 120 649 jam
143 616 295 644 institutas
319 617 541 651 fuisse,dcducto
563 625 596 645 ex
611 617 723 645 Eusebii
742 617 863 645 Historia

68 668 120 689 non
134 661 187 689 levi
203 663 294 697 plane
318 667 490 700 argumento,
512 664 604 699 colligi
622 672 704 699 posse
724 668 864 699 putamus.

68 708 104 735 lbi
117 709 190 735 enim
204 709 241 737 de
254 709 402 742 Pantzeno,
413 709 605 738 Alexandrinae
613 709 713 738 scholae
723 709 863 745 praefecto,

68 753 279 789 hacleguntur‘
287 765 296 783 :
309 755 360 783 Per
370 755 442 784 idem
452 760 563 790 tempus,
571 755 722 783 Commodo
732 756 863 783 nimirum

68 800 230 834 imperante,
258 800 385 835 ﬁdelium
412 801 509 829 schola:
532 806 646 836 putarat
670 802 709 829 vir
733 801 863 828 doctrina!

924 252 1027 279 indicat
1047 252 1194 286 Eusebius,
1226 260 1321 280 verum
1335 253 1417 280 etiam
1433 253 1500 290 quid
1517 255 1545 281 in
1561 262 1593 281 ea
1616 254 1709 283 docen

923 299 1091 335 tractarique
1120 299 1232 331 soleret,
1260 299 1417 327 luculenter
1443 304 1503 327 tum
1523 301 1620 336 aperit.
1646 309 1709 329 cum

921 352 982 372 eam
998 352 1140 372 sacrarum
1154 345 1308 373 litterarum
1320 345 1442 373 scholam
1454 347 1582 381 appellat.
1606 346 1655 374 His
1670 347 1710 374 si-

921 389 1032 424 quidem
1050 390 1143 419 verbis
1155 390 1201 418 ille
1212 391 1292 419 nobis
1312 396 1406 426 aperte
1419 391 1541 419 declarat
1552 400 1646 421 sacras
1661 393 1708 420 lit-

920 439 1005 467 teras,
1016 435 1044 463 id
1064 440 1117 469 est,
1133 444 1230 465 sacros
1247 437 1354 466 Veteris
1365 442 1392 465 et
1410 437 1478 465 Novi
1494 438 1660 466 Testamenti
1673 439 1707 466 li-

919 480 984 508 bros
996 480 1034 508 ibi
1048 488 1063 507 a
1078 480 1239 510 doctoribus
1250 487 1277 510 et
1292 483 1432 518 magistris
1447 482 1533 511 fuisse
1543 484 1706 518 explicatos.

918 525 973 553 Nec
983 526 1129 554 obscurius
1140 527 1222 562 paulo
1232 533 1294 563 post
1302 529 1386 555 tradit
1395 528 1458 555 huic
1469 535 1609 556 sacrarum
1617 527 1709 564 Scrip-

918 576 1042 599 turarum
1066 572 1241 607 explicationi
1264 574 1400 607 adjectam
1413 573 1568 600 divinorum
1593 573 1704 609 dogma-

917 622 974 645 tum
987 618 1206 652 explanationem
1223 629 1229 646 :
1250 619 1417 653 Divinarum,
1434 619 1534 655 inquit,
1552 615 1706 655 dogmdtum

917 662 1054 690 thesauros
1069 664 1199 698 exposuit.

949 708 1007 741 Qua
1020 713 1109 736 autem
1121 710 1281 738 methodoid
1292 710 1376 744 ﬁeret,
1384 711 1423 739 sic
1432 711 1595 747 ipseibidem
1606 711 1702 739 docet:

914 752 1018 781 Partim
1031 755 1087 781 viva
1098 763 1167 788 voce,
1179 756 1278 791 inquit,
1294 757 1392 790 partim
1409 758 1526 791 scriptis.
1537 756 1565 783 In
1573 756 1624 783 hac
1637 764 1704 791 ergo

912 799 1104 828 Alexandrina:
1118 801 1248 829 Ecclesiae
1256 803 1351 829 schola
1364 807 1391 829 et
1404 810 1484 830 sacra
1501 802 1656 837 Scriptura,
1670 806 1699 830 et

67 851 142 870 causa
165 844 370 878 celeberrimus,
396 847 500 873 nomine
518 846 684 878 Pantaenus;
699 847 791 882 quippe
801 846 860 881 jam
877 879 892 882 _
912 845 1004 872 divina
1021 845 1082 873 ﬁdei
1091 846 1254 874 Christianae
1274 847 1410 881 dogmata,
1425 848 1523 882 partim
1541 848 1601 874 viva
1619 855 1699 879 voce.

66 889 122 915 inde
145 898 163 916 α
197 890 304 924 priscis
336 891 496 926 temporibus
532 900 672 919 sacrarum
704 879 860 919 ilitterarum
876 879 1012 925 l3|Jzu'tim
1023 891 1133 926 scriptis
1149 879 1701 927 explanabantur.AlcumEusebiusillud

65 935 159 967 schola,
183 937 211 963 in
226 936 328 964 eadem
351 937 468 969 civitate,
486 937 682 971 Alexandrina,
699 938 788 972 fuerat
807 938 860 966 ins-

65 983 150 1015 tituta,
171 990 232 1018 qua:
254 982 368 1018 quidem
389 988 482 1010 nostra
507 987 584 1011 (etate
604 983 688 1010 adhuc
703 989 859 1018 perseverat.

64 1029 139 1064 Atqui
154 1028 334 1057 Commodus
349 1029 384 1057 ab
405 1037 478 1057 anno
493 1029 546 1058 l80
568 1029 602 1057 ad
616 1037 720 1057 annum
736 1030 788 1058 l93
804 1029 861 1057 Ro-

65 1075 133 1102 mani
155 1074 269 1109 imperii
298 1074 381 1103 frena
405 1075 612 1104 moderabatur.
638 1075 691 1103 Per
719 1075 772 1103 hoc
794 1082 860 1111 ergo

66 1123 167 1154 tempus
191 1118 351 1148 Pantaenus
381 1120 483 1148 scholae
516 1120 711 1149 Alexandrinae
734 1121 854 1156 praefuit.

65 1164 126 1191 Cum
150 1164 246 1200 itaque
270 1165 413 1194 Eusebius
436 1167 563 1194 eamdem
586 1166 708 1194 scholam
727 1175 744 1193 a
762 1167 856 1201 priscis

66 1211 219 1244 tentpon’bus
234 1211 395 1238 institutam
416 1211 503 1239 fuisse
519 1215 635 1246 asserat,
654 1211 719 1239 inde
733 1212 856 1247 profecto

66 1263 113 1282 non
119 1255 335 1292 improbabilem
342 1256 469 1285 ducimus
475 1258 582 1292 conject
587 1265 672 1289 uram,
680 1257 738 1292 jam
745 1265 759 1284 a
767 1258 856 1293 primo

66 1299 185 1328 Ecclesiae
212 1301 323 1329 saeculo
343 1301 419 1336 jacta
439 1301 525 1330 fuisse
545 1302 646 1330 scholze
667 1302 741 1330 illius
755 1302 855 1330 funda-

64 1352 158 1380 menta,
170 1356 223 1376 nec
237 1356 305 1376 eam
320 1349 404 1376 alium
419 1348 539 1377 fortasse
549 1357 631 1384 quam
643 1348 763 1377 Marcum
775 1357 856 1377 evan-

64 1393 192 1427 gelistam,
210 1395 339 1429 primum
353 1395 527 1423 Alexandriae
541 1396 712 1431 episcopum,
723 1395 854 1424 habuisse

64 1442 205 1466 auctorem.

93 1542 105 1558 δ
117 1541 228 1577 Euseb,
244 1543 297 1572 lib.
314 1552 331 1571 ν
349 1543 433 1578 Ηίει..
451 1552 511 1579 cap.
530 1544 573 1572 l0.

908 936 981 964 idem
988 945 1004 963 a
1011 937 1105 971 priscis
1114 937 1273 971 temporibus
1281 937 1381 965 factum
1388 942 1600 970 esseasscveret,
1608 938 1701 965 nullus

910 982 1006 1017 procul
1019 982 1103 1009 dubio
1119 983 1258 1018 negaverit
1273 983 1396 1011 eamdem
1413 983 1530 1011 docendi
1541 983 1700 1010 methodum

909 1028 938 1054 in
954 1027 1158 1062 antiquioribus
1180 1027 1304 1061 ejusdem
1324 1027 1456 1056 Ecclesia:
1470 1028 1584 1059 scholis.
1601 1028 1700 1063 quidni

909 1079 936 1101 et
951 1073 978 1100 in
994 1074 1056 1101 aliis
1077 1074 1214 1109 pluribus,
1238 1074 1324 1102 fuisse
1338 1074 1523 1102 observatam.
1545 1073 1631 1101 Porro
1650 1082 1699 1101 au-

907 1123 963 1147 tem
978 1124 1042 1148 ante
1054 1124 1082 1147 et
1093 1123 1155 1155 post
1170 1120 1290 1155 scriptos
1302 1124 1385 1155 atque
1397 1121 1553 1156 publicatos
1571 1120 1634 1147 novi
1646 1119 1698 1148 [ω-

908 1166 983 1194 deris
1000 1165 1123 1198 codices,
1145 1166 1264 1201 apostoli
1277 1173 1428 1201 eorumque
1447 1166 1578 1201 discipuli
1602 1165 1698 1193 Chris-

908 1211 991 1239 tianis
1005 1211 1099 1239 eadem
1111 1211 1285 1246 explicabant
1304 1211 1366 1239 ildei
1380 1211 1517 1247 dogmata,
1532 1219 1617 1246 eaque
1630 1219 1696 1246 pro-

909 1257 1052 1292 phetarum
1065 1258 1196 1290 oraculis,
1208 1257 1324 1292 aliisque
1330 1257 1438 1285 Veteris
1449 1256 1629 1284 lnstrumenti
1641 1261 1698 1284 tes-

896 1304 1045 1336 .timoniis,
1065 1311 1097 1332 ac
1119 1303 1230 1331 tandem
1245 1311 1300 1330 non
1315 1303 1406 1331 solum
1420 1303 1511 1330 divina
1525 1302 1628 1331 Christi
1647 1311 1696 1330 au-

907 1349 1046 1382 ctoritate,
1065 1349 1203 1384 variisque
1225 1348 1376 1381 miraculis,
1394 1348 1455 1383 ejus
1470 1348 1581 1376 nomine
1601 1347 1693 1380 editis,

906 1395 1118 1426 conﬁrmabant.
1144 1395 1192 1423 sed
1212 1394 1362 1431 saepissime
1377 1394 1439 1424 fuso
1452 1394 1536 1423 etiam
1561 1393 1695 1430 sanguine

907 1442 1116 1478 consignabant.
