1893 3101
205 157 239 185 ll
772 155 816 182 AD
837 155 866 183 S.
887 154 952 182 CLE

1088 153 1098 181 Ι
1118 154 1129 181 1
1147 153 1262 181 ΡΑΡΑΜ
1803 151 1835 177 δε

552 323 657 428 s.
740 320 1353 428 CLEMENS
1431 324 1479 425 Ι
1765 235 1793 241 δ’

628 493 992 556 PONTIFEX
1040 496 1286 554 ROMAN
1297 497 1400 556 US.

388 692 607 732 NOTITIA
641 692 702 730 EX
732 692 883 731 LlBRO
915 690 1251 731 PONTIFICALI
1291 689 1480 729 DAMAS!
1515 689 1670 730 PAPIE.

227 779 325 812 (MANSI,
339 779 439 810 Concil.,
454 779 473 810 Ι,
483 779 555 804 83,—-
565 779 599 805 Cl'.
614 779 736 804 variorum
749 782 820 804 notas
831 779 862 804 ad
870 779 934 803 hunc
947 779 1028 804 locum
1040 778 1108 803 Libri
1124 779 1177 804 Pon
1185 778 1290 809 tiﬁcalls,
1304 779 1375 803 Patr.
1397 776 1488 803 Latina
1504 779 1523 802 ι.
1536 777 1652 808 CXXVII,
1663 777 1712 802 ωι.
1734 776 1820 808 1079.)

225 229 1765 246 W

241 891 361 918 (Tlemens
369 893 473 918 natione
484 891 629 923 Romanus,
635 890 667 917 de
674 890 777 926 regione
784 890 866 918 Coelio
873 897 969 925 monte,
976 901 1008 920 ex
1014 897 1088 928 patre
1095 891 1236 923 Faustino.
1244 890 1311 918 sedit
1318 891 1394 918 annis
1408 890 1424 918 9
1435 890 1530 925 luteus.
1540 898 1570 922 ιι,
1577 889 1606 918 d.
1615 888 1655 925 x].
1669 888 1734 916 Fuit
1743 894 1834 916 autem

207 938 366 972 temporibus
374 937 464 964 Galba:
470 943 494 964 et
509 937 673 971 Vespasiani,
681 945 697 963 a
704 936 843 964 consulatu
851 937 960 973 Tragali
967 937 1130 975 [Traclialtcj
1139 942 1163 965 et
1173 936 1276 969 Italici,
1284 945 1365 972 usque
1371 937 1404 964 ad
1421 936 1609 972 Vespasianum
1618 943 1687 963 nono
1693 940 1717 962 et
1728 934 1832 961 Titum.

208 984 260 1011 llic
267 992 326 1011 cum
334 984 416 1011 multa
423 984 504 1011 libros
513 984 569 1011 zelo
578 983 639 1015 ﬁdei
648 988 672 1009 et
680 981 839 1010 Christiana:
848 984 981 1020 religionis
990 984 1261 1018 scriberet,martyrio
1270 987 1422 1010 coronatur.
1434 982 1484 1010 Hic
1491 983 1552 1018 fecit
1561 990 1599 1010 v11
1626 982 1745 1017 regiones
1753 980 1838 1008 dividi

206 1030 318 1056 notariis
334 1029 456 1064 ﬁdelibus
468 1030 604 1060 Ecclesiae,
617 1029 661 1065 qui
671 1034 745 1064 gesta
760 1035 906 1066 martyrum
916 1032 1029 1059 sollicite
1041 1036 1065 1059 et
1079 1032 1193 1064 curiose,
1206 1031 1382 1066 unusquisque
1392 1039 1438 1065 per
1457 1031 1588 1066 regionem
1600 1038 1688 1062 suam.
1701 1028 1837 1065 perquire-

205 1080 273 1102 rent.
291 1074 341 1101 Hic
355 1075 417 1109 fecit
431 1075 498 1101 duas
512 1073 648 1108 epistolas,
676 1082 734 1109 quin
749 1073 892 1103 Cananicw
909 1078 1091 1104 nominantur.
1108 1076 1160 1102 Hic
1173 1083 1206 1102 ea:
1218 1080 1346 1110 prwcepto
1361 1075 1393 1103 Β.
1408 1075 1481 1103 Petri
1496 1076 1610 1110 suscepit
1631 1075 1758 1103 Ecclesia:
1771 1083 1837 1110 pon-

205 1121 337 1155 tiﬁcatum
352 1120 563 1155 gubernandum,
574 1120 642 1147 sicut
653 1120 676 1146 ei
686 1120 774 1155 fuerat
789 1130 805 1147 a
817 1121 931 1149 Domino
940 1121 1006 1149 Jesu
1017 1121 1121 1150 Christo
1135 1121 1261 1149 cathedra
1276 1121 1376 1148 tradita
1391 1121 1429 1148 vel
1443 1122 1594 1149 commissa.
1611 1121 1710 1148 Tamen
1727 1122 1756 1148 in
1771 1120 1836 1156 Epi-

204 1166 273 1192 stola
288 1174 347 1201 quae
362 1167 396 1193 ad
407 1166 536 1193 Iacobum
552 1166 650 1200 scripta
665 1171 715 1198 est,
733 1168 848 1202 qualiter
859 1169 882 1195 ei
893 1169 1035 1196 commissa
1049 1174 1089 1196 est
1102 1178 1118 1195 a
1133 1168 1166 1196 B.
1183 1168 1262 1195 Petro
1275 1168 1406 1202 Ecclesia,
1423 1169 1543 1203 reperies.
1558 1168 1622 1195 Ideo
1636 1167 1719 1195 Linus
1735 1172 1761 1195 et
1777 1167 1837 1195 Cle-

205 1216 247 1239 tus
261 1217 321 1238 ante
341 1221 400 1239 eum
419 1212 632 1244 conscribuntur,
649 1214 711 1248 quia
732 1213 764 1240 ab
778 1214 835 1248 ipso
852 1214 977 1251 Principc
995 1216 1188 1251 apostolorum,
1208 1215 1242 1242 ad
1261 1216 1438 1242 ministerium
1455 1216 1621 1244 sacerdotale
1660 1215 1837 1243 exhibendum

205 1264 265 1286 sunt
275 1259 387 1293 episcopi
401 1259 529 1287 ordinati.
542 1259 592 1286 llic
604 1259 665 1294 fecit
679 1260 859 1288 ordinationes
871 1260 938 1289 duas
949 1271 995 1297 per
1007 1271 1122 1290 mensem
1133 1261 1311 1294 Decembrem,
1324 1262 1488 1298 presbyteros
1507 1262 1605 1295 decem,
1617 1263 1745 1290 diaconos
1757 1262 1836 1293 duos.

205 1306 340 1339 episcopos
353 1312 399 1338 per
413 1305 519 1332 diversa
534 1305 592 1332 loca
606 1306 766 1340 quindecim.
782 1306 971 1344 Obiit'martyr
987 1318 1056 1341 anno
1079 1308 1191 1344 Trajani
1208 1309 1294 1336 tertio.
1311 1308 1364 1342 Qui
1373 1310 1453 1337 etiam
1461 1309 1578 1344 sepultus
1587 1314 1626 1338 est
1641 1311 1669 1338 in
1681 1309 1788 1337 Grauia
1807 1317 1834 1337 lx

205 1349 320 1378 Kalend.
337 1350 461 1386 Decemb._
474 1349 508 1376 Et
522 1352 632 1378 cessavit
646 1351 811 1386 episcopatus
823 1351 878 1379 dies
893 1361 951 1381 nu.

508 1483 1009 1563 VARIORUM
1075 1486 1255 1564 PRO

782 1485 1009 1563 )RUM
1075 1486 1529 1565 ΡΒΟἝΜΙΑ

817 1616 1231 1647 HISTORICO-LITTERARIA

355 1704 431 1750 AD
466 1705 791 1752 EPISTOLAS
819 1706 1027 1752 SANCTI
1067 1707 1409 1753 CLEMENTIS
1441 1708 1460 1752 Ι
1501 1706 1688 1752 PAPIE.

214 1414 1837 1434 Ἥ

513 1950 622 2015 ΕΧ
667 1953 1037 2017 ΕΒΙΤΙΟΝΕ
1088 1954 1534 2019 COTELERII.

701 2068 710 2100 (
718 2068 805 2095 Patres
813 2069 948 2102 apostolici,
960 2071 1151 2113 Amsteltedaml,
1163 2070 1232 2102 1724,
1244 2071 1338 2102 ln-i'ol.)

603 2193 948 2253 VETERUM
993 2156 1436 2255 EESTIMONIA

483 2308 558 2353 DE
594 2309 802 2356 SANCTI
840 2313 1178 2404 CLEMFNTIS
1215 2315 1548 2362 EPISTOLIS.

647 2418 678 2446 S.
699 2420 822 2450 Incussus
834 2442 842 2454 ,
860 2423 906 2451 lib.
924 2432 974 2457 lu,
989 2425 1115 2452 adversus
1137 2425 1274 2457 ereses,
1289 2433 1350 2460 cap.
1369 2426 1396 2453 5.

332 2461 518 2496 Interpretatio
532 2468 613 2492 uetus.
737 2466 815 2502 Apud
827 2468 974 2498 Eusebium
987 2471 1060 2498 Hist.
1079 2471 1143 2499 eccl.
1157 2471 1175 2499 l.
1192 2479 1218 2503 v,
1232 2479 1257 2498 c.
1273 2471 1299 2498 6.
1427 2470 1618 2506 interpretatio
1636 2471 1748 2501 Valesii.

245 2525 405 2555 Fundantes
419 2531 501 2562 igitur
515 2530 542 2554 et
558 2527 725 2556 instruentes
792 2530 992 2566 Θεμελιὼσαντε

1083 2534 1128 2565 not
1138 2535 1276 2570 οἰκοδομή-
1347 2536 1471 2564 Funduta
1482 2536 1538 2572 jam
1551 2541 1578 2564 et
1588 2537 1725 2566 aedificata
1739 2538 1830 2566 Eccle-

209 2571 281 2598 beati
310 2571 426 2606 apostoli
459 2571 630 2604 Ecclesiam,
656 2571 725 2599 Lino
761 2584 856 2608 σαντες
871 2578 895 2603 ol.
914 2586 956 2612 pa:

1084 2579 1212 2606 ιπόστολοι
1227 2581 1276 2616 τὴν
1311 2582 1351 2609 sia
1363 2602 1370 2613 ,
1386 2571 1537 2609 beatissimi
1552 2582 1670 2616 apostoli
1686 2584 1831 2619 episcopa-

208 2619 395 2654 eplscopatum
429 2618 651 2647 administrandae
674 2619 725 2646 Ec-
766 2621 955 2658 Ἐκκλησίανμ

1081 2625 1152 2660 ιτῆς
1165 2626 1276 2653 ἐπισκο·
1311 2631 1355 2654 tus
1386 2625 1504 2653 ofﬁcium
1542 2625 1611 2653 Lino
1642 2618 1828 2658 tradiderunt.

208 2664 298 2691 clesim
328 2664 510 2692 tradiderunt.
543 2663 631 2699 Hujus
664 2664 724 2692 Lini
763 2667 819 2702 πῆς
831 2667 955 2704 λειτουργ

1082 2670 1189 2705 ειρισαν.
1207 2671 1274 2698 Τού-
1310 2671 1397 2706 liujus
1415 2670 1475 2697 Lini
1491 2671 1655 2699 mentionem
1673 2672 1742 2701 facit
1759 2674 1829 2704 Pati-

209 2711 310 2740 Daulus
322 2712 349 2738 in
366 2712 409 2739 his
420 2719 481 2747 quae
499 2715 563 2738 sunt
579 2710 612 2738 ad
631 2710 724 2738 Timo-
760 2713 956 2740 τουτοῦΛινου]

1082 2716 1278 2752 νταῖςπρὺςΤι-
1313 2717 1355 2743 lus
1384 2716 1413 2743 in
1440 2716 1552 2744 Litteris
1584 2717 1619 2745 ad
1643 2717 1829 2748 Timotheum.

208 2760 300 2786 tlieum
314 2759 424 2787 Litteris
445 2758 579 2785 meminit.
597 2757 724 2786 Succedit
761 2759 857 2794 μὸθεον
874 2759 955 2785 Ἐπιω

1083 2760 1209 2795 έμνηται·
1224 2761 1277 2787 δια-
1312 2760 1381 2787 Huic
1402 2762 1537 2788 successit
1560 2761 1740 2792 Anencletus.
1767 2764 1830 2792 Post

209 2809 299 2832 autem
313 2804 337 2832 ei
349 2804 505 2832 Anacletus.
519 2803 584 2830 Post
595 2811 657 2831 eum
670 2807 723 2831 ter-
758 2804 898 2839 δέχεταιδὲ
906 2805 956 2831 αὐτ

1084 2805 1174 2840 om;
1186 2814 1192 2820 -
1209 2806 1278 2841 μετὰ
1313 2813 1393 2840 quem
1406 2806 1484 2833 tertio
1496 2807 1530 2833 ab
1542 2808 1675 2842 apostolis
1690 2809 1754 2837 loco
1765 2818 1831 2845 pon-

210 2853 247 2880 tio
262 2852 321 2881 loco
335 2852 369 2880 ab
384 2851 514 2888 apostolis
537 2851 721 2886 episcopatum
760 2850 854 2877 τοῦτον
865 2850 891 2876 δὲ
900 2850 957 2885 τρίς

1082 2850 1131 2877 ἀπὸ
1145 2851 1198 2877 τῶν
1211 2851 1277 2877 ἁπο-
1313 2850 1445 2878 Iilicatum
1476 2851 1588 2880 sortitus
1615 2856 1656 2881 est
1685 2853 1829 2887 Clemens;
