1893 3101
50 171 80 197 53

660 151 829 182 PROOEMIA
846 148 1037 179 VAlllOllUM.

1634 143 1672 171 δι

515 212 545 240 S.
557 210 692 243 lusa/nus,
705 209 754 238 lib.
769 217 799 237 ιιι
811 207 935 236 adversus
950 206 1083 237 Hareses,
1098 211 1157 239 cap.
1173 203 1201 231 5.

165 264 355 301 Interpretatio
368 268 451 290 vetus.

48 315 155 344 sortitur
176 313 319 343 Clemens;
343 308 391 345 qui
427 311 454 335 et
492 304 561 333 vidit

48 362 118 396 ipsos
137 356 288 394 apestolos.
307 359 336 382 et
357 352 474 381 contulit
495 358 559 378 cum

47 407 100 439 eis;
124 409 152 432 et
178 410 242 430 cum
267 401 357 428 adhuc
387 399 559 426 insonantem

49 448 266 486 pradicationem
300 443 505 481 apostolorum,
533 443 560 468 et

48 497 218 524 traditionem
239 496 302 520 ante
315 490 412 518 oculos
431 487 559 518 haberet,

49 549 99 569 non
114 541 209 568 solus:
227 536 316 564 adhuc
329 535 401 563 enim
416 532 495 560 multi
514 539 561 558 su-

49 591 170 625 pererant
181 591 260 617 tunc,
278 583 312 611 ab
329 580 462 618 apostolis
476 578 560 606 docti.

50 636 103 664 Sub
117 636 170 662 hoc
186 634 272 669 igitur
284 631 436 660 Clemente,
455 626 563 654 dissen-

50 685 122 711 sione
140 690 197 710 non
218 680 327 708 modica
352 678 425 705 inter
447 683 495 704 eos
515 673 563 709 qui

49 727 168 755 Corinthi
198 728 294 753 essent
327 722 427 749 fratres
465 719 561 754 facta,

50 771 156 807 scripsit
165 778 228 806 quas
235 774 278 797 est
284 768 377 795 Romae
382 764 506 793 Ecclesia
514 770 564 799 po-

49 818 218 847 tentissimas
238 816 344 843 litteras
354 810 515 842 Corinthiis,
529 809 564 836 ad

49 871 137 900 pacem
161 870 211 891 eos
235 866 413 895 congregans,
437 859 465 883 et
486 862 565 890 repa-

50 917 109 937 rans
123 908 206 936 ﬁdem
221 913 315 934 eorum
326 925 333 937 ,
350 908 376 932 et
398 901 565 930 annuntians

50 962 126 989 quam
146 953 174 980 in
194 950 301 979 recenti
317 950 350 976 ab
365 946 498 984 apostolis
519 953 565 973 ac-

50 1003 155 1035 ceperat
177 997 354 1026 traditionem
368 1015 375 1027 ,
397 992 562 1020 annuntian-

51 1049 100 1072 tem
123 1051 211 1071 unum
235 1043 320 1070 Deum
341 1039 564 1075 omnipotentem,

51 1092 176 1119 factorem
194 1089 260 1118 cmli
271 1093 298 1116 et
313 1092 403 1118 terrte,
417 1086 566 1121 plasmate-

589 257 669 293 Apud
684 256 830 284 Eusebium
841 255 913 282 Hist.
929 253 999 281 Eccl.
1013 253 1068 280 l.v.
1079 258 1104 278 c.
1121 250 1147 277 6.

597 303 699 330 στόλων
721 302 771 338 τὴν
791 300 944 336 ἐπισκοπὴν
966 297 1115 334 κληρῶται

595 352 723 387 Κλήμης·
737 348 751 375 ὸ
766 347 814 375 καὶ
835 345 965 383 ἑωρακὼς
985 345 1048 376 τοὺς
1067 351 1117 379 μα-

596 396 708 432 καρίους
719 391 894 423 ἀποστόλους,
908 390 956 417 καὶ
967 388 1119 424 συμϐεϐλη-

597 443 652 475 κὼς
667 442 758 472 αὐτοῖς
768 449 775 455 ·
791 440 838 467 καὶ
852 439 892 465 ἔτι
906 437 1016 463 ἔναυλον
1024 435 1054 462 τὸ
1069 435 1119 470 κή-

598 497 690 525 ρυγμα
703 486 757 514 τῶν
767 484 933 515 ἀποστόλων,
947 483 994 510 καὶ
1003 481 1052 517 τὴν
1067 489 1119 508 πα-

599 534 705 570 ράδοσιν
714 531 768 567 πρὸ
787 528 933 565 ὀφθαλμῶν
947 528 1015 563 ἔχων
1033 527 1063 553 οὐ
1075 526 1119 562 μό·

598 587 643 610 νος
661 587 667 593 ·
692 577 732 604 ἔτι
754 575 809 612 γὰρ
826 574 922 612 πολλοὶ
942 571 1118 599 ὑπελείποντο

597 609 658 650 τόιεε
681 623 734 650 ὑπὸ
826 609 991 647 ’ἀποστόλων
1018 617 1118 644 δεδιδα-

598 669 704 705 γμένοι.
720 667 781 694 Ἐπὶ
789 666 883 693 τούτου
890 663 936 691 οὖν
943 663 990 691 τοῦ
998 662 1120 698 Κλήμεν-

598 723 654 746 τος,
671 713 792 743 στάσεως
819 712 870 738 οὐκ
890 709 983 744 ὀλίγης
1010 709 1066 739 τοῖς
1089 707 1118 732 ὲν

598 758 723 795 Κορίνθῳ
732 756 882 792 γενομένης
893 755 1026 789 ἀδελφοῖς,
1038 753 1087 779 ὲπέ
1105 767 1119 773 -

600 803 703 831 πειλεν
718 803 735 837 ὴ
745 802 774 828 ἐν
792 800 884 836 Ῥώμῃ
899 798 1045 834 Ἐκκλησία
1060 798 1119 824 ἱκα-

600 848 722 883 νωτάτην
731 846 901 882 γραφὴντοῖς
907 843 1072 879 Κορινθίοις,
1080 844 1120 874 εἰς

602 893 712 928 είρήνην
739 889 945 926 συμὸιΰάςουσα
955 889 1064 920 αὐτοὺς,
1073 888 1120 914 καὶ

601 936 752 966 ἀνανεοῦσα
773 936 822 971 τὴν
845 935 936 961 πίστιν
958 933 1058 966 αὐτῶν,
1074 934 1120 960 καὶ

600 984 633 1018 ἢν
647 981 744 1009 νεωστὶ
759 980 812 1007 ἀπὸ
825 978 879 1006 τῶν
900 978 1055 1006 ἀποστόλων
1069 986 1121 1004 πα-

602 1027 709 1063 ράδοσιν
723 1025 837 1061 εἰλήφει.

1268 248 1454 283 lnterpretatio
1473 248 1580 276 l’atesii.

1151 296 1198 330 qui
1218 295 1328 330 quidem
1343 296 1516 323 beatissimos
1533 296 1671 330 apostolos

1152 342 1269 374 viderat,
1280 345 1379 369 etcum
1392 342 1487 369 iisdem
1501 341 1671 369 familiariter

1153 393 1279 416 versatus
1292 388 1396 422 fuerat;
1411 392 1437 416 et
1448 388 1669 424 praedicationem

1155 432 1340 466 apostolorum
1365 432 1455 459 adhuc
1479 431 1592 459 auribus
1612 431 1671 458 suis

1155 475 1326 502 insonantem
1337 494 1345 506 ,
1369 474 1599 508 traditionemque
1616 481 1674 508 prie

1154 521 1240 549 oculis
1257 521 1383 548 habebat.
1403 518 1458 546 Nec
1471 526 1535 546 vero
1547 520 1606 554 ipse
1624 527 1672 547 so-

1153 567 1208 601 lus,
1225 567 1271 594 sed
1288 571 1315 594 et
1327 566 1373 593 alii
1386 565 1495 600 plurimi
1517 565 1598 593 etiam
1616 569 1674 593 tum

1154 615 1327 646 supererant,
1344 611 1378 638 ab
1391 610 1525 645 apostolis
1540 610 1669 637 instituti.

1155 656 1243 691 Hujus
1260 656 1409 684 Clementis
1427 656 1598 691 temporibus
1609 663 1672 682 cum

1154 704 1314 740 gravissima
1366 704 1503 731 dissensio
1547 703 1673 731 Corinthi

1154 754 1248 777 exorta
1259 753 1332 777 esset
1347 749 1419 777 inter
1428 750 1538 782 fratres,
1551 749 1673 776 Ecclesia

1155 796 1277 823 Romana
1301 796 1544 824 luculentissimam
1570 797 1671 831 episto-

1156 843 1208 869 lam
1226 842 1376 870 Corinthiis
1391 842 1519 877 scripsit,
1536 850 1589 877 qua
1628 848 1675 869 eos

1157 887 1189 914 ad
1206 895 1300 922 pacem
1314 887 1546 922 concordiamque
1561 894 1672 914 revoca-

1157 937 1216 966 ret,
1233 936 1260 961 et
1284 933 1363 961 fidem
1393 933 1513 965 illorum,
1540 935 1567 960 et
1592 939 1673 967 quam

1157 986 1254 1006 recens
1290 978 1326 1006 ab
1358 979 1490 1013 apOstolis
1515 982 1676 1014 susceperat

1156 1024 1331 1052 traditionem
1345 1028 1498 1051 renovaret.

51 1146 102 1166 rem
115 1137 255 1167 hominis.
268 1136 316 1171 qui
329 1135 466 1162 induxerit
479 1133 686 1169 cataclysmum,
698 1134 725 1157 et
733 1128 906 1157 advocaverit
917 1126 1066 1160 Abraham,
1080 1127 1126 1162 qui
1139 1127 1265 1155 eduxerit
1278 1126 1406 1162 populum
1416 1126 1450 1153 de
1465 1129 1536 1153 terra
1551 1124 1674 1161 Egypti,

51 1185 93 1220 qui
107 1185 265 1212 collocutus
280 1182 315 1210 sit
327 1181 423 1218 Moysi,
434 1182 479 1218 qui
495 1182 582 1215 legem
600 1177 782 1213 disposuerit,
806 1179 833 1203 et
848 1175 996 1210 prophetas
1024 1174 1138 1206 miserit,
1155 1174 1201 1209 qui
1216 1173 1304 1208 ignem
1318 1172 1510 1208 praparaverit
1526 1171 1635 1199 diabolo
1649 1176 1676 1198 et

52 1217 149 1267 angelis
159 1231 234 1265 ejus.
244 1229 324 1256 Hunc
332 1217 560 1256 PatremrDomini
571 1224 659 1252 nostri
670 1222 735 1251 Iesu
748 1221 848 1250 Christi
861 1223 895 1248 ab
921 1220 1044 1247 Ecclesia
1063 1219 1231 1251 annuntiari,
1254 1226 1287 1246 ex
1303 1218 1362 1253 ipsa
1377 1217 1517 1252 Scriptura
1532 1217 1578 1252 qui
1593 1217 1677 1244 velint

52 1262 151 1306 dis‘cere
161 1262 295 1312 possunt,
309 1279 337 1302 et
347 1274 525 1309 apostolicam
541 1270 671 1299 Ecclesiae
684 1268 861 1296 traditionem
872 1274 949 1294 :cum
965 1266 1001 1293 sit
1012 1265 1145 1293 vetustior
1159 1265 1274 1300 epistola
1285 1265 1328 1292 his
1340 1264 1386 1299 qui
1398 1271 1471 1290 nunc
1484 1262 1553 1291 falso
1566 1263 1675 1295 docent,

51 1328 76 1352 et
89 1324 207 1351 alterum
224 1322 310 1349 Deum
328 1329 410 1356 super
420 1320 598 1355 Demiurgum
615 1321 643 1346 et
664 1316 795 1344 factorem
810 1314 908 1341 horum
928 1312 1051 1340 omnium
1066 1320 1127 1347 quae
1142 1315 1224 1344 sunt,
1241 1311 1485 1338 commentiuntur.

845 1360 879 1388 ll.

179 1417 312 1446 Ctsusxs
337 1414 678 1447 Alexandrinus,£zpw}t.
690 1410 739 1438 lib.
754 1417 773 1437 ι.
794 1416 855 1444 cap.
878 1407 904 1440 7,
931 1406 997 1436 edit.
1014 1406 1114 1440 Oxon.,
1135 1414 1181 1434 an.
1204 1405 1283 1438 1715,
1302 1408 1370 1432 tom.
1393 1403 1413 1436 l,
1431 1411 1459 1439 p.
1482 1402 1545 1430 559.

88 1466 150 1493 Ἐὰν
165 1465 197 1491 δὲ
213 1464 263 1500 τὴν
286 1463 426 1499 βασιλικήν
442 1470 472 1488 τε
495 1461 539 1488 καὶ
557 1457 718 1494 αὐθεντικὴν
740 1455 841 1483 εἴσοδον
931 1454 1009 1487 Quod
1024 1455 1047 1482 si
1059 1454 1130 1482 viam
1148 1453 1233 1488 regiar

931 1454 1009 1487 Quod
1024 1455 1047 1482 si
1059 1454 1130 1482 viam
1148 1453 1248 1488 regiam
1264 1456 1291 1480 et
1311 1451 1499 1478 authenticum
1523 1449 1677 1484 ingressum

52 1513 140 1549 ζητῇς,
152 1495 373 1546 ἀκοὺσῖῃδΑὒτη
422 1508 504 1541 πύλη
520 1506 574 1534 τοῦ
589 1505 701 1539 Κυρίου
711 1512 718 1518 θ
734 1503 842 1530 δίκαιοι
895 1500 1006 1549 quaeris,
1021 1499 1116 1527 audies
1129 1509 1136 1527 :
1153 1499 1233 1526 Haec.

896 1500 1006 1535 quaeris,
1021 1499 1116 1527 audies
1129 1509 1136 1527 :
1153 1499 1218 1526 Haec
1230 1503 1269 1526 est
1284 1503 1360 1533 porta
1373 1496 1480 1524 Domini
1493 1495 1578 1530 :justi
1594 1495 1678 1522 intra-

50 1541 277 1585 izbéiéoaowiu
291 1555 326 1582 ὲν
339 1541 426 1587 αὑτῇ.
441 1552 549 1580 Πολλῶν
563 1551 652 1578 τοίνυν
662 1548 842 1584 ἀνεῳγμένων
895 1542 958 1570 bim!
973 1543 1001 1570 in
1014 1551 1073 1570 eam
1086 1543 1108 1571 ⁵.
1123 1543 1191 1571 Cum
1208 1551 1233 1569 et

896 1542 958 1570 bunt
973 1543 1001 1570 in
1014 1551 1073 1570 eam
1086 1543 1108 1571 ⁵.
1123 1543 1191 1571 Cum
1208 1550 1273 1577 ergo
1293 1541 1500 1576 multaaapertac
1518 1541 1573 1567 sint
1595 1544 1680 1574 portae

52 1605 138 1631 πδλῶν
152 1605 183 1630 ἑν
199 1600 369 1636 δικαιοσύνῃ,
386 1598 455 1635 αὕτη
472 1597 505 1635 ἦν
520 1599 549 1625 ὲν
563 1595 683 1634 Χριστῷ.
895 1588 922 1615 in
936 1588 1053 1623 iustitia,
1075 1589 1134 1616 haec
1157 1589 1185 1616 in
1207 1588 1233 1616 Cl

896 1588 922 1615 in
936 1588 1053 1623 iustitia,
1075 1589 1134 1616 hmc
1157 1589 1185 1616 in
1207 1588 1316 1616 Christo
1338 1586 1502 1615 invenienda
1519 1590 1571 1614 est.
1591 1586 1677 1614 CLEI.

894 1635 974 1670 epist.
994 1635 1020 1667 1,
1038 1642 1098 1670 cap.
1118 1635 1163 1662 18.

646 1684 711 1710 locu
722 1703 729 1715 ,
746 1681 823 1714 ibid.,
838 1679 886 1708 lib.
908 1684 935 1708 et
949 1689 1008 1716 cap.
1034 1681 1094 1709 citt.

80 1738 183 1766 Αὺτίκσ.
199 1737 213 1763 ὁ
225 1735 342 1772 Κλήμης
356 1736 384 1762 ὲν
397 1735 430 1770 τῇ
446 1733 513 1769 πρὸς
527 1731 688 1768 Κορινθίους
702 1729 842 1764 ἐπιστολῇ,
931 1728 990 1756 Jam
1005 1728 1132 1756 Clemens
1151 1729 1179 1755 in
1200 1735 1233 1763 ep

931 1728 990 1756 Jam
1005 1728 1132 1756 Clemens
1151 1729 1179 1755 in
1200 1727 1316 1763 epistola
1330 1726 1364 1754 ad
1378 1725 1535 1754 Corinthios
1556 1725 1600 1752 his
1617 1733 1678 1752 ver-

52 1785 118 1811 κατὲι
130 1783 206 1816 λέξιν
221 1783 300 1818 φησὶ,
315 1781 364 1813 τὰς
372 1779 502 1816 διαφορὰς
516 1777 689 1813 ἐκτιθέμενος
703 1776 757 1802 τῶν
772 1774 843 1802 κατὰ

52 1831 97 1866 τὴν
115 1829 281 1865 ’Ἐκκλησίαν
301 1827 418 1862 δοκίμων
430 1835 436 1840 -
453 1827 531 1853 Ἠτω
554 1833 600 1857 τις
623 1821 730 1854 πιστός
745 1829 752 1836 ·
783 1819 843 1854 ἤτω

52 1863 177 1909 δονατός
192 1863 240 1908 τις
254 1873 369 1910 γνῶσιν
382 1871 512 1904 ἐξειπεῖν
525 1874 531 1880 ·
544 1869 605 1904 ἤτω
621 1868 717 1902 σοφὸς
732 1866 767 1892 ὲν
780 1865 843 1892 δια-
895 1867 1056 1902 explicanda
1071 1867 1230 1903 cognitione,

896 1867 1056 1902 explicanda
1071 1867 1230 1903 cognitione,
1242 1867 1278 1893 sit
1293 1866 1396 1900 sapiens
1410 1865 1439 1891 in
1454 1863 1609 1890 discretione
1624 1871 1680 1890 ser-

54 1923 145 1956 κρίσει
159 1923 271 1956 λόγων·
286 1919 348 1953 ἤτω
360 1917 466 1953 γοργὸς
479 1916 514 1943 ἐν
527 1915 634 1949 ἔργοις.
650 1913 750 1940 Eadem
764 1918 842 1946 repe-
896 1921 1014 1946 manum,
1033 1914 1069 1940 sit
1084 1914 1229 1948 stupenda;

896 1921 1014 1946 manum,
1033 1914 1069 1940 sit
1084 1914 1229 1948 stupenda;
1247 1913 1276 1939 in
1298 1911 1427 1946 operibus.
1443 1909 1533 1937 Locus
1550 1912 1638 1937 exstat
1653 1909 1679 1936 in

54 1967 293 1996 titAlexandrinus
303 1964 373 1992 infra
385 1963 432 1991 lib.
440 1971 466 1990 vl
477 1982 485 1994 ,
498 1969 560 1997 cap.
575 1961 603 1993 8',
614 1963 681 1987 tom.
691 1959 723 1992 ll,
733 1966 760 1994 p.
779 1957 841 1984 175.
896 1959 991 1986 eodem
1007 1967 1068 1994 cap.
1084 1959 1131 1992 48,
1143 1959 1222 1994 epist.
1237 1958 1262 1985 1.

469 2017 554 2048 lusu,
575 2016 654 2048 ibid.,
672 2015 719 2043 lib.
743 2023 782 2047 tv,
799 2021 860 2050 cap.
877 2014 922 2049 17,
942 2019 1010 2044 tom.
1032 2014 1054 2048 Ι,
1072 2023 1119 2051 pp.
1141 2015 1204 2048 609,
1225 2014 1287 2043 610.

84 2068 136 2095 Nat
152 2067 207 2103 μὴν
222 2067 253 2093 ὲν
267 2067 302 2101 τῇ
317 2065 385 2101 πρὸς
405 2064 564 2100 Κορινθίους
585 2061 714 2098 ἐπιστολῇ
736 2061 750 2088 ὁ
776 2060 846 2088 ἀπό·
933 2060 1019 2088 Ροιτο
1036 2065 1127 2089 autem
1151 2060 1233 2088 Clem:

933 2060 1019 2088 Porro
1036 2065 1127 2089 autem
1151 2060 1277 2088 Clemens
1298 2059 1438 2095 apostolus
1465 2059 1493 2086 in
1510 2058 1626 2094 epistola
1646 2057 1679 2085 ad

56 2115 142 2146 στολος
159 2114 288 2150 Κλήμης,
304 2113 352 2140 καὶ
365 2111 445 2143 αὐτὸς
460 2111 524 2146 ἡμῖν
537 2109 620 2137 τύπον
633 2108 695 2136 τινὰ
714 2106 762 2134 τοῦ
776 2115 846 2142 γνω-
897 2108 1066 2140 Corinthios,
1090 2109 1148 2143 ipse
1162 2115 1233 2143 quoq

897 2108 1066 2140 Corinthios,
1090 2109 1148 2143 ipse
1162 2115 1271 2143 quoque
1292 2107 1372 2134 nobis
1390 2106 1535 2141 quamdam
1556 2104 1679 2132 Gnostici

57 2160 144 2187 στικοῦ
158 2159 341 2195 ὑπογράφων,
354 2157 427 2192 λέγει
436 2165 444 2173 ο
462 2157 509 2189 Τίς
522 2157 578 2191 γὰρ
598 2153 845 2190 παρεπιδημήσας
898 2154 1043 2189 imaginem
1055 2153 1224 2184 describens,

898 2154 1043 2189 imaginem
1055 2153 1224 2184 describens,
1241 2152 1326 2180 dicit:
1342 2152 1409 2185 Quis
1419 2152 1488 2179 enim
1500 2150 1570 2185 apud
1585 2158 1628 2177 vos
1643 2149 1681 2176 div

57 2207 126 2240 πρὸς
134 2205 225 2241 ὑμᾶς,
242 2214 269 2232 κ.
286 2213 312 2231 τ.
323 2204 348 2230 λ.
372 2203 424 2231 Hie
435 2203 563 2230 Clemens
577 2202 654 2229 Alex.
667 2201 757 2236 capita
771 2207 787 2227 e
800 2207 845 2227 re.
897 2205 1026 2231 versatus,
1043 2203 1096 2227 etc.
1115 2199 1202 2234 Epist.
1216 2199 1227 2226 1

897 2205 1026 2231 versatus,
1043 2203 1096 2227 etc.
1115 2199 1202 2234 Epist.
1216 2197 1249 2229 1,’
1262 2206 1342 2234 capp.
1358 2199 1384 2233 1,
1400 2198 1485 2232 9,10,
1504 2197 1549 2229 11,
1568 2197 1613 2228 12,
1634 2196 1679 2228 17,

57 2252 131 2287 gione
145 2255 242 2279 notata
253 2250 402 2284 excerpsit.
897 2246 941 2278 18.
957 2246 1002 2278 21,
1013 2246 1060 2278 22,
1078 2245 1123 2278 56,
1138 2245 1182 2277 58,
1198 2245 1233 2272 40

897 2246 941 2278 18,
957 2246 1002 2278 21,
1013 2246 1060 2278 22,
1078 2245 1123 2278 56,
1138 2245 1182 2277 38,
1198 2245 1244 2276 40,
1263 2245 1308 2277 41,
1325 2244 1370 2278 48,
1385 2244 1430 2278 19,
1447 2243 1491 2278 50,
1507 2243 1552 2278 51,
1567 2243 1611 2270 53.

510 2304 586 2338 locu,
601 2303 678 2335 ibid.,
698 2303 746 2330 lib.
764 2311 791 2333 ν,
806 2309 866 2337 cap.
887 2301 931 2335 12,
947 2305 1014 2330 tom.
1031 2302 1063 2334 ll,
1085 2309 1147 2337 pag.
1170 2301 1233 2329 695.

106 2356 186 2383 Ἀλλὰ
211 2356 264 2382 κάν
279 2356 311 2390 τῇ
334 2353 402 2389 πρὸς
429 2351 589 2388 Κορινθίους
619 2351 760 2386 Ῥωμαίων
786 2351 846 2377 ὲπι-
934 2349 1007 2383 Quin
1031 2349 1115 2376 etiam
1138 2351 1166 2375 in
1187 2347 1230 2383 epi

934 2349 1007 2383 Quin
1031 2349 1115 2376 etiam
1138 2351 1166 2375 in
1187 2347 1301 2383 epistola
1324 2346 1508 2374 Romanorum
1530 2345 1563 2372 ad
1582 2344 1680 2372 Corin-

60 2402 133 2438 στολῇ
143 2411 150 2418 ·
168 2402 310 2433 Ὠκεανὸς
323 2399 487 2434 ἀπέραντος
501 2396 665 2432 ἀνθρώποις
679 2397 844 2432 γέγραπται,
899 2397 972 2424 thios
992 2396 1124 2431 scriptum
1140 2398 1180 2421 est
1195 2403 1201 2421 :
1227 2397 1233 2420 t

899 2397 972 2424 thios
992 2396 1124 2431 scriptum
1140 2398 1180 2421 est
1195 2403 1201 2421 :
1227 2393 1346 2421 Oceanus
1362 2393 1492 2427 inﬁnitus,
1507 2397 1532 2418 et
1552 2391 1597 2426 qui
1617 2395 1680 2417 sunt

60 2448 105 2474 καὶ
119 2449 145 2475 οι
156 2448 223 2483 μετ’
238 2446 334 2474 αὑτὸν
347 2446 466 2479 κόσμοι.
896 2447 955 2478 post
970 2442 1056 2476 ipsum
1071 2440 1175 2467 mundi.
1189 2439 1233 2474 Epi

896 2447 955 2478 rost
970 2442 1056 2476 ipsum
1071 2440 1175 2467 mundi.
1189 2439 1275 2474 Epist.
1293 2439 1318 2472 1,
1333 2446 1393 2474 cap.
1409 2437 1454 2465 20.

523 2487 599 2520 lusu,
615 2487 692 2520 ibid.,
708 2487 756 2516 lib.
772 2495 809 2520 vl,
826 2495 887 2525 cap.
905 2488 934 2521 8,
952 2491 1020 2514 tom.
1036 2485 1068 2518 ll,
1084 2492 1144 2520 pag.
1159 2483 1220 2512 773.

94 2539 232 2572 Ἱδσούτῳ
252 2537 310 2572 γὰρ
322 2535 441 2570 μᾶλλον
460 2534 700 2568 ταπεινοφρονεῖν
724 2535 847 2570 ὀφείλει,
937 2534 976 2561 Εο
991 2533 1060 2560 enim
1078 2531 1152 2559 debet
1161 2531 1233 2558 esset

937 2534 976 2561 Eo
991 2533 1060 2560 enim
1078 2531 1152 2559 debet
1161 2539 1217 2558 esse
1227 2530 1360 2563 humilior,
1372 2537 1422 2565 quo
1437 2529 1541 2556 videtur
1553 2537 1610 2556 esse
1621 2537 1678 2557 ma-

60 2587 119 2617 ὅσῳ
131 2583 217 2612 δοκεῖ
224 2582 345 2618 μᾶλλον
356 2580 461 2616 μείζων
476 2580 551 2607 εἶναι
561 2587 568 2594 ·
593 2581 607 2606 ὁ
628 2579 753 2615 Κλήμης,
770 2581 799 2607 ὲν
813 2582 845 2617 τῇ
893 2582 950 2617 jor,
966 2581 1032 2608 dicit
1043 2579 1168 2608 Clemens
1183 2578 1211 2605 in

896 2582 950 2617 jar,
966 2581 1032 2608 dicit
1043 2579 1168 2608 Clemens
1183 2578 1211 2605 in
1234 2577 1349 2612 epistola
1368 2576 1402 2604 ad
1416 2576 1583 2604 Corinthios.
1592 2576 1669 2612 Epist

61 2632 125 2668 προς
137 2628 301 2666 Κορινθίους
315 2627 391 2662 φησί.
897 2628 924 2660 1,
938 2635 998 2662 cap.
1014 2625 1060 2653 48.

849 2672 893 2701 Ill.

218 2720 447 2757 0mcexss,ﬂept
457 2717 566 2756 ἀρχῶν,
578 2717 626 2745 lib.
642 2724 673 2749 ll,
689 2725 751 2753 cap.
774 2717 802 2750 5,
821 2725 898 2745 num.
915 2717 944 2750 6,
963 2716 1030 2744 edit.
1046 2714 1147 2747 Paris,
1163 2713 1241 2745 1755,
1254 2717 1321 2740 tom.
1336 2712 1359 2745 l,
1374 2721 1435 2748 pag.
1450 2713 1494 2740 82.

96 2769 222 2798 Meminit
235 2775 303 2796 sane
313 2766 440 2794 Clemens
454 2764 639 2800 apostolorum
653 2764 805 2799 discipulus
819 2764 900 2791 etiam
913 2771 1008 2791 eorum
1023 2769 1092 2798 quos
1109 2759 1266 2796 ἀντίχθονας
1283 2758 1369 2786 Graeci
1392 2760 1580 2790 nominarunt,
1595 2763 1678 2794 atque

67 2816 134 2843 alias
147 2818 244 2851 partes
251 2812 332 2850 orbis
345 2816 426 2840 term
440 2811 474 2840 ad
487 2818 556 2847 quas
569 2818 658 2848 neque
668 2815 825 2839 nostrorum
839 2809 983 2845 quisquam
999 2808 1130 2838 accedere
1144 2810 1252 2842 potest,
1269 2813 1357 2841 neque
1373 2813 1405 2833 ex
1425 2806 1479 2834 illis
1495 2807 1540 2841 qui
1562 2806 1597 2834 ibi
1615 2810 1679 2834 sunt

99 2869 110 2885 '
121 2868 199 2898 Psal.
215 2875 300 2900 cxvn,
314 2866 361 2894 20.

896 1774 938 1802 bis
952 1775 1051 1810 inquit,
1075 1781 1215 1810 exponens
1230 1773 1411 1801 dill'erentiam
1432 1779 1526 1799 eorum
1549 1770 1596 1805 qui
1616 1775 1680 1798 sunt

896 1821 1005 1856 probati
1021 1820 1049 1847 in
1064 1820 1186 1848 Ecclesia
1201 1829 1207 1847 :
1225 1819 1267 1847 Sit
1282 1819 1378 1854 aliquis
1389 1817 1488 1853 ﬁdelis,
1499 1817 1533 1844 sit
1548 1821 1638 1851 potens
1651 1817 1680 1843 in
