1893 3101
179 181 213 208 15
771 179 814 206 DE
831 178 986 207 OMNIBUS
1003 178 1202 208 GENERATIM
1766 184 1801 211 16

181 245 345 273 omnemque
371 237 430 273 ejus
449 237 598 273 potentiam
627 237 726 265 delevit
754 241 781 265 et
811 238 964 266 exstinxit:
981 242 1004 271 Α
1018 239 1129 271 cultum,
1155 246 1232 274 quem
1248 238 1359 273 abjicere
1373 240 1422 266 visi
1438 239 1554 274 fuerant,
1575 240 1696 275 deinceps
1707 239 1806 268 nihilo-

179 281 245 310 Cum
257 282 306 309 Dei
320 281 453 313 doctrina,
469 280 644 317 prosequitur
663 280 808 312 Eusebius,
835 279 966 308 Romanos

178 328 290 356 adventu
299 328 524 360 suoillustrasset,
535 326 650 355 Simonis
657 326 760 362 quidem
769 327 807 354 vis
815 332 839 354 et
849 327 966 362 potentia

177 382 236 400 cum
247 381 303 408 ipso
311 372 392 400 simul
401 377 508 400 auctore
518 372 587 399 brevi
595 373 725 400 exstincta
735 376 813 408 atque
819 372 906 399 deleta
914 376 963 399 est.

177 420 267 454 Atque
287 423 317 446 ut
330 418 577 454 Augustiniverbis
603 421 713 445 utamur
731 418 753 434 "
767 427 774 446 :
787 417 820 444 In
835 426 887 454 qua
901 417 964 444 urbe

176 465 312 499 apostolus
328 464 424 491 Petrus
446 471 505 491 eum
534 471 595 491 uera
617 464 712 491 virtute
723 463 772 491 Dei
782 464 964 498 omnipotentis

174 512 312 539 exstinxit.
321 510 450 544 Quamvis
459 514 549 538 autem
563 510 609 538 ille
623 510 663 538 sic
674 509 773 537 fuisset
784 509 819 537 ab
834 509 963 545 Apostolo

175 557 293 585 obtritus
316 562 397 592 atque
422 563 587 592 oppressus,
616 556 709 592 plures
736 559 827 584 tamen
856 556 964 591 reliquit

175 611 301 631 errorum
317 603 507 638 scelerumque
519 610 632 631 suorum
646 610 832 631 successores.
847 601 915 630 Nam
929 610 963 630 ex

175 652 227 677 hac
242 649 415 677 amarissima
430 648 534 681 radice,
556 648 579 675 si
594 647 795 676 Theodoretum
813 648 909 675 audias
929 648 961 681 ",

175 696 227 723 orti
242 701 302 722 sunt
327 694 465 726 Cleodani,
490 694 657 726 Dositheani,
689 693 824 725 Gortheni,
850 692 963 721 Husbov

176 741 237 772 thei,
249 739 422 772 Adrianistw.
439 739 604 775 Eutychetre,
617 739 660 766 vel
674 742 704 765 ut
713 737 785 773 apud
796 738 961 765 Clementem

175 787 392 814 Alexandrinum
406 785 449 819 ¹⁰;
474 785 632 821 ΕυιῃεΙιίιω,
648 783 777 812 Cainista:
797 784 831 811 ¹¹.
866 783 962 811 Verum

174 833 311 866 hi.omnes,
332 840 391 860 cum
405 832 493 867 impia:
506 832 612 859 hceresis
626 839 722 865 pravas
738 829 867 866 quasdam
875 834 962 856 muta-

175 881 257 916 tiones
272 880 472 914 excogitassent,
485 887 536 906 non
549 878 595 905 diu
609 877 751 910 durarunt,
774 876 819 904 sed
832 880 962 911 perpetuae

1018 285 1105 312 minus
1117 284 1283 312 relabuntur.
1296 284 1447 314 Exstabant
1465 294 1529 322 ergo
1551 285 1663 314 Eusebii
1681 290 1806 322 tempore

1016 330 1128 367 quidam
1143 331 1256 358 haeresis
1272 330 1437 360 Simonianze
1452 331 1584 360 fautores.
1599 332 1633 360 At
1657 340 1719 360 cum
1745 333 1806 369 ple-

1016 384 1127 411 rosque,
1143 377 1254 404 retectis
1268 384 1363 404 eorum
1379 377 1534 409 fraudibus,
1553 385 1586 406 ex
1606 378 1728 405 Ecclesia
1748 377 1807 411 eje-

1015 426 1074 450 ctos
1085 430 1147 450 esse
1162 422 1233 450 idem
1251 422 1387 451 Eusebius
1403 423 1575 455 testificetur,
1591 423 1617 450 id
1633 427 1708 451 certe
1731 423 1806 451 indi-

1014 469 1058 496 cio
1070 472 1113 496 est
1128 475 1179 496 nec
1194 468 1279 496 dubio
1293 477 1343 496 nec
1355 469 1486 501 obscuro,
1500 476 1548 496 eos
1563 473 1621 495 tum
1637 476 1740 503 paucos
1756 469 1804 496 ad-

1014 514 1125 542 modum
1148 513 1245 549 fuisse,
1259 518 1287 542 et
1301 515 1411 551 quidem
1428 515 1480 543 sub
1497 514 1566 543 falso
1584 514 1805 542 Christianorum

1013 560 1124 588 nomine
1140 567 1201 588 sese
1223 561 1403 589 occultantes.
1425 560 1504 588 Unde
1519 560 1668 588 concludas
1688 567 1805 588 necesse

1012 611 1065 639 est,
1085 607 1208 635 haeresim
1233 608 1307 635 illam
1333 615 1389 635 non
1407 607 1454 635 diu
1475 611 1570 643 postea
1585 614 1778 643 perseverasse
1791 626 1800 640 ,

1012 657 1039 681 et
1052 653 1106 681 cito
1119 653 1204 681 fuisse
1220 654 1393 682 exstinctam.

1311 699 1427 727 CAPUT
1451 698 1496 728 IV.

1252 745 1293 773 De
1306 745 1400 773 hwresi
1416 744 1569 773 Menandri.

1049 791 1073 808 “
1089 791 1238 819 Menander
1259 790 1445 819 Samaritanus
1468 799 1560 827 genere
1585 799 1599 818 e
1613 791 1667 818 vico
1682 791 1804 826 Capara—

1014 838 1075 870 teia,
1086 836 1282 873 Καπαρατείας
1294 845 1339 863 seu
1347 836 1465 872 Χάὁραι,
1473 836 1611 870 oriundus,
1619 836 1739 864 Simonis
1749 837 1805 864 dis-

1013 883 1121 917 cipulus
1132 903 1140 916 ,
1157 883 1180 898 ¹⁷
1191 883 1319 917 majorem
1329 890 1356 909 se
1369 886 1531 909 antecessore
1542 890 1573 908 ac
1584 887 1743 916 pra'ceptore
1754 890 1803 910 suo

175 926 297 953 oblivioni
314 926 409 953 traditi
435 929 507 952 sunt.
520 925 555 952 At
566 924 589 952 si
603 923 754 960 Hegesippo
769 923 849 950 [idem
862 922 963 950 habere
978 917 999 945 Β
1009 928 1141 963 Ῑαειαάαι,
1159 927 1330 963 Quapropter
1345 927 1486 955 nonnullis
1508 927 1672 963 quibuSdam
1695 927 1802 955 errori-

176 973 252 1005 velis,
275 977 392 1008 quatuor
415 972 522 1008 priores
541 971 675 1006 originem
689 970 826 997 duxerunt
843 968 887 995 :E
905 976 962 1004 sep-

175 1024 226 1045 tem
240 1018 316 1045 sectis
332 1018 359 1044 in
370 1016 484 1044 Iudaico
498 1016 594 1052 populo
619 1016 818 1050 proseminatis.
848 1013 887 1041 Ex
908 1022 962 1049 quo

175 1064 298 1092 Valesius
306 1064 377 1091 hanc
385 1064 478 1091 elicuit
489 1062 694 1090 conclusionem
706 1071 712 1089 :
730 1061 835 1089 Rectius
851 1060 963 1088 dixisset

176 1109 414 1141 Theodoretus,eas
430 1116 517 1135 omnes
533 1115 565 1135 ex
580 1106 702 1134 Judaicis
714 1107 792 1134 sectis
804 1107 887 1140 fuisse
900 1113 962 1140 pro-

173 1159 296 1190 pagatus,
309 1154 422 1181 maxime
437 1161 495 1181 vero
509 1161 568 1180 cum
581 1151 702 1188 quendam
711 1151 816 1178 illarum
827 1149 963 1177 Ιιωτεδεῶν

175 1201 330 1228 Simoniana
346 1200 499 1227 vetustiores
523 1207 580 1226 esse
594 1198 742 1230 videantur,
769 1196 841 1224 verbi
863 1196 960 1231 gratia,

175 1247 307 1275 Gortltena
332 1252 357 1274 et
373 1246 545 1273 Desitheana.
575 1244 629 1272 Sed
646 1250 742 1272 vereor
756 1248 785 1271 ut
800 1243 858 1270 haec
879 1242 961 1270 Vale-

175 1294 252 1321 siana
272 1292 432 1324 conclusio,
448 1298 502 1326 qua
523 1298 557 1318 ex
571 1290 678 1318 duabus
698 1289 781 1320 sectis
803 1288 961 1317 Simoniana

174 1338 381 1369 vetustioribus,
401 1337 470 1364 alias
495 1343 605 1371 quoque
626 1335 686 1370 ipsa
714 1334 883 1369 antiquiores
900 1342 961 1362 esse

175 1384 267 1416 infert,
293 1382 422 1410 omnibus
448 1381 560 1409 omnino
589 1380 730 1416 probetur.
757 1379 844 1407 Porro
870 1383 960 1407 autent

175 1423 343 1465 Epiphanius
361 1435 394 1454 ex
418 1427 530 1454 Simone
553 1425 699 1453 Gnosticos
711 1429 788 1452 ortos
805 1432 866 1452 esse
886 1425 959 1451 amr-

173 1479 229 1502 mat
242 1475 264 1490 ”
282 1485 288 1502 :
304 1473 388 1509 Atque
398 1473 456 1500 hinc
463 1481 552 1500 eorum
562 1480 626 1507 quos
635 1471 773 1499 Gnosticos
785 1471 958 1506 appellamus,

173 1520 245 1555 origo
254 1519 394 1554 proﬂuxit.

207 1566 337 1594 Testatur
350 1564 483 1601 Origenes
498 1564 523 1580 ¹³
541 1572 555 1591 a
578 1571 630 1592 suo
645 1564 702 1599 jam
717 1568 841 1599 tempore
857 1563 960 1592 exstir-

172 1617 263 1647 patam
279 1611 501 1639 Simonianorum
511 1610 634 1638 haeresim
646 1619 652 1637 :
668 1608 747 1636 Nunc
761 1618 890 1645 nusquam
901 1617 961 1645 gos»

174 1659 240 1685 tium
254 1663 361 1685 exstant
383 1657 543 1685 Simoniani.
559 1655 596 1684 De
621 1655 797 1683 Dositheanis
822 1659 913 1683 autem
943 1663 959 1683 a

174 1705 253 1732 nobis
283 1704 365 1739 paulo
406 1708 469 1730 ante
494 1702 653 1730 memoratis
671 1721 678 1734 ,
707 1701 765 1729 base
794 1701 959 1737 subjungit:

173 1751 306 1778 Caeterum
332 1749 488 1777 Dositheani
514 1757 560 1776 nec
587 1755 706 1784 unquam
735 1748 905 1783 ﬂoruerunt,
936 1752 961 1776 et

173 1805 241 1824 nunc
260 1797 366 1824 omnino
382 1795 507 1823 exstincti
531 1799 603 1827 sunt,
622 1799 652 1821 ut
666 1795 770 1822 nomine
786 1798 888 1822 tantum
903 1803 961 1822 ma-

173 1847 248 1870 nente
260 1862 268 1875 ,
285 1844 352 1870 inter
368 1842 479 1877 triginta
504 1845 672 1869 censeantur.
688 1840 742 1868 Sed
758 1840 827 1869 falsa
841 1841 960 1876 quadam

173 1889 331 1917 narratione
345 1889 475 1924 deceptus
491 1891 534 1916 est
549 1886 694 1922 Origenes,
712 1891 758 1914 aut
771 1895 805 1915 ex
818 1887 863 1920 iis,
891 1895 960 1923 quas

174 1936 232 1970 ipse
245 1937 448 1969 peragraverat,
465 1933 625 1968 regionibus
646 1932 717 1959 idem
739 1937 766 1960 et
788 1933 816 1959 in
831 1933 960 1961 omnibus

173 1980 267 2008 mundi
296 1980 419 2015 partibus
447 1979 583 2006 accidisse
618 1978 815 2006 arbitrabatur.
858 1978 959 2006 Scribit

172 2027 244 2054 enim
273 2025 408 2053 Eusebius
425 2025 447 2040 "
459 2025 590 2057 quosdam
615 2023 705 2050 adhuc
725 2043 733 2056 ,
750 2023 815 2050 dum
843 2024 958 2056 vivarct,

173 2073 299 2100 extitisse
323 2071 488 2098 Simonianze
505 2070 642 2096 haereseos
664 2073 816 2097 sectatores
833 2078 840 2097 :
855 2069 958 2102 Simon,

173 2119 261 2154 inquit
277 2119 333 2149 ille,
350 2117 428 2152 [idem
439 2118 466 2144 in
478 2117 612 2144 Christum
624 2116 760 2143 simulavit
772 2135 780 2148 ,
808 2120 837 2142 ut
854 2115 958 2151 baptis-

173 2173 244 2191 mum
254 2163 405 2197 susciperet.
420 2162 495 2195 Quod
507 2162 611 2197 quidem
627 2162 773 2188 etiamnum
794 2161 852 2196 ﬁeri
866 2161 898 2188 ab
918 2161 958 2189 his

172 2210 217 2245 qui
230 2209 391 2236 teterrimam
409 2209 465 2244 ejus
475 2213 572 2235 sectam
583 2208 740 2243 profitentur
752 2227 760 2240 ,
776 2216 829 2234 non
840 2208 895 2234 sine
911 2207 959 2234 ad-

1013 972 1064 999 bus
1079 971 1169 1007 impiae
1187 972 1310 1007 magistri
1324 972 1367 1000 sui
1387 971 1519 1000 doctrinae
1531 972 1634 1000 additis
1647 973 1690 1000 vel
1705 973 1805 1000 immu-

1013 1018 1088 1051 tatis,
1106 1025 1205 1045 novam
1220 1017 1343 1046 condidit
1358 1023 1472 1051 sectam,
1489 1023 1517 1047 et
1528 1019 1720 1047 haeresiarchas
1736 1020 1804 1047 titu-

1013 1063 1069 1090 lum
1094 1071 1126 1091 ac
1150 1071 1252 1091 nomen
1283 1065 1447 1100 promeruit.
1464 1064 1490 1093 Is
1506 1065 1599 1100 itaque
1612 1074 1674 1093 cum
1704 1065 1802 1093 Simon

1013 1109 1127 1137 dixisset
1141 1118 1273 1137 summam
1298 1118 1328 1138 se
1347 1118 1409 1139 esse
1429 1110 1480 1138 Dei
1501 1112 1632 1145 virtutem,
1648 1112 1742 1139 docuit
1753 1112 1777 1128 "
1793 1122 1800 1140 :

1012 1154 1134 1181 Primam
1143 1155 1249 1191 quidem
1262 1155 1385 1183 uirtutem
1394 1156 1555 1192 incognitam
1568 1157 1699 1189 omnibus,
1711 1165 1738 1183 se
1750 1164 1802 1183 au—

1013 1204 1064 1227 tem
1080 1209 1140 1228 eum
1154 1209 1221 1234 esse,
1233 1202 1278 1237 qui
1293 1202 1390 1229 missus
1407 1203 1443 1229 sit
1459 1202 1491 1229 ab
1507 1202 1695 1236 inuisibilibus,
1711 1202 1803 1229 salva-

1013 1249 1095 1272 torem
1107 1253 1154 1280 pro
1165 1245 1250 1272 salute
1268 1246 1395 1273 omnium.
1412 1245 1460 1274 His
1482 1246 1582 1280 adjecit
1604 1255 1611 1274 :
1625 1245 1804 1272 Resurrectio—

1012 1298 1071 1317 nent
1085 1298 1132 1325 per
1146 1290 1173 1317 id
1190 1290 1259 1326 quod
1273 1295 1314 1318 est
1329 1291 1357 1318 in
1371 1299 1430 1318 eum
1444 1290 1586 1326 baptisma,
1603 1291 1719 1325 accipere
1742 1290 1801 1324 ejus

1011 1336 1165 1372 discipulos,
1181 1341 1206 1364 et
1219 1337 1354 1364 ultranon
1375 1345 1451 1372 posse
1472 1338 1550 1370 mori,
1567 1337 1614 1364 sed
1635 1343 1802 1372 perseverare

1011 1391 1063 1410 non
1074 1389 1234 1411 senescentes
1248 1388 1273 1410 et
1288 1383 1461 1411 immortales.
1477 1383 1583 1411 Catera
1595 1402 1602 1415 ,
1628 1382 1739 1410 eosdem
1767 1388 1801 1409 ac

1011 1433 1163 1465 praeceptor
1180 1438 1247 1458 suus
1261 1437 1370 1458 errores
1383 1434 1410 1457 et
1422 1429 1544 1465 magicas
1568 1432 1641 1456 artes
1655 1432 1801 1456 consecta-

1010 1475 1102 1503 batur.

1045 1520 1191 1549 Nonnullis
1212 1525 1303 1549 autem
1322 1521 1459 1556 explicatu
1476 1520 1586 1548 diIIicile
1607 1520 1725 1552 videtur,
1743 1528 1798 1555 quo

1012 1575 1097 1596 sensu
1120 1567 1239 1596 Irenaeus
1266 1568 1386 1603 primum
1411 1567 1553 1595 Meuandri
1585 1574 1707 1595 errorem
1736 1574 1799 1594 esse

1012 1614 1124 1646 dixerit,
1144 1614 1218 1649 quod
1235 1621 1264 1642 se
1276 1618 1443 1649 praeceptore
1460 1621 1511 1642 suo
1529 1612 1641 1640 Simone
1664 1612 1798 1648 majorem

1009 1660 1136 1695 iactaret,
1153 1667 1215 1687 cum
1231 1659 1328 1688 Simon
1345 1668 1451 1688 summa
1467 1659 1515 1687 Dei
1526 1660 1568 1688 vis
1580 1659 1615 1687 ab
1630 1658 1691 1687 aliis
1703 1659 1799 1686 volue-

1011 1705 1047 1732 rit
1061 1705 1168 1739 audire,
1182 1713 1356 1741 nequaquam
1366 1713 1432 1733 vero
1446 1705 1605 1734 Menander.
1624 1704 1754 1732 Attamen
1773 1704 1797 1732 si

1011 1749 1105 1777 Irenmi
1118 1751 1200 1777 verba
1215 1754 1318 1778 attente
1333 1750 1549 1786 perpendantur,
1565 1750 1636 1777 haud
1650 1757 1722 1784 aegre
1742 1750 1798 1776 sol—

1011 1800 1089 1824 vetur
1102 1796 1272 1825 dillieultalis
1285 1797 1359 1825 illius
1371 1796 1470 1824 nodus.
1483 1796 1543 1823 Non
1561 1796 1615 1823 alia
1629 1796 1729 1831 quippe
1747 1795 1795 1823 viri

1010 1842 1100 1870 sancti
1117 1850 1196 1870 mens
1211 1851 1272 1870 esse
1283 1843 1391 1870 videtur
1403 1863 1410 1876 ,
1426 1843 1481 1870 nisi
1497 1841 1676 1870 Menandrum
1690 1849 1721 1869 se
1735 1848 1796 1868 ma-

1009 1888 1097 1924 gistro
1113 1896 1174 1922 suo,
1191 1897 1248 1916 non
1271 1889 1374 1916 virtute
1400 1888 1511 1924 quidem
1539 1892 1567 1916 et
1593 1887 1723 1923 potentia,
1749 1887 1797 1915 sed

1010 1933 1125 1960 scientia
1137 1938 1164 1961 et
1178 1934 1312 1962 missione
1326 1934 1492 1970 praedicasse
1504 1933 1645 1969 majorem.

1046 1978 1121 2011 Quos
1152 1979 1348 2007 Menandriana
1363 1979 1475 2007 haeresis
1493 1979 1669 2007 adversarios
1689 1979 1796 2007 habue-

1009 2023 1057 2056 rit,
1074 2025 1191 2059 accipies
1205 2032 1221 2051 a
1237 2025 1410 2053 Theodoreto
1421 2026 1443 2042 "
1455 2045 1464 2058 ,
1485 2025 1533 2061 qui
1556 2032 1618 2053 eam
1647 2032 1663 2052 a
1686 2024 1797 2052 Iustino

1009 2073 1139 2104 martyre,
1159 2069 1272 2105 Irenaeo,
1295 2077 1328 2097 ac
1341 2069 1459 2106 Origene
1483 2070 1595 2105 scriptis
1613 2074 1797 2106 expugnatam

1010 2121 1072 2142 esse
1083 2118 1210 2142 testatur.
1233 2115 1327 2151 Neque
1341 2116 1414 2144 ullus
1432 2120 1507 2144 certe
1531 2115 1581 2143 ibit
1607 2123 1729 2151 unquam
1755 2117 1799 2143 in-

1012 2159 1090 2188 ficias
1110 2161 1237 2188 nonnihil
1250 2161 1385 2190 adversus
1401 2162 1475 2190 illam
1495 2170 1511 2190 a
1525 2163 1633 2191 Justin
1647 2167 1674 2191 et
1694 2162 1798 2191 Irenaeo

1010 2206 1150 2234 memoriae
1159 2206 1245 2235 fuisse
1256 2208 1406 2242 proditum.
1417 2208 1611 2237 Verumtamen
1618 2217 1698 2244 quem
1707 2208 1798 2236 Theo-

174 2256 314 2282 miratione
325 2255 455 2281 cernimus
470 2262 478 2280 :
491 2254 535 2290 qui
548 2262 619 2280 more
630 2254 747 2288 parentis
765 2254 807 2281 sui
819 2254 846 2280 in
862 2252 954 2281 Eccle-
974 2262 995 2290 ι)
1010 2251 1121 2279 doretus
1136 2252 1233 2279 scribit
1261 2253 1289 2279 in
1314 2253 1436 2285 modum,
1463 2254 1578 2289 ipsemet
1593 2254 1688 2289 procul
1713 2253 1798 2281 dubio

172 2303 241 2329 siam
255 2322 262 2334 ,
279 2307 404 2336 tanquam
415 2302 494 2336 pestis
511 2306 556 2327 aut
574 2301 646 2335 lepra
662 2300 783 2336 quaedam
805 2300 957 2335 irrepentes,

171 2348 358 2384 gravissimum
375 2348 501 2375 damnum
519 2347 635 2382 inferunt
649 2348 692 2379 iis.
712 2346 805 2382 quibus
817 2347 959 2381 pessimum

171 2393 239 2420 illud
249 2398 274 2420 et
289 2391 481 2419 immedicabile
492 2400 616 2419 venenum
625 2412 632 2425 ,
645 2391 714 2427 quod
729 2391 858 2418 mentibus
875 2391 959 2418 occul-

173 2445 240 2472 tant,
254 2439 387 2466 instillare
402 2439 543 2473 potuerint.
561 2438 599 2464 Ac
615 2438 732 2472 plerique
743 2437 803 2472 jam
819 2445 910 2464 eorum
925 2437 958 2463 ab

171 2486 289 2514 Ecclesia
303 2486 378 2520 ejecti
391 2490 451 2513 sunt
466 2506 473 2518 ,
489 2494 548 2512 cum
567 2485 643 2520 fraus
655 2485 773 2519 ipsorum
797 2489 865 2512 esset
885 2488 956 2512 dete-

171 2540 223 2560 cta.
236 2532 268 2559 Et
282 2532 382 2560 infra”
396 2542 402 2559 :
416 2531 488 2559 Unde
505 2531 539 2559 ad
552 2536 671 2558 nostram
686 2539 767 2566 usque
777 2535 883 2558 wtatem
898 2532 956 2567 qui-

171 2586 270 2613 cunque
285 2578 341 2612 ejus
357 2582 455 2605 sectam
468 2578 636 2612 profitentur,
654 2585 713 2604 cum
728 2585 755 2604 se
771 2575 955 2604 Christianam

172 2623 332 2658 religionem,
348 2623 452 2657 plenam
468 2622 595 2650 molestia:
612 2627 637 2649 et
656 2622 818 2654 sanctitatis,
835 2622 956 2657 amplecti

171 2669 351 2696 simularerint
364 2689 371 2700 ,
389 2674 474 2695 tamen
493 2673 517 2694 et
535 2668 569 2695 ad
584 2667 794 2702 superstitiosum
807 2667 955 2694 daemonum

208 2781 229 2797 "
244 2781 304 2809 Lib.
320 2781 351 2808 de
378 2784 469 2810 latores.
495 2789 555 2816 cap.
582 2783 606 2809 i.

172 2817 219 2844 lib.
239 2825 264 2843 Iv
293 2816 376 2847 Hist..
394 2825 453 2852 cap.
469 2817 496 2845 2.

173 2889 193 2903 "
209 2887 258 2916 Lib
283 2892 293 2914 ι’
314 2887 413 2915 litaret.
429 2887 525 2915 Fabul.
547 2896 607 2923 cap.
627 2888 653 2916 2.

648 2783 669 2800 "
682 2783 740 2810 Lib.
770 2792 777 2810 1
801 2783 902 2810 Ilieret.
924 2782 992 2810 Fab.
1010 2791 1070 2818 cap.
1089 2784 1114 2811 I.

399 2825 453 2857 gap.
469 2817 496 2845 2.
507 2818 558 2857 __"
575 2817 737 2857 Haeres.‘2_l,
753 2819 779 2846 4.
820 2817 1126 2857 ’δειλὴ-γι-ςοςιιίίῖτιιδ-⁸

173 2854 194 2867 ἰ’
211 2852 373 2879 Themloret.
389 2852 434 2879 lib.
456 2861 463 2879 l
503 2852 602 2880 "mret.
631 2852 728 2880 Fabul.
759 2862 817 2889 cap.
847 2855 872 2881 5.
912 2855 933 2869 ’⁷
960 2853 1094 2888 Epiphan.
1114 2853 1272 2882 Ilarres.22.

173 2889 193 2903 "
209 2887 258 2916 Lib
283 2892 293 2914 ι’
314 2887 413 2915 litaret.
429 2887 525 2915 Fabul.
547 2896 607 2923 cap.
627 2888 653 2916 2.
694 2890 715 2905 ³⁸
729 2889 786 2916 Lib.
800 2889 831 2916 de
846 2890 946 2922 anima,
965 2897 1024 2924 cap.
1041 2890 1083 2916 50.

1010 2298 1134 2333 quaedam
1150 2298 1203 2325 alia
1218 2306 1311 2327 eorum
1333 2300 1445 2335 scripta,
1461 2301 1561 2336 quibus
1576 2300 1702 2328 haeresim
1722 2301 1797 2328 illam

1010 2344 1119 2378 planius
1135 2344 1281 2380 fusiusque
1295 2345 1485 2379 confutabant,
1501 2346 1537 2374 ibi
1563 2346 1701 2374 indicasse
1720 2346 1798 2373 vide-

1009 2394 1065 2417 tur.
1081 2390 1168 2418 Porro
1183 2396 1273 2418 autem
1291 2399 1352 2427 qua:
1368 2391 1517 2420 Menander
1531 2392 1566 2420 de
1580 2392 1717 2428 baptismo
1734 2399 1796 2423 suo,

1010 2444 1065 2471 quo
1092 2436 1218 2464 homines
1242 2437 1412 2466 immortales
1425 2437 1484 2466 ﬁeri
1506 2438 1654 2474 garriebat,
1671 2437 1741 2464 adeo
1757 2441 1797 2464 te-

1010 2492 1085 2512 mere
1095 2484 1254 2516 venditavit.
1269 2493 1300 2513 ea
1315 2484 1502 2514 Tertullianus
1514 2485 1622 2521 egregie
1636 2484 1747 2517 refellit,
1770 2488 1797 2511 et

1010 2529 1125 2556 ridicula
1147 2536 1210 2557 esse
1234 2529 1406 2558 demonstrat
1437 2531 1471 2559 ³⁰.
1494 2530 1588 2566 Neque
1617 2535 1708 2557 tamen
1730 2528 1796 2557 illud

1009 2583 1153 2604 censemus
1168 2576 1363 2611 adjiciendum,
1377 2577 1449 2612 quod
1464 2577 1589 2604 nonnulli
1597 2576 1795 2604 Tertullianum

1009 2629 1106 2649 rursus
1124 2621 1159 2649 de
1182 2621 1277 2650 eadem
1303 2623 1400 2651 haeresi
1422 2623 1524 2659 aliquid
1542 2623 1570 2650 in
1590 2622 1671 2651 Libro
1686 2623 1719 2650 de
1731 2629 1797 2658 prte-

1012 2668 1197 2703 scriptionibus
1237 2669 1336 2697 litteris
1360 2670 1506 2698 mandasse
1536 2670 1696 2706 opinantur.
1723 2668 1795 2695 Nihil

1153 2783 1175 2799 ³ο
1191 2782 1250 2810 Lib.
1263 2791 1300 2810 vn
1313 2782 1423 2819 Siron,
1441 2792 1469 2819 p.
1487 2784 1546 2812 765.
1564 2783 1676 2819 “Apud
1693 2783 1792 2819 Euseb.

1166 2819 1188 2834 "
1204 2818 1262 2846 Lib.
1280 2826 1299 2845 ιι
1317 2818 1388 2846 Hist.
1399 2818 1458 2853 cap.
1472 2819 1500 2846 2.
1538 2819 1560 2834 ”
1587 2818 1654 2846 Ibid.
1670 2827 1730 2853 cap.
1749 2818 1791 2846 15.

1323 2854 1346 2870 ’⁸
1366 2854 1437 2882 Ircn.
1453 2854 1512 2882 adv.
1538 2853 1642 2882 Ha'res.
1670 2861 1730 2889 cap.
1747 2853 1792 2881 2f.
