1893 3101
103 148 132 176 i7
547 153 641 180 ΡιιιΜι
660 153 837 182 ECCLESLE
856 154 872 182 ε

939 156 993 184 ULI
1022 156 1281 186 SCRIPTORIBUS.
1692 164 1725 190 i8

99 211 169 238 enim
185 210 224 237 ibi
241 209 276 237 de
303 218 336 238 ea
351 211 483 246 reperias,
505 211 559 238 nisi
581 212 608 238 in
627 212 689 240 libri
714 213 789 241 illius
801 214 888 249 capite
903 217 926 245 Α
942 215 1017 250 cujus
1034 221 1123 244 tamen
1133 216 1194 252 legi,
1211 222 1337 254 tanquam
1360 218 1434 246 bona:
1459 219 1638 254 obtemperare
1653 222 1725 249 vids—

99 255 142 286 65.
156 256 229 290 quod
245 256 282 283 ab
304 256 499 291 impostoribus
521 257 560 284 ibi
594 262 718 286 assutum
738 266 799 287 esse
830 260 886 287 cri-
937 266 990 289 tur.
1008 262 1077 290 llinc
1097 263 1180 290 etiam
1193 263 1384 296 Cerinthiani,
1407 268 1435 292 ut
1456 265 1528 293 idem
1553 266 1723 302 Epiphanius

98 302 143 328 tici
159 302 307 336 peritiores
321 303 477 331 observant.

131 346 192 374 Non
207 347 255 375 diu
271 349 346 376 stetit
357 349 402 376 illa
413 348 553 376 Menandri
567 349 692 378 haeresis.
709 350 835 379 Justinus
847 353 885 379 si-

95 392 206 427 quidem
220 395 346 428 quamvis
363 395 454 430 plures
468 395 546 423 initio
561 404 577 423 a
591 396 740 424 Menandro
754 397 884 433 deceptos

94 447 156 466 esse
170 443 323 474 agnoscat:
339 448 443 475 paucos
467 447 560 469 tamen
576 449 627 469 suo
644 446 766 478 tempore
788 451 884 478 super-

93 485 174 513 stites
199 486 327 514 extitisse
348 495 403 514 non
429 486 547 515 obscure
571 488 693 516 declarat
707 489 729 504 ³¹
747 499 754 516 :
771 489 883 517 Menan-

91 529 172 557 drum
200 531 348 559 Antiochia!
372 532 468 560 multos
486 537 543 560 arte
556 534 659 569 magica
680 534 810 569 decepisse
829 535 881 562 sci-

91 584 189 604 mus...
202 582 314 612 suntque
343 578 408 605 adeo
423 587 492 606 nunc
504 587 605 614 quoque
616 579 648 606 ab
663 588 692 607 eo
707 581 800 616 reliqui
814 590 880 608 non-

90 622 177 654 nulli,
197 624 244 657 qui
256 622 304 650 hoc
317 624 356 650 sic
370 625 538 658 proﬁtentur.
552 625 616 653 Inde
630 634 695 661 ergo
709 625 882 655 Menandria-

90 674 155 693 nam
172 667 300 696 haeresim
315 673 377 697 ante
402 670 588 698 Simonianam
602 673 738 701 excidisse
755 681 810 701 non
833 675 881 702 ab-

90 714 174 741 surde
189 715 320 750 colliges;
349 717 402 744 nisi
420 724 479 744 eam
502 718 529 745 in
549 717 681 746 Saturuili
694 723 721 747 et
751 720 880 750 Basilidis

89 763 182 788 sectas
195 759 343 789 inﬂuxisse
357 762 473 790 dixeris.

398 808 513 836 CAPUT
529 809 562 837 V.

338 853 377 881 De
388 854 482 882 hwresi
490 855 617 885 Cerinthi.

936 307 1028 335 subdit
1041 308 1062 323 “
1073 317 1080 335 :
1098 307 1213 335 Paulum
1228 313 1331 343 penitus
1341 310 1495 344 erplodunt,
1506 317 1643 346 propterea
1653 314 1723 348 quod

935 354 1160 382 circumcisionem
1186 355 1328 384 abdicauit.
1353 355 1518 386 Philastrius
1543 366 1608 386 vero
1633 361 1723 395 arguit

934 399 1106 433 Cerinthum,
1119 401 1193 436 quod
1206 405 1233 429 et
1246 402 1315 430 alios
1330 403 1423 437 plures
1434 403 1496 430 novi
1513 403 1626 432 fmderis
1638 405 1722 433 libros

934 445 1119 480 repudiaverit
1131 455 1138 474 :
1151 446 1308 481 Apostolum
1321 448 1435 475 Paulum
1446 457 1497 476 non
1505 450 1610 484 accipit,
1621 449 1721 477 ludam

933 490 1094 524 proditorem
1121 492 1254 525 honorat,
1283 492 1453 529 Evangelium
1480 495 1622 523 secundum
1650 496 1722 524 Hat-

934 536 1031 564 tltazum
1048 538 1134 565 solum
1150 539 1245 573 accipit
1260 559 1268 571 ,
1285 539 1338 566 tria
1353 539 1497 576 Evangelia
1511 542 1619 575 spernit,
1632 542 1721 570 beatos

933 588 1063 618 ntartyres
1082 583 1255 619 blasphemat.
1271 585 1365 621 Neque
1380 590 1470 614 tamen
1485 587 1520 614 ab
1535 595 1568 614 eo
1583 588 1720 624 integrum

933 628 1052 657 Matthasi
1071 629 1249 666 Evangelium
1284 636 1423 667 acceptum
1451 632 1537 660 fuisse
1561 637 1658 660 auctor
1679 638 1721 662 est

931 672 1100 708 Epiphanius
1111 674 1134 691 δ’
1148 685 1155 702 :
1171 675 1295 702 Matthtci
1310 675 1453 711 Evangelia
1478 685 1529 704 non
1544 677 1656 712 integro,
1674 679 1720 705 sed

930 725 963 744 ea:
973 725 1048 752 parte
1061 718 1193 746 duntaxat
1207 724 1328 752 utuntur,
1348 721 1475 748 nimirum
1499 727 1604 756 propter
1625 731 1720 758 genea-

932 763 1046 798 logiam,
1062 772 1120 799 quea
1138 765 1196 800 ejus
1210 769 1248 792 est
1267 767 1355 793 carnis
1380 768 1497 801 propria.
1518 767 1573 796 Nec
1597 769 1695 796 mirum
1710 778 1718 802 ;

930 810 1041 844 quando
1056 810 1165 845 quidem
1183 819 1215 838 ea
1236 811 1337 840 Christi
1352 814 1512 849 genealogis
1530 822 1625 843 omnes
1641 824 1719 844 erro—

932 862 976 882 res
989 854 1113 884 t’unditus
1127 857 1328 886 evertebantur.

119 897 274 927 Cerinthns
301 900 337 927 ab
366 901 426 935 ipso
451 905 638 938 apostolorum
668 911 789 943 tempore
803 915 880 935 ηονω
896 894 915 920 Β
966 901 1048 929 Caius
1071 907 1160 930 autem
1185 903 1256 938 apud
1276 903 1424 932 Eusebium
1446 905 1578 934 Cerintho
1595 915 1717 935 errorem

86 941 227 972 haereseos
243 951 354 979 parens,
366 946 395 973 in
407 945 534 982 Egypto,
545 948 634 984 inquit
648 941 835 980 Theodorctus
844 953 877 985 ",

84 989 201 1021 plurimo
216 993 332 1024 tempore
352 998 471 1020 venatus
484 1013 491 1025 ,
509 998 534 1021 et
551 995 579 1022 in
592 995 779 1031 philosophieis
793 1000 878 1026 scien-

84 1036 128 1062 tiis
140 1036 263 1064 eruditus
272 1057 280 1068 .
293 1038 361 1065 venit
374 1044 464 1074 postea
476 1041 503 1067 in
512 1042 615 1076 Asiam,
627 1048 652 1071 et
662 1043 804 1079 discipulos
816 1055 878 1074 suos

83 1080 116 1107 de
129 1082 240 1109 nomine
254 1091 303 1110 suo
321 1085 472 1118 appellavit.
483 1087 534 1114 Cui
551 1090 673 1117 concinit
689 1091 799 1126 quidem
813 1092 878 1128 Epi-

83 1125 215 1160 phanius,
233 1128 282 1156 sed
300 1129 377 1156 addit
392 1138 439 1158 eos
454 1131 543 1161 dictos
555 1133 640 1162 fuisse
655 1125 853 1166 Merintliianos
868 1147 874 1166 :

85 1171 178 1199 Utrum
195 1182 268 1205 vero,
285 1175 324 1202 ait
333 1176 377 1203 ille
386 1177 419 1210 ³³,
436 1176 578 1207 Cerinthus
592 1181 647 1215 ipse
661 1182 810 1210 Merinthus
821 1184 876 1211 alio

82 1218 187 1245 nomine
199 1219 237 1245 sit
248 1219 348 1253 dictus,
363 1222 464 1250 nescire
479 1232 519 1251 me
530 1224 617 1258 fateor
626 1248 633 1260 ,
653 1236 686 1254 an
698 1233 795 1262 praeter
806 1229 876 1256 hunc

80 1264 147 1291 alter
157 1273 189 1292 eo
205 1267 312 1294 nomine
327 1268 472 1302 appellatus
479 1272 625 1305 exstiterit,
641 1274 751 1308 adjutor
761 1275 834 1303 illius
849 1281 874 1303 et

80 1310 181 1341 socius.
198 1311 227 1337 id
240 1311 348 1346 quidem
363 1313 416 1340 soli
425 1315 478 1342 Deo
493 1322 656 1351 compertum
669 1324 719 1347 est.

113 1354 240 1383 Primum
258 1362 360 1390 autem,
372 1363 444 1388 teste
461 1362 563 1390 Irenaeo
579 1363 611 1396 ⁸⁸,
624 1365 772 1394 Corinthus
786 1377 792 1394 :
810 1367 874 1396 Non

79 1408 95 1426 a
109 1402 201 1434 primo
219 1402 273 1430 Deo
288 1404 388 1438 factum
402 1415 458 1434 esse
473 1409 599 1436 mundum
615 1410 715 1443 docuit,
732 1413 777 1439 sed
791 1423 806 1440 a
820 1415 874 1441 vir-

79 1451 133 1472 tute
143 1447 264 1481 quadam
272 1455 405 1483 separata,
420 1456 445 1478 et
454 1453 569 1481 distante
578 1455 609 1481 ab
621 1463 652 1482 ea
663 1457 871 1491 principalitate,

77 1499 135 1526 qua:
149 1497 189 1519 est
201 1501 282 1527 super
290 1496 422 1529 uniuersa,
438 1502 463 1525 et
477 1499 613 1534 ignorante
626 1509 656 1528 eo
669 1503 714 1538 qui
737 1507 776 1530 est
795 1512 872 1538 super

77 1538 167 1565 ontnia
176 1538 242 1566 Deo.
255 1539 396 1569 Christum
412 1547 514 1577 autem,
526 1551 637 1575 auctore
652 1547 824 1578 Theodoreto
837 1551 870 1585 ³⁵,

77 1581 148 1611 duas
161 1584 188 1611 in
199 1590 305 1620 partes,
315 1594 362 1615 seu
374 1596 506 1623 personas
519 1599 535 1618 a
543 1599 572 1620 se
587 1592 703 1621 invicem
715 1595 869 1631 distinctas,

76 1629 234 1664 dividebat;
255 1633 434 1669 tradebatque
456 1635 550 1663 Jesum
576 1639 720 1667 secundum
745 1629 871 1670 naturam

76 1680 163 1702 ortum
171 1684 207 1704 ex
221 1677 322 1713 Ioseph
333 1684 358 1706 et
369 1680 467 1713 Maria.
480 1686 653 1718 temperantia
667 1692 764 1719 autent,
776 1693 800 1715 et
808 1689 871 1723 jus-

76 1722 146 1756 titia,
169 1728 196 1750 et
210 1724 277 1752 aliis
294 1726 435 1755 uirtutibus
462 1730 627 1759 excelluisse.
644 1732 692 1760 Vel
707 1739 735 1760 ut
761 1735 799 1761 ait
814 1735 869 1764 lre~

75 1775 150 1796 naeus
162 1769 187 1785 ³⁸
201 1779 208 1796 :
227 1769 296 1798 Plus
313 1773 429 1806 potuisse
446 1774 478 1801 ab
501 1777 623 1804 omnibus
633 1797 640 1810 ,
655 1783 680 1806 et
695 1785 754 1814 post
769 1780 868 1815 baptis-

75 1821 145 1839 mum
159 1815 330 1844 descendisse
353 1818 380 1844 in
400 1827 458 1846 eum
472 1819 607 1849 Christum
622 1823 654 1850 ab
668 1833 700 1852 ea
713 1826 868 1861 principali-

74 1865 209 1895 tate-qua!
225 1868 265 1888 est
278 1871 357 1897 super
371 1866 472 1897 omnia,
488 1868 575 1903 ﬁgura
589 1870 717 1898 columba:
727 1891 734 1904 ,
758 1877 783 1899 et
806 1878 869 1901 tunc

73 1907 251 1934 annuntiasse
261 1908 424 1944 incognitum
444 1912 564 1946 Patrem,
580 1920 606 1942 et
618 1917 727 1945 virtutes
739 1920 866 1954 perfecis-

72 1960 118 1984 se;
131 1954 159 1979 in
172 1954 226 1988 ﬁne
242 1960 329 1982 autent
340 1958 469 1986 revolasse
483 1961 579 1988 iterum
591 1962 727 1991 Christum
741 1965 773 1992 de
788 1966 864 2000 Iesu,

71 2002 96 2024 et
106 1997 201 2025 Jesum
214 2008 324 2034 passum
344 2011 400 2030 esse
416 2009 441 2030 et
466 2008 654 2041 resurreaisse,
670 2009 805 2038 Christum
816 2021 866 2039 au-

73 2049 127 2072 tem
149 2046 345 2080 impauibilem
371 2057 560 2085 perseuerasse,
586 2054 740 2083 existentem
755 2058 865 2092 spirita-

72 2088 131 2116 lem.
147 2090 255 2118 Contra
269 2096 361 2121 tamen
378 2094 547 2130 Epiphanius
560 2098 594 2131 ³⁷,
609 2094 642 2126 ac
655 2105 717 2134 post
731 2088 793 2129 eum
808 2103 863 2131 Au-

69 2135 200 2169 gustinus
217 2135 261 2164 "z
279 2136 381 2171 Dicere,
393 2139 493 2174 inquit,
510 2141 576 2168 nihil
593 2147 631 2169 est
643 2144 740 2172 veritus
754 2153 863 2179 passum

69 2181 177 2215 quidem
192 2186 218 2209 et
226 2183 386 2218 cruciﬁxum
399 2194 455 2214 esse
466 2186 614 2221 Christum,
625 2190 740 2218 nondum
750 2198 836 2221 tamen
847 2203 863 2221 a

71 2228 183 2255 mortuis
195 2230 353 2264 excitatum,
366 2240 396 2259 ac
411 2237 467 2260 tum
481 2233 585 2262 demum
600 2244 658 2263 cum
671 2240 769 2266 mortui
779 2249 864 2268 resur-

69 2277 129 2306 gent
142 2282 247 2306 omnes,
263 2276 443 2306 excitandum.
464 2279 542 2308 Unde
557 2283 656 2310 merito
669 2284 779 2319 quidem
798 2287 861 2322 jure

69 2317 267 2348 Cerinthianos
282 2329 375 2350 secum
396 2324 511 2354 invicem
527 2332 620 2362 aperte
643 2317 780 2366 pugnasse
794 2317 860 2361 con-

71 2364 169 2392 cludit.

102 2408 160 2437 Nec
182 2412 277 2441 minus
291 2413 404 2443 haresis
417 2415 462 2443 illa
474 2416 526 2444 sibi
539 2417 591 2454 ipsi
602 2419 630 2446 in
645 2427 678 2448 co
691 2421 858 2451 adversaba-

70 2459 123 2488 tur,
138 2457 214 2491 quod
229 2467 237 2485 :
267 2458 354 2488 Carne
371 2461 525 2490 circumcidi
548 2470 677 2499 oportere,
694 2468 776 2496 verba
792 2475 857 2498 sunt.

70 2501 217 2548 hugustini
233 2505 266 2536 ³’.
281 2511 358 2541 atque
381 2509 437 2535 alia
459 2509 612 2545 hujusmadi
629 2512 707 2548 legis,
728 2515 855 2544 nimirum

69 2546 206 2578 Mosaicae.
221 2556 351 2586 prisce-pta
363 2555 464 2581 servari
481 2555 598 2590 juberet.
613 2546 685 2584 Nam
699 2567 758 2586 eum
776 2569 792 2587 a
805 2570 855 2596 quo

69 2593 110 2619 lea:
123 2595 228 2622 tradita
244 2597 289 2629 sit,
302 2598 398 2625 bonum
416 2606 492 2635 negat
505 2610 571 2635 esse,
588 2606 625 2630 ait
640 2593 854 2642 Epiphanius“,

105 2697 126 2713 "
159 2698 271 2733 Apolog.
311 2699 339 2728 2.

69 2740 128 2768 cap.
156 2733 203 2761 25.

68 2774 128 2803 gap.
153 2768 182 2796 8.

529 2739 552 2754 “
579 2740 643 2769 Loc.
668 2744 714 2769 cit.

495 2774 516 2790 ⁸¹
539 2774 597 2802 Lib.
623 2776 654 2804 de
683 2777 776 2806 literas.

259 2735 281 2751 "
308 2734 372 2764 Loc.
419 2738 456 2766 cit

257 2769 281 2786 “
303 2769 369 2798 Loc.
399 2772 445 2801 cit.

414 2703 436 2717 ³¹
466 2702 526 2731 Lib.
563 2713 582 2731 Il
613 2705 713 2735 liceret.
750 2708 847 2736 Fabal.
863 2718 924 2744 cap.
949 2710 977 2737 5.

419 2738 455 2759 rit
529 2739 552 2754 η
580 2740 633 2759 [ηρ
668 2744 701 2759 ,ιιι
763 2744 784 2759 a7
819 2745 853 2759 ιιι.
902 2746 977 2759 1...-...

814 2745 853 2771 De
899 2746 993 2773 heres.
1019 2745 1033 2781 §
1061 2746 1087 2773 8.

824 2780 846 2795 “
874 2779 939 2807 Luc.
969 2781 1032 2813 cit.,
1058 2779 1072 2815 ᾗ
1099 2781 1124 2808 5.

929 947 1123 975 Chiliastarum
1140 949 1236 976 tribuit
1251 949 1274 965 "
1287 960 1294 977 :
1308 949 1361 977 Per
1380 951 1549 979 revelationes
1564 961 1581 979 a
1591 962 1618 979 se
1630 973 1637 986 ,
1656 959 1718 980 tan—

928 1001 1007 1027 quam
1025 1002 1042 1020 a
1057 1001 1151 1028 magno
1165 994 1291 1028 Apostolo
1303 997 1466 1031 conscriptas
1479 1018 1487 1029 ,
1501 1002 1627 1032 portenta
1644 1007 1718 1034 qutt-

927 1038 1000 1070 dam,
1016 1039 1093 1074 quasi
1108 1038 1141 1066 ab
1157 1041 1256 1074 angelis
1275 1041 1327 1068 sibi
1341 1047 1446 1070 ostensa
1460 1049 1632 1078 commentus,
1642 1046 1717 1073 nobis

927 1083 1069 1111 introducit
1086 1104 1094 1115 ,
1123 1085 1257 1119 aﬂirmans
1285 1092 1344 1121 post
1370 1090 1586 1117 resurrectionem
1608 1099 1717 1126 regnum

927 1129 1028 1157 Christi
1040 1131 1067 1157 in
1079 1131 1156 1158 terris
1171 1131 1301 1165 futurum,
1310 1141 1341 1160 ac
1353 1142 1444 1161 rursus
1457 1134 1576 1162 homines
1588 1136 1716 1164 Hieroso-

927 1175 1004 1211 lymis
1014 1176 1144 1211 degentes,
1157 1177 1343 1211 cupiditatibus
1356 1183 1381 1206 et
1396 1180 1524 1214 voluptati
1538 1183 1655 1215 corporis
1669 1183 1716 1210 ob—

925 1223 1019 1249 noxios
1039 1222 1116 1257 fore;
1146 1223 1270 1259 additque
1292 1225 1364 1252 mille
1392 1234 1522 1254 annorum
1545 1228 1660 1261 spatium
1689 1229 1714 1255 in

925 1265 1086 1299 nuptialibus
1103 1266 1178 1301 festis
1200 1273 1365 1295 transactum
1386 1270 1431 1297 iri.
1459 1269 1532 1297 Unde
1553 1272 1633 1299 etiam
1653 1273 1716 1300 Chi-

925 1309 1022 1342 liasta'.
1037 1311 1127 1346 inquit
1143 1312 1313 1348 Augustinus
1327 1314 1359 1347 “,
1378 1319 1439 1342 sunt
1455 1316 1591 1351 appellati.
1608 1317 1635 1344 ld
1649 1326 1715 1345 con-

925 1355 1016 1383 tirmat
1029 1355 1165 1386 Eusebius
1181 1358 1233 1386 hac
1254 1359 1376 1396 Dionysii
1394 1361 1571 1390 Alexandrini
1590 1365 1713 1392 auctori.

925 1408 981 1432 tate
998 1414 1003 1432 -.
1020 1405 1102 1432 Aiunt
1124 1414 1200 1440 eum,
1216 1406 1395 1441 Cerinthum,
1411 1408 1508 1436 librum
1523 1412 1711 1446 composuisse.

924 1451 1009 1478 indito
1024 1450 1139 1478 Joannis
1155 1453 1276 1485 nomine,
1291 1453 1354 1480 dum
1376 1456 1562 1483 auctoritatem
1582 1458 1712 1492 ﬁgmentis

923 1496 980 1523 suis
996 1504 1028 1523 ex
1044 1496 1157 1524 Joannis
1173 1498 1276 1525 nomine
1301 1500 1420 1526 mutuari
1435 1500 1519 1528 vellet.
1538 1500 1590 1529 Sed
1606 1503 1640 1530 de
1661 1503 1711 1530 hoc

924 1542 1043 1570 ridiculo
1068 1543 1192 1571 Ccrinthi
1214 1549 1370 1573 commento
1394 1546 1459 1574 alibi
1488 1547 1599 1575 dabitur
1624 1549 1713 1577 fusius

884 1577 906 1604 θ
922 1589 1080 1624 disputandi
1096 1591 1182 1619 locus.

957 1635 1053 1663 Visum
1069 1640 1111 1664 est
1122 1637 1263 1665 nonnullis
1277 1645 1325 1665 eos
1338 1658 1346 1670 ,
1367 1639 1414 1674 qui
1435 1639 1558 1667 viventes
1572 1640 1718 1676 baptismo-

920 1689 975 1709 non
998 1681 1108 1710 fuerunt
1122 1682 1223 1716 abluti,
1240 1687 1301 1718 post
1326 1689 1441 1712 mortem
1459 1685 1493 1712 ab
1515 1686 1549 1713 iis
1573 1687 1709 1715 htereticis

920 1733 1103 1757 sacramento
1118 1730 1165 1757 illo
1179 1729 1265 1758 fuisse
1279 1731 1411 1760 initiatos.
1425 1731 1525 1760 Verum
1539 1741 1601 1760 cum
1616 1735 1634 1762 ii
1650 1736 1710 1763 solo

920 1774 1076 1810 Epiphanii,
1092 1783 1173 1810 quem
1188 1775 1222 1803 de
1235 1776 1296 1804 aliis
1312 1777 1404 1812 potius
1414 1777 1548 1806 haereticis
1561 1779 1660 1807 ibidem
1672 1781 1709 1808 Io-

918 1821 965 1856 qui
978 1821 1070 1856 plures
1085 1821 1252 1855 existimant,
1269 1823 1426 1850 testimonio
1446 1823 1609 1857 innituntur,
1623 1826 1649 1853 id
1662 1827 1706 1854 isti

919 1866 961 1894 vel
974 1871 1076 1902 negant.
1089 1867 1213 1901 omnino,
1228 1868 1270 1895 vel
1287 1868 1396 1903 penitus
1411 1869 1546 1897 incertum
1565 1879 1627 1899 esse
1639 1880 1707 1899 con-

918 1913 1042 1940 tendunt.

951 1957 1060 1991 Quanto
1088 1959 1196 1986 horrori
1225 1958 1372 1988 Cerintbus
1403 1960 1500 1989 Joanni
1533 1962 1707 1998 evangelista

916 2004 1010 2039 fuerit,
1025 2005 1158 2033 discimus
1173 2013 1207 2033 ex
1220 2005 1322 2033 Irenaeo
1332 2006 1355 2022 δ’
1365 2026 1373 2039 ,
1390 2007 1437 2042 qui
1451 2007 1485 2034 ab
1500 2007 1561 2035 aliis
1576 2016 1605 2035 se
1626 2016 1706 2036 acce-

916 2051 990 2087 pisse
999 2055 1126 2084 testatur,
1135 2051 1280 2084 Joannem,
1291 2061 1350 2080 cum
1366 2053 1472 2081 lavandi
1485 2062 1566 2082 causa
1581 2054 1703 2083 balneum

916 2096 1012 2131 Ephesi
1026 2101 1093 2124 esset
1107 2097 1251 2132 ingressus,
1272 2098 1326 2124 viso
1340 2098 1411 2126 intus
1427 2098 1554 2127 Cerintho
1564 2120 1572 2133 ,
1595 2108 1656 2127 mos:
1670 2101 1704 2126 il-

915 2143 996 2170 latum
1012 2151 1043 2170 ex
1058 2143 1151 2171 balneo
1166 2144 1324 2180 profugisse,
1339 2150 1416 2180 atque
1429 2146 1457 2172 in
1478 2145 1534 2173 hac
1552 2148 1702 2181 prorupisse

915 2189 1014 2216 verba:
1031 2189 1177 2225 Fugiamus
1194 2190 1265 2223 hinc,
1278 2199 1309 2217 ne
1318 2190 1387 2225 forte
1405 2191 1526 2218 balneum
1539 2200 1658 2225 corruat,
1675 2194 1701 2219 in

914 2244 964 2270 quo
978 2241 1017 2263 est
1032 2235 1170 2264 Cerinthus
1184 2237 1302 2264 veritatis
1316 2238 1448 2265 inimicus.
1467 2237 1637 2274 Epiphanius
1650 2239 1700 2274 igi-

914 2286 969 2313 tur,
985 2282 1032 2317 qui
1047 2282 1104 2309 haec
1119 2282 1216 2309 Ebioni
1235 2283 1341 2316 tribuit,
1357 2283 1489 2311 memoria
1505 2285 1600 2319 procul
1615 2284 1699 2312 dubio

912 2328 1007 2364 lapsus
1021 2331 1073 2356 est.
1093 2327 1186 2366 Neque
1199 2331 1289 2356 tamen
1305 2328 1339 2356 ad
1354 2330 1564 2364 expugnandam
1575 2329 1698 2357 Cerinthi

913 2375 1038 2403 haeresim
1054 2375 1092 2402 ibi
1112 2375 1188 2403 stetit
1207 2375 1317 2402 divinus
1339 2376 1419 2410 plane
1436 2375 1550 2403 Joannis
1574 2376 1657 2404 ardor
1672 2381 1698 2404 et

911 2421 1044 2450 studium.
1061 2421 1109 2449 Ille
1125 2421 1207 2453 enim,
1221 2426 1249 2448 ut
1262 2421 1347 2448 tradit
1361 2413 1542 2456 Hieronymus
1550 2422 1591 2449 “z
1608 2422 1699 2457 Scrip-

909 2469 946 2496 sit
964 2468 1137 2503 evangelium,
1152 2472 1260 2503 rogatus
1281 2467 1313 2494 ab
1333 2467 1404 2495 Asiw
1417 2469 1555 2503 episcopis,
1572 2469 1696 2497 adversus

910 2514 1075 2547 Cerinthum,
1087 2513 1205 2548 aliosque
1219 2513 1364 2541 ha'reticos.
1378 2513 1546 2549 Epiphanius
1559 2515 1581 2530 ’τ
1605 2519 1695 2542 autem

910 2560 1060 2587 arbitratur
1083 2559 1214 2586 Jacobum
1244 2560 1366 2594 aliosque
1392 2560 1530 2594 apostolos
1562 2560 1695 2589 adversus

911 2606 1036 2634 eumdem
1050 2605 1259 2633 hacresiarcham
1275 2606 1378 2634 litteras
1394 2607 1420 2633 in
1433 2606 1491 2633 hazc
1505 2607 1587 2634 verba
1598 2607 1694 2634 Antio-

1030 2710 1052 2725 ³³
1070 2709 1173 2737 llzercs.
1189 2709 1234 2736 28.
1308 2702 1333 2724 ⁸⁸
1368 2708 1427 2737 Lib.
1458 2717 1465 2736 ι
1487 2709 1551 2737 Adv.
1596 2714 1687 2740 horres.

1143 2745 1165 2760 ³⁸
1181 2744 1246 2780 Lorc.
1274 2744 1321 2771 cit.
1349 2744 1361 2780 §
1390 2745 1416 2772 6.
1468 2745 1490 2761 ²⁹
1523 2745 1559 2772 De
1597 2750 1687 2774 [ιιι-νει.

1177 2779 1335 2816 "Libani
1359 2780 1443 2812 Hist.,
1478 2789 1538 2816 cap.
1560 2780 1606 2816 Ξ8ἶ
1631 2782 1686 2810 νηί.

69 2801 277 2850 ΞΙΞωὲξιτ.ΔΙ‹ξςζ
291 2806 340 2850 cit.
361 2811 388 2834 et
402 2801 651 2850 eumdem'Euseb:
663 2801 868 2850 utilium.

939 2825 952 2842 ι.
1052 2801 1160 2843 αιῖὸρο
1189 2801 1295 2842 cxi?“-
1317 2801 1559 2843 ιῖυὲὲιίῗίιιὶνίιι
1583 2804 1686 2845 ιιίειυνῖ

68 2845 126 2872 cap.
137 2838 222 2879 28nd
243 2840 290 2868 lib.
304 2849 341 2875 Iv,
357 2850 416 2904 cap
433 2843 476 2875 14,
490 2849 517 2871 et
526 2845 589 2883 ipse
605 2838 664 2874 [rea
674 2838 721 2876 ὡς
731 2838 872 2886 lib.—

68 2874 167 2908 (ccta,
185 2882 213 2902 ιιι
223 2874 308 2903 Joan.
348 2877 369 2893 ⁸⁷
398 2877 485 2907 lci-es.
503 2879 548 2910 28.
567 2881 580 2910 Ε
602 2881 628 2908 2.

939 2838 1028 2879 imi-2.}.
1056 2838 1159 2886 capi?)
1191 2838 1416 2879 ΕἴτιιυυαῘἾίῦί
1434 2860 1462 2879 ιι.
1503 2851 1576 2877 “Dc
1596 2853 1686 2887 script.

68 2874 167 2908 autem,
185 2874 213 2902 in
223 2874 308 2903 Joan.
334 2874 369 2893 ⁷⁸⁷
385 2874 485 2907 Περι-(ες.
503 2874 550 2914 ἳὸξ
567 2881 580 2916 ξ
602 2881 628 2908 2.
