1893 3101
183 161 215 188 19
780 156 824 183 DE
842 155 998 183 OMNIBUS
1012 152 1214 181 GENLHATIM
1776 150 1813 178 ΞΟ

183 222 274 249 citium
290 220 424 248 direxisse
439 229 445 247 :
464 219 598 253 Quoniam
621 216 789 253 cognovimus
803 213 934 250 quosdam
954 221 969 239 a
984 214 1007 241 Α
1022 218 1096 238 more
1120 213 1310 246 procreatum;
1337 209 1481 244 ipsumque
1501 207 1604 253 Filium
1621 206 1670 234 Dei
1688 213 1812 253 progres-

182 266 256 293 nobis
268 265 302 292 ad
319 274 362 293 vos
375 273 430 293 esse
443 265 584 300 profectas,
595 267 648 291 etc.
661 261 758 290 Nullus
771 268 884 296 quoque
894 259 973 287 dubi-

184 315 224 338 tat
240 310 351 338 Petrum
367 316 394 338 et
408 310 535 342 Paulum,
551 309 646 337 eodem
662 307 771 343 penitus
781 305 974 334 evertendier-

184 357 257 385 roris
271 363 364 384 amore
383 363 532 384 succensos
544 376 551 389 ,
572 358 669 382 contra
684 354 774 389 ipsum
794 352 863 379 inito
881 355 972 379 certa-

184 403 266 433 mine.
283 402 408 429 haeresim
427 401 488 436 ejus
507 401 666 428 confutasse
681 403 709 427 et
732 398 900 434 proﬂigasse.
925 396 973 424 His

185 449 374 477 Theodoretus
390 449 514 484 adiungit
537 448 652 481 Caium,
679 446 838 482 Dionysium
852 445 971 472 Alexan-

144 509 148 513 -
185 495 305 524 drinum.
320 494 457 524 Justinum
473 497 631 529 martyrem,
643 491 775 520 lrenasum
785 495 867 526 atque
879 489 973 525 Orige—

184 549 256 568 nem.
273 540 360 569 Porro
375 544 465 567 autem
487 547 550 567 cum
575 546 631 566 non
656 538 727 565 alios
743 537 791 572 qui
811 540 908 564 contra
922 535 973 564 Ce-

186 586 309 613 rintbum
323 584 523 621 pugnaverint,
540 585 736 611 commemoret
752 581 795 609 vir
808 581 854 609 ille
867 580 971 607 doctis-

186 633 284 664 simus,
301 631 364 658 hinc
379 637 434 658 non
448 631 506 657 leve
521 628 630 656 ducitur
641 631 831 663 argumentum
847 625 972 653 haeresim

185 677 258 703 illam
269 696 276 708 ,
293 676 366 703 circa
380 674 506 710 Origenis
526 679 649 708 tempora
668 672 831 700 exstinctam
846 691 853 703 .
881 670 973 697 nullos

187 722 304 757 amplius
320 722 450 749 habuisse
465 721 596 748 fautores.
609 719 720 746 Certum
744 722 836 745 tamen
849 721 892 745 est
904 724 974 752 prte-

185 769 281 804 cipuos
304 767 427 796 Cerinthi
453 774 562 795 errores
581 766 615 794 ab
630 765 692 793 aliis
713 768 807 800 pestes
830 763 973 798 adoptatos

186 814 271 842 fuisse
290 813 436 845 haereticis,
456 813 502 848 qui
523 819 593 839 nova
615 811 697 839 sectis
711 810 780 843 suis,
797 813 829 837 ut.
840 809 971 844 dicemus,

185 860 296 887 nomina
310 859 508 893 imposuerunt.

494 901 609 930 CAPUT
628 901 671 929 Vl.

433 949 472 976 De
490 949 584 976 heresi
608 948 726 976 Ebionis.

223 995 310 1023 Ebion
329 995 409 1030 cujus
433 1003 531 1022 nomen
547 993 620 1029 apud
641 993 737 1022 Patres
751 993 927 1022 doctissimos
939 992 972 1025 “,

186 1042 256 1069 idem
272 1049 303 1069 ac
318 1041 453 1068 mendicus
470 1044 560 1073 sonat.
575 1048 591 1067 a
614 1040 700 1068 Mario
720 1039 870 1067 Mercatore
886 1039 908 1055 δ’
924 1046 973 1066 vo—

185 1091 263 1114 catur
275 1086 443 1120 philosophus
466 1091 493 1113 et
516 1086 616 1113 stoicus
639 1085 819 1121 philosophus.
843 1084 975 1112 Eruditus

185 1137 275 1160 autem
291 1131 409 1166 scriptor
419 1131 529 1166 quidam
545 1138 645 1158 nomen
657 1131 776 1158 mendici
789 1130 841 1166 ipsi
859 1129 974 1158 inditum

186 1181 275 1213 putat,
291 1177 364 1212 quod
380 1177 479 1212 spretis
494 1177 613 1209 divitiis,
629 1176 812 1204 voluntariam
830 1179 975 1211 pauperta-

187 1228 241 1252 tem
272 1223 456 1259 proﬁteretur.
486 1222 585 1250 Verum
612 1222 764 1258 Epiphanio
787 1222 922 1249 Ebionilte
947 1230 974 1248 se

186 1269 317 1296 mendicos
334 1269 490 1304 prwdicant,
505 1269 573 1304 quod
593 1269 774 1304 apostolorum
790 1272 903 1302 tempore
917 1276 974 1294 mos

184 1317 251 1339 esset
268 1313 336 1339 bona
350 1321 399 1339 sua
415 1312 561 1340 distrahere
572 1333 579 1345 ,
594 1318 618 1340 et
634 1313 668 1340 ad
684 1313 792 1339 illorum
812 1312 887 1347 pedes
904 1311 974 1344 abii-

185 1365 252 1384 cere.

223 1401 283 1435 Quo
299 1406 391 1430 autem
413 1403 473 1431 loco
484 1407 510 1431 et
526 1407 647 1439 tempore
662 1407 723 1430 orta
738 1404 774 1431 sit
785 1403 898 1431 Ebionis
920 1403 975 1430 haz-

187 1448 258 1475 rcsis
272 1447 342 1475 idem
363 1448 531 1484 Epiphanius
551 1449 592 1476 his
609 1449 700 1477 verbis
719 1449 840 1477 declarat
854 1449 877 1465 '°
892 1459 898 1476 :
915 1448 975 1476 Ilu-

181 1492 228 1526 jus
246 1493 372 1526 factionis
387 1493 525 1521 exordium
548 1499 607 1528 post
630 1494 881 1530 Hierosolymitana:
900 1495 974 1522 urbis

185 1539 316 1566 excidium
336 1540 424 1573 capit.
442 1540 500 1573 Quo
513 1545 627 1575 tempore
642 1540 788 1568 Christiani
807 1549 895 1568 omnes
914 1549 974 1568 cum

1024 257 1096 284 sione
1109 255 1225 291 quadam
1247 255 1351 283 virtutis
1362 275 1369 287 ,
1394 254 1476 282 verba
1499 258 1563 282 sunt
1577 252 1721 288 Epiphanii
1734 252 1769 284 ⁸³,
1786 257 1812 279 et

1023 303 1204 337 conjunctione
1218 309 1277 329 cum
1296 301 1351 329 Deo
1370 301 1471 335 factum
1487 308 1497 327 .'
1514 299 1682 335 proindeque
1703 298 1797 333 adopti

1024 357 1087 376 vum
1101 347 1235 376 duntaxat
1249 355 1310 375 esse
1322 346 1370 374 Dei
1384 346 1494 379 Filium,
1511 353 1540 373 ut
1552 344 1639 373 eidem
1652 344 1750 372 Ebioni
1762 352 1814 372 ex-

1023 393 1135 429 probrat
1151 393 1296 420 Mercator.
1325 392 1481 420 Sectatores
1504 395 1596 418 tamen
1623 389 1736 418 Ebionis
1755 397 1813 417 non

1024 447 1078 467 uno
1092 439 1242 474 eodemque
1256 438 1337 465 modo
1353 437 1426 465 hunc
1438 436 1561 473 magistri
1574 435 1616 463 sui
1631 442 1811 469 erroretugsc-

1023 485 1080 512 cuti
1095 489 1161 512 sunt
1175 494 1181 511 :
1198 484 1257 511 Alii,
1269 484 1400 511 enimuero
1416 483 1448 511 ab
1463 483 1505 510 his
1520 482 1610 510 eodem
1625 481 1729 518 nomine
1743 488 1812 507 nun-

1023 531 1122 565 cupati,
1138 530 1226 565 inquit
1239 529 1376 558 Eusebius
1391 530 1424 562 ",
1446 529 1588 556 absurdam
1602 535 1692 554 eorum
1707 530 1813 553 senten-

1023 577 1089 603 tiam
1104 576 1259 609 reiicicntes,
1274 575 1409 604 Christum
1421 574 1524 610 quidem
1539 581 1572 601 επ
1592 574 1695 608 Virgine
1709 577 1734 599 et
1749 571 1799 605 Spi

1024 623 1077 649 ritu
1091 627 1182 649 sancto
1197 623 1312 658 genitum
1328 630 1384 650 esse
1404 630 1456 648 non
1471 625 1567 656 negant
1583 627 1591 647 :
1611 619 1655 647 sed
1674 618 1754 646 iidem
1770 618 1800 645 ni

1023 668 1165 696 hilominus
1181 676 1240 696 cum
1255 667 1401 701 Christum,
1418 672 1506 702 utpote
1521 666 1620 699 Deum,
1642 664 1766 697 Verbum,
1780 672 1812 690 ιιι

1022 715 1180 749 sapientiam
1194 714 1297 748 Patris,
1315 720 1375 742 ante
1390 715 1477 742 omnia
1488 713 1634 742 substitisse
1650 712 1755 739 minime
1768 711 1813 745 fa-

1025 764 1141 793 teantur,
1164 761 1191 788 in
1218 761 1336 788 eamdem
1353 769 1413 787 cum
1433 759 1566 794 prioribus
1586 758 1744 786 sententiam
1766 757 1812 784 de-

1024 806 1093 841 lapsi
1105 811 1177 834 sunt.
1195 805 1273 834 Unde
1285 806 1367 834 etiam
1382 805 1550 841 Epiphanius
1561 805 1585 821 ⁵¹⁵
1598 814 1605 832 :
1618 804 1674 832 Alii
1689 803 1767 831 aliter
1781 804 1815 831 de

1025 852 1132 880 Christo
1156 853 1376 887 pronuntiant....
1393 851 1525 879 Nonnulli
1546 852 1616 878 enim
1629 858 1663 878 cx
1684 851 1722 878 eis
1736 850 1815 877 Ada-

1026 907 1097 926 mum
1112 899 1194 934 fuisse
1206 899 1341 926 Christum
1352 899 1520 933 pradicant"
1537 919 1545 927 .
1563 898 1616 925 Alii
1631 906 1645 925 α
1659 897 1723 925 caelo
1734 897 1815 925 Chri-

1026 949 1096 971 stum
1112 952 1169 972 esse
1183 944 1344 979 conﬁtentur
1354 963 1362 977 ,
1378 943 1424 971 sed
1442 947 1504 970 ante
1519 943 1609 970 omnia
1630 948 1747 970 creatum
1757 962 1764 974 ,
1781 951 1815 968 at

1025 991 1150 1025 spiritum
1163 989 1302 1026 quemdam
1319 998 1386 1023 esse,
1401 989 1551 1025 angelisque
1565 993 1710 1024 praestare,
1733 993 1815 1023 atque

1025 1036 1142 1064 omniurn
1150 1043 1237 1063 rerum
1243 1035 1410 1062 dominatum
1423 1039 1518 1063 tenere.
1533 1034 1585 1067 Qui
1594 1042 1653 1061 cum
1662 1038 1815 1068 perpetuam

1025 1081 1082 1108 illic
1095 1080 1288 1108 habitationem
1302 1081 1412 1108 sortitus
1426 1081 1471 1113 sit,
1480 1081 1580 1115 quoties
1593 1080 1708 1114 libuerit,
1716 1081 1744 1107 in
1758 1079 1816 1107 hinc

1024 1127 1118 1161 inﬁma
1133 1126 1275 1160 delabitur,
1286 1125 1506 1162 quemadmodum
1517 1127 1544 1153 in
1554 1126 1657 1153 Adamo
1669 1125 1814 1160 descendit,

1025 1177 1050 1199 ct
1074 1171 1234 1207 patriarchis
1253 1180 1361 1206 corpore
1385 1171 1562 1206 circumfusus
1591 1171 1816 1206 apparuit,qu

1024 1227 1084 1246 cum
1105 1219 1140 1246 ad
1166 1219 1366 1251 Abrahamum,
1395 1218 1520 1247 lsaacum
1540 1223 1565 1245 et
1584 1217 1716 1245 Iacobum
1734 1216 1815 1244 adiit.

1026 1264 1100 1294 Ideni
1117 1264 1226 1300 denique
1242 1265 1380 1300 postremis
1391 1264 1550 1298 temporibus
1561 1264 1640 1296 venit,
1651 1263 1748 1290 Adami
1759 1271 1817 1290 cor-

1024 1319 1086 1345 pore
1102 1315 1246 1343 contectus,
1264 1315 1289 1338 et
1304 1310 1381 1338 homo
1401 1311 1473 1337 visus
1491 1314 1543 1343 est,
1556 1310 1621 1338 etin
1635 1316 1738 1336 crucem
1752 1308 1817 1336 sub-

1026 1357 1096 1386 latus
1112 1357 1240 1390 surrexit,
1252 1361 1277 1384 et
1291 1357 1409 1384 ascendit
1423 1357 1451 1383 in
1465 1356 1571 1384 calum.
1592 1354 1695 1382 Rursus
1715 1353 1761 1382 ubi
1782 1355 1816 1382 li-

1025 1401 1122 1435 buerit,
1137 1403 1176 1429 ita
1188 1410 1217 1430 se
1231 1410 1286 1429 rem
1297 1402 1391 1429 habere
1401 1405 1507 1437 negant,
1524 1401 1551 1428 in
1562 1408 1671 1436 eumque
1683 1400 1816 1428 dumosa:

1025 1456 1081 1475 sese
1093 1453 1216 1475 sanctum
1240 1447 1369 1482 infudisse
1384 1446 1532 1481 Spiritum,
1547 1445 1594 1481 qui
1610 1450 1650 1473 est
1673 1444 1814 1477 Christus..

1024 1500 1134 1528 cumque
1146 1494 1190 1528 qui
1204 1492 1282 1520 Jesus
1300 1497 1407 1520 uocatus
1419 1495 1469 1524 est,
1487 1490 1615 1518 induisse.
1630 1489 1663 1517 Et
1682 1490 1755 1518 inira
1766 1490 1789 1506 "
1806 1500 1812 1517 :

1026 1539 1099 1566 Duos
1113 1547 1130 1566 a
1147 1539 1201 1566 Deo
1216 1539 1372 1566 constitutos
1387 1547 1444 1566 esse
1468 1541 1615 1570 asserunt,
1631 1536 1767 1565 Christum
1788 1541 1817 1564 et

187 1585 214 1611 in
228 1584 322 1612 Perwa
336 1585 468 1621 degerent,
488 1592 565 1621 atque
583 1587 609 1613 in
621 1586 684 1613 urbe
698 1586 775 1613 Pella
789 1587 956 1621 potissimum
966 1607 973 1618 ,
988 1574 1010 1603 (ἶ
1025 1584 1173 1617 diabolum,
1187 1593 1298 1620 quorum
1313 1584 1355 1611 illi
1374 1584 1476 1619 futuri,
1493 1583 1553 1610 huic
1571 1583 1708 1618 prwscntis
1721 1583 1816 1610 seculi

186 1638 245 1665 quis
257 1630 284 1657 in
296 1629 486 1665 Dccapolilana
495 1632 630 1666 provincia
643 1637 716 1660 est...
729 1639 807 1667 prope
819 1632 975 1660 Baiana-am

187 1684 218 1703 ac
231 1676 433 1709 Basanitidem;
453 1686 511 1704 cum
528 1678 595 1710 illic,
611 1678 730 1714 inquam,
746 1678 910 1706 domicilium
921 1679 976 1706 col-

187 1723 319 1749 locassent
333 1743 340 1755 ,
357 1722 417 1750 hinc
434 1723 534 1750 Ebioni,
549 1723 615 1751 data
633 1729 672 1751 est
695 1724 858 1759 propagandi
876 1725 974 1752 erroris

188 1767 303 1795 occasio.
326 1767 378 1800 Qui
406 1768 433 1794 in
447 1776 515 1804 pago
538 1769 654 1803 quodam
679 1769 792 1802 Cocabe,
819 1770 847 1796 in
872 1770 976 1805 regione

187 1811 391 1840 Carnaimorum
405 1833 413 1846 ,
429 1814 547 1847 Arnemi,
572 1819 598 1841 ct
612 1815 827 1848 Astarotharwn,
843 1820 870 1844 et.
888 1815 975 1842 Basa-

186 1857 278 1885 nitidis
293 1863 380 1885 tractu
388 1858 508 1887 habitare
522 1860 609 1894 cmpit,
621 1860 845 1895 quemadmodum
856 1865 927 1888 cetus
940 1861 975 1887 ad

186 1911 233 1931 nos
251 1912 332 1938 usque
346 1904 420 1939 fama
439 1905 557 1939 pertulit.
574 1905 673 1933 Postea
688 1913 754 1933 vero
773 1906 865 1941 adjicit
879 1907 900 1922 "
916 1916 922 1934 z
941 1906 975 1933 In

185 1950 253 1977 Asia
265 1959 295 1977 ac
311 1949 400 1978 Roma:
410 1959 525 1978 errarent
539 1959 617 1978 suum
633 1953 826 1981 disseminavit.
837 1952 906 1980 Cum
923 1953 973 1983 ita-

186 2005 240 2031 que
253 1997 319 2025 urbs
334 1997 580 2033 Hierosolymitana
588 1997 668 2032 juxta
683 1999 842 2033 peritiorum
857 1999 975 2027 chrono-

187 2041 287 2077 logiam
302 2049 374 2069 anno
389 2041 491 2070 Christi
509 2042 542 2070 70
560 2047 639 2078 capta
655 2043 737 2070 fuerit
754 2050 786 2070 ac
804 2043 911 2076 diruta,
927 2052 975 2079 per

188 2087 215 2114 id
235 2087 320 2115 ferme
334 2091 441 2123 tempus
454 2087 540 2116 Ebion
551 2089 577 2115 in
591 2088 670 2120 locis,
682 2089 717 2115 ab
733 2089 886 2124 Epiphanio
898 2098 977 2117 com-.

187 2134 356 2165 memoratis.
369 2141 478 2161 errores
501 2142 567 2161 suos
594 2134 775 2164 disseminare
799 2135 892 2169 coepit.
920 2134 975 2163 Nec

187 2180 266 2215 longe
296 2180 374 2208 abest
402 2180 436 2207 ab
461 2180 512 2207 hac
542 2180 678 2208 sententia
706 2179 905 2216 Hieronymus,
928 2183 974 2216 qui

185 2224 329 2256 Joannem,
346 2229 529 2260 consurgentc
545 2224 658 2253 Ebionis
673 2224 781 2258 lmresi,
798 2225 973 2262 Evangelium

187 2279 266 2297 suum
279 2271 424 2306 scripsisse
439 2271 584 2298 allirmat"
597 2280 603 2298 :
618 2270 730 2305 Scripsit
741 2270 912 2307 Erangelium
925 2273 974 2300 ad-

187 2325 276 2344 versus
294 2316 506 2345 Cerinthum.....
522 2323 546 2345 et
567 2318 681 2345 maxime
702 2326 770 2345 nunc
788 2318 973 2351 Ebioniturum

184 2363 282 2398 dogma
297 2371 463 2398 consurgens.
763 2361 767 2366 ”

221 2408 337 2437 Errores
350 2417 414 2437 vero
430 2408 542 2437 Ebiouis
561 2409 642 2437 iidem
664 2409 858 2445 propemodum
873 2416 949 2438 erant
964 2431 977 2444 ,,

184 2461 219 2483 ac
233 2455 373 2488 Cerinthi;
390 2455 427 2482 ita
443 2460 473 2482 ut
487 2455 532 2483 ille
551 2463 567 2481 n
588 2454 770 2490 quibusdam,
783 2456 856 2490 quod
882 2461 973 2486 tamen

187 2501 372 2529 indubitatum
388 2502 501 2529 omnino
516 2509 570 2528 non
586 2505 638 2536 cst,
657 2501 781 2536 ejusdem
794 2502 916 2530 Corinthi
928 2504 971 2531 di-

185 2547 310 2583 scipulus
323 2547 407 2576 luisse
422 2551 571 2576 asseratur.
592 2547 710 2576 Docebat
726 2553 816 2577 autem
831 2549 972 2578 Christum

187 2601 292 2621 nierum
307 2601 370 2621 esse
385 2594 534 2628 hominem,
549 2601 581 2621 ex
597 2593 681 2621 Maria
698 2598 725 2622 et
738 2593 838 2630 Joseph
850 2595 970 2627 humano

1025 1634 1141 1665 potestas
1156 1635 1195 1657 est
1219 1630 1361 1657 commissa
1378 1637 1388 1657 :
1402 1629 1479 1665 idque
1494 1629 1564 1657 adeo
1583 1629 1769 1664 omnipotentis
1779 1629 1816 1655 il-

1027 1676 1080 1704 lius
1097 1676 1225 1703 mandato
1247 1675 1283 1705 ad
1306 1675 1433 1712 cujusque
1456 1675 1662 1710 postulationem
1687 1683 1745 1703 esse
1764 1675 1814 1710 fa-

1026 1727 1108 1755 ctum.
1121 1726 1175 1750 etc.

1062 1769 1083 1784 ⁵⁷
1097 1767 1173 1796 Hanc
1187 1776 1268 1805 porro
1279 1768 1436 1804 opinionum
1451 1768 1613 1796 divisionem
1638 1771 1666 1796 et
1686 1767 1815 1795 dill'eren-

1027 1815 1091 1844 tiam
1106 1814 1197 1842 Elxaco
1207 1822 1274 1850 pseu
1279 1814 1455 1850 dopropheta:
1467 1814 1639 1842 tribuendam
1647 1822 1709 1842 esse
1721 1813 1816 1849 suspi-

1026 1866 1115 1888 catur.
1137 1859 1255 1893 Quidam
1277 1868 1341 1888 vero
1354 1860 1429 1890 hunc
1443 1860 1580 1892 Elxzeum,
1597 1867 1645 1888 seu
1661 1859 1752 1887 Elceai
1767 1867 1815 1894 pe-

1026 1906 1139 1934 culiaris
1160 1905 1305 1941 cujusdam
1319 1906 1451 1938 barresis,
1473 1913 1535 1942 quae
1558 1906 1593 1933 ab
1617 1905 1690 1933 illius
1702 1905 1818 1932 nomine

1026 1951 1242 1980 Helcesaitarum
1259 1951 1331 1979 dicta
1346 1956 1408 1982 est,
1425 1951 1539 1978 tradunt
1561 1950 1646 1978 fuisse
1660 1953 1813 1977 auctorem.

1026 1998 1101 2027 lllius
1116 2006 1198 2034 porro
1218 2006 1326 2026 errores
1340 1997 1374 2024 ab
1388 1997 1508 2025 Eusebio
1522 1997 1545 2012 ³⁸
1560 2001 1589 2024 et
1604 1995 1777 2024 Theodoreto
1790 1995 1816 2015 ¹’›

1026 2048 1174 2077 notantur;
1193 2043 1242 2071 sed
1255 2051 1316 2071 eam
1330 2043 1412 2071 simul
1429 2046 1532 2076 natam,
1546 2042 1628 2070 simul
1645 2042 1811 2070 exstinctam

1026 2090 1098 2117 idem
1123 2089 1258 2118 Eusebius
1273 2088 1300 2117 in
1316 2089 1507 2116 ecclesiastica
1521 2096 1571 2116 sua
1592 2088 1713 2117 Historia
1728 2092 1814 2116 testa-

1027 2140 1071 2165 tus
1086 2139 1138 2163 est.
1152 2134 1273 2162 Citatum
1295 2142 1310 2161 a
1325 2134 1405 2163 nobis
1428 2134 1501 2162 illius
1517 2135 1606 2162 locum
1629 2135 1653 2161 si
1674 2134 1751 2162 adire
1766 2142 1815 2161 vo-

1026 2182 1122 2214 lueris,
1140 2182 1197 2216 lege
1211 2181 1296 2209 etiam
1312 2180 1341 2210 in
1356 2188 1418 2209 eum
1435 2179 1536 2209 Valesii
1550 2185 1630 2210 notas
1645 2183 1672 2208 et
1687 2180 1814 2207 animad-

1027 2227 1179 2255 versiones.

1063 2272 1196 2301 Ebionitaz
1215 2276 1306 2301 autem
1322 2277 1455 2308 praeterea
1479 2273 1615 2301 docebant
1637 2281 1733 2301 omnes
1755 2273 1814 2308 lege

1028 2320 1146 2348 Mosaica
1165 2318 1262 2352 teneri,
1281 2320 1496 2354 servandamque
1515 2318 1626 2347 Sabbati
1649 2319 1813 2346 celebratio-

1028 2375 1099 2399 nem,
1116 2364 1244 2402 quamvis
1259 2366 1429 2394 Dominicam
1449 2373 1557 2401 quoque
1577 2365 1648 2393 diem
1668 2366 1695 2392 in
1710 2364 1814 2392 Resur-

1028 2414 1157 2441 rectionis
1176 2413 1279 2442 Christi
1295 2412 1453 2440 memoriam
1472 2412 1581 2447 ipsimet
1594 2411 1810 2439 observaverint.

1028 2457 1200 2495 Quapropter
1212 2457 1229 2484 ii
1244 2457 1322 2492 juxta
1339 2455 1470 2483 lrenazum
1490 2455 1511 2471 ⁶⁰
1525 2464 1531 2481 :
1548 2454 1664 2485 Paulum
1678 2459 1810 2485 recusant.

1024 2508 1173 2537 apostolum
1188 2510 1247 2530 eum
1262 2502 1325 2537 legis
1337 2501 1510 2533 dicentes...”
1525 2500 1582 2528 solo
1597 2505 1685 2529 autem
1698 2508 1728 2526 eo
1742 2502 1812 2534 quod

1023 2555 1061 2578 est
1078 2549 1220 2577 secundant
1234 2547 1262 2575 Μ
1264 2548 1390 2575 atthazum
1401 2546 1542 2582 Evangelia
1553 2551 1673 2573 utuntur.
1686 2545 1735 2574 His
1751 2553 1817 2581 quas.

1024 2597 1058 2624 de
1071 2595 1219 2631 Evangelio
1235 2594 1356 2623 Matthtei
1371 2593 1503 2622 dicuntur
1517 2613 1524 2625 ,
1540 2592 1663 2623 concinit
1685 2591 1810 2621 Theodo-

222 2694 246 2710 ⁸⁸
268 2693 377 2729 Origen.
411 2695 457 2722 lib.
494 2703 511 2722 ll
540 2700 610 2723 cont.
642 2695 712 2723 συιδ.
736 2701 762 2723 et
792 2697 839 2724 lib.
868 2705 894 2723 IV
924 2697 1083 2730 Periarch.,'
1120 2698 1220 2725 Euseb.
1252 2697 1297 2723 lib.
1329 2703 1358 2722 Ill
1388 2697 1457 2723 Hist.
1489 2703 1549 2730 cap.
1583 2695 1627 2727 57;
1655 2694 1807 2730 Epiplran..

186 2729 284 2757 hmrcs.
307 2730 356 2759 50:
380 2730 516 2757 Theudor.

189 2764 245 2798 ξι.
294 2766 315 2781 ι·
334 2765 399 2792 Ibid.
423 2765 436 2800 ς
459 2766 501 2792 ts.

188 2791 280 2827 liomil.
304 2801 336 2827 Π
366 2802 392 2826 in
419 2791 672 2835 luc.,‘|licr01i_vui.

187 2842 246 2870 fap.
262 2836 308 2864 ‘27.
347 2835 367 2851 “
383 2835 446 2862 Luc.
460 2836 507 2861 cit.
558 2835 696 2870 ‘f‘rllzcrb-s.
714 2836 758 2867 50.
782 2836 795 2870 ἓ
812 2837 840 2864 5,

560 2730 635 2766 "an:
669 2730 765 2766 Fabnl.
803 2740 863 2766 cap.
892 2740 920 2759 ll.
975 2734 998 2749 "

1030 2734 1139 2761 Mercat.
1168 2732 1307 2760 Analhcm.
1342 2730 1462 2762 Nestor.,
1493 2730 1536 2758 12.
1589 2731 1612 2746 ³⁰
1640 2730 1743 2757 llwres.
1763 2731 1808 2762 50,.

548 2765 571 2780 "
587 2765 625 2793 De
655 2765 744 2799 script.
777 2765 885 2798 θείως..
903 2767 929 2794 in
954 2766 1047 2797 Joalt.;
1065 2768 1168 2795 Tertul.
1194 2767 1251 2795 Lib.
1279 2767 1310 2793 de
1331 2774 1411 2792 carne
1427 2766 1538 2797 Christi.
1557 2774 1617 2800 cap.
1633 2766 1676 2792 l8.
1695 2766 1806 2800 Origcn.

1023 2801 1293 2848 ς³¹¹εἰωιλςς“,μξυ,νξ
1321 2801 1365 2848 ll8l,
1378 2805 1416 2848 net
1440 2801 1539 2848 igus'e'b.
1569 2801 1668 2848 libat!)
1703 2800 1805 2848 Hister].

187 2842 246 2868 cap.
262 2836 308 2864 27.
347 2835 367 2851 “
383 2835 446 2862 Luc.
460 2836 507 2861 cit.
558 2835 580 2850 "‘
596 2835 696 2862 llzcrrs.
714 2836 758 2867 50,
782 2836 795 2870 §
812 2837 840 2864 5,
890 2837 912 2852 δε
931 2838 974 2866 ιιήη

187 2867 210 2885 60
229 2869 319 2885 τι...,.,ι
346 2871 381 2885 tu.
405 2879 422 2885 ..
445 2870 529 2885 μων...
569 2869 621 2885 1.’,.ι.
668 2878 708 2885 η...
749 2871 763 2885 ιι
813 2872 834 2885 so
861 2872 912 2885 ι..-
939 2874 970 2885 ..:.

1045 2839 1086 2866 l6.
1125 2839 1146 2854 ⁸⁷
1160 2838 1226 2866 lbiil.
1248 2836 1261 2873 ξ
1277 2835 1303 2864 5.
1338 2836 1361 2853 ⁵⁸
1377 2836 1476 2866 Euseb.
1496 2837 1542 2865 lib.
1557 2844 1582 2863 \‘l
1604 2835 1672 2863 (list.
1686 2844 1745 2870 cap.
1762 2836 1804 2862 50.

229 2869 330 2898 Thcod.
346 2871 392 2899 lib.
405 2879 422 2898 ιι
441 2870 541 2909 Ιιιιηι.
564 2869 634 2901 Fab,
648 2890 653 2903 ,
667 2878 728 2905 mp.
749 2869 791 2898 7f
813 2872 834 2887 °°
859 2872 984 2903 Lu¢.t'it.
