1893 3101
86 157 115 186 91
532 160 626 189 PRIMI
647 161 825 190 ECCLESI.‘E
847 161 985 192 SIECULI
1005 164 1264 197 SCRIP'FOBIBUS.
1678 173 1714 200 22’.

85 219 177 249 retus;
200 216 275 245 addit
298 221 391 246 tamen
418 218 588 255 Epiphanius
600 221 622 237 ⁶¹
641 231 648 250 :
666 222 824 257 Quanquam
845 231 877 250 ne
891 225 914 253 Α
929 225 1055 259 mysteria
1081 226 1203 261 quaedam
1224 228 1370 262 quotannis
1396 229 1544 262 celebrant,
1565 231 1592 257 in
1618 231 1712 266 quibus

83 261 213 296 integrum
227 263 332 297 quidem
356 264 453 292 habent
466 286 473 298 ,
495 266 540 293 sed
552 266 730 294 adulteratum
746 273 770 294 et
792 268 872 295 muti-

83 306 137 332 lum
149 315 159 337 ;
179 312 259 342 atque
278 309 312 336 iis
325 310 456 342 omnibus.
472 320 530 347 qua:
541 312 575 339 ad
586 313 762 348 genealogiam
774 313 874 341 Christi

82 358 214 386 spectant,
231 355 293 382 inde
309 356 412 384 abrasis
425 377 433 390 ,
451 358 565 393 idipsum
587 359 748 388 Hebraicum
768 365 869 388 vocant.

81 398 151 431 Quid
170 408 247 436 ergo,
273 402 380 438 inquies
393 424 400 436 ,
419 404 562 432 Mercatori
592 406 724 435 faciemus
738 427 746 439 ,
768 407 815 443 qui
837 408 872 436 de

81 445 188 474 Ebione
199 448 256 476 haec
274 450 371 477 scribit
398 459 405 478 :
427 450 560 479 Christum
575 453 603 479 in
625 453 672 481 Dei
687 454 772 488 filium
787 454 869 488 adop-

81 496 165 518 totum
183 501 266 520 ausus
280 500 319 521 est
345 496 492 529 praedicare
505 517 513 529 ,
532 502 651 526 asserens
675 508 703 526 se
730 499 868 535 Matt/imi,

79 538 168 567 Harci
175 545 201 568 et
211 541 287 569 Luae
311 544 529 579 evangelistarum
540 547 723 574 auctoritatem
736 549 869 575 secutum?

78 586 197 613 Aiebam
208 588 332 615 nonnulli
344 589 522 618 Mercatorem
538 592 572 619 de
581 591 685 620 Ebione
696 614 702 625 ,
720 593 787 621 alios
804 601 868 621 vero

78 628 177 658 Patres
196 630 230 658 de
245 632 306 666 ejus
328 633 402 668 loqui
425 634 579 671 discipulis.
605 638 641 664 At
662 637 689 664 id
708 639 781 673 quod
802 647 867 667 vero

76 673 188 701 videtur
204 676 342 711 similius,
359 678 377 705 ii
395 680 566 715 subjuugunt
577 701 584 714 ,
601 685 657 710 tres
673 682 734 710 illos
750 691 867 719 evange-

76 718 153 747 listas
166 721 202 748 ab
217 721 333 755 Ebione,
353 729 383 751 ut
396 725 434 752 ait
448 725 593 760 Mercator,
607 728 705 756 citatos
717 750 725 762 ,
739 737 793 757 non
805 718 866 758 ideo

74 763 188 797 quidem
196 766 271 800 quod
281 767 448 796 admittenda
459 773 567 804 putaret
580 772 687 799 illorum
698 772 844 809 Evangelia
855 795 863 806 ,

74 809 120 835 sed
136 814 165 836 ut
181 818 279 838 eorum
296 814 486 842 auctoritatem
502 820 600 843 contra
623 816 780 845 Catholicos
795 839 802 851 ,
816 819 865 854 qui

72 862 130 881 eam
147 855 274 884 divinam
285 865 347 886 esse
357 859 517 892 credebant,
529 867 733 897 argumento,ut
746 864 863 900 loquun-

72 903 126 932 tur,
140 901 177 928 ad
196 901 338 931 hominem
353 910 473 941 urgeret.
489 907 623 935 Caeterum
650 909 673 937 si
694 910 760 944 quid
788 911 862 939 aliud

72 946 192 973 senserit
202 946 347 982 Mercator,
359 950 433 979 certe
440 952 532 987 opinio
541 954 615 982 illius
625 954 740 982 aliorum
750 955 861 984 Patrum

70 993 215 1020 sententiae
230 995 400 1029 praeferenda
414 1005 469 1025 non
483 1003 535 1027 est.

103 1036 127 1052 "
138 1037 333 1068 Praedicabant
358 1042 471 1078 insuper
495 1044 629 1074 Ebionitte
641 1047 773 1074 Christum
793 1049 861 1075 ueri-

69 1083 131 1109 tatis
146 1092 206 1111 esse
221 1087 410 1120 prophetam...
424 1089 568 1125 Prophetas
580 1100 650 1124 vero,
665 1102 717 1121 non
731 1095 859 1128 veritatis,

66 1129 110 1175 sed
135 1130 321 1166 intelligentia
341 1143 397 1162 esse
423 1137 562 1172 prophetas
575 1159 582 1171 ,
595 1140 754 1175 proindeque
767 1141 859 1169 Iesum

66 1174 153 1201 solum
168 1185 229 1203 esse
246 1179 410 1213 prophetam.
434 1181 467 1209 Et
480 1185 561 1218 paulo
575 1174 722 1220 superius:
737 1186 860 1214 Abraha-

66 1226 147 1268 mum,
158 1226 185 1248 et
199 1221 327 1251 lsaacum
341 1245 348 1257 ,
365 1235 397 1253 ac
409 1226 537 1256 Iacobum
551 1250 558 1262 ,
582 1235 608 1258 et
638 1232 765 1266 Moysem,
781 1238 859 1268 atque

65 1263 200 1292 Aaronem
217 1268 373 1303 admittunt,
390 1280 442 1299 una
456 1282 514 1300 cum
529 1274 604 1308 Iesu,
620 1278 665 1312 qui
675 1263 776 1312 bloysis
790 1263 858 1305 dun-

64 1313 141 1358 te:th
153 1320 304 1347 successor,
317 1324 398 1352 neque
413 1319 555 1353 quidquam
573 1322 687 1356 amplius
708 1323 797 1358 fuerit.
810 1324 858 1352 Se-

63 1357 182 1384 cundum
193 1358 244 1386 hos
255 1361 358 1389 nullum
372 1364 453 1391 alium
468 1374 501 1392 ea:
512 1367 643 1402 prophetis
659 1369 802 1402 asciscant,
812 1370 857 1397 sed

62 1407 122 1448 cum
130 1406 316 1433 exsecratione
323 1409 490 1441 proscribunt
502 1419 533 1438 ac
546 1411 674 1445 derident,
686 1418 762 1448 puta,
775 1414 857 1442 Davi-

61 1445 133 1479 dem,
148 1453 175 1474 et
196 1448 379 1485 Salomonem,
395 1459 474 1489 atque
488 1455 591 1484 Isaiam
604 1478 611 1490 ,
626 1445 787 1492 Ieremiam,
800 1460 855 1488 Da-

62 1493 168 1526 nielem,
186 1494 361 1530 Ezechielem,
375 1500 531 1534 quibuscum
542 1503 631 1530 Etiam
646 1509 723 1540 atque
738 1505 854 1534 Eliseum

61 1540 216 1573 repudium.
232 1541 262 1569 Si
284 1544 347 1578 quis
361 1549 452 1573 autem
478 1547 693 1584 interrogasset:
713 1550 786 1579 Unde
804 1552 854 1588 igi—

62 1589 107 1610 tur
205 1595 265 1621 qua:
275 1589 310 1615 ad
324 1589 442 1626 Moysem
466 1593 695 1631 Abrahaniumque
707 1598 855 1632 pertinent?

61 1631 270 1666 respondebant
289 1635 363 1663 illico
375 1636 404 1663 id
418 1638 469 1665 sibi
480 1647 496 1666 a
508 1639 614 1668 Christo
627 1631 798 1678 patefactum.

97 1679 175 1707 Alios
192 1688 288 1709 eorum
311 1691 420 1713 errores
444 1688 632 1716 enumerando
648 1690 720 1717 idem
735 1690 853 1726 Epipha-

61 1724 126 1752 nius
140 1725 164 1741 "
179 1725 288 1757 dixerat
303 1737 309 1755 :
327 1728 377 1756 Est
400 1730 448 1757 hoc
465 1731 521 1759 illis
537 1733 643 1768 insuper
658 1736 685 1762 in
695 1724 766 1764 more
785 1724 854 1772 pasi-

62 1774 131 1802 mm,
158 1776 189 1797 ut
216 1773 425 1803 adolescentulos
451 1777 520 1804 citra
541 1785 674 1808 maturam
698 1787 803 1810 tetatem
818 1784 852 1811 ad

61 1817 169 1849 nuptias
184 1819 378 1852 compellant...
392 1830 473 1857 neque
484 1831 544 1851 vero
560 1826 620 1852 unis
634 1826 766 1855 duntaxat
787 1837 852 1864 nup-

61 1861 106 1888 tiis
118 1862 269 1896 afﬁnitates
284 1865 352 1892 inter
365 1875 393 1894 se
415 1868 591 1904 conjungunt,
609 1871 655 1899 sed
671 1873 695 1899 si
707 1875 749 1900 cui
764 1861 852 1902 divor-

62 1906 126 1932 tium
143 1907 233 1941 facere
248 1909 370 1944 libuerit,
391 1921 422 1939 ac
441 1922 535 1941 novum
550 1916 616 1943 inire
640 1920 849 1953 matrimonium,

60 1952 96 1978 ad
111 1953 208 1980 tertias
224 1960 250 1981 et
266 1957 391 1990 septimas
407 1966 487 1994 usque
499 1962 603 1995 nuptias
619 1965 782 1996 permittunt.
799 1952 851 1994 Su;

61 1999 155 2033 perius
170 2007 238 2028 vero
252 2001 274 2016 “
288 2011 294 2029 :
320 2002 406 2031 Hodie
417 2025 425 2037 ,
442 2006 581 2041 inquiebat
591 2028 599 2040 ,
619 2010 756 2045 virginitas
781 2014 851 2047 apud

59 2044 120 2070 illos
137 2049 163 2071 et
185 2046 299 2073 castitas
324 2049 429 2076 omnino
447 2051 632 2084 prohibetur...
646 2044 719 2082 Nam
740 2044 804 2084 olim
819 2058 851 2086 de

59 2089 211 2124 rirginitate
227 2091 340 2126 gloriari
355 2093 494 2128 solebant,
518 2098 646 2126 nimirum
668 2100 699 2127 ob
720 2100 849 2130 Iacobum

59 2136 172 2169 fratrem
186 2136 307 2172 Domini,
320 2139 434 2177 adeoque
456 2143 537 2172 libros
561 2154 622 2174 suos
639 2147 674 2174 ad
694 2149 810 2177 seniores
824 2156 849 2178 et

58 2182 172 2216 uirgines
187 2183 344 2213 inscribunt.

923 276 1004 302 panes
1024 279 1142 306 azymos,
1158 276 1182 298 et
1194 271 1228 298 ad
1243 272 1355 299 alteram
1369 275 1488 309 mysterii
1501 280 1601 308 partem
1612 284 1712 304 meram

923 322 1019 350 aquam
1035 316 1166 344 adhibent.

958 358 1030 387 Idem
1046 361 1135 388 adhuc
1153 361 1320 398 Epiphanius
1332 363 1356 379 “
1368 369 1501 392 memorat
1523 365 1633 393 eosdem
1657 367 1711 394 ha:-

921 406 1032 438 reticos,
1047 410 1077 434 ut
1092 414 1219 444 magnum
1234 409 1373 437 erroribus
1388 410 1450 437 suis-
1461 411 1632 439 auctoritatis
1642 420 1710 447 pou-

920 451 972 479 dus
985 452 1145 486 tribuerent,
1161 461 1238 482 sacra
1254 455 1440 489 apostolorum
1459 457 1570 484 nomina
1594 458 1709 492 quibus-

920 498 981 525 dam
996 498 1084 531 libris,
1097 507 1111 526 a
1133 507 1163 527 se
1185 500 1320 533 conﬁctis,
1343 501 1491 536 praeﬁxisse
1504 511 1510 529 :
1524 503 1708 537 Apostolorum

919 543 986 570 alios
1001 544 1082 571 Actus
1097 545 1293 580 circumferunt,
1308 546 1334 573 in
1349 546 1442 581 quibus
1455 547 1576 580 plurima
1586 554 1645 575 sunt
1658 549 1708 575 int-

918 589 1021 622 pietatis
1042 589 1149 616 illorum
1162 591 1279 626 vestigia,
1293 592 1398 627 ejusque
1411 593 1576 626 potissimum
1591 596 1707 622 auctori-

918 639 972 661 tate
990 635 1051 662 libri
1065 636 1099 662 ad
1112 637 1314 672 oppugnandam
1335 639 1470 665 ueritatem
1495 645 1642 668 armantur.
1673 641 1706 668 Et

917 680 987 708 infra
997 681 1019 697 "
1033 691 1038 708 :
1050 682 1233 716 Apostolorum
1249 685 1369 716 nomina,
1379 693 1429 718 quo
1444 686 1551 719 facilius
1564 691 1704 714 sectatores

915 734 977 753 suos
989 727 1134 761 pelliciant,
1156 736 1202 763 per
1215 729 1409 756 simulationem
1431 730 1586 762 admittunt,
1611 731 1705 765 quibus

914 773 993 799 etiam
1009 774 1133 808 conﬁctos
1148 774 1273 809 quosdam
1288 784 1304 802 a
1318 783 1344 802 se
1366 775 1445 802 libros
1468 776 1622 809 inscribunt,
1637 777 1705 803 velut

915 827 931 845 a
943 818 1056 850 Iacobo,
1067 818 1205 852 Matthazo,
1224 828 1254 846 ac
1269 821 1377 855 reliquis
1391 820 1527 855 discipulis
1543 821 1638 854 editos,
1659 822 1703 849 in-

915 867 953 889 ter
963 872 1020 898 qua:
1031 863 1144 890 Ioannis
1155 864 1234 890 etiam
1243 865 1356 898 apostoli
1371 874 1462 892 nomen
1474 865 1627 893 admiscent.
1636 866 1704 894 ’ἷξες

878 897 899 924 Β
913 897 999 936 tatum
1010 909 1129 944 denique
1145 897 1322 941 facit,librum
1335 911 1381 946 qui
1396 909 1529 938 Circuitus
1544 909 1631 945 Petri,
1645 916 1672 940 et
1686 920 1703 939 ι

911 955 1050 983 Clemente
1061 956 1235 991 conscriptus
1250 964 1314 985 esse
1331 957 1480 989 ferebatur,
1497 957 1592 985 iisdem
1617 958 1703 986 hare-

911 1001 973 1029 ticis
988 1002 1050 1030 usui
1070 1003 1165 1031 fuisse.

945 1048 1004 1081 Qua
1019 1056 1086 1076 cura
1101 1048 1271 1084 Epiphanius
1285 1056 1394 1076 errores
1409 1048 1597 1077 Ebionitarum
1610 1057 1704 1078 recen-

910 1101 961 1126 set,
977 1094 1071 1122 eadem
1087 1094 1165 1129 plane
1180 1095 1320 1130 diligentia
1335 1103 1393 1127 eos,
1408 1103 1422 1122 a
1437 1096 1538 1131 quibus
1558 1096 1652 1131 reiecti
1673 1101 1705 1125 et

909 1140 1042 1168 destructi
1065 1145 1139 1172 sunt,
1158 1141 1310 1168 luculenter
1337 1141 1588 1174 ostenditzPorro,
1611 1143 1705 1178 inquit

909 1185 964 1217 ille,
980 1194 1030 1212 non
1042 1184 1158 1212 Joannes
1171 1185 1259 1217 ntodo,
1274 1185 1318 1212 sed
1328 1190 1353 1212 et
1364 1193 1451 1212 omnes
1462 1193 1570 1220 prorsus
1588 1187 1701 1221 apostoli

908 1229 1018 1258 Ebionis
1032 1231 1110 1266 ﬁdem
1125 1231 1273 1265 repudiant,
1288 1236 1312 1258 et
1326 1240 1343 1258 a
1357 1232 1412 1258 suis
1426 1232 1603 1267 dogmatibus,
1625 1238 1702 1268 atque

908 1277 1051 1310 apostolico
1064 1277 1110 1304 illo
1127 1277 1280 1304 charactere
1295 1278 1410 1304 alienam
1421 1278 1561 1312 judicant;
1580 1279 1607 1305 id
1630 1279 1698 1314 quod

907 1323 1048 1358 unicuique
1060 1325 1226 1358 perspicuum
1240 1329 1289 1351 est.
1305 1324 1430 1352 Vidimus
1453 1333 1535 1360 supra
1549 1333 1583 1353 ex
1602 1325 1699 1354 Hiero-

907 1377 988 1406 nymo
1001 1369 1132 1398 Joannem
1147 1370 1175 1398 in
1189 1370 1285 1405 primis
1296 1371 1426 1398 adversus
1438 1379 1607 1407 consurgens
1619 1371 1700 1400 Ebio-

906 1416 950 1443 nis
961 1415 1069 1451 dogma,
1082 1424 1161 1444 suum
1175 1417 1294 1445 edidisse
1307 1416 1492 1452 Evangelium.
1506 1417 1602 1446 Nullus
1616 1426 1709 1453 porro.

906 1462 1046 1489 dubitandi
1063 1462 1140 1490 locus
1153 1467 1205 1495 est,
1227 1463 1292 1498 quin
1305 1462 1390 1490 divini
1410 1463 1448 1490 illi
1465 1464 1569 1499 pugiles
1591 1465 1697 1499 plenam

905 1507 1107 1543 perfectamque
1116 1508 1247 1536 adversus
1261 1508 1310 1536 hos
1322 1508 1382 1536 ﬁdei
1391 1513 1417 1536 et
1427 1509 1566 1537 catholica:
1577 1511 1700 1538 veritatis

904 1554 998 1582 hostes
1008 1554 1150 1581 victoriam
1164 1555 1373 1589 reportaverint.
1386 1555 1418 1582 Et
1433 1560 1507 1584 certe
1518 1557 1574 1591 jam
1591 1557 1698 1584 monui-

904 1609 965 1629 mus
980 1601 1042 1629 illos
1055 1608 1069 1628 a
1085 1601 1143 1629 suis
1157 1601 1314 1636 primordiis
1329 1601 1419 1630 varias
1433 1603 1461 1630 in
1483 1607 1576 1638 partes
1594 1603 1698 1631 scissos

904 1641 1000 1680 fuisse,
1015 1652 1041 1675 et
1057 1647 1128 1675 inter
1143 1655 1172 1675 se
1185 1647 1299 1675 divisos.
1316 1647 1386 1681 Quid
1402 1654 1492 1676 autem
1507 1649 1581 1676 aliud
1595 1657 1628 1676 ex
1644 1650 1697 1677 hac

903 1693 1074 1721 dissensione
1089 1693 1165 1728 sequi
1180 1694 1277 1728 potuit,
1295 1702 1376 1729 quam
1392 1694 1495 1729 integra
1511 1695 1592 1730 hujus
1616 1700 1697 1724 secta:

903 1739 992 1771 ruina,
1008 1739 1199 1774 excidiumque
1212 1743 1318 1767 certum
1333 1743 1360 1767 et
1374 1740 1557 1768 celerrimum.
1570 1740 1630 1768 Non
1643 1741 1696 1769 ibi-

903 1794 964 1814 mus
981 1789 1072 1813 tamen
1085 1786 1192 1813 inticias
1213 1785 1306 1820 plures
1322 1785 1433 1813 Ebionis
1453 1793 1560 1814 errores
1576 1787 1610 1814 ab
1631 1788 1694 1815 aliis

903 1830 1075 1867 postmodum
1091 1830 1226 1858 hmreticis
1247 1834 1403 1863 renovatos,
1420 1830 1467 1858 sed
1483 1831 1502 1858 ii
1523 1831 1694 1867 proﬂigatum

902 1878 936 1905 ab
948 1876 1078 1912 apostolis
1088 1875 1277 1903 Ebionitarum
1290 1883 1398 1908 nomen,
1408 1876 1460 1903 sibi
1472 1875 1602 1911 deinceps
1614 1884 1694 1904 arro-

902 1928 967 1956 gare
980 1928 1034 1947 non
1049 1919 1109 1947 ausi
1123 1925 1199 1948 sunt.

1199 1965 1313 1993 CAPUT
1334 1965 1390 1994 VII.

1114 2010 1151 2038 De
1165 2010 1257 2038 hwresi
1274 2010 1480 2042 Nazarteorum.

936 2056 1066 2089 Quamvis
1081 2055 1200 2084 Nazareni
1213 2064 1228 2083 a
1243 2057 1404 2091 quibusdam
1419 2057 1567 2085 Christiani
1583 2058 1691 2087 haemi:

901 2102 936 2135 ci,
951 2109 966 2128 a
990 2101 1128 2128 nonnullis
1142 2109 1193 2129 nec
1214 2101 1375 2134 Christiani,
1395 2110 1444 2130 nec
1457 2102 1553 2136 Judaei,
1575 2104 1609 2131 ab
1630 2104 1691 2131 aliis

901 2147 1017 2181 denique
1032 2146 1127 2174 iisdem
1142 2154 1173 2174 ac
1194 2146 1314 2174 Ebionaei
1339 2148 1481 2176 erroribus
1496 2148 1627 2183 implicati
1648 2150 1691 2177 di-

900 2197 1011 2225 cantur,
1029 2191 1066 2218 illi
1080 2196 1180 2224 tamen,
1199 2193 1222 2220 si
1235 2192 1386 2228 Epiphanio
1396 2193 1419 2209 ⁷⁸
1430 2193 1511 2225 ‘lldes.
1528 2195 1596 2221 meri
1612 2199 1691 2222 erant

92 2227 192 2256 Tradit
206 2230 291 2257 Etiam
307 2231 330 2247 "
344 2232 475 2262 Ebionem
502 2236 708 2274 discipulosque
731 2241 791 2275 ejus
815 2242 847 2269 ab
864 2243 886 2271 Ι)
899 2237 983 2266 Iudaei
997 2247 1003 2264 :
1018 2236 1107 2272 Neque
1120 2237 1232 2264 Jessteos
1245 2246 1272 2264 se
1287 2238 1358 2272 ipsos
1374 2244 1476 2270 vocant,
1494 2247 1574 2274 neque
1584 2238 1690 2267 Iudteoa

57 2273 194 2301 alimentis
214 2276 336 2304 omnibus
359 2279 524 2316 reliquoque,
540 2282 609 2317 quod
630 2273 708 2312 carne
737 2273 846 2320 constet,

58 2320 244 2353 abstinuisse;
258 2323 329 2357 quod
344 2324 393 2351 illa
407 2333 421 2352 e
440 2335 582 2361 corporum
602 2331 673 2357 coitu
693 2332 849 2359 concubitu-

57 2375 105 2400 que
119 2369 279 2402 gignantur.
295 2369 351 2398 Nec
370 2372 472 2407 pigebit
492 2381 525 2401 ex
539 2375 635 2403 eodem
656 2376 810 2412 Epiphanio
825 2380 851 2396 “

57 2411 205 2440 observare
213 2412 357 2443 Ebionitas
370 2418 491 2452 quotidie
501 2419 616 2455 lavasse,
630 2426 657 2449 et
668 2411 847 2458 quotiescun-

57 2464 109 2492 que
118 2457 227 2493 aliquid
236 2458 338 2495 impuri
352 2469 381 2489 se
395 2463 518 2499 tetigisse
529 2457 743 2497 arbitrabantur.
759 2469 845 2503 Quam

56 2503 286 2532 consuetudinem
306 2510 336 2533 ut
364 2506 437 2535 Petri
463 2512 625 2540 auctoritate
651 2513 793 2543 ﬁrmarent
817 2518 847 2543 et

55 2549 197 2585 exemplo:
209 2549 319 2584 Petrus,
330 2552 500 2588 inquiebant,
509 2556 615 2584 lauabat
625 2559 750 2593 quotidie,
762 2561 849 2594 prius-

55 2601 134 2638 quam
156 2595 247 2622 cibum
272 2602 395 2625 sumeret.
411 2598 501 2635 Pergit
520 2601 590 2629 idem
616 2601 784 2638 Epiphanius
798 2605 840 2632 ‘7:

57 2637 196 2673 Baptismo
211 2649 314 2676 quoque
327 2648 425 2676 preter
439 2647 624 2680 quotidianum
639 2637 716 2676 illum
737 2650 847 2677 initian-

57 2689 113 2717 tur,
136 2690 162 2712 et
189 2693 224 2713 ea:
252 2686 468 2718 Christianorum
499 2691 674 2729 Ecclesia-que
699 2695 846 2723 imitatione

309 2826 362 2854 loc.
397 2828 444 2855 cit.
458 2848 466 2860 ,

309 2826 371 2867 loc;
397 2828 521 2867 αἰξὶ-ᾖν
544 2830 599 2867 l3.
627 2830 796 2867 "VEpiplian.
826 2832 877 2859 loc.
907 2832 953 2860 cit.
985 2833 1062 2867 με.

90 2826 111 2840 ⁵⁸
126 2826 175 2861 Epi
216 2833 264 2854 an.
309 2826 362 2854 loc.
397 2828 444 2855 cit.
458 2848 466 2860 ,
517 2843 521 2846 ν
544 2830 589 2857 l3.
627 2830 649 2846 "
664 2830 796 2867 Epiphan.
826 2832 837 2858 1ι

58 2857 153 2889 “Ibid.
171 2826 226 2898 ἕξ,
241 2862 276 2890 15
290 2866 317 2890 et
336 2862 382 2890 22.
422 2828 550 2900 "lbicf.§
571 2865 611 2892 l6.
651 2866 673 2882 °'
688 2867 755 2895 Ibid.
794 2867 815 2883 δ’
834 2868 837 2895 l

946 2853 953 2903 ξ
969 2833 1013 2896 2%.

901 2292 960 2310 rum
975 2283 1129 2310 vocabulum
1152 2283 1273 2315 retinent,
1288 2292 1367 2319 neque
1392 2293 1419 2311 se
1441 2284 1617 2316 Christianos.
1643 2286 1688 2312 sed

903 2329 1049 2356 Nazarteos
1071 2329 1102 2355 de
1117 2328 1166 2356 illa
1190 2329 1240 2357 loci
1253 2330 1429 2364 appellatione
1453 2335 1614 2365 nuncupant,
1629 2339 1689 2357 cum

898 2374 1004 2401 interim
1028 2374 1093 2401 meri
1110 2375 1162 2401 sint
1185 2373 1285 2407 Iudwi,
1301 2383 1381 2412 neque
1406 2375 1480 2402 aliud
1504 2381 1640 2409 praeterea.
1656 2376 1689 2403 Et

899 2420 1020 2449 sectione
1034 2427 1106 2448 nona
1119 2430 1125 2447 :
1136 2419 1225 2448 Iudazi
1242 2422 1330 2456 potius
1347 2430 1426 2456 quam
1441 2422 1556 2456 cujusvis
1577 2423 1688 2451 alterius

897 2466 998 2500 generis
1011 2470 1083 2498 sunt,
1099 2467 1204 2493 tametsi
1235 2465 1338 2494 Iudicis
1361 2467 1414 2494 sint
1436 2468 1629 2500 inimicissimi;
1642 2478 1686 2497 ne-

897 2519 946 2545 que
959 2511 1026 2537 enim
1041 2510 1196 2538 Judtrorum
1207 2513 1306 2546 posteri
1318 2513 1403 2540 solum
1418 2513 1527 2548 capitali
1541 2514 1602 2541 illos
1626 2515 1686 2542 odio

897 2561 1098 2591 prosequuntur,
1111 2556 1156 2584 sed
1170 2562 1194 2584 et
1210 2566 1285 2584 mane
1296 2567 1327 2585 ac
1340 2558 1447 2586 meridie
1455 2563 1479 2586 et
1492 2559 1526 2586 ad
1539 2568 1683 2594 vesperam,

898 2607 937 2628 ter
949 2602 981 2629 de
993 2602 1044 2635 die,
1059 2611 1118 2629 cum
1133 2603 1160 2630 in
1183 2604 1322 2639 synagogis
1338 2604 1392 2631 suis
1406 2604 1441 2631 ad
1454 2605 1582 2632 orandum
1598 2614 1686 2633 conve-

897 2649 983 2681 niunt,
999 2648 1065 2675 diris
1082 2649 1142 2676 illos
1163 2649 1295 2683 devovent,
1312 2659 1343 2677 ac
1365 2651 1477 2678 solemni
1499 2652 1685 2686 imprecatione

895 2693 1074 2728 proscribunt.
1092 2693 1163 2721 ldem
1178 2698 1268 2723 tamen
1284 2697 1365 2731 paulo
1378 2697 1467 2730 aliter,
1482 2702 1510 2725 et
1526 2698 1633 2733 planius
1648 2698 1682 2725 il-

1113 2833 1135 2870 ξι
1152 2832 1219 2861 Ibid.
1242 2833 1357 2870 rima.
1377 2834 1390 2870 ς
1410 2835 1435 2861 2.

1488 2834 1509 2849 αθ
1522 2834 1577 2862 ibid
1606 2834 1625 2872 ε
1634 2835 1686 2864 is.

1065 2868 1088 2884 ⁷ο
1101 2867 1200 2896 llmrcs.
1217 2869 1253 2896 29
1275 2868 1288 2904 §
1306 2869 1329 2896 7.
