1893 3101
197 163 232 191 95
649 188 653 193 .
777 167 821 194 DE
845 167 998 195 OMNIBUS
1017 167 1216 195 GENERATDI

1795 171 1837 198 ει

198 221 244 248 Iud
259 221 372 249 delinire
387 221 494 250 videtur
510 223 552 250 his
567 223 657 251 verbis
671 233 676 250 :
692 222 748 250 Hoc
763 224 844 258 igitur
858 221 909 251 uno
928 229 982 250 tam
997 226 1020 253 Α
1034 232 1099 250 usus
1113 223 1265 258 indiﬂ'erens
1277 225 1445 259 feminarum.
1461 224 1496 252 Hi
1513 225 1605 252 nec-ab
1621 226 1666 258 iis,
1679 234 1738 261 qua
1752 227 1834 254 idolis

201 275 217 292 a
231 266 346 299 Judwis,
360 276 440 302 quam
451 277 466 295 a
479 267 639 296 Christianis
652 269 776 304 diﬂ'erunt
789 276 798 295 :
814 269 847 296 ab
863 269 916 296 illis
929 270 988 304 qui-

197 313 256 339 dem
270 312 340 347 quod
354 313 382 340 in
405 312 540 341 Christum
559 314 684 346 credant;
707 323 724 341 a
748 313 906 342 Christianis
929 323 987 342 vero

197 357 266 391 quod
278 356 399 384 Judaicis
413 357 507 385 ritibus
523 358 700 393 implicantur.

235 402 290 430 Hos
305 407 395 431 autem
409 403 505 431 iisdem
520 405 715 440 propemodum
730 413 762 432 ac
776 405 895 434 Ehionaei
911 414 988 434 erro-

198 448 276 475 ribus
291 448 410 476 imbutos
424 449 504 476 docet
518 449 589 477 idem
605 450 772 485 Epiphanius
782 452 804 468 '"
817 461 823 479 ε
836 451 919 478 Ambo
933 452 987 479 col~

199 493 262 520 latis
273 494 341 520 inter
353 502 381 522 se
391 494 530 529 capitibus,
545 503 621 522 suam
637 497 703 523 alter
717 505 775 523 cum
790 497 872 524 altero
889 498 988 532 impro-

199 539 306 566 bitatem
322 548 353 566 ac
376 541 519 575 nequitiam
532 542 741 570 communicavit.
755 543 838 578 Atque
851 544 900 571 etsi
921 553 987 579 qua-

199 585 338 613 damtenus
350 595 366 612 a
380 595 408 613 se
421 591 512 613 mutuo
525 586 686 620 dissideant,
701 588 729 615 in
749 590 922 624 excogitando
946 595 988 617 ta-

199 640 258 658 men
271 633 427 666 pravissimo
446 633 567 668 dogmate
587 641 643 661 sese
669 635 777 662 invicem
793 643 984 670 expresserunt.

201 675 298 703 Utrum
313 684 377 704 vero
393 677 460 712 ipsis
473 681 500 705 et
515 685 577 705 cum
594 678 777 708 Cerinthianis
791 681 886 709 eodem
906 682 987 709 modo

200 722 368 753 convenerit,
383 729 484 757 anceps
499 722 543 750 ille
555 726 596 750 est
612 732 618 750 :
631 723 669 750 De
681 723 784 751 Christo
796 733 865 757 aera,
881 725 986 760 inquie-

200 765 246 792 bat
255 766 289 797 τ’,
313 771 382 792 certo
404 767 535 801 afﬁrmare
558 775 664 802 nequeo,
689 773 778 795 utrum
802 768 928 802 Cerinthi,
948 771 987 798 vel

200 809 328 837 Heriuthi
340 811 472 845 impietate
485 812 533 838 illa
552 811 662 846 decepti,
683 813 826 848 simplicem
841 815 915 841 illum
939 815 987 842 Iw-

199 857 295 883 minem
311 862 466 889 asseverent,
482 866 513 884 ac
527 858 565 884 uti
578 866 632 885 sese
644 867 684 885 res
699 858 786 891 habet,
796 867 842 894 per
856 859 985 895 Spiritum

199 907 319 929 sanctum
335 901 366 929 tle
391 902 481 929 Maria
508 902 612 938 Virgine
624 905 740 939 genitum
762 913 819 933 esse
840 891 984 941 fateamur.
1002 891 1022 919 Β

199 946 387 976 Theodoretus
401 956 465 976 vero
480 948 589 977 brevius
602 949 765 985 planiusque
786 951 923 985 edisserit,
939 953 987 988 qui

199 993 299 1021 fuerint
312 992 445 1026 Nazarsei,
461 998 488 1022 et
511 1001 571 1029 quae
591 1002 686 1022 eorum
709 995 832 1029 hmresis,
848 1005 903 1032 quo
918 1002 987 1026 tem-

199 1046 264 1073 pore
277 1042 384 1072 exorta,
397 1043 425 1066 et
440 1047 455 1066 a
470 1039 570 1074 quibus
582 1039 691 1067 tandem
706 1046 860 1077 expugnata
874 1053 881 1070 :
894 1042 988 1070 Nasa-

199 1086 246 1112 ταιὶ
259 1084 349 1113 Judtei
359 1090 431 1116 sunt,
447 1085 583 1113 Christum
605 1086 774 1121 honorantes,
799 1093 926 1124 tanquam
940 1089 989 1117 ho-

199 1130 294 1156 minem
304 1130 419 1164 justum,
431 1135 456 1157 et
471 1130 611 1165 Evangelia
627 1136 748 1166 utuntur,
763 1133 832 1169 quod
846 1134 988 1162 secundum

199 1177 308 1204 Petrum
321 1177 431 1206 dicitur.
449 1178 506 1207 llas
521 1180 642 1212 hcereses,
657 1181 802 1214 imperante
822 1180 986 1214 Domitiano,

198 1222 328 1255 con/latas
350 1228 443 1250 auctor
456 1230 495 1251 est
518 1225 657 1253 Eusebius.
679 1225 779 1254 Contra
799 1234 864 1262 quas
884 1226 988 1260 scripsit

199 1266 320 1294 Justinus
334 1268 501 1304 philosophus
516 1276 541 1297 et
556 1277 668 1306 martyr,
683 1276 708 1298 et
721 1271 839 1298 Irenteus
854 1279 989 1299 successor

199 1313 390 1347 apostolorum,
405 1320 430 1342 et
446 1315 581 1351 Origenes.

234 1357 284 1385 ilic
297 1361 386 1386 autem
410 1360 497 1388 obiter
515 1361 630 1389 observa
655 1362 720 1390 illud
741 1363 899 1391 dillicultate
913 1365 988 1392 omni

199 1410 253 1430 non
259 1410 361 1437 carere,
369 1405 441 1439 quod
450 1405 487 1432 ait
496 1413 544 1434 eos
553 1415 616 1434 usos
626 1407 770 1443 Evangelia
783 1409 853 1436 κατὰ
867 1410 969 1446 Πέτρον
979 1431 986 1443 ,

198 1449 418 1484 quandoquidem
434 1450 550 1478 alIirmat
563 1451 730 1488 Epiphanius
745 1454 813 1482 illud
833 1456 987 1484 secundum

199 1494 354 1522 Matthaeum
365 1515 372 1527 ,
387 1499 415 1523 et
433 1495 568 1525 llebraice
583 1500 715 1534 scriptum
732 1499 816 1528 fuisse
826 1501 850 1517 "
863 1510 870 1528 :
885 1500 934 1529 Est
950 1510 990 1529 ve.

199 1549 247 1571 ro,
270 1541 348 1572 inlit,
374 1549 450 1576 penes
474 1542 535 1569 illos
561 1542 731 1579 Evangelium
756 1545 897 1573 secundum
913 1546 986 1574 Μαι-
1001 1555 1024 1586 C

200 1585 296 1612 tha-um
313 1585 440 1614 Hebraice
453 1588 590 1622 scriptum,
599 1594 625 1615 et
639 1589 741 1624 quidem
753 1590 987 1620 absolutissimum.

203 1631 258 1658 Hoc
282 1631 350 1658 enim
373 1632 526 1665 certissime,
551 1639 628 1668 prout
642 1634 778 1662 Hebraicis
794 1636 888 1664 litteris
913 1638 989 1665 initio

200 1678 326 1711 scriptum
337 1681 386 1709 est,
402 1677 429 1704 in
443 1678 597 1707 hodiernum
613 1684 711 1715 tempus
724 1689 804 1716 usque
823 1688 987 1710 conservant.

201 1723 263 1750 Ilaec
277 1731 344 1752 sane
366 1725 483 1752 assertio
498 1729 553 1752 tam
567 1730 641 1759 certa
664 1731 692 1755 et
707 1729 851 1764 perspicua
874 1737 989 1765 scrupu-

200 1769 256 1796 lum
280 1777 346 1798 sane
363 1774 390 1797 et
411 1771 556 1805 quamdam
580 1772 777 1801 dubitationem
799 1774 897 1809 injicit,
923 1783 987 1802 num

200 1814 308 1848 aliquod
328 1815 354 1842 in
377 1818 479 1842 textum
504 1814 665 1844 Theodoreti
689 1819 815 1846 mendum
838 1819 987 1854 irrepscrit,

199 1859 241 1886 vel
265 1859 323 1894 ipse
346 1859 431 1887 falsus
450 1860 496 1892 sit,
522 1865 569 1888 aut
596 1862 726 1889 memoria
749 1863 856 1898 lapsus;
882 1872 914 1891 ac
939 1872 988 1900 pro

200 1905 270 1932 κατὰ
280 1905 381 1942 Πέτρον
390 1907 461 1941 apud
474 1907 563 1941 ipsum
577 1907 628 1942 legi
643 1907 750 1942 debeat,
760 1910 829 1936 κατὰ
838 1910 986 1939 Ματθαῖον.

201 1949 234 1976 Et
255 1955 328 1978 certe
354 1951 418 1979 huic
443 1953 607 1986 conjectum
631 1953 702 1981 favet
725 1954 916 1990 Hieronymus,
941 1957 986 1984 ubi

201 1997 269 2024 dixit
279 1998 302 2013 ⁷⁸
315 2005 322 2023 :
334 1997 367 2025 In
381 1997 524 2034 Evangelia
537 2007 588 2034 quo
600 2004 711 2026 utuntur
723 1999 860 2034 Nasartei,
875 2007 900 2029 et
911 2002 989 2030 Ebio-

201 2044 274 2075 niue,
296 2044 364 2078 quod
381 2052 462 2079 nuper
484 2045 512 2071 in
527 2044 645 2072 Graecum
659 2045 691 2072 de
716 2045 827 2074 Hebraeo
849 2050 989 2076 transtuli-

202 2096 270 2120 mus,
286 2093 311 2115 et
325 2087 394 2122 quod
408 2093 515 2116 vocatur
534 2097 551 2116 a
564 2089 694 2124 plerisque
714 2089 835 2118 Matthwi
857 2092 988 2120 aut/tenti-

201 2141 271 2160 cum.
288 2132 359 2160 ldcm
374 2133 436 2160 alibi
450 2134 589 2168 repetit",
605 2142 638 2161 ac
653 2135 762 2162 tandem
773 2136 852 2164 docet
867 2137 988 2175 Evange-

202 2179 269 2205 lium
292 2187 346 2206 non
371 2178 488 2206 Matthxi
503 2180 550 2207 sed
575 2180 657 2207 Marci
670 2179 749 2208 Petro
771 2181 856 2210 fuisse
869 2185 985 2212 attribu-

1040 269 1222 301 immalantur,
1238 270 1309 297 cibos
1323 279 1384 298 suos
1397 275 1529 305 separant,
1542 275 1567 298 et
1581 271 1649 298 alios
1664 273 1732 300 ritus
1746 274 1837 308 genti-

1041 313 1106 340 lium
1130 315 1346 349 superstitionum
1369 323 1421 342 non
1445 321 1610 343 aversantur.
1627 315 1751 344 Narrant
1776 318 1834 345 alia

1037 358 1161 392 quaedam
1187 358 1320 393 fabulosa,
1344 358 1377 387 de
1390 360 1498 393 mundo,
1522 361 1609 388 nescio
1631 369 1689 395 qut:
1714 360 1834 388 barbara

1037 403 1187 437 principum
1214 405 1322 431 nomina
1350 404 1487 432 miscentes
1515 404 1737 439 disputationibus
1761 408 1831 434 suis.

1038 446 1159 475 Barbara
1172 447 1218 474 illa
1230 448 1341 475 nomina
1356 448 1439 476 refert
1453 449 1562 484 quidem
1586 449 1764 485 Epiphanius,
1781 451 1832 478 sed

1037 500 1087 520 eos
1101 493 1135 521 de
1150 493 1244 521 iisdem
1260 494 1332 521 inter
1346 501 1376 521 se
1390 494 1536 522 dissentire
1549 499 1651 522 monet.
1667 496 1770 531 Aliqui,
1787 497 1834 523 in-

1037 537 1139 572 quit",
1155 538 1327 565 Barbelonem
1343 539 1428 566 nescio
1438 547 1516 574 quam
1532 540 1672 573 celebrant,
1689 542 1732 568 cui
1746 542 1774 568 in
1785 550 1834 569 ac-

1038 587 1098 610 tauo
1111 584 1175 611 caelo
1190 583 1352 612 domicilium
1367 585 1524 612 attribuunt.
1541 585 1617 613 lianc
1632 594 1648 612 a
1664 586 1745 614 Patre
1765 595 1832 621 pro-

1037 631 1144 657 ductam
1154 630 1295 664 afﬁrmant,
1306 635 1465 665 matremque
1476 630 1523 657 alii
1535 630 1706 663 laldabaoth,
1721 632 1770 659 alii
1781 631 1802 660 S
1810 642 1834 659 ι-

1037 675 1268 709 baatltfaciunl....
1279 675 1329 702 alii
1337 675 1479 702 Prunicam
1488 675 1640 712 quamdam,
1649 677 1696 703 alii
1708 676 1832 704 Caulau-

1037 720 1118 748 cauch
1129 720 1234 747 cuidam
1243 719 1354 746 eamdem
1364 720 1544 747 venerationem
1553 720 1678 756 deferunt,
1686 730 1735 757 quo
1743 724 1830 750 nomi-

1036 774 1068 793 ne
1102 774 1182 792 unum
1189 773 1221 792 ex
1228 766 1388 801 principibus
1398 766 1576 801 appellant.
1587 766 1736 793 Aliidicunt
1749 768 1833 795 initia

1038 810 1166 843 tenebras,
1180 820 1211 838 ac
1234 813 1394 846 voraginem,
1408 817 1434 839 et
1456 820 1551 847 aquam
1567 812 1646 846 fuisse
1659 832 1667 844 ε
1678 821 1737 847 qute
1757 821 1774 840 a
1798 821 1829 841 sc

1037 858 1144 884 invicem
1155 857 1263 892 spiritus
1277 859 1421 884 secreverit.
1438 857 1533 884 Verum
1544 857 1653 885 tenebras
1667 862 1760 885 contra
1775 859 1834 893 spi-

1037 903 1117 929 ritum
1134 903 1274 930 iracundia
1291 911 1321 930 ac
1335 903 1424 938 furore
1435 904 1550 937 percitos.
1564 912 1670 931 sursum
1683 911 1833 931 excurren-

1038 953 1086 979 tes.
1103 956 1161 974 eum
1176 956 1206 975 eo
1221 956 1365 983 congressa
1378 953 1450 977 sunt.
1467 947 1533 975 Inde
1545 949 1643 975 matria:
1658 949 1744 976 nescio
1758 957 1831 984 qua’.

1037 993 1126 1028 genita
1148 992 1258 1028 prodiit,
1272 1001 1331 1028 qua:
1351 993 1467 1027 ejusdem
1482 993 1591 1027 spiritus
1612 993 1832 1020 consuetudinem

1037 1038 1153 1073 appetiit,
1164 1046 1196 1065 ει
1208 1046 1288 1073 eaque
1303 1043 1416 1073 quatuor
1429 1047 1514 1066 leones
1529 1038 1649 1073 producti
1663 1043 1736 1072 sunt,
1748 1039 1782 1065 ab
1797 1039 1833 1065 iis

1036 1089 1149 1120 quatuor
1161 1083 1248 1111 decem
1262 1084 1310 1111 alii
1323 1085 1463 1119 procreati,
1476 1085 1537 1111 item
1553 1084 1646 1111 dextra
1657 1084 1831 1119 sinistraque,

1037 1139 1083 1158 nec
1097 1139 1148 1158 non
1164 1130 1250 1157 lumen
1262 1135 1285 1157 et
1300 1130 1421 1158 tenebra.
1437 1130 1585 1158 Secundum
1599 1130 1645 1157 hos
1661 1138 1749 1157 omnes
1774 1135 1831 1156 tur-

1036 1182 1093 1209 pem
1109 1175 1248 1210 quemdam
1265 1183 1363 1202 leonem
1384 1175 1483 1202 editum
1501 1179 1625 1207 narrant,
1643 1183 1753 1209 eumque
1770 1183 1832 1201 cum

1039 1229 1082 1253 ea,
1097 1230 1175 1256 quam
1190 1221 1269 1257 paulo
1283 1227 1342 1248 ante
1358 1221 1486 1256 diximus,
1499 1222 1608 1249 matrice
1621 1222 1715 1249 coiisse
1727 1229 1735 1253 ;
1749 1225 1774 1248 et
1796 1222 1830 1248 ab

1039 1271 1147 1302 utroque
1166 1267 1238 1300 deos,
1253 1272 1330 1301 atque
1350 1267 1466 1302 angelos.
1481 1272 1504 1295 et
1519 1267 1661 1300 dwmones,
1677 1275 1708 1294 ac
1729 1272 1830 1301 septem

1038 1313 1146 1348 spiritus
1170 1318 1257 1340 ortum
1277 1313 1408 1340 habuisse.
1432 1312 1578 1348 Subjungit
1592 1313 1701 1340 tandem
1715 1323 1721 1340 :
1733 1312 1830 1340 Certos

1039 1358 1120 1386 libros
1132 1357 1296 1386 Jaldabaoth
1310 1359 1415 1386 nomine
1426 1360 1578 1395 inscriptas,
1592 1367 1623 1386 ac
1635 1360 1830 1386 commentitias

1039 1403 1144 1431 habent.

1075 1449 1130 1477 Hos
1146 1449 1300 1482 hwreticos,
1316 1450 1339 1478 si
1354 1449 1485 1477 Irenaeum
1495 1449 1519 1466 ‘°
1533 1455 1559 1477 et
1577 1448 1724 1477 Eusebium
1738 1449 1761 1465 "
1776 1456 1828 1475 au-

1039 1494 1109 1527 dias,
1123 1495 1244 1523 Joannes
1255 1496 1297 1523 his
1311 1496 1402 1523 verbis
1417 1496 1444 1523 in
1458 1495 1618 1530 Apocalypsi
1631 1499 1707 1522 notat
1715 1495 1737 1511 9'
1753 1505 1759 1522 :
1775 1494 1832 1523 Sed

1039 1542 1086 1569 hoc
1099 1541 1177 1569 habes
1193 1541 1265 1575 boni,
1277 1542 1338 1577 quia
1354 1541 1434 1569 odisti
1448 1541 1521 1576 facta
1539 1541 1749 1573 Nicolaitarum,
1768 1550 1828 1577 qua:

1040 1592 1065 1614 et
1079 1596 1125 1622 ego
1140 1587 1194 1615 adi.
1209 1588 1231 1614 A
1245 1587 1346 1622 quibus
1360 1591 1451 1615 autem
1467 1588 1522 1615 sint
1535 1587 1693 1622 oppugnati.
1708 1588 1828 1622 accipies

1040 1640 1054 1659 a
1078 1632 1249 1660 Theodoreto
1259 1631 1415 1660 ":Contra
1440 1632 1498 1664 hos,
1516 1631 1613 1667 inquit.
1640 1633 1745 1666 scripsit
1765 1631 1828 1661 Cle-

1040 1687 1123 1710 mens,
1139 1683 1164 1705 et
1177 1677 1307 1710 Irenwus,
1322 1683 1346 1705 et
1362 1677 1496 1712 Origenes,
1511 1683 1535 1705 et
1551 1676 1709 1713 Hippolytus
1727 1679 1829 1712 episeo-

1038 1731 1087 1758 pus
1096 1729 1122 1751 et
1131 1729 1242 1759 martyr.
1255 1723 1341 1756 Quam
1353 1731 1417 1751 vero
1428 1722 1543 1751 feliciter
1551 1728 1647 1751 contra
1658 1731 1705 1751 eos
1719 1731 1826 1759 pugna-

1038 1769 1137 1801 verint,
1153 1769 1265 1804 colligas
1278 1776 1312 1796 ex
1322 1768 1435 1796 victoria
1451 1769 1485 1796 ab
1499 1769 1539 1796 eis
1555 1776 1685 1804 perquam
1695 1769 1828 1796 citissime

1038 1818 1186 1850 reportata.
1209 1813 1316 1841 Etenim
1339 1814 1396 1841 haec
1423 1814 1545 1846 hwresis,
1569 1817 1638 1841 teste
1662 1813 1782 1842 Eusebio
1792 1814 1826 1846 ⁸⁸.

1040 1859 1189 1887 brevissima
1209 1859 1333 1894 temporis
1352 1859 1438 1893 spatio
1453 1859 1608 1893 permansit.
1623 1858 1661 1886 Ex
1675 1859 1725 1886 hoc
1736 1864 1827 1887 tamen

1039 1905 1113 1933 fonte
1126 1904 1334 1939 corruptissimo
1346 1904 1482 1931 ﬂuxerunt
1494 1902 1627 1936 Gnostici,
1641 1904 1742 1938 aliique
1755 1911 1828 1932 com-

1038 1951 1141 1986 plures,
1156 1949 1189 1976 de
1201 1949 1301 1983 quibus
1315 1947 1482 1983 Epiphanius
1493 1947 1516 1963 ³⁵
1530 1957 1537 1974 :
1549 1947 1589 1974 Ab
1614 1947 1661 1974 hoc
1674 1948 1758 1982 fonte.
1775 1950 1825 1981 ait,

1037 1995 1158 2026 derivati,
1173 2002 1204 2021 ac
1225 1994 1335 2027 pessime
1358 1994 1386 2020 in
1402 1992 1526 2020 mundum
1540 1992 1682 2020 introducti
1695 1998 1756 2020 sunt
1771 1993 1825 2020 bte-

1038 2041 1112 2067 retici
1126 2039 1177 2071 illi,
1192 2039 1238 2074 qui
1251 2047 1309 2065 eam
1323 2037 1385 2071 sibi,
1400 2047 1479 2074 quam
1494 2038 1563 2073 falso
1574 2039 1722 2070 nominant,
1737 2040 1825 2074 cogni-

1039 2087 1134 2114 tionem
1151 2085 1293 2116 oindicant,
1311 2084 1458 2118 cujusntadi
1473 2089 1533 2112 sunt
1549 2084 1676 2116 Gnostici,
1688 2084 1826 2112 P/tibiani-

1038 2137 1081 2162 tte,
1096 2135 1120 2157 et
1135 2130 1228 2166 quibus
1249 2130 1281 2157 ab
1296 2129 1430 2165 Epiphane
1451 2139 1542 2158 nomen
1555 2135 1593 2158 est
1613 2129 1738 2158 inditum.
1757 2130 1823 2158 Tum

1037 2177 1117 2203 etiam
1133 2175 1274 2208 Militares.
1288 2175 1406 2208 Levitici,
1422 2176 1518 2211 aliique
1536 2176 1691 2212 complures.
1706 2176 1824 2210 Quorum

202 2228 259 2251 tum
270 2225 293 2239 τε
307 2234 312 2251 ε
327 2224 379 2252 sed
392 2231 416 2252 ει
443 2225 613 2260 Evangetium
632 2226 774 2254 “cundum
796 2228 928 2263 Marcum,
943 2232 987 2266 qu,-
1003 2219 1024 2247 D
1038 2221 1145 2256 quilibet
1160 2220 1280 2266 hteresim
1302 2221 1447 2255 propriam,
1463 2222 1497 2248 ad
1518 2222 1601 2249 animi
1612 2222 1654 2250 sui
1673 2223 1824 2257 aﬂ'ectiones

202 2269 309 2297 auditor
321 2271 377 2305 ejus
391 2276 415 2298 et
430 2271 557 2306 interpres
573 2273 634 2307 fuit,
646 2273 734 2308 hujus,
749 2273 834 2307 Petri,
847 2283 904 2302 esse
922 2275 989 2303 dici-

203 2321 256 2344 tur.

497 2351 610 2379 CAPUT
630 2352 698 2381 VIII.

411 2396 450 2424 De
464 2397 556 2425 hteresi
573 2397 598 2424 Ν
602 2398 776 2427 icalaitarum.

237 2443 378 2471 Nicolaita:
401 2452 496 2472 novam
519 2453 627 2480 quoque
651 2445 738 2480 primo
762 2446 861 2474 szeculo
886 2452 986 2474 sectam

204 2490 350 2517 commenti
364 2494 438 2518 sunt.
453 2490 567 2518 Eri-ores
582 2499 675 2518 eorum
691 2493 784 2526 paucis
801 2493 891 2520 verbis
905 2501 988 2527 expo-

204 2535 246 2562 nit
268 2535 438 2564 lrenteus":
454 2536 596 2564 lndiscrete
620 2537 716 2569 vivunt,
740 2536 841 2564 nullam
865 2537 987 2572 di/feren-

205 2581 270 2607 tiam
284 2589 339 2608 esse
353 2582 466 2609 dicentes
482 2582 508 2608 in
524 2582 686 2611 mace/tando.
701 2586 726 2608 et
741 2582 913 2617 idolothytum
928 2583 986 2610 ede-

205 2633 242 2653 re.
267 2625 436 2662 Augustinus
459 2631 547 2655 autem
573 2628 653 2663 paulo
675 2628 875 2656 dilucidius":
896 2629 987 2656 Placet

261 2720 284 2735 ⁷¹
309 2719 408 2746 "teres.
443 2720 489 2752 50,
511 2719 525 2754 §
554 2720 582 2748 2.
629 2721 651 2736 ⁷³
676 2720 776 2748 "mres.
799 2721 834 2747 29
857 2721 870 2755 §
893 2721 918 2747 'l.

207 2754 239 2780 ad
266 2762 327 2795 cap.
365 2755 474 2795 sub,"
497 2756 544 2795 ‘De'
572 2757 694 2795 scriptor.

208 2810 330 2858 δέ’ἷίῃῦέῖ
356 2832 387 2854 ιι,
407 2810 465 2850 "6'."
486 2810 516 2840 ’ὶῖ
531 2810 639 2850 ἱζἰὲῘῖἓῖ

209 2859 232 2872 ¹⁶
248 2859 326 2886 Locis
346 2859 447 2885 citatis.

970 2722 993 2737 ⁷⁸
1017 2721 1116 2749 Haeres.
1143 2721 1193 2756 29.
1225 2720 1287 2756 ἐξ).

736 2756 826 2783 εει-[εδ.
840 2777 848 2790 ,
863 2757 892 2783 in
924 2755 1023 2785 Matth.

207 2797 267 2825 cap.
286 2789 330 2816 27.
369 2789 391 2804 ⁷·
407 2788 465 2825 Lib.
486 2789 517 2815 de
532 2788 639 2825 horres;
755 2788 893 2825 '“_|la:i'es.
928 2791 974 2822 25,
998 2791 1011 2825 ᾗ

657 2792 717 2850 ῗὸ.
755 2792 776 2805 '“
794 2792 893 2817 "mres.
928 2792 974 2822 25,
998 2792 1011 2825 ᾗ
1039 2792 1068 2830 2,
1089 2792 1120 2830 5.
1136 2795 1162 2816 et
1188 2792 1214 2816 5.
1252 2792 1275 2830 ξθ
1286 2792 1350 2817 Loc.
1378 2792 1424 2817 cit.
1462 2792 1503 2817 ε’]

672 2824 758 2851 Ia‘rct.
778 2823 959 2860 Fabul.,cap.
988 2826 1012 2852 l.
1051 2827 1073 2842 ⁸⁸
1093 2825 1152 2852 Lib.
1170 2833 1200 2851 nt
1228 2824 1340 2856 Mysten,
1368 2833 1426 2860 cap.
1459 2826 1503 2852 '29.

1040 2265 1251 2297 accommodans,
1266 2270 1402 2292 sexcentos
1425 2266 1546 2301 nequitite
1578 2267 1634 2294 aias
1657 2267 1823 2303 excogitavit.

1038 2310 1126 2346 Atque
1147 2311 1209 2338 inde
1230 2311 1324 2346 procul
1347 2311 1430 2338 dubio
1444 2315 1503 2338 orta
1518 2315 1571 2343 est.
1586 2319 1618 2339 ea
1637 2320 1719 2347 quam
1740 2320 1823 2348 supra

1039 2356 1258 2388 memoravimus,
1270 2356 1320 2384 hos
1331 2356 1402 2384 inter
1417 2356 1561 2385 haereticos
1571 2357 1605 2386 de
1616 2358 1742 2387 barbaris
1752 2360 1824 2394 prin-

1037 2402 1127 2437 cipum
1143 2402 1298 2429 nominibus
1311 2401 1456 2429 dissensio.

1074 2447 1141 2481 Quis
1157 2452 1246 2475 autem
1260 2448 1374 2482 hujusce
1394 2448 1528 2476 haereseos
1543 2452 1640 2476 auctor
1659 2449 1752 2482 fuerit,
1769 2458 1822 2478 non

1038 2494 1075 2521 ita
1094 2497 1249 2528 promptum
1263 2497 1306 2520 est
1326 2493 1449 2521 delinire.
1468 2493 1581 2520 Plurimi
1597 2494 1754 2522 existimant
1769 2504 1823 2523 non

1040 2539 1122 2566 alium
1139 2538 1223 2567 fuisse
1236 2547 1316 2574 quam
1332 2538 1482 2571 Nicolaum,
1497 2547 1582 2566 unum
1595 2547 1628 2567 ex
1646 2545 1748 2575 septem
1771 2542 1821 2569 illi:

1039 2584 1166 2612 Ecclesia:
1180 2584 1350 2616 diaconibus,
1359 2584 1406 2619 qui
1422 2584 1455 2611 ab
1467 2585 1597 2619 apostolis
1616 2585 1694 2613 electi
1709 2590 1736 2613 et
1746 2587 1823 2614 inau-

1040 2631 1130 2666 gurati
1145 2634 1219 2658 sunt.
1235 2629 1267 2656 Et
1288 2630 1345 2657 haec
1360 2630 1468 2665 quidem
1488 2630 1538 2657 fuit
1552 2630 1645 2658 lrenaai
1655 2631 1688 2663 ⁸⁸,
1706 2631 1820 2668 Epipha-

1252 2721 1287 2759 ,9.
1313 2722 1359 2761 ﬁ”
1386 2720 1652 2761 [ιίὺί-ιιλξοηιηιεηιἶ
1669 2722 1710 2761 _in
1724 2722 1819 2761 Matth.

1082 2757 1105 2795 ’_‘
1142 2755 1210 2795 Ibid.
1227 2778 1234 2790 ,
1251 2755 1400 2795 ill-Petr._
1433 2755 1544 2795 ""__L_ib_.
1581 2765 1599 2782 ιι
1622 2757 1700 2795 __.4do.
1729 2757 1819 2795 lta'res.

1039 2791 1067 2821 2.
1089 2791 1106 2817 5
1136 2795 1162 2816 et
1188 2791 1214 2816 5.
1252 2790 1350 2817 “an.
1378 2791 1424 2817 cit.
1462 2792 1481 2807 ⁸¹
1499 2790 1588 2818 Lib.v
1618 2790 1687 2818 "Ml.
1705 2793 1819 2826 mpsim

1051 2826 1073 2842 "'
1093 2825 1152 2852 Lib.
1170 2833 1200 2851 nt
1228 2824 1340 2856 llist0r.,
1368 2833 1426 2860 cap.
1459 2826 1503 2852 '29.
1553 2826 1575 2841 ⁸⁸
1590 2825 1690 2854 "teres.
1715 2826 1778 2860 ’ΞΓὶῆ
1795 2828 1818 2854 Ξ.

1614 2844 1690 2854 “uva.
1717 2844 1778 2862 -.ιη
1795 2844 1818 2854 ο.
