1893 3101
66 178 97 204 25
495 175 590 203 PRIMI
610 175 786 203 ECCLESIIE
808 173 943 201 SECULI
964 171 1228 200 SCRIPTORIBUS..
1642 170 1676 197 ‘26

63 238 94 264 nii
113 241 137 264 et
150 234 290 262 Philastrii
316 234 420 270 opinio.
441 234 542 269 quibus
566 235 750 270 astipulantur
764 233 839 260 llila-
853 234 1035 263 Amonstrat.
1069 229 1202 258 Clementi
1237 228 1403 263 astipulatur
1435 231 1497 264 post
1529 227 1675 255 Eusebium

62 284 112 309 rius
122 281 154 314 ⁸⁷,
165 280 347 316 Hieronymus
358 280 392 312 ",
407 279 527 308 lsidorus
535 279 571 312 ",
586 280 686 315 aliique
702 286 757 306 non
772 285 839 313 pau-

62 328 94 355 ci.
104 326 131 353 In
142 333 234 354 eorum
250 329 341 353 tamen
355 332 435 360 grege
446 324 630 352 Tertullianus
642 331 698 352 non
708 331 840 351 annume-

64 372 153 400 randus
167 375 219 400 est.
237 371 311 399 Nihil
326 372 397 399 enim
412 371 445 399 de
459 371 572 399 Nicolao
587 372 634 398 illo
648 371 768 406 scripsit.
785 369 839 397 nisi

64 420 86 447 in
95 418 176 453 capite
189 418 225 446 45
240 413 318 441 Libri
329 416 361 443 de
369 415 610 452 praseriptionibut
624 427 634 445 .-
646 416 719 452 quod
730 415 839 451 quidem

64 467 133 498 caput
154 462 240 490 eidem
262 462 333 490 libro
353 463 387 490 ab
410 463 559 499 impostore
582 461 700 497 quodam
715 464 838 491 assutum

66 509 138 537 fuisse
150 509 204 544 jam
217 509 434 537 observavimus.

93 553 266 589 Eelragantur
279 558 370 581 autem
384 554 448 581 huic
463 556 503 580 tot
516 555 709 586 tantorumque
719 550 839 578 virorum

64 599 191 627 Sententia:
204 599 356 634 scriptores
370 598 506 630 nonnulli,
523 598 653 632 aiuntque
666 596 717 627 hos
731 595 840 622 haereti-

67 652 113 675 :os.
123 648 150 671 ut
171 644 349 672 celeberrimo
365 643 481 676 alicujus
493 642 614 669 auctoris
625 641 735 668 nomine
747 639 839 666 fucum

64 691 118 718 aliis
139 690 268 722 facerent,
285 690 360 717 hunc
384 689 525 716 Nicolaum
541 688 593 716 srbi
617 687 686 714 falso
709 686 840 714 ascivisse

65 741 134 764 secta
155 743 210 763 sua:
233 736 397 770 principem.
414 734 522 762 Scimus
533 733 643 769 quidem
658 733 685 760 in
700 732 839 768 lgnatiana

65 782 167 818 quadam
180 782 295 816 epistola
312 780 380 808 illud
395 783 489 815 aperte
498 780 585 807 asseri
596 779 619 796 9°
632 789 639 806 :
653 778 747 813 Fugite
758 778 842 812 impu-

64 838 101 856 ros
115 828 270 859 Nicoluitas,
283 827 383 862 falsum
397 826 447 854 sibi
459 834 550 853 nomen
564 829 703 856 sumentes;
715 823 762 851 scd
778 831 840 851 cum

66 874 113 901 hac
126 874 202 901 verba
220 873 428 908 interpolatoris
449 873 513 904 sint,
530 879 585 899 non
600 879 664 899 vero
684 869 790 906 lgnatii,
807 878 839 897 ex

66 920 93 947 iis
106 918 219 954 profecto
234 918 306 945 nihil
327 918 394 945 certi
409 917 535 945 concludi
554 920 653 951 potest.
670 915 840 950 Quapropter

65 965 186 998 opinionis
211 965 288 992 illius
315 963 437 991 fautores
453 966 479 990 et
504 961 612 997 patroni
636 969 670 989 ex
693 959 840 989 Clementis

66 1010 226 1038 Alexandrini
248 1009 414 1037 auctoritate
435 1008 551 1036 validius
573 1012 673 1035 eruunt
693 1014 839 1042 argumen-

65 1061 122 1084 tum.
133 1055 156 1084 ls
169 1057 239 1084 enim
255 1055 407 1082 Nicolaitas
421 1054 521 1090 arguit,
533 1054 606 1089 quod
621 1054 648 1081 in
660 1053 772 1081 haeresis
785 1060 841 1080 sua:

67 1103 285 1130 conﬁrmationem
303 1102 385 1129 verba
397 1100 502 1128 Nicolai
518 1107 617 1135 pravos
631 1100 658 1126 in
681 1106 778 1127 sensus
791 1098 840 1125 de-

67 1152 207 1184 lorquerent
220 1158 226 1175 ε
242 1147 323 1174 Tales
340 1150 410 1179 sunt,
424 1145 564 1181 inquiebat
584 1145 629 1172 ille
640 1144 676 1177 ",
690 1144 735 1179 qui
750 1143 841 1170 dicunt

67 1203 90 1222 te
101 1195 165 1230 sequi
179 1194 334 1227 Nicolaum,
350 1193 507 1221 adducentes
522 1192 579 1227 ejus
594 1192 649 1218 uiri
658 1190 758 1226 aliquid
771 1190 842 1217 litte-

67 1249 143 1268 rarum
157 1241 332 1268 monumentis
353 1239 518 1271 mandatum,
533 1237 578 1266 sed
600 1237 633 1264 ab
646 1237 682 1264 eis
702 1236 840 1267 detectum,

68 1296 143 1322 nempe
154 1295 162 1314 :
175 1287 304 1322 Oportere
317 1294 396 1313 carne
410 1286 460 1313 uti.
476 1284 527 1312 Sed
544 1285 589 1311 ille
602 1283 705 1319 quidem
718 1283 757 1310 vir
770 1290 840 1317 pra:-

68 1334 144 1361 rlarus
157 1333 325 1369 signiﬁcabat
341 1337 458 1367 oportere
473 1331 616 1366 voluptates
630 1339 717 1358 arcere
731 1335 755 1357 et
770 1330 843 1364 cupi-

68 1380 160 1411 ditates,
182 1385 206 1407 et
224 1380 274 1407 hac
299 1379 486 1406 exercitatione
509 1377 641 1404 marcidus
666 1375 842 1412 ﬂaccidasque

68 1424 160 1452 reddere
169 1425 254 1452 carnis
270 1424 442 1459 appetitiones
457 1427 481 1450 et
495 1422 620 1449 insulsus.
634 1422 686 1455 Qui
697 1425 783 1448 autent
798 1421 842 1447 itt-

69 1476 117 1498 ttar
130 1470 256 1498 hircorum
271 1475 336 1497 sunt
349 1470 425 1504 effusi
439 1469 466 1496 in
480 1468 695 1503 voluptatem.....
711 1467 842 1494 decretum

70 1518 139 1550 ipsius
152 1517 303 1551 voluptatis,
317 1524 368 1542 non
381 1519 468 1542 autem
479 1515 528 1541 viri
538 1514 676 1549 apostolici
687 1518 841 1549 sequuntur.

70 1562 98 1588 At
109 1561 226 1590 Clemens
239 1561 384 1588 Nicolaum
400 1559 472 1587 haud
486 1559 567 1587 dubie
579 1559 668 1586 virum
680 1558 840 1594 praeclarum

69 1612 92 1635 et
103 1607 273 1643 apostolicum
292 1615 346 1635 non
358 1604 532 1642 appellasset,
550 1605 572 1632 si
588 1609 642 1632 tam
656 1610 746 1638 pravae
758 1603 843 1631 haere-

70 1661 123 1681 seos
136 1661 230 1689 parens
244 1653 344 1682 fuisset
359 1657 385 1680 et
400 1656 506 1680 auctor.

100 1699 162 1732 Quid
175 1699 268 1734 plura?
283 1698 356 1726 Idem
369 1697 494 1726 Clemens
505 1703 614 1724 omnem
629 1695 729 1732 impuri
748 1694 844 1724 erimi-

71 1745 115 1775 nis.
129 1745 160 1772 ab
172 1745 265 1773 iisdem
282 1744 416 1772 haereticis
426 1743 538 1771 Nicolao
552 1743 646 1777 inusti,
662 1743 844 1778 suspicionem

71 1791 163 1826 egregie
175 1791 285 1826 depellit
296 1791 319 1806 "
332 1801 338 1818 :
351 1790 417 1818 Cum
431 1795 520 1818 autem
531 1791 564 1818 de
578 1791 649 1818 dicto
670 1789 784 1818 Nicolao
805 1790 846 1817 lo-

71 1842 202 1868 queremur,
218 1836 286 1862 illud
298 1836 525 1870 pratermisimus.
543 1834 610 1863 Cum
630 1835 785 1870 formosam,
801 1836 845 1862 in-

73 1881 166 1914 quiunt,
184 1881 289 1909 haberet
307 1889 416 1908 uxorem
427 1901 435 1914 ,
454 1886 479 1908 et
499 1885 557 1916 post
574 1881 722 1909 Servatoris
741 1890 846 1909 assum-

73 1927 171 1959 ptiouem
181 1929 204 1954 ei
213 1928 305 1963 fuisset
322 1927 354 1955 ab
363 1927 489 1962 apostolis
503 1927 648 1962 exprobata
663 1928 803 1963 selotypia,
817 1929 845 1955 in

75 1973 173 2000 medium
185 1974 301 2002 adducta
317 1974 435 2007 muliere,
449 1975 566 2009 permisit
580 1974 623 2002 cui
636 1974 712 2001 vellet
724 1982 782 2001 eam
796 1982 846 2001 nu-

75 2020 132 2048 bere.
142 2021 220 2048 Aiunt
233 2022 304 2048 enim
319 2021 385 2047 hanc
399 2029 486 2048 vocem
506 2020 548 2047 illi
561 2021 616 2048 voci
634 2026 845 2052 consentaneum,

74 2074 122 2101 qua:
141 2067 210 2100 dicit,
225 2067 294 2103 quod
316 2074 394 2094 carne
417 2066 456 2093 uti
476 2070 604 2100 oporteat,
620 2066 726 2101 ejusque
746 2066 846 2100 factum

74 2117 94 2138 et
103 2112 193 2141 dictum
202 2113 331 2146 absolute,
341 2117 365 2140 et
376 2111 568 2140 inconsiderate
578 2117 722 2147 sequentes,
735 2113 779 2147 qui
789 2111 846 2146 ejus

76 2158 179 2186 heresim
199 2163 407 2195 persequuntur,
427 2158 593 2192 impudenter
613 2158 743 2194 effuseque
762 2158 847 2192 forni-

76 2210 164 2233 cantur.
176 2205 230 2241 Ego
247 2210 336 2234 autem
349 2205 429 2232 audio
451 2204 595 2232 Nicolaum
609 2204 710 2232 nullum
732 2213 847 2240 unquam

890 277 1089 305 Theodoretus.
1103 276 1141 303 Ex
1154 276 1236 302 allato
1248 275 1350 310 quippe
1360 274 1509 302 Clementis
1522 274 1677 301 testimonio

889 323 930 350 sic
945 323 990 350 ille
1005 321 1144 350 concludit
1155 321 1178 338 "
1191 331 1198 349 :
1211 320 1253 347 Ea:
1274 320 1367 356 quibus
1391 319 1489 355 liquido
1505 321 1676 353 convincitur,

890 369 959 403 falso
972 368 1021 395 sibi
1035 368 1066 395 de
1079 368 1155 402 hujus
1168 366 1342 402 appellatione
1354 374 1446 393 nomen
1457 372 1581 402 arrogare
1596 365 1679 392 Nico-

890 415 981 442 laitas.
1006 414 1140 442 Eusebius
1162 421 1227 440 vero
1242 413 1265 429 ”
1287 423 1294 440 :
1317 412 1354 439 Hi
1379 412 1519 440 Nicolaum
1540 413 1678 448 quemdam

889 468 971 486 unum
990 467 1023 486 ex
1038 459 1103 490 illis,
1117 459 1162 494 qui
1180 458 1215 485 ad
1228 466 1319 485 curam
1335 458 1440 492 inopum
1453 457 1605 492 gerendam,
1626 466 1678 485 una

889 514 948 532 cum
961 505 1093 539 Stephano
1109 505 1140 531 ab
1151 505 1276 539 apostolis
1287 505 1423 532 constituti
1438 505 1541 539 fuerant
1553 504 1677 533 ministri.

890 558 966 581 secta
980 561 1032 580 sua-
1050 557 1183 578 auctorem
1194 550 1344 585 jactabant.
1361 550 1431 583 Quid
1443 550 1516 577 aliud
1530 550 1582 578 hoc
1597 550 1681 578 verbo

885 599 1036 635 jactabant,
1053 598 1142 625 innuit
1164 597 1309 629 Eusebius,
1326 604 1407 632 quam
1430 595 1573 624 Nicolaum
1597 596 1679 630 hujus

890 645 1025 672 hEI‘CSCOS
1039 650 1094 670 non
1109 651 1169 671 esse
1183 642 1341 669 auctorem?

925 690 1010 716 Porro
1028 693 1117 716 autem
1135 688 1198 724 quid
1209 687 1244 715 dc
1259 687 1310 714 hac
1321 687 1482 722 quaestione,
1494 693 1576 722 quam
1591 689 1680 712 tanto-

890 743 951 762 rum
966 734 1077 762 Patrum
1092 733 1241 760 auctoritas
1254 732 1364 760 dubiam
1386 731 1486 763 reddit,
1503 730 1679 758 statuendum

890 781 937 812 sit,
953 779 987 807 ab
999 779 1060 807 aliis
1072 778 1209 805 lubentius
1225 777 1378 804 audiemus.
1394 775 1473 802 Enim
1485 782 1549 802 vero
1561 773 1680 801 [renatus

890 829 917 854 et
933 825 1072 857 Clemens,
1088 824 1257 858 antiquiores
1277 827 1303 850 et
1317 822 1444 857 praecipui
1455 821 1598 855 utriusque
1619 820 1680 854 opi-

891 873 982 900 nionis
996 871 1127 902 fautores,
1143 870 1226 898 coaavi
1242 873 1329 900 erant,
1347 872 1373 896 et
1389 876 1404 894 a
1421 867 1526 894 Nicolai
1551 866 1682 901 tempori-

890 919 942 946 bus
957 922 1011 944 tam
1026 924 1123 951 parum
1139 915 1247 946 remoti,
1262 918 1292 941 ut
1306 914 1339 941 ab
1353 913 1477 948 ejusdem
1489 912 1594 940 Nicolai
1613 912 1681 938 ami-

890 965 931 991 cis
946 967 991 989 aut
1007 961 1152 996 discipulis
1172 960 1312 996 potuerint
1335 959 1415 986 facile
1427 958 1545 990 discere,
1560 965 1625 984 num
1647 957 1682 984 ab

890 1010 937 1037 illo
946 1016 1009 1036 vere
1025 1007 1146 1043 profecta
1158 1007 1193 1034 sit
1205 1014 1237 1033 ea
1253 1006 1374 1032 haeresis.
1389 1005 1420 1031 Et
1435 1004 1560 1032 Clemens
1572 1002 1681 1038 quidem

891 1063 921 1082 se
935 1055 961 1082 id
977 1042 1032 1081 non
1046 1052 1222 1087 indiligenter
1243 1050 1422 1085 investigasse
1441 1042 1593 1084 ‘significat.
1610 1047 1681 1081 Quid

890 1107 955 1127 vero
976 1098 1048 1134 quod
1072 1097 1100 1124 in
1130 1096 1190 1130 ejus
1205 1094 1343 1130 opinionis
1366 1094 1568 1120 ﬁrmamentum
1584 1091 1682 1124 adduci

892 1145 958 1173 illud
972 1148 1073 1180 potest,
1085 1143 1158 1178 quod
1176 1141 1312 1169 haereticis
1323 1141 1351 1168 in
1360 1147 1436 1167 more
1446 1139 1563 1174 positum
1581 1138 1617 1165 sit
1629 1145 1684 1164 ma-

891 1198 973 1228 gnum
988 1190 1041 1218 sibi
1055 1188 1200 1225 quemdam
1215 1188 1350 1215 haereseos
1365 1193 1422 1214 Suae
1435 1185 1567 1213 advocare
1584 1188 1682 1211 aucto-

891 1236 962 1264 rem?
971 1235 1065 1270 Neque
1080 1238 1170 1262 tamen
1181 1241 1214 1261 eo
1231 1232 1399 1268 repudianda
1410 1234 1452 1259 est
1467 1230 1560 1258 lrenaei
1574 1232 1685 1257 senten-

890 1282 939 1314 tia,
956 1281 1020 1317 quia
1033 1281 1068 1308 ab
1081 1287 1135 1308 uno
1148 1287 1182 1307 ex
1197 1282 1300 1314 septem
1312 1277 1408 1312 primis
1424 1276 1552 1304 Ecclesia:
1561 1275 1684 1302 diaconis

892 1327 1016 1355 haeresim
1031 1327 1106 1354 illam
1119 1329 1209 1353 ortum
1224 1332 1303 1352 suum
1322 1323 1434 1351 duxisse
1451 1321 1629 1358 improbabile
1644 1321 1687 1348 vi-

892 1373 998 1403 deatur.
1014 1371 1081 1398 Nam
1095 1378 1158 1398 cum
1176 1370 1301 1398 Christus
1316 1369 1351 1396 ab
1363 1375 1418 1395 uno
1437 1375 1453 1395 e
1468 1375 1526 1395 suis
1541 1365 1684 1401 apostolis,

892 1425 927 1445 ne
941 1417 1094 1445 doctrinam
1109 1423 1187 1443 suam
1202 1417 1373 1450 propagaret,
1390 1413 1423 1440 ad
1436 1420 1528 1440 necem
1543 1412 1580 1440 sit
1592 1411 1685 1440 vendi-

893 1466 948 1496 tus,
962 1463 1051 1498 potuit
1066 1466 1093 1490 et
1108 1469 1180 1490 unus
1193 1469 1227 1489 ex
1241 1464 1344 1496 septem
1360 1459 1414 1487 illis
1432 1458 1556 1486 diaconis
1567 1457 1684 1493 alicujus

893 1509 1029 1537 haereseos
1044 1509 1173 1536 inventor
1186 1514 1248 1535 esse
1263 1514 1294 1533 ac
1308 1505 1505 1541 promulgator.

1200 1551 1314 1580 CAPUT
1333 1550 1377 1579 lX.

966 1602 1032 1636 Qute
1047 1610 1080 1630 es:
1093 1601 1142 1628 hac
1156 1601 1287 1628 harescon
1302 1599 1475 1634 descriptione
1489 1597 1614 1625 utilitas?

931 1649 1080 1683 Quorsum,
1095 1647 1213 1684 inquies.
1227 1647 1273 1674 illa
1287 1649 1328 1673 tot
1341 1645 1481 1672 haereseon
1493 1642 1642 1678 descriptio
1653 1649 1685 1670 ac

895 1695 1027 1724 historia?
1039 1694 1135 1722 Nonne
1150 1692 1191 1721 illi
1204 1692 1331 1719 humana:
1346 1689 1447 1717 mentis
1458 1687 1685 1716 monstrosissimi

895 1746 990 1779 partus
1004 1744 1134 1776 perpetuo
1144 1738 1252 1767 silentio
1263 1735 1412 1772 sepeliendi
1432 1734 1526 1762 erant?
1535 1732 1605 1766 Quid
1619 1739 1685 1759 vero

895 1778 929 1818 ex
942 1789 994 1816 hac
1009 1787 1106 1815 odiosa
1125 1786 1293 1819 molestaque
1306 1781 1565 1810 commemoratione
1587 1779 1613 1806 in
1635 1778 1685 1806 Ec-

895 1836 1007 1864 clesiam
1021 1831 1209 1863 emolumenti,
1224 1834 1252 1858 et
1274 1830 1302 1857 in
1327 1829 1444 1856 lectores
1461 1825 1603 1854 utilitatis?
1625 1824 1685 1852 Non

896 1882 1039 1910 minimum
1065 1882 1150 1907 certe.
1173 1876 1239 1904 Nam
1255 1878 1436 1911 praeterquam
1459 1871 1531 1907 quod
1546 1871 1685 1898 hacrcseon

896 1927 1052 1963 cognitione
1072 1929 1282 1957 nonnunquam,
1304 1920 1344 1948 uti
1363 1919 1494 1950 diximus,
1510 1916 1686 1945 obscuriores

896 1974 1006 2002 Patrum
1023 1971 1076 1999 loci
1092 1969 1201 1997 facilius
1218 1967 1418 2002 intelliguntur,
1434 1964 1497 1992 inde
1511 1963 1594 1991 etiam
1613 1962 1686 1989 into-

897 2019 1017 2048 lerabilis
1031 2017 1183 2048 hominum,
1195 2021 1264 2042 nova
1277 2019 1386 2048 semper
1397 2011 1576 2041 molientium,
1591 2016 1686 2043 super-

895 2067 941 2094 bia
957 2064 1123 2095 retunditur,
1138 2069 1171 2089 ac
1188 2060 1298 2088 tandem
1314 2058 1423 2086 funesto
1437 2055 1626 2084 haereticorum
1639 2061 1686 2081 ca-

896 2122 929 2142 su
939 2111 1074 2141 Catholici
1086 2110 1155 2138 fiunt
1169 2107 1316 2136 cautiores.
1329 2105 1359 2133 in
1372 2103 1468 2140 primis
1480 2106 1572 2130 autem
1584 2108 1618 2129 ex
1631 2100 1684 2128 hac

896 2159 1046 2187 errantium
1061 2161 1240 2189 errorumque
1253 2152 1368 2180 historia
1382 2150 1492 2178 discunt
1507 2154 1612 2179 omnes,
1626 2152 1690 2181 qua:

897 2205 980 2233 fuerit
993 2204 1026 2232 ab
1041 2201 1171 2230 Ecclesiae
1183 2199 1319 2236 principio
1333 2204 1399 2226 vera
1421 2200 1448 2224 et
1462 2193 1598 2223 catholica
1619 2192 1688 2220 fich

77 2251 132 2283 alia,
141 2240 215 2287 quam
224 2260 256 2279 ea
268 2260 328 2287 que
336 2252 362 2279 ei
372 2255 506 2286 nupserat,
519 2258 600 2278 ustore
614 2258 691 2278 usum
701 2259 766 2282 esse,
779 2255 803 2277 et
813 2258 846 2277 ea:
862 2257 884 2285 ι)
898 2261 930 2281 ac
941 2251 1076 2280 doctrina.
1100 2248 1190 2283 Atque
1205 2255 1240 2274 ne
1263 2248 1341 2273 extra
1353 2243 1473 2279 primum
1495 2240 1625 2269 Ecclesia:
1635 2246 1687 2267 sa:-

76 2296 137 2323 illius
151 2298 235 2325 liberis
246 2298 318 2333 ﬁlias
331 2296 434 2333 quidem
445 2296 612 2324 consenuisse
625 2296 747 2331 virgines,
759 2296 845 2331 ﬁlium

79 2347 150 2370 autem
162 2345 332 2378 permansisse
346 2344 536 2378 incorruptum.
551 2342 617 2376 Qua:
630 2351 690 2369 cum
701 2343 740 2370 ita
754 2351 782 2370 se
797 2342 846 2370 ha-

79 2387 151 2420 beant.
165 2391 219 2417 uitii
233 2395 290 2417 erat
304 2390 423 2425 depulsio
434 2393 512 2422 atque
526 2389 679 2424 expurgatio
692 2388 720 2415 in
732 2387 846 2415 medium

79 2435 237 2468 apostolorum
247 2436 413 2463 circumactio
425 2435 527 2467 uxoris,
539 2435 614 2469 cujus
625 2434 761 2462 dicebatur
774 2435 848 2462 labo-

79 2489 128 2509 rare
137 2483 276 2518 selotypia;
291 2489 315 2510 et
329 2483 488 2510 continentia
501 2491 518 2508 a
532 2481 708 2516 uoluptatibus
723 2490 781 2517 qua:
795 2490 849 2509 ma-

79 2535 120 2562 gno
129 2528 209 2556 studio
222 2533 361 2563 parantur,
373 2527 483 2556 docebat
494 2528 565 2555 istud
578 2538 584 2556 :
597 2528 637 2554 uti
647 2536 736 2559 carne,
752 2527 800 2554 hoc
810 2532 849 2555 est

79 2581 181 2602 exercere
199 2584 312 2603 carnem.
329 2574 420 2609 Neque
433 2575 513 2608 enim,
534 2579 563 2602 ut
577 2574 709 2606 existimo,
729 2574 849 2601 volebant

79 2621 240 2648 conuenienter
254 2621 360 2648 Domini
371 2625 498 2654 praecepto
519 2620 620 2647 duobus
635 2619 749 2647 dominis
768 2620 850 2646 servi-

80 2671 112 2696 re,
130 2666 250 2700 uoluptati
276 2671 300 2695 et
313 2666 379 2694 Deo.
399 2665 438 2692 ita
452 2665 496 2692 ille
510 2669 538 2692 et
556 2665 638 2692 verba
653 2663 757 2691 Nicolai
778 2664 849 2692 male

81 2709 251 2747 interpretata,
261 2718 288 2741 et
301 2719 409 2741 errores
425 2711 464 2738 illi
478 2710 548 2738 falso
563 2710 711 2745 imputatos
725 2717 787 2738 esse
801 2709 849 2737 de-

111 2812 131 2830 ’ν
150 2813 213 2850 Cap.
246 2816 281 2844 25
311 2816 340 2842 in
374 2814 471 2842 Matth.

84 2855 135 2883 cap.
147 2849 173 2877 5.

531 2814 554 2829 ⁸⁸
579 2813 683 2848 Epist,
703 2820 722 2839 ll
761 2813 793 2840 ad
824 2813 960 2841 Heliodor.

217 2836 341 2879 οιῗιλῖιῖ
357 2836 471 2884 οῖίᾶξὶιΪ
497 2836 807 2884 κΕρίξῖζᾱτῆᾆιιοῖιὲ.
824 2836 1206 2883 Ἴτ’ἰῖιέῗιιεῗῖἇζηαιξξξιῖιὲιί
1228 2836 1307 2872 ‘med'.
1347 2844 1369 2859 η
1393 2841 1452 2869 Lib.
1485 2847 1514 2867 ιιι
1540 2836 1683 2866 Stromut.,

897 2298 990 2326 culum
1004 2297 1134 2324 excurrat
1153 2292 1254 2324 oratio,
1271 2299 1305 2319 ex
1319 2290 1363 2317 his
1385 2296 1446 2325 qua:
1459 2295 1475 2315 a
1494 2286 1574 2315 nobis
1594 2285 1686 2312 haete-

898 2351 951 2371 nus
964 2342 1104 2377 disputata
1122 2342 1197 2371 sunt,
1214 2337 1318 2373 liquido
1333 2335 1480 2371 colligitur,
1495 2332 1561 2368 quid
1575 2331 1608 2360 de
1621 2338 1690 2366 pra:-

898 2388 988 2423 cipuis
1002 2386 1064 2414 fidei
1079 2388 1181 2413 nostras
1192 2382 1326 2414 articulis,
1341 2388 1411 2416 quos
1426 2378 1591 2414 respuebant
1605 2377 1688 2404 hare-

898 2421 955 2466 tici,
972 2433 1006 2461 iis
1028 2431 1197 2466 temporibus
1211 2429 1247 2457 sit
1270 2431 1406 2456 assertum
1425 2429 1451 2453 et
1465 2423 1617 2453 deﬁnitum.
1633 2421 1689 2450 Ve-

897 2487 958 2508 rum
980 2479 1053 2507 enim
1068 2485 1131 2506 vero
1151 2483 1214 2504 cum
1229 2474 1358 2502 Ecclesiae
1370 2472 1465 2500 Patres
1480 2469 1582 2498 erroris
1602 2468 1688 2496 haere—

898 2533 1015 2560 seosque
1037 2531 1086 2552 eos
1113 2522 1318 2553 condemnant,
1345 2518 1393 2554 qui
1415 2517 1555 2545 Christum
1580 2521 1689 2542 merum

885 2571 1048 2602 hominem,
1063 2577 1097 2597 ex
1114 2568 1199 2596 Maria
1212 2571 1239 2595 et
1259 2566 1371 2601 Ioseph,
1389 2571 1444 2592 non
1464 2569 1545 2590 secus
1558 2568 1591 2587 ac
1607 2563 1688 2587 caete-

898 2625 945 2645 ros
968 2616 1104 2647 homines,
1120 2613 1251 2650 genitum.
1266 2619 1318 2640 nec
1332 2610 1405 2638 Patri
1429 2612 1532 2637 interno
1553 2606 1684 2641 aequalem

901 2670 1024 2692 asserere
1039 2661 1098 2688 ausi
1114 2663 1193 2692 sunt,
1209 2658 1273 2686 inde
1288 2655 1437 2685 concludas
1451 2657 1558 2689 Oportet
1575 2651 1686 2680 eosdem

900 2709 995 2737 Patres
1011 2708 1063 2735 fide
1076 2706 1233 2736 certissima
1245 2703 1396 2733 credidisse
1410 2701 1551 2730 Christum
1566 2706 1628 2727 esse
1643 2696 1687 2724 Fi-

1000 2817 1062 2848 post
1111 2811 1206 2846 med.,
1224 2813 1252 2838 et
1280 2808 1369 2848 e_pist_._
1469 2804 1513 2848 ad
1543 2801 1685 2848 §abiuian.

84 2883 153 2919 iunge
170 2890 227 2920 post
249 2886 308 2914 init.
346 2886 369 2904 "
383 2883 447 2913 Loc.
463 2886 511 2912 cit.
547 2883 569 2900 ”
587 2883 645 2911 Lib.
657 2891 686 2910 ιιι
701 2883 802 2911 llistor.
819 2892 899 2920 ,cup.
911 2884 940 2910 “2.
