1893 3101
172 134 207 162 27
767 134 812 161 DE
830 133 983 162 OMNIBUS
1002 133 1203 164 GENERA'HM
1764 140 1804 168 28

172 191 238 218 lium
255 188 313 220 Dei.
330 188 403 217 Patri
419 197 470 218 suo
483 193 587 220 aeterno
600 190 743 226 aequalem,
757 198 791 218 ex
806 191 890 218 Maria
904 190 967 218 Vir-
980 192 1004 219 Δ
1018 190 1180 226 imbuerent,
1197 193 1243 228 qui
1258 193 1363 222 divinis
1372 201 1467 222 eorum
1479 195 1652 223 sermonibus
1667 196 1701 224 ad
1717 196 1800 225 fldein

172 235 245 270 gine,
262 234 320 262 sola
337 234 458 270 Spiritus
474 236 562 264 sancti
583 236 683 264 virtute
697 235 811 265 editum.
829 236 898 264 Hinc
913 244 964 264 au-

172 285 228 307 tem
253 287 351 308 rursus
381 281 495 316 colligas
519 289 633 309 necesse
660 285 702 309 est
727 282 907 309 orthodoxam
931 282 965 310 de

172 325 276 354 Christi
290 325 442 357 divinitate,
456 333 565 361 unaque
579 327 653 355 illius
668 334 730 354 cum
745 327 825 355 Patre
839 328 965 355 substan-

174 372 222 405 tia,
239 380 287 400 seu
312 372 597 400 consubstantialitatc
621 373 773 400 doctrinam
798 380 814 399 a
835 372 965 401 Patribus

173 418 253 453 primi
271 417 398 446 Ecclesia:
413 418 516 450 saeculi,
531 423 558 446 et
572 418 651 454 longe
665 422 729 446 ante
741 417 880 446 Nicaeuum
898 426 966 446 con-

173 463 266 490 cilium
286 462 372 491 fuisse
392 463 532 495 traditam,
548 467 681 491 asset-tam
703 466 730 490 et
752 467 963 499 propugnatam.

185 513 244 536 dem
260 509 374 544 quilibet
387 514 415 538 et
429 509 463 538 de
479 509 541 538 aliis
555 509 710 545 quibusque
725 510 878 542 erroribus,
894 517 964 544 quos

174 555 209 582 ab
231 555 367 583 haereticis
390 555 518 583 defensos
532 575 540 588 ,
565 563 580 582 a
608 555 736 583 Patribus
761 555 878 590 rejectos
902 563 965 583 esse

173 600 304 632 diximus,
317 601 451 635 judicium
467 601 538 629 ferre
552 601 642 629 debet.

209 646 269 672 Alia
289 654 397 682 quoque
415 655 449 674 ex
472 647 568 675 iisdem
595 647 731 675 haereticis
752 646 816 675 inde
835 650 899 674 nata
921 650 964 675 est

174 691 306 720 Ecclesia:
327 694 442 725 utilitas,
465 692 539 728 quod
565 693 583 720 ii
608 692 736 720 Ecclesia:
755 692 883 720 Patribus
898 700 963 720 suos

173 739 306 767 adversus
321 739 440 767 haereses
455 740 540 767 libros
552 743 580 767 et
594 742 729 767 tractatus
755 746 826 774 quos
837 738 962 767 fortassis

174 794 314 821 nunquam
324 786 483 818 edidissent,
494 786 631 814 scribendi
642 786 767 813 dederint
778 785 964 813 occasionem.

174 832 223 859 llis
233 839 298 867 ergo
310 832 455 864 haereticis,
473 832 536 859 licet
550 831 644 859 invitis
655 835 682 859 et
697 831 798 866 saepius
811 830 962 858 reclaman-

173 879 259 910 tibus,
275 878 407 906 debemus
421 879 541 913 pretiosa
554 878 599 905 illa
613 882 752 905 tantorum
768 877 888 905 virorum
902 884 962 904 mo-

173 927 316 956 numenta,
332 932 365 952 ex
379 924 481 959 quibus
497 931 639 952 sacrorum
654 923 717 951 ﬁdei
731 924 888 959 dogmatum
905 927 962 951 tra-

174 969 242 996 ditio
255 967 288 995 ad
303 976 353 997 nos
367 977 453 1004 usque
470 968 587 997 deducta
601 973 653 996 est.
667 968 760 1003 Neque
775 968 852 996 aliud
865 968 916 995 hac
931 967 959 995 in

174 1023 204 1042 re
226 1015 315 1050 magis
338 1015 495 1050 lugendum,
517 1023 597 1050 quam
621 1014 693 1050 quod
718 1015 810 1042 omnia
830 1014 965 1050 ejusmodi

174 1060 275 1095 scripta
290 1059 323 1087 ad
335 1068 385 1088 nos
405 1068 460 1088 non
474 1061 564 1088 solum
580 1068 636 1088 non
647 1061 832 1096 pervenerint,
848 1060 896 1089 sed
912 1068 963 1088 nec

175 1106 229 1133 ulla
245 1107 362 1141 plurium
384 1111 474 1135 exstet
498 1107 615 1142 amplius
639 1107 781 1138 memoria.
807 1114 858 1135 nec
878 1107 962 1134 ullum

174 1160 268 1180 eorum
289 1152 365 1180 ullibi
382 1152 462 1181 nobis
477 1153 619 1188 vestigium
640 1152 770 1187 supersit.

487 1209 602 1237 CAPUT
622 1209 656 1237 X.

293 1255 330 1282 De
344 1256 493 1283 scholarum
506 1256 719 1284 Christianarum
733 1256 844 1292 origine.

211 1301 362 1329 Adversum
393 1301 535 1330 haereticos
563 1310 618 1329 non
648 1302 754 1330 calamo
782 1303 915 1330 duntaxat
936 1307 964 1330 et

175 1350 298 1385 scriptis,
309 1350 357 1377 sed
369 1349 431 1376 viva
445 1350 527 1376 etiam
540 1357 618 1381 voce,
631 1349 772 1384 variisque
788 1350 962 1378 sermonibus

174 1394 353 1423 decertabant
368 1395 516 1429 scriptorcs
530 1395 629 1427 nostri,
647 1394 874 1431 Christianosque
899 1403 962 1423 cum

174 1449 282 1470 morum
304 1442 459 1476 praeceptis,
486 1445 543 1468 tum
559 1441 621 1468 fidei
644 1441 770 1468 doctrina
788 1441 961 1469 erudiebant.

175 1487 239 1514 Illos
254 1490 344 1514 autem
356 1494 388 1514 ea
403 1486 537 1514 docebant
551 1487 578 1514 in
595 1486 661 1514 locis
677 1486 803 1522 privatis,
825 1494 857 1514 ac
873 1495 962 1522 quan-

174 1534 265 1568 doque
285 1533 411 1568 publicis,
430 1537 562 1568 quantum
580 1533 719 1569 pacatiora
736 1535 961 1569 persecutionum

175 1582 300 1614 tempora
323 1579 348 1606 id
372 1579 506 1611 ferebant,
519 1579 560 1607 vel
575 1586 623 1607 eos
638 1587 761 1607 summus
775 1577 899 1616 martyrii
918 1588 963 1608 ar-

175 1625 226 1652 dor
244 1625 277 1652 ad
293 1624 493 1660 praedicandam
509 1624 587 1652 fidem
604 1624 768 1659 impellebat.
787 1625 826 1653 Ac
842 1626 962 1661 primum

175 1670 285 1706 quidem
303 1674 380 1697 extra
402 1671 619 1698 controversiam
642 1676 685 1700 est
707 1673 858 1708 apostolos,
880 1677 963 1709 atque

175 1724 270 1744 eorum
292 1716 442 1752 discipulos
463 1717 490 1744 in
505 1717 626 1745 vicorum
642 1718 805 1754 urbiumque
815 1719 919 1754 plateas
937 1724 963 1747 ct

175 1762 306 1797 compita,
324 1762 351 1789 in
365 1761 521 1790 Judaeorum
544 1769 696 1800 synagogas
711 1768 738 1793 et
751 1765 860 1794 scholas
874 1766 964 1802 genti-

176 1809 242 1836 lium
258 1816 319 1837 sese
345 1809 498 1837 incredibili
514 1817 627 1845 prorsus
638 1811 736 1839 ardore
750 1811 855 1840 idcirco
866 1817 963 1840 contu-

176 1855 252 1886 lisse,
268 1859 297 1882 ut
309 1854 485 1891 Evangelium
495 1855 608 1887 Christi,
624 1860 650 1884 et
667 1864 773 1884 sacram
787 1857 848 1892 ejus
860 1858 963 1886 doctri-

176 1909 240 1928 nam
255 1902 459 1934 annuntiarent,
475 1909 590 1937 eamque
607 1903 804 1938 persuaderent
824 1905 962 1932 omnibus.

176 1945 210 1973 Et
230 1953 297 1973 sane
311 1945 412 1974 Paulus
429 1954 491 1973 cum
506 1947 628 1974 Athenas
642 1948 763 1976 venisset
779 1958 786 1976 :
806 1948 963 1983 Disputabat

175 1992 203 2018 in
218 1990 358 2026 Synagoga
372 1999 431 2017 cum
444 1990 547 2018 Iudaeis
561 1997 585 2019 et
598 1993 754 2025 colentibus,
769 1998 794 2020 et
808 1995 835 2021 in
848 1995 907 2029 foro
918 2003 964 2030 per

176 2043 265 2062 omnes
277 2035 332 2062 dies
344 2035 379 2061 ad
392 2044 446 2067 eos,
461 2037 506 2071 qui
518 2035 638 2064 aderant.
654 2036 770 2070 Quidam
781 2042 863 2065 autem
871 2037 965 2074 Epicu-

176 2080 215 2107 rei
231 2085 256 2106 et
267 2079 351 2107 Stoici
371 2080 517 2115 philosophi
539 2080 702 2107 disserebant
731 2089 790 2108 cum
813 2090 842 2109 eo
851 2082 885 2114 ’³,
908 2087 962 2112 etc.

176 2125 247 2152 Cum
270 2127 360 2152 autem
390 2124 489 2159 Ephesi
527 2128 682 2152 moraretur
702 2136 709 2153 :
734 2125 915 2161 Introgressus
936 2129 964 2156 in

178 2170 346 2206 Synagogam
359 2179 418 2197 cum
434 2171 534 2205 ﬁducia
549 2171 705 2206 loquebatur
717 2180 763 2207 per
781 2177 833 2200 tres
852 2182 961 2208 menses,
979 2191 1003 2219 η

176 2217 316 2252 disputans
331 2221 356 2244 et
369 2217 482 2245 suadens
499 2217 531 2244 de
543 2226 621 2252 regno
642 2218 702 2246 Dei.
720 2217 788 2246 Cum
802 2224 890 2247 autem
901 2221 962 2256 qui-

177 2262 240 2289 dam
265 2263 455 2290 indurarentur
479 2268 504 2290 et
523 2272 575 2290 non
602 2263 747 2296 crederent,
780 2265 962 2294 maledicentes

177 2308 247 2336 viam
269 2308 378 2336 Domini
393 2317 482 2336 coram
503 2309 683 2340 multitudine,
701 2309 836 2338 discedens
858 2311 891 2339 ab
912 2313 960 2345 eis,

176 2355 319 2390 segregavit
334 2355 489 2389 discipulos,
512 2355 629 2390 quotidie
651 2355 791 2390 disputans
822 2357 850 2384 in
871 2358 962 2385 sc/tsla

178 2401 284 2435 tyranni
299 2401 449 2436 cujusdam.
466 2401 525 2429 Hoc
537 2405 623 2428 autem
637 2401 738 2436 factum
760 2406 800 2429 est
822 2410 868 2437 per
891 2403 963 2431 bien-

176 2447 249 2473 nium
261 2466 269 2478 ,
286 2447 324 2474 ita
345 2452 373 2474 ut
398 2455 487 2474 omnes
500 2448 546 2482 qui
563 2447 718 2474 habitabant
733 2447 759 2474 in
782 2447 846 2475 Asia
858 2468 866 2481 ,
885 2449 960 2476 audi-

176 2496 234 2519 rent
247 2492 352 2519 verbum
367 2493 473 2520 Domini
486 2493 576 2520 Judwi
590 2498 668 2529 atque
699 2493 808 2529 gentiles
821 2494 853 2522 ".
866 2494 963 2523 Nullus

177 2542 269 2566 autem
297 2539 441 2566 dubitandi
467 2540 543 2567 locus
562 2542 615 2572 est,
642 2539 709 2575 quin
724 2538 837 2572 Paulus,
860 2541 963 2576 aliique

177 2585 306 2619 apostoli,
320 2585 423 2613 similes
449 2585 511 2613 aliis
531 2585 560 2612 in
575 2584 644 2612 locis
664 2585 866 2620 disputationes
882 2586 962 2614 insti-

177 2631 290 2658 tuerint.

215 2675 244 2703 lu
273 2678 395 2712 privatas
420 2684 485 2705 vero
500 2677 597 2705 domos
612 2676 713 2711 saepius
737 2676 756 2703 ii
771 2676 940 2711 cogebantur
953 2699 960 2710 ,

180 2729 234 2756 quo
250 2730 328 2750 sacra
344 2722 535 2758 mysteriorum
553 2725 711 2750 nostrorum
736 2722 893 2757 cognitione
915 2731 964 2752 eos

217 2827 239 2841 "
260 2826 318 2854 Art.
336 2834 402 2856 xvn,
422 2827 463 2854 l7.
502 2827 524 2842 ’⁸
539 2827 598 2854 Act.
616 2833 673 2856 xix,
686 2825 702 2852 8
761 2825 781 2841 ’⁷

187 2861 221 2889 ¹Ι
251 2861 313 2890 [‘iiu.
330 2871 354 2895 ν,
367 2862 410 2891 l7.
449 2863 458 2878 ¹
473 2861 532 2890 Act.
554 2868 614 2894 λιιι,
633 2860 659 2888 l.
698 2859 739 2886 ³11
757 2859 826 2887 Tim.
839 2867 869 2893 ιι,
886 2862 909 2886 ιι

1016 237 1135 271 adducti,
1144 238 1328 267 Christianam
1339 240 1507 275 religionem,
1522 242 1644 276 pristinis
1655 243 1801 272 erroribus

1016 282 1160 318 depositis,
1176 285 1218 312 vel
1235 285 1345 320 publica
1357 286 1518 322 sinceraque
1533 287 1705 322 professione
1719 293 1800 316 erant

1015 329 1171 364 amplexati,
1187 331 1359 366 veljamjam
1374 333 1577 367 amplexaturos
1592 341 1622 361 se
1636 341 1709 365 esse,
1720 339 1800 363 certo

1016 374 1225 409 pollicebantur.
1243 374 1292 403 His
1316 380 1418 408 autem,
1440 380 1471 404 ut
1487 377 1594 411 plenius
1615 377 1677 405 fidei
1701 378 1800 406 Chris-

1015 420 1097 448 tiane
1109 423 1251 455 praeceptls
1260 425 1287 448 et
1297 420 1469 457 dogmatibus
1477 421 1702 454 informarentur,
1713 431 1800 458 quos-

1015 464 1077 492 dam
1087 465 1282 500 prazliciebant,
1297 474 1367 501 quos
1376 466 1522 502 Apostolus
1536 467 1595 502 ipse
1607 468 1735 496 doctores
1749 477 1800 503 ap-

1015 510 1108 545 pellat,
1117 514 1143 538 et
1160 519 1175 537 a
1185 511 1295 539 czeteris
1307 511 1363 539 fere
1374 512 1502 540 omnibus
1516 512 1644 541 Ecclesiae
1661 513 1798 541 ministris

1014 560 1108 591 aperte
1124 556 1267 584 discernit.
1279 556 1316 584 De
1331 557 1365 584 iis
1379 558 1479 592 quippe
1496 558 1569 585 hunc
1583 559 1611 585 in
1628 558 1739 586 modum
1752 559 1800 586 ille

1014 602 1048 629 ad
1073 600 1218 636 iEphesios
1243 602 1359 631 scribit:
1377 603 1412 630 Et
1429 604 1483 638 ipse
1501 604 1572 631 dedit
1596 605 1725 640 quosdam
1741 605 1799 640 qui-

1013 649 1072 677 dem
1087 649 1230 683 apostolos,
1246 651 1375 684 quosdam
1389 658 1448 677 vero
1458 651 1609 686 prophetas,
1624 651 1692 678 alios
1708 656 1798 678 autem

1013 698 1132 728 pastores
1152 699 1178 720 et
1190 694 1309 721 doctores
1333 695 1366 722 ³⁷.
1390 694 1422 722 Ει
1440 696 1473 722 ad
1492 693 1615 723 Corinth.
1635 705 1641 724 :
1659 695 1802 729 Quosdam

1013 740 1116 775 quidem
1128 741 1216 775 posuit
1230 741 1299 768 Deus
1322 741 1350 768 in
1374 740 1503 773 Ecclesia,
1520 742 1635 776 primum
1650 743 1798 777 apostolos,

1013 784 1126 812 secundo
1150 785 1302 820 prophetas,
1327 785 1402 812 tertio
1414 785 1534 813 doctores
1549 786 1582 814 ’⁸.
1604 786 1690 814 Porro
1706 792 1804 814 autem,

1014 830 1080 858 illud
1095 830 1216 858 doctoris
1231 839 1330 859 munus
1344 831 1480 866 episcopis
1491 833 1665 866 potissimum
1675 833 1798 862 delatum

1012 883 1075 904 esse
1089 875 1159 904 idem
1171 884 1226 904 non
1237 876 1354 904 obscure
1372 877 1453 904 docet
1467 878 1555 913 prima
1575 878 1609 906 ad
1623 878 1799 907 Timotheum

1013 922 1134 957 Epistula
1150 932 1156 950 :
1174 922 1284 957 Oportet
1297 931 1357 958 ergo
1380 924 1528 958 episcopum
1546 924 1800 959 irreprehensibilem

1011 975 1126 996 esse.....
1146 968 1312 1003 hospitalem,
1336 969 1469 997 doctorem
1481 971 1514 998 ".
1530 970 1572 998 Ad
1597 970 1687 999 Titum
1710 980 1798 999 vero:

1014 1014 1122 1050 Oportet
1135 1016 1284 1050 episcopum
1301 1017 1357 1043 sine
1377 1017 1486 1044 crimine
1501 1025 1614 1046 δέκευ...
1639 1018 1800 1053 amplecten-

1014 1066 1064 1089 tem
1078 1070 1147 1094 sum,
1160 1062 1205 1097 qui
1219 1063 1362 1090 secundum
1377 1063 1528 1090 doctrinam
1548 1069 1599 1096 est,
1618 1064 1722 1099 ﬁdelem
1744 1073 1801 1092 ser—

1012 1115 1131 1140 monem;
1147 1113 1176 1134 ut
1189 1113 1280 1142 potens
1301 1109 1337 1136 sit
1348 1109 1484 1136 exhortari
1497 1113 1524 1137 in
1536 1110 1658 1138 doctrina
1672 1119 1763 1144 sacra,
1776 1116 1808 1139 et.

1012 1162 1056 1182 eos
1066 1155 1111 1189 qui
1121 1155 1307 1182 contradicunt
1319 1164 1430 1191 arguere
1447 1156 1490 1185 m.

1048 1198 1120 1227 Idem
1133 1204 1226 1228 tamen
1247 1200 1369 1229 doctoris
1384 1201 1502 1229 oﬂicium
1523 1202 1595 1235 aliis,
1611 1203 1742 1238 episcopo
1757 1203 1801 1230 in-

1014 1245 1180 1278 ferioribus,
1203 1253 1398 1281 nonnunquam
1428 1246 1654 1274 demandabatur.
1679 1247 1810 1274 Rursum

1012 1292 1084 1319 enim
1100 1290 1201 1319 Paulus
1212 1291 1246 1319 ad
1260 1291 1448 1320 Timotheum:
1462 1292 1514 1326 Qui
1528 1293 1600 1325 bene,
1616 1293 1716 1329 inquit,
1732 1302 1810 1329 prc-.

1013 1342 1074 1365 sunt
1104 1338 1260 1374 presbyteri,
1287 1338 1389 1374 duplici
1415 1338 1516 1367 honore
1542 1339 1616 1376 digni
1639 1340 1801 1373 habeantur,

1012 1385 1127 1411 maxime
1144 1385 1190 1420 qui
1211 1384 1334 1412 laborant
1356 1386 1385 1412 in
1407 1385 1482 1413 uerbo
1494 1390 1519 1413 et
1540 1385 1662 1414 doctrina
1677 1387 1698 1415 ⁸.
1722 1387 1810 1420 Ωιιοιὶκ

1013 1431 1038 1459 si
1065 1438 1098 1459 ea
1124 1431 1272 1467 presbyteri
1305 1439 1373 1459 voce
1395 1432 1540 1468 episcopos
1564 1432 1640 1468 ipsos
1662 1432 1807 1469 designari-

1017 1476 1188 1512 pertinacius
1202 1477 1365 1510 contendas,
1385 1481 1413 1505 et
1429 1481 1458 1505 tu
1482 1478 1542 1514 ipse
1560 1478 1674 1507 fatearis
1686 1487 1803 1507 necesse

978 1525 999 1554 C
1015 1528 1059 1551 est
1073 1523 1191 1559 duplicis
1205 1525 1316 1560 generis
1331 1524 1416 1552 fuisse
1432 1524 1588 1559 episcopos,
1602 1532 1720 1560 quorum
1732 1532 1804 1553 non~

1014 1571 1094 1603 nulli,
1109 1570 1196 1598 Paulo
1209 1574 1291 1605 teste,
1306 1571 1336 1598 in
1348 1570 1425 1598 uerbo
1447 1575 1473 1598 et
1490 1571 1613 1598 doctrina
1627 1571 1803 1599 laborabant.

1014 1616 1207 1644 Verumtamen
1221 1620 1248 1645 et
1259 1617 1328 1645 alios
1342 1617 1376 1645 ab
1386 1617 1524 1653 episcopis
1540 1617 1634 1645 munia
1655 1617 1802 1645 doctorum

1013 1663 1116 1692 obiisse
1124 1663 1196 1690 haud
1206 1663 1323 1691 obscure
1328 1663 1516 1691 demonstrant
1526 1671 1558 1691 ea
1566 1663 1697 1691 Actorum
1704 1663 1786 1691 verba
1794 1673 1800 1690 :

1015 1710 1101 1737 Erant
1114 1714 1202 1737 autem
1218 1710 1245 1737 in
1261 1709 1381 1737 Ecclesia
1391 1710 1538 1737 Antiochia:
1551 1709 1684 1744 prophetae
1700 1713 1725 1736 et
1740 1708 1802 1736 dor-

1015 1760 1093 1789 tores,
1114 1757 1141 1783 in
1156 1756 1248 1791 quibus
1260 1761 1286 1783 et
1306 1755 1446 1783 Barnabas
1467 1760 1492 1783 et
1510 1755 1614 1788 Simon,
1627 1756 1673 1791 qui
1692 1756 1803 1783 uocaba-

1014 1806 1058 1829 tur
1078 1801 1172 1837 Niger,
1191 1807 1215 1830 et
1239 1801 1337 1829 Lucius
1358 1801 1525 1837 Cyrenensis,
1553 1806 1578 1829 et
1594 1801 1739 1834 Manahen,
1758 1802 1808 1836 qui.

1013 1853 1071 1876 erat
1095 1848 1209 1876 Herodis
1233 1848 1384 1876 Tetrarchae
1407 1848 1596 1880 collectaneus,
1620 1852 1644 1875 et
1668 1847 1800 1876 Saulus‘.

1015 1893 1070 1922 Hos
1081 1895 1155 1922 enim
1171 1902 1269 1922 omnes
1283 1899 1310 1922 et
1323 1895 1447 1930 singulos
1465 1894 1499 1922 ad
1510 1894 1672 1930 dignitatem
1693 1895 1802 1929 episco-

1015 1940 1104 1976 palem
1122 1944 1233 1968 evectos
1246 1940 1333 1968 fuisse
1347 1940 1409 1976 quis
1424 1940 1524 1968 audeat
1535 1940 1691 1968 allirmare?

1050 1985 1091 2013 Ad
1106 1986 1262 2013 scholarum
1278 1993 1360 2021 porro
1374 1977 1509 2021 originem
1532 1987 1598 2014 illud
1611 1987 1700 2022 magis
1716 1989 1802 2023 perti-

1015 2039 1081 2060 nere
1095 2031 1210 2060 forsitan
1225 2032 1372 2065 videbitur,
1386 2033 1459 2069 quod
1475 2033 1619 2061 Timotheo
1633 2033 1724 2061 adhuc
1736 2034 1804 2062 scri-

1014 2078 1055 2105 bit
1065 2076 1167 2105 Paulus
1181 2088 1188 2105 :
1204 2078 1271 2111 Quae
1283 2077 1384 2106 audisti
1398 2088 1414 2106 ιι
1427 2088 1522 2116 meper
1535 2080 1631 2107 multos
1646 2085 1735 2113 testes,
1747 2080 1802 2107 Iure

1015 2123 1169 2151 commenda
1183 2124 1305 2159 ﬁdelibus
1320 2124 1482 2158 hominibus,
1505 2126 1550 2161 qui
1572 2125 1661 2153 idonei
1687 2131 1765 2154 erunt
1778 2131 1802 2154 et

1016 2170 1084 2198 alios
1098 2171 1192 2199 docere
1205 2171 1226 2199 ³.
1249 2171 1289 2199 Ex
1304 2171 1349 2199 his
1378 2172 1479 2207 quippe
1497 2172 1590 2200 verbis
1606 2172 1671 2205 duo,
1692 2180 1754 2208 quae
1768 2173 1802 2200 ad

1015 2217 1170 2245 institutum
1184 2222 1310 2245 nostrum
1327 2218 1445 2245 maxime
1456 2217 1625 2250 conducunt,
1642 2225 1696 2245 non
1711 2219 1803 2254 inepte

1016 2271 1084 2292 sane
1093 2264 1271 2299 colliguntur.
1282 2262 1375 2290 Primo
1387 2262 1495 2300 quidem
1508 2262 1610 2290 Paulus
1626 2263 1802 2291 Timotheum

1015 2310 1141 2338 doctrina
1158 2309 1315 2338 Christiana
1325 2308 1478 2340 erudierat,
1493 2316 1539 2342 per
1557 2308 1654 2336 multos
1671 2313 1765 2342 testes,
1775 2309 1803 2336 id

1017 2359 1069 2388 est,
1079 2362 1171 2382 coram
1182 2355 1288 2387 multis,
1297 2354 1344 2390 qui
1354 2362 1416 2381 eum
1426 2359 1453 2381 et
1461 2353 1604 2381 docentem
1612 2353 1803 2387 audierant,et

1015 2400 1122 2430 traditae
1144 2401 1288 2429 Timotheo
1319 2399 1452 2427 doctrinae
1482 2399 1691 2434 locupletissimi
1717 2403 1803 2428 testes

1014 2452 1104 2476 erant.
1118 2447 1201 2482 Atqui
1226 2446 1251 2474 si
1275 2446 1377 2473 Paulus
1395 2444 1570 2472 Timotheum
1593 2444 1729 2480 aliosque,
1756 2446 1802 2481 qui

1013 2502 1075 2522 eum
1086 2492 1214 2521 audiendi
1225 2499 1310 2520 causa
1318 2492 1347 2519 in
1361 2491 1489 2519 eumdem
1500 2491 1591 2518 locum
1602 2497 1802 2525 convenerant,

1014 2541 1054 2568 sic
1071 2539 1197 2567 doctrina
1213 2538 1285 2566 fidei,
1296 2537 1426 2571 instituit,
1450 2536 1514 2572 quis
1527 2536 1698 2564 inﬁciabitur
1711 2537 1802 2573 ipsum

1014 2586 1110 2614 eodem
1125 2584 1241 2612 docendi
1256 2584 1338 2611 modo
1363 2583 1433 2611 alios
1445 2591 1555 2618 quoque
1569 2583 1722 2618 discipulos
1736 2592 1802 2612 suos

1017 2631 1115 2660 iisdem
1131 2630 1266 2658 imbuisse
1279 2629 1429 2657 institutis?
1444 2628 1573 2657 Secundo
1589 2629 1693 2657 Paulus
1708 2630 1802 2658 Timo-

1015 2677 1079 2704 theo
1094 2675 1217 2711 praecipit
1235 2674 1306 2701 alios
1329 2673 1440 2706 docere,
1458 2673 1485 2701 id
1500 2678 1543 2702 est
1557 2674 1652 2702 eadem
1676 2683 1739 2710 quae
1765 2675 1800 2702 ab

1015 2724 1075 2758 ipso
1090 2720 1224 2752 audierat,
1240 2720 1301 2747 aliis
1313 2720 1408 2748 eadem
1431 2719 1558 2748 methodo
1579 2721 1700 2748 tradere.
1723 2721 1800 2755 Quod

827 2821 925 2857 Epllcs.
941 2830 975 2856 I\',
992 2824 1033 2853 lt.
1060 2826 1082 2842 "
1103 2823 1184 2852 lCor.
1203 2832 1249 2858 xu,
1265 2824 1309 2851 28.
1348 2822 1371 2840 ⁸⁸
1387 2823 1395 2850 Ι
1409 2823 1476 2850 Tini.
1492 2831 1534 2857 ill,
1547 2823 1619 2851 2AM
1640 2822 1693 2850 Tit.
1705 2823 1757 2856 1,7,
1766 2822 1792 2850 9.
