1893 3101
79 147 110 174 2!)

523 147 617 175 PRIMI
638 147 818 176 ECCLESUE
838 148 974 176 SJ'JCULI
993 147 1257 178 SCRIPTORIBUS.

1665 152 1701 179 50

78 204 180 239 quidem
193 207 221 232 et
230 211 248 231 a
264 205 478 233 successoribus
492 206 554 242 ejus
564 206 714 242 diligenter
726 206 812 234 fuisse
822 206 869 233 ob-
881 209 906 237 Α
954 204 1048 240 Neque
1061 213 1124 233 vero
1141 205 1228 240 prima
1251 205 1385 232 duntaxat
1405 205 1491 241 hujus
1508 206 1610 234 schola:
1624 207 1702 234 initia

77 253 222 282 servatum,
239 250 351 282 nullus,
367 251 476 287 opinor,
488 253 637 287 negaverit.
653 253 687 279 At
700 260 782 287 porro
798 252 821 280 si
832 251 867 280 iis

76 295 149 326 locis.
165 296 193 323 in
204 295 316 330 quibus
329 296 473 325 docentem
487 296 601 325 Paulum
616 301 658 325 tot
675 296 799 332 tantique
809 296 867 324 dis-
884 318 886 321 .

75 341 154 376 cipull
173 341 340 376 audierunt,
357 350 456 370 nomen
472 343 575 371 scholae
596 343 724 379 deneges,
745 343 792 370 tibi
804 343 866 378 qui-

75 387 130 414 dem
155 395 211 415 non
233 387 355 416 omnino
381 389 609 424 repugnabimus;
635 388 716 416 modo
743 388 776 415 ad
802 388 864 416 illos

75 432 182 467 primam
198 431 427 460 Christianarum
445 433 603 461 scholarum
627 433 763 469 originem
781 433 865 460 redu-

74 478 180 506 cendam
195 485 259 506 esse
272 479 424 507 concedas.

104 523 194 551 Primo
204 528 302 552 tamen
324 524 455 553 Ecclesia:
478 525 591 557 satculo,
617 525 739 552 nondum
756 525 860 560 elapso,

73 569 196 604 quasdam
224 569 453 598 Christianorum
478 571 598 602 scholas,
626 571 734 606 proprie
760 570 859 603 dictas,

69 615 120 648 jam
141 614 285 642 institutas
311 615 408 649 fuisse,
417 615 535 643 deducto
556 623 589 643 ex
604 615 717 643 Eusebii
735 615 856 643 Historia

71 667 120 687 non
133 660 183 688 levi
198 661 283 696 plane
309 665 483 697 argumento,
505 661 598 697 colligi
615 669 697 697 posse
718 665 857 697 putamus.

70 706 104 733 lbi
116 707 186 734 enim
198 707 234 735 de
246 707 395 740 Pantano,
406 707 598 736 Alexandrinae
606 708 707 736 schola:
717 707 856 743 praelecto,

71 751 285 788 haecleguntur‘:
298 753 354 781 Per
364 753 435 782 idem
445 758 557 788 tempus,
564 753 715 781 Commodo
726 753 856 781 nimirum

70 798 224 832 imperante,
251 799 379 833 ﬁdelium
406 799 503 826 schola
526 804 640 834 praerat
663 800 703 826 vir
727 799 856 826 doctrinae

917 250 1019 278 indicat
1041 249 1187 284 Eusebius,
1219 258 1314 278 verum
1328 251 1410 278 etiam
1426 251 1492 287 quid
1509 252 1538 279 in
1554 259 1586 278 ea
1608 251 1702 280 doccn

916 297 1084 332 tractarique
1112 297 1224 328 soleret,
1253 296 1409 324 luculenter
1437 301 1495 324 tum
1515 298 1613 333 aperit,
1638 306 1702 326 cuiu

915 350 975 370 eam
991 350 1133 370 sacrarum
1147 343 1301 371 litterarum
1313 343 1435 370 scholam
1447 344 1575 378 appellat.
1598 343 1648 372 His
1663 345 1703 372 si-

914 387 1024 422 quidem
1044 388 1136 416 verbis
1148 388 1194 416 ille
1205 389 1285 417 nobis
1305 394 1398 424 aperte
1411 388 1534 416 declarat
1545 397 1639 418 sacras
1654 391 1701 417 lit-

913 436 998 464 teras,
1009 433 1037 461 id
1057 438 1110 467 est,
1126 441 1223 463 sacros
1239 434 1347 463 Veteris
1358 439 1385 463 et
1402 434 1471 463 Novi
1487 435 1654 464 Testamenti
1667 436 1700 463 li-

912 478 977 505 bros
989 478 1027 505 ibi
1041 486 1057 505 a
1071 478 1231 508 doctoribus
1243 484 1270 508 et
1284 480 1425 516 magistris
1440 480 1526 508 luisse
1536 481 1699 516 explicatos.

911 523 966 551 Nec
976 523 1122 551 obscurius
1133 525 1215 559 paulo
1226 530 1286 560 post
1295 526 1379 553 tradit
1388 525 1451 552 huic
1462 533 1602 553 sacrarum
1610 525 1702 561 Scrip-

911 574 1035 597 turarum
1059 569 1234 604 explicationi
1257 571 1393 605 adjectam
1407 571 1562 598 divinorum
1587 570 1697 606 dogma-

910 620 967 642 tum
980 615 1199 650 explanationem
1216 626 1222 643 :
1244 617 1410 650 Divinarum,
1427 617 1527 652 inquit,
1545 613 1698 652 dogmdtum

910 660 1047 688 thesauros
1062 662 1192 696 exposuit.

942 705 1000 738 Qua
1013 711 1103 734 autem
1114 707 1275 735 methodoid
1285 708 1370 741 fieret,
1378 709 1416 736 sic
1426 709 1588 744 ipseibidem
1600 708 1696 736 docet:

907 749 1012 778 Partim
1024 753 1081 779 viva
1091 761 1160 786 uoce,
1172 753 1272 788 inquit.
1287 754 1385 788 partim
1402 755 1519 788 scriptis.
1530 753 1559 780 In
1567 754 1617 780 hac
1631 761 1697 789 ergo

905 797 1097 826 Alexandrinae
1111 798 1241 827 Ecclesiae
1250 800 1344 827 schola
1357 804 1384 827 et
1398 808 1477 827 sacra
1494 800 1649 835 Scriptura,
1664 803 1692 827 et

70 849 141 868 causa
162 842 364 876 celeberrimus,
389 845 494 871 nomine
512 843 677 876 Pontanus;
692 845 785 880 quippe
795 844 854 878 jam
870 877 886 880 _
905 842 998 870 divina
1015 843 1075 871 ﬁdei
1085 843 1247 871 Christianae
1267 845 1403 879 dogmata,
1419 845 1517 879 partim
1534 846 1594 872 viva
1612 852 1692 876 voce.

69 887 122 914 inde
145 896 161 914 α
193 888 293 922 priscis
329 890 489 924 temporibus
526 898 666 917 sacrarum
698 877 852 917 litterarum
870 877 890 904 Β
904 888 1006 922 partim
1017 889 1127 924 scriptis
1142 877 1694 924 explanabantur.AtcumEusebiusillud

68 933 158 965 schola,
180 935 207 961 in
221 934 320 962 eadem
345 935 461 968 civitate,
479 935 676 969 Alexandrina,
693 935 781 970 fuerat
800 936 854 963 ins-

68 981 148 1013 tituta,
168 988 228 1015 qua:
248 980 361 1016 quidem
382 986 476 1008 nostra
501 985 578 1009 aetate
597 981 682 1008 adhuc
696 986 852 1016 perseverat.

67 1027 138 1061 Atqui
152 1026 328 1055 Commodus
343 1027 378 1055 ab
399 1035 472 1055 anno
487 1027 539 1055 180
561 1027 596 1055 ad
611 1035 713 1055 annum
730 1028 781 1056 l95
797 1026 854 1055 Ro-

68 1073 132 1099 mani
153 1073 262 1107 imperii
290 1073 374 1101 frena
398 1073 605 1102 moderabatur.
632 1073 685 1101 Per
713 1073 765 1100 hoc
788 1081 854 1108 ergo

68 1120 163 1152 tempus
187 1116 345 1146 Pantaenus
375 1118 477 1146 scholae
510 1118 705 1147 Alexandrinae
728 1119 848 1154 praefuit.

68 1162 126 1189 Cum
148 1162 239 1198 itaque
262 1163 406 1192 Eusebius
430 1164 556 1192 eamdem
580 1164 702 1192 scholam
721 1173 737 1191 a
756 1165 850 1199 priscis

67 1208 213 1242 temporibus
227 1208 389 1236 institutam
410 1209 497 1238 fuisse
512 1214 629 1244 asserat,
649 1209 712 1238 inde
727 1209 850 1245 profecto

68 1261 113 1280 non
118 1253 329 1290 improbabilem
336 1254 462 1283 ducimus
468 1256 667 1290 conjecturam,
674 1256 732 1290 jam
739 1263 753 1282 a
760 1256 850 1290 primo

67 1297 181 1326 Ecclesiae
207 1299 317 1326 saeculo
338 1299 412 1334 jacta
433 1298 519 1328 fuisse
539 1300 640 1328 scholae
661 1300 735 1328 illius
749 1299 849 1328 funda-

66 1349 155 1377 menta,
168 1353 218 1374 nec
231 1353 295 1374 eam
313 1347 397 1374 alium
413 1347 532 1375 fortasse
543 1354 625 1382 quam
637 1346 757 1375 Marcum
769 1354 850 1375 evan-

66 1391 188 1425 gelistam,
205 1392 334 1427 primum
348 1393 521 1421 Alexandria:
535 1394 706 1429 episcopum,
717 1393 848 1421 habuisse

66 1439 201 1464 auctorem.

95 1539 106 1556 δ
118 1539 225 1575 Euseb,
239 1541 289 1570 lib.
307 1550 324 1570 ν
342 1541 428 1576 Εἰσί..
446 1550 506 1577 cap.
525 1542 567 1571 l0.

901 933 974 961 idem
982 943 997 961 a
1005 935 1099 968 prisci:
1107 935 1267 969 temporibus
1274 935 1374 962 factum
1382 943 1443 963 esse
1449 939 1594 967 assereret,
1602 935 1694 962 nullus

903 979 999 1015 procul
1013 979 1097 1007 dubio
1112 980 1251 1016 negaverit
1267 981 1389 1008 eamdem
1407 980 1523 1008 docendi
1535 981 1694 1008 methodum

902 1025 931 1052 in
948 1025 1152 1060 antiquioribus
1174 1025 1298 1060 ejusdem
1317 1025 1449 1053 Ecclesiae
1463 1026 1577 1057 scholis,
1595 1025 1693 1060 quidni

902 1076 929 1099 et
945 1071 972 1098 in
988 1071 1050 1099 aliis
1070 1072 1207 1106 pluribus,
1231 1071 1318 1099 fuisse
1332 1072 1517 1099 observatam.
1538 1071 1624 1098 Porro
1643 1079 1693 1099 au-

900 1120 956 1145 tem
972 1121 1036 1145 ante
1048 1121 1075 1145 et
1087 1121 1149 1152 post
1164 1118 1283 1153 scriptos
1295 1122 1378 1152 atque
1391 1118 1547 1152 publicatos
1565 1117 1628 1144 novi
1640 1116 1692 1145 fos-

902 1163 977 1192 deris
993 1163 1116 1196 codices,
1139 1163 1257 1198 apostoli
1271 1171 1422 1199 eorumque
1440 1163 1572 1198 discipuli
1596 1162 1692 1190 Chris-

903 1209 984 1237 tianis
999 1209 1093 1237 eadem
1105 1208 1278 1244 cxplicabaut
1297 1209 1359 1237 lidei
1374 1209 1511 1244 dogmata,
1525 1216 1611 1243 eaque
1624 1216 1690 1244 pro-

902 1255 1046 1290 phetarum
1059 1255 1189 1287 oraculis,
1202 1255 1431 1290 aliisqueVeteris
1443 1253 1622 1282 lustrumenti
1634 1258 1691 1281 tes-

890 1302 1039 1334 .timoniis,
1059 1309 1091 1329 ac
1112 1301 1224 1329 tandem
1238 1308 1293 1328 non
1309 1301 1400 1328 solum
1413 1300 1505 1328 divina
1519 1299 1622 1328 Christi
1640 1308 1690 1328 au-

901 1347 1040 1380 ctoritate,
1059 1346 1197 1382 variisque
1219 1346 1370 1378 miraculis,
1387 1345 1449 1381 ejus
1464 1345 1574 1373 nomine
1594 1344 1687 1377 editis,

900 1392 1112 1424 conﬁrmabant,
1138 1392 1186 1421 sed
1205 1392 1356 1428 saepissime
1371 1391 1432 1421 fuso
1446 1391 1530 1420 etiam
1555 1391 1688 1427 saiiguine

901 1439 1110 1475 consignabant.
