  <div class='ocr_page' id='page_1' title='image "/cluster/home/n/w/nwhite01/storage/ocr_20150623/1/njp.32101077772331/035.png"; bbox 0 0 1893 3101; ppageno 0'>
   <div class='ocr_carea' id='block_1_1' title="bbox 213 164 960 202">
    <p class='ocr_par' dir='ltr' id='par_1_1' title="bbox 213 169 959 202">
     <span class='ocr_line' id='line_1_1' title="bbox 213 169 959 202; baseline -0.007 -1"><span class='ocrx_word' id='word_1_1' title='bbox 213 173 247 202; x_wconf 71' lang='grc'><strong>51</strong></span> <span class='ocrx_word' id='word_1_2' title='bbox 779 170 824 197; x_wconf 83' lang='lat' dir='ltr'><strong><em>AD</em></strong></span> <span class='ocrx_word' id='word_1_3' title='bbox 845 169 873 197; x_wconf 85' lang='lat' dir='ltr'><strong><em>S.</em></strong></span> <span class='ocrx_word' id='word_1_4' title='bbox 894 169 959 197; x_wconf 85' lang='lat' dir='ltr'><strong><em>CLE</em></strong></span> 
     </span>
    </p>
   </div>
   <div class='ocr_carea' id='block_1_2' title="bbox 1088 164 1835 202">
    <p class='ocr_par' dir='ltr' id='par_1_2' title="bbox 1088 164 1835 196">
     <span class='ocr_line' id='line_1_2' title="bbox 1088 164 1835 196; baseline -0.008 -1"><span class='ocrx_word' id='word_1_5' title='bbox 1088 168 1105 196; x_wconf 78' lang='lat' dir='ltr'><strong><em>ll</em></strong></span> <span class='ocrx_word' id='word_1_6' title='bbox 1125 168 1136 195; x_wconf 87' lang='grc' dir='ltr'><strong>Ι</strong></span> <span class='ocrx_word' id='word_1_7' title='bbox 1154 166 1269 195; x_wconf 70' lang='grc' dir='ltr'>ΡΑΡΑΜ</span> <span class='ocrx_word' id='word_1_8' title='bbox 1807 164 1835 190; x_wconf 65' lang='grc' dir='ltr'><strong><em>δὲ</em></strong></span> 
     </span>
    </p>
   </div>
   <div class='ocr_carea' id='block_1_3' title="bbox 560 335 1486 444">
    <p class='ocr_par' dir='ltr' id='par_1_3' title="bbox 560 335 1486 444">
     <span class='ocr_line' id='line_1_3' title="bbox 560 335 1486 444; baseline -0.006 0"><span class='ocrx_word' id='word_1_9' title='bbox 560 338 665 444; x_wconf 88' lang='lat' dir='ltr'><strong><em>S.</em></strong></span> <span class='ocrx_word' id='word_1_10' title='bbox 748 335 1361 443; x_wconf 85' lang='lat' dir='ltr'><strong><em>CLEMENS</em></strong></span> <span class='ocrx_word' id='word_1_11' title='bbox 1438 337 1486 438; x_wconf 96' lang='grc' dir='ltr'>Ι</span> 
     </span>
    </p>
   </div>
   <div class='ocr_carea' id='block_1_4' title="bbox 637 508 1408 571">
    <p class='ocr_par' dir='ltr' id='par_1_4' title="bbox 637 508 1408 571">
     <span class='ocr_line' id='line_1_4' title="bbox 637 508 1408 571; baseline -0.005 0"><span class='ocrx_word' id='word_1_12' title='bbox 637 508 1000 571; x_wconf 89' lang='lat' dir='ltr'><strong><em>PONTIFEX</em></strong></span> <span class='ocrx_word' id='word_1_13' title='bbox 1048 510 1294 568; x_wconf 83' lang='lat' dir='ltr'><strong><em>ROMAN</em></strong></span> <span class='ocrx_word' id='word_1_14' title='bbox 1305 510 1408 569; x_wconf 89' lang='lat' dir='ltr'><strong><em>US.</em></strong></span> 
     </span>
    </p>
   </div>
   <div class='ocr_carea' id='block_1_5' title="bbox 397 702 1678 748">
    <p class='ocr_par' dir='ltr' id='par_1_5' title="bbox 397 702 1678 748">
     <span class='ocr_line' id='line_1_5' title="bbox 397 702 1678 748; baseline -0.003 -1"><span class='ocrx_word' id='word_1_15' title='bbox 397 708 615 748; x_wconf 83' lang='lat' dir='ltr'><strong><em>NOTITIA</em></strong></span> <span class='ocrx_word' id='word_1_16' title='bbox 650 707 711 746; x_wconf 84' lang='lat' dir='ltr'><strong>EX</strong></span> <span class='ocrx_word' id='word_1_17' title='bbox 741 707 891 746; x_wconf 80' lang='lat' dir='ltr'><strong>LIBRO</strong></span> <span class='ocrx_word' id='word_1_18' title='bbox 924 704 1260 746; x_wconf 85' lang='lat' dir='ltr'><strong><em>PONTIFICALI</em></strong></span> <span class='ocrx_word' id='word_1_19' title='bbox 1299 702 1489 743; x_wconf 83' lang='lat' dir='ltr'><strong><em>DAMASI</em></strong></span> <span class='ocrx_word' id='word_1_20' title='bbox 1523 703 1678 743; x_wconf 72' lang='lat' dir='ltr'><strong><em>PAPIE.</em></strong></span> 
     </span>
    </p>
   </div>
   <div class='ocr_carea' id='block_1_6' title="bbox 236 788 983 829">
    <p class='ocr_par' dir='ltr' id='par_1_6' title="bbox 236 793 983 829">
     <span class='ocr_line' id='line_1_6' title="bbox 236 793 983 829; baseline -0.004 -9"><span class='ocrx_word' id='word_1_21' title='bbox 236 796 334 829; x_wconf 70' lang='lat' dir='ltr'><strong><em>(Mmst,</em></strong></span> <span class='ocrx_word' id='word_1_22' title='bbox 347 795 448 827; x_wconf 83' lang='lat' dir='ltr'><strong><em>Concit.,</em></strong></span> <span class='ocrx_word' id='word_1_23' title='bbox 462 796 482 826; x_wconf 85' lang='grc' dir='ltr'><strong><em>Ι,</em></strong></span> <span class='ocrx_word' id='word_1_24' title='bbox 492 796 563 820; x_wconf 81' lang='lat'><strong><em>85.—</em></strong></span> <span class='ocrx_word' id='word_1_25' title='bbox 573 794 608 820; x_wconf 68' lang='grc' dir='ltr'><strong><em>(ιτ.</em></strong></span> <span class='ocrx_word' id='word_1_26' title='bbox 621 795 744 819; x_wconf 86' lang='lat' dir='ltr'><strong><em>variorum</em></strong></span> <span class='ocrx_word' id='word_1_27' title='bbox 757 797 829 818; x_wconf 82' lang='lat' dir='ltr'><strong><em>notas</em></strong></span> <span class='ocrx_word' id='word_1_28' title='bbox 840 794 870 818; x_wconf 83' lang='lat' dir='ltr'><strong><em>ad</em></strong></span> <span class='ocrx_word' id='word_1_29' title='bbox 879 793 944 818; x_wconf 86' lang='lat' dir='ltr'><strong><em>hunc</em></strong></span> <span class='ocrx_word' id='word_1_30' title='bbox 955 793 983 818; x_wconf 73' lang='lat' dir='ltr'><strong><em>lo</em></strong></span> 
     </span>
    </p>
   </div>
   <div class='ocr_carea' id='block_1_7' title="bbox 1077 788 1824 829">
    <p class='ocr_par' dir='ltr' id='par_1_7' title="bbox 1078 788 1824 822">
     <span class='ocr_line' id='line_1_7' title="bbox 1078 788 1824 822; baseline -0.005 -5"><span class='ocrx_word' id='word_1_31' title='bbox 1078 792 1117 817; x_wconf 77' lang='lat' dir='ltr'><strong><em>bri</em></strong></span> <span class='ocrx_word' id='word_1_32' title='bbox 1133 793 1186 818; x_wconf 82' lang='lat' dir='ltr'><strong><em>Pon</em></strong></span> <span class='ocrx_word' id='word_1_33' title='bbox 1194 792 1298 822; x_wconf 78' lang='lat' dir='ltr'><strong><em>tiﬁcalls,</em></strong></span> <span class='ocrx_word' id='word_1_34' title='bbox 1313 793 1384 817; x_wconf 83' lang='lat' dir='ltr'><strong><em>Patr.</em></strong></span> <span class='ocrx_word' id='word_1_35' title='bbox 1407 788 1496 816; x_wconf 64' lang='lat' dir='ltr'><strong><em>Latina</em></strong></span> <span class='ocrx_word' id='word_1_36' title='bbox 1513 792 1532 815; x_wconf 78' lang='grc' dir='ltr'>ι.</span> <span class='ocrx_word' id='word_1_37' title='bbox 1545 790 1659 820; x_wconf 79' lang='lat' dir='ltr'><strong><em>CXXVII,</em></strong></span> <span class='ocrx_word' id='word_1_38' title='bbox 1671 790 1720 815; x_wconf 80' lang='lat' dir='ltr'><strong><em>col.</em></strong></span> <span class='ocrx_word' id='word_1_39' title='bbox 1742 789 1824 820; x_wconf 74' lang='lat'><strong><em>1079.)</em></strong></span> 
     </span>
    </p>
   </div>
   <div class='ocr_carea' id='block_1_8' title="bbox 233 241 1771 262">
    <p class='ocr_par' dir='ltr' id='par_1_8' title="bbox 233 241 1771 262">
     <span class='ocr_line' id='line_1_8' title="bbox 233 241 1771 262; baseline 0.001 -6"><span class='ocrx_word' id='word_1_40' title='bbox 233 241 1771 262; x_wconf 28' lang='grc' dir='ltr'><strong><em>,θῶ</em></strong></span> 
     </span>
    </p>
   </div>
   <div class='ocr_carea' id='block_1_9' title="bbox 250 901 1837 942">
    <p class='ocr_par' dir='ltr' id='par_1_9' title="bbox 250 901 1837 942">
     <span class='ocr_line' id='line_1_9' title="bbox 250 901 1837 942; baseline -0.004 -8"><span class='ocrx_word' id='word_1_41' title='bbox 250 907 370 935; x_wconf 66' lang='lat' dir='ltr'><strong><em>Clemens</em></strong></span> <span class='ocrx_word' id='word_1_42' title='bbox 378 909 482 935; x_wconf 86' lang='lat' dir='ltr'><strong><em>natione</em></strong></span> <span class='ocrx_word' id='word_1_43' title='bbox 493 907 638 938; x_wconf 85' lang='lat' dir='ltr'><strong><em>Romanus,</em></strong></span> <span class='ocrx_word' id='word_1_44' title='bbox 644 905 676 933; x_wconf 92' lang='lat' dir='ltr'><strong><em>de</em></strong></span> <span class='ocrx_word' id='word_1_45' title='bbox 683 906 785 941; x_wconf 78' lang='lat' dir='ltr'><strong><em>regione</em></strong></span> <span class='ocrx_word' id='word_1_46' title='bbox 793 905 875 933; x_wconf 75' lang='lat' dir='ltr'><strong><em>Caelio</em></strong></span> <span class='ocrx_word' id='word_1_47' title='bbox 883 911 978 940; x_wconf 86' lang='lat' dir='ltr'><strong><em>monte,</em></strong></span> <span class='ocrx_word' id='word_1_48' title='bbox 985 915 1017 934; x_wconf 77' lang='lat' dir='ltr'><strong><em>ea:</em></strong></span> <span class='ocrx_word' id='word_1_49' title='bbox 1023 912 1098 942; x_wconf 90' lang='lat' dir='ltr'><strong><em>patre</em></strong></span> <span class='ocrx_word' id='word_1_50' title='bbox 1105 905 1245 936; x_wconf 80' lang='lat' dir='ltr'><strong><em>Faustino,</em></strong></span> <span class='ocrx_word' id='word_1_51' title='bbox 1253 904 1320 932; x_wconf 83' lang='lat' dir='ltr'><strong><em>sedit</em></strong></span> <span class='ocrx_word' id='word_1_52' title='bbox 1327 905 1403 931; x_wconf 83' lang='lat' dir='ltr'><strong><em>annis</em></strong></span> <span class='ocrx_word' id='word_1_53' title='bbox 1418 904 1434 932; x_wconf 91' lang='lat'><strong>9</strong></span> <span class='ocrx_word' id='word_1_54' title='bbox 1444 904 1539 938; x_wconf 86' lang='lat' dir='ltr'><strong><em>Imens.</em></strong></span> <span class='ocrx_word' id='word_1_55' title='bbox 1549 911 1579 936; x_wconf 90' lang='grc' dir='ltr'><strong><em>ιι,</em></strong></span> <span class='ocrx_word' id='word_1_56' title='bbox 1586 902 1614 930; x_wconf 89' lang='lat' dir='ltr'><strong><em>d.</em></strong></span> <span class='ocrx_word' id='word_1_57' title='bbox 1623 901 1664 939; x_wconf 69' lang='lat' dir='ltr'><strong><em>si}.</em></strong></span> <span class='ocrx_word' id='word_1_58' title='bbox 1677 901 1742 928; x_wconf 87' lang='lat' dir='ltr'><strong><em>Fuit</em></strong></span> <span class='ocrx_word' id='word_1_59' title='bbox 1751 907 1837 928; x_wconf 85' lang='lat' dir='ltr'><strong><em>autem</em></strong></span> 
     </span>
    </p>
   </div>
   <div class='ocr_carea' id='block_1_10' title="bbox 217 947 1836 989">
    <p class='ocr_par' dir='ltr' id='par_1_10' title="bbox 217 947 1836 989">
     <span class='ocr_line' id='line_1_10' title="bbox 217 947 1836 989; baseline -0.005 -8"><span class='ocrx_word' id='word_1_60' title='bbox 217 954 375 989; x_wconf 83' lang='lat' dir='ltr'><strong><em>temporibus</em></strong></span> <span class='ocrx_word' id='word_1_61' title='bbox 383 953 473 981; x_wconf 79' lang='lat' dir='ltr'><strong><em>Galbw</em></strong></span> <span class='ocrx_word' id='word_1_62' title='bbox 479 959 503 980; x_wconf 93' lang='lat' dir='ltr'><strong><em>et</em></strong></span> <span class='ocrx_word' id='word_1_63' title='bbox 517 952 682 986; x_wconf 78' lang='lat' dir='ltr'><strong><em>Vespasiani,</em></strong></span> <span class='ocrx_word' id='word_1_64' title='bbox 689 960 705 978; x_wconf 90' lang='lat' dir='ltr'><strong><em>a</em></strong></span> <span class='ocrx_word' id='word_1_65' title='bbox 713 951 853 978; x_wconf 84' lang='lat' dir='ltr'><strong><em>consulatu</em></strong></span> <span class='ocrx_word' id='word_1_66' title='bbox 860 952 969 988; x_wconf 85' lang='lat' dir='ltr'><strong><em>Tragali</em></strong></span> <span class='ocrx_word' id='word_1_67' title='bbox 977 951 1139 989; x_wconf 80' lang='lat' dir='ltr'><strong><em>[Trachale</em></strong></span> <span class='ocrx_word' id='word_1_68' title='bbox 1148 955 1173 978; x_wconf 88' lang='lat' dir='ltr'><strong><em>et</em></strong></span> <span class='ocrx_word' id='word_1_69' title='bbox 1183 950 1285 983; x_wconf 76' lang='lat' dir='ltr'><strong><em>Italici,</em></strong></span> <span class='ocrx_word' id='word_1_70' title='bbox 1293 958 1374 986; x_wconf 84' lang='lat' dir='ltr'><strong><em>usque</em></strong></span> <span class='ocrx_word' id='word_1_71' title='bbox 1380 950 1413 977; x_wconf 88' lang='lat' dir='ltr'><strong><em>ad</em></strong></span> <span class='ocrx_word' id='word_1_72' title='bbox 1429 949 1618 985; x_wconf 72' lang='lat' dir='ltr'><strong><em>Vespasianum</em></strong></span> <span class='ocrx_word' id='word_1_73' title='bbox 1627 956 1695 975; x_wconf 84' lang='lat' dir='ltr'><strong><em>nono</em></strong></span> <span class='ocrx_word' id='word_1_74' title='bbox 1701 952 1725 975; x_wconf 88' lang='lat' dir='ltr'><strong><em>et</em></strong></span> <span class='ocrx_word' id='word_1_75' title='bbox 1736 947 1836 974; x_wconf 86' lang='lat' dir='ltr'><strong><em>Titum.</em></strong></span> 
     </span>
    </p>
   </div>
   <div class='ocr_carea' id='block_1_11' title="bbox 217 993 1840 1035">
    <p class='ocr_par' dir='ltr' id='par_1_11' title="bbox 217 993 1840 1035">
     <span class='ocr_line' id='line_1_11' title="bbox 217 993 1840 1035; baseline -0.006 -7"><span class='ocrx_word' id='word_1_76' title='bbox 217 1001 269 1028; x_wconf 83' lang='lat' dir='ltr'><strong><em>Hic</em></strong></span> <span class='ocrx_word' id='word_1_77' title='bbox 276 1009 335 1027; x_wconf 86' lang='lat' dir='ltr'><strong><em>cum</em></strong></span> <span class='ocrx_word' id='word_1_78' title='bbox 343 1000 425 1027; x_wconf 89' lang='lat' dir='ltr'><strong><em>multo</em></strong></span> <span class='ocrx_word' id='word_1_79' title='bbox 432 1000 513 1027; x_wconf 75' lang='lat' dir='ltr'><strong><em>libros</em></strong></span> <span class='ocrx_word' id='word_1_80' title='bbox 522 999 578 1026; x_wconf 76' lang='lat' dir='ltr'><strong><em>zelo</em></strong></span> <span class='ocrx_word' id='word_1_81' title='bbox 587 999 648 1031; x_wconf 85' lang='lat' dir='ltr'><strong><em>ﬁdei</em></strong></span> <span class='ocrx_word' id='word_1_82' title='bbox 657 1003 681 1024; x_wconf 89' lang='lat' dir='ltr'><strong><em>et</em></strong></span> <span class='ocrx_word' id='word_1_83' title='bbox 689 997 849 1026; x_wconf 71' lang='lat' dir='ltr'><strong><em>Christiana:</em></strong></span> <span class='ocrx_word' id='word_1_84' title='bbox 857 999 990 1035; x_wconf 81' lang='lat' dir='ltr'><strong><em>religionis</em></strong></span> <span class='ocrx_word' id='word_1_85' title='bbox 1000 999 1135 1030; x_wconf 80' lang='lat' dir='ltr'><strong><em>scriberet.</em></strong></span> <span class='ocrx_word' id='word_1_86' title='bbox 1142 997 1270 1032; x_wconf 78' lang='lat' dir='ltr'><strong><em>martyrio</em></strong></span> <span class='ocrx_word' id='word_1_87' title='bbox 1279 1001 1432 1024; x_wconf 81' lang='lat' dir='ltr'><strong><em>coronatur.</em></strong></span> <span class='ocrx_word' id='word_1_88' title='bbox 1443 995 1493 1023; x_wconf 80' lang='lat' dir='ltr'><strong><em>llic</em></strong></span> <span class='ocrx_word' id='word_1_89' title='bbox 1500 996 1561 1032; x_wconf 77' lang='lat' dir='ltr'><strong><em>fecit</em></strong></span> <span class='ocrx_word' id='word_1_90' title='bbox 1570 1003 1608 1023; x_wconf 85' lang='lat' dir='ltr'><strong><em>VII</em></strong></span> <span class='ocrx_word' id='word_1_91' title='bbox 1635 995 1754 1030; x_wconf 77' lang='lat' dir='ltr'><strong><em>regiones</em></strong></span> <span class='ocrx_word' id='word_1_92' title='bbox 1763 993 1840 1020; x_wconf 77' lang='lat' dir='ltr'><strong><em>dividi</em></strong></span> 
     </span>
    </p>
   </div>
   <div class='ocr_carea' id='block_1_12' title="bbox 215 1041 1840 1081">
    <p class='ocr_par' dir='ltr' id='par_1_12' title="bbox 215 1041 1840 1081">
     <span class='ocr_line' id='line_1_12' title="bbox 215 1041 1840 1081; baseline -0.003 -8"><span class='ocrx_word' id='word_1_93' title='bbox 215 1047 328 1074; x_wconf 81' lang='lat' dir='ltr'><strong><em>notariis</em></strong></span> <span class='ocrx_word' id='word_1_94' title='bbox 343 1046 465 1080; x_wconf 82' lang='lat' dir='ltr'><strong><em>ﬁdelibus</em></strong></span> <span class='ocrx_word' id='word_1_95' title='bbox 478 1046 613 1075; x_wconf 71' lang='lat' dir='ltr'><strong><em>Ecclesiw.</em></strong></span> <span class='ocrx_word' id='word_1_96' title='bbox 625 1045 670 1080; x_wconf 85' lang='lat' dir='ltr'><strong><em>qui</em></strong></span> <span class='ocrx_word' id='word_1_97' title='bbox 681 1049 754 1079; x_wconf 81' lang='lat' dir='ltr'><strong><em>gesta</em></strong></span> <span class='ocrx_word' id='word_1_98' title='bbox 769 1050 916 1081; x_wconf 82' lang='lat' dir='ltr'><strong><em>martyrum</em></strong></span> <span class='ocrx_word' id='word_1_99' title='bbox 926 1047 1038 1074; x_wconf 76' lang='lat' dir='ltr'><strong><em>sollicite</em></strong></span> <span class='ocrx_word' id='word_1_100' title='bbox 1051 1051 1075 1074; x_wconf 88' lang='lat' dir='ltr'><strong><em>et</em></strong></span> <span class='ocrx_word' id='word_1_101' title='bbox 1088 1045 1202 1078; x_wconf 79' lang='lat' dir='ltr'><strong><em>curiose,</em></strong></span> <span class='ocrx_word' id='word_1_102' title='bbox 1215 1044 1392 1079; x_wconf 75' lang='lat' dir='ltr'><strong><em>unusquisque</em></strong></span> <span class='ocrx_word' id='word_1_103' title='bbox 1402 1052 1447 1078; x_wconf 86' lang='lat' dir='ltr'><strong><em>per</em></strong></span> <span class='ocrx_word' id='word_1_104' title='bbox 1467 1044 1597 1079; x_wconf 86' lang='lat' dir='ltr'><strong><em>regionem</em></strong></span> <span class='ocrx_word' id='word_1_105' title='bbox 1610 1051 1696 1075; x_wconf 90' lang='lat' dir='ltr'><strong><em>suam,</em></strong></span> <span class='ocrx_word' id='word_1_106' title='bbox 1709 1041 1840 1078; x_wconf 76' lang='lat' dir='ltr'><strong><em>perquire-</em></strong></span> 
     </span>
    </p>
   </div>
   <div class='ocr_carea' id='block_1_13' title="bbox 215 1088 1840 1125">
    <p class='ocr_par' dir='ltr' id='par_1_13' title="bbox 215 1088 1840 1125">
     <span class='ocr_line' id='line_1_13' title="bbox 215 1088 1840 1125; baseline -0.002 -7"><span class='ocrx_word' id='word_1_107' title='bbox 215 1097 282 1119; x_wconf 80' lang='lat' dir='ltr'><strong><em>rent.</em></strong></span> <span class='ocrx_word' id='word_1_108' title='bbox 301 1090 350 1118; x_wconf 86' lang='lat' dir='ltr'><strong><em>llic</em></strong></span> <span class='ocrx_word' id='word_1_109' title='bbox 364 1091 427 1125; x_wconf 78' lang='lat' dir='ltr'><strong><em>facit</em></strong></span> <span class='ocrx_word' id='word_1_110' title='bbox 441 1091 507 1117; x_wconf 86' lang='lat' dir='ltr'><strong><em>duas</em></strong></span> <span class='ocrx_word' id='word_1_111' title='bbox 521 1089 658 1124; x_wconf 72' lang='lat' dir='ltr'><strong><em>epistolas,</em></strong></span> <span class='ocrx_word' id='word_1_112' title='bbox 685 1098 744 1125; x_wconf 74' lang='lat' dir='ltr'><strong><em>qua:</em></strong></span> <span class='ocrx_word' id='word_1_113' title='bbox 759 1088 901 1118; x_wconf 77' lang='lat' dir='ltr'><strong><em>Canonicw</em></strong></span> <span class='ocrx_word' id='word_1_114' title='bbox 919 1093 1100 1118; x_wconf 83' lang='lat' dir='ltr'><strong><em>nominantur.</em></strong></span> <span class='ocrx_word' id='word_1_115' title='bbox 1117 1090 1169 1117; x_wconf 86' lang='lat' dir='ltr'><strong><em>Hic</em></strong></span> <span class='ocrx_word' id='word_1_116' title='bbox 1183 1097 1215 1117; x_wconf 75' lang='lat' dir='ltr'><strong><em>ea:</em></strong></span> <span class='ocrx_word' id='word_1_117' title='bbox 1228 1094 1355 1124; x_wconf 75' lang='lat' dir='ltr'><strong><em>pra&#39;cepto</em></strong></span> <span class='ocrx_word' id='word_1_118' title='bbox 1371 1088 1403 1117; x_wconf 89' lang='grc' dir='ltr'><strong><em>Β.</em></strong></span> <span class='ocrx_word' id='word_1_119' title='bbox 1417 1088 1491 1117; x_wconf 75' lang='lat' dir='ltr'><strong><em>Petri</em></strong></span> <span class='ocrx_word' id='word_1_120' title='bbox 1506 1089 1620 1123; x_wconf 77' lang='lat' dir='ltr'><strong><em>suscepit</em></strong></span> <span class='ocrx_word' id='word_1_121' title='bbox 1640 1088 1768 1116; x_wconf 69' lang='lat' dir='ltr'><strong><em>Ecclesia:</em></strong></span> <span class='ocrx_word' id='word_1_122' title='bbox 1781 1096 1840 1122; x_wconf 87' lang='lat' dir='ltr'><strong><em>pon-</em></strong></span> 
     </span>
    </p>
   </div>
   <div class='ocr_carea' id='block_1_14' title="bbox 215 1134 1840 1172">
    <p class='ocr_par' dir='ltr' id='par_1_14' title="bbox 215 1134 1840 1172">
     <span class='ocr_line' id='line_1_14' title="bbox 215 1134 1840 1172; baseline -0.002 -8"><span class='ocrx_word' id='word_1_123' title='bbox 215 1138 348 1172; x_wconf 81' lang='lat' dir='ltr'><strong><em>tiﬁcatum</em></strong></span> <span class='ocrx_word' id='word_1_124' title='bbox 361 1136 573 1171; x_wconf 81' lang='lat' dir='ltr'><strong><em>gubernandum,</em></strong></span> <span class='ocrx_word' id='word_1_125' title='bbox 584 1136 651 1163; x_wconf 84' lang='lat' dir='ltr'><strong><em>sicut</em></strong></span> <span class='ocrx_word' id='word_1_126' title='bbox 663 1136 686 1162; x_wconf 87' lang='lat' dir='ltr'><strong><em>ei</em></strong></span> <span class='ocrx_word' id='word_1_127' title='bbox 696 1136 783 1171; x_wconf 76' lang='lat' dir='ltr'><strong><em>fuerat</em></strong></span> <span class='ocrx_word' id='word_1_128' title='bbox 799 1145 814 1163; x_wconf 88' lang='lat' dir='ltr'><strong><em>a</em></strong></span> <span class='ocrx_word' id='word_1_129' title='bbox 827 1136 940 1164; x_wconf 88' lang='lat' dir='ltr'><strong><em>Domino</em></strong></span> <span class='ocrx_word' id='word_1_130' title='bbox 950 1136 1015 1164; x_wconf 85' lang='lat' dir='ltr'><strong><em>Jesu</em></strong></span> <span class='ocrx_word' id='word_1_131' title='bbox 1027 1136 1131 1165; x_wconf 82' lang='lat' dir='ltr'><strong><em>Christo</em></strong></span> <span class='ocrx_word' id='word_1_132' title='bbox 1145 1135 1271 1163; x_wconf 82' lang='lat' dir='ltr'><strong><em>cathedra</em></strong></span> <span class='ocrx_word' id='word_1_133' title='bbox 1286 1135 1385 1162; x_wconf 90' lang='lat' dir='ltr'><strong><em>tradita</em></strong></span> <span class='ocrx_word' id='word_1_134' title='bbox 1401 1134 1439 1162; x_wconf 80' lang='lat' dir='ltr'><strong><em>uel</em></strong></span> <span class='ocrx_word' id='word_1_135' title='bbox 1453 1135 1603 1162; x_wconf 83' lang='lat' dir='ltr'><strong><em>commissa.</em></strong></span> <span class='ocrx_word' id='word_1_136' title='bbox 1621 1134 1719 1161; x_wconf 86' lang='lat' dir='ltr'><strong><em>Tamen</em></strong></span> <span class='ocrx_word' id='word_1_137' title='bbox 1735 1134 1766 1161; x_wconf 87' lang='lat' dir='ltr'><strong><em>in</em></strong></span> <span class='ocrx_word' id='word_1_138' title='bbox 1781 1134 1840 1169; x_wconf 83' lang='lat' dir='ltr'><strong><em>Epi-</em></strong></span> 
     </span>
    </p>
   </div>
   <div class='ocr_carea' id='block_1_15' title="bbox 214 1180 1840 1218">
    <p class='ocr_par' dir='ltr' id='par_1_15' title="bbox 214 1180 1840 1218">
     <span class='ocr_line' id='line_1_15' title="bbox 214 1180 1840 1218; baseline -0.001 -9"><span class='ocrx_word' id='word_1_139' title='bbox 214 1184 284 1209; x_wconf 81' lang='lat' dir='ltr'><strong><em>stota</em></strong></span> <span class='ocrx_word' id='word_1_140' title='bbox 298 1190 357 1218; x_wconf 76' lang='lat' dir='ltr'><strong><em>qua:</em></strong></span> <span class='ocrx_word' id='word_1_141' title='bbox 371 1183 406 1209; x_wconf 88' lang='lat' dir='ltr'><strong><em>ad</em></strong></span> <span class='ocrx_word' id='word_1_142' title='bbox 417 1182 546 1209; x_wconf 87' lang='lat' dir='ltr'><strong><em>Jacobum</em></strong></span> <span class='ocrx_word' id='word_1_143' title='bbox 561 1182 660 1216; x_wconf 82' lang='lat' dir='ltr'><strong><em>scripta</em></strong></span> <span class='ocrx_word' id='word_1_144' title='bbox 675 1187 725 1214; x_wconf 83' lang='lat' dir='ltr'><strong><em>est,</em></strong></span> <span class='ocrx_word' id='word_1_145' title='bbox 743 1183 858 1217; x_wconf 87' lang='lat' dir='ltr'><strong><em>qualiter</em></strong></span> <span class='ocrx_word' id='word_1_146' title='bbox 869 1185 892 1210; x_wconf 84' lang='lat' dir='ltr'><strong><em>ei</em></strong></span> <span class='ocrx_word' id='word_1_147' title='bbox 903 1185 1045 1212; x_wconf 78' lang='lat' dir='ltr'><strong><em>commissa</em></strong></span> <span class='ocrx_word' id='word_1_148' title='bbox 1059 1189 1098 1211; x_wconf 81' lang='lat' dir='ltr'><strong><em>est</em></strong></span> <span class='ocrx_word' id='word_1_149' title='bbox 1112 1192 1127 1210; x_wconf 88' lang='lat' dir='ltr'><strong><em>a</em></strong></span> <span class='ocrx_word' id='word_1_150' title='bbox 1143 1183 1176 1210; x_wconf 87' lang='grc' dir='ltr'><em>Β.</em></span> <span class='ocrx_word' id='word_1_151' title='bbox 1193 1182 1272 1209; x_wconf 88' lang='lat' dir='ltr'><strong><em>Petro</em></strong></span> <span class='ocrx_word' id='word_1_152' title='bbox 1285 1182 1416 1216; x_wconf 83' lang='lat' dir='ltr'><strong><em>Ecclesia,</em></strong></span> <span class='ocrx_word' id='word_1_153' title='bbox 1433 1183 1553 1217; x_wconf 82' lang='lat' dir='ltr'><strong><em>reperies.</em></strong></span> <span class='ocrx_word' id='word_1_154' title='bbox 1568 1181 1631 1208; x_wconf 87' lang='lat' dir='ltr'><strong><em>Ideo</em></strong></span> <span class='ocrx_word' id='word_1_155' title='bbox 1645 1180 1728 1208; x_wconf 79' lang='lat' dir='ltr'><strong><em>Linus</em></strong></span> <span class='ocrx_word' id='word_1_156' title='bbox 1745 1185 1771 1208; x_wconf 92' lang='lat' dir='ltr'><strong><em>et</em></strong></span> <span class='ocrx_word' id='word_1_157' title='bbox 1787 1180 1840 1208; x_wconf 83' lang='lat' dir='ltr'><strong><em>Clc-</em></strong></span> 
     </span>
    </p>
   </div>
   <div class='ocr_carea' id='block_1_16' title="bbox 216 1228 1840 1266">
    <p class='ocr_par' dir='ltr' id='par_1_16' title="bbox 216 1228 1840 1266">
     <span class='ocr_line' id='line_1_16' title="bbox 216 1228 1840 1266; baseline -0.001 -10"><span class='ocrx_word' id='word_1_158' title='bbox 216 1233 258 1256; x_wconf 82' lang='lat' dir='ltr'><strong><em>tus</em></strong></span> <span class='ocrx_word' id='word_1_159' title='bbox 271 1233 332 1255; x_wconf 85' lang='lat' dir='ltr'><strong><em>ante</em></strong></span> <span class='ocrx_word' id='word_1_160' title='bbox 351 1237 410 1256; x_wconf 79' lang='lat' dir='ltr'><strong><em>eum</em></strong></span> <span class='ocrx_word' id='word_1_161' title='bbox 430 1228 643 1260; x_wconf 81' lang='lat' dir='ltr'><strong><em>conscribuntur,</em></strong></span> <span class='ocrx_word' id='word_1_162' title='bbox 659 1229 722 1264; x_wconf 84' lang='lat' dir='ltr'><strong><em>quia</em></strong></span> <span class='ocrx_word' id='word_1_163' title='bbox 742 1229 775 1256; x_wconf 85' lang='lat' dir='ltr'><strong><em>ab</em></strong></span> <span class='ocrx_word' id='word_1_164' title='bbox 789 1230 845 1263; x_wconf 78' lang='lat' dir='ltr'><strong><em>ipso</em></strong></span> <span class='ocrx_word' id='word_1_165' title='bbox 862 1229 987 1266; x_wconf 73' lang='lat' dir='ltr'><strong><em>I’rincipe</em></strong></span> <span class='ocrx_word' id='word_1_166' title='bbox 1005 1231 1198 1266; x_wconf 85' lang='lat' dir='ltr'><strong><em>apostolorum,</em></strong></span> <span class='ocrx_word' id='word_1_167' title='bbox 1217 1229 1251 1256; x_wconf 90' lang='lat' dir='ltr'><strong><em>ad</em></strong></span> <span class='ocrx_word' id='word_1_168' title='bbox 1271 1230 1448 1257; x_wconf 81' lang='lat' dir='ltr'><strong><em>ministerium</em></strong></span> <span class='ocrx_word' id='word_1_169' title='bbox 1465 1229 1631 1257; x_wconf 82' lang='lat' dir='ltr'><strong><em>sacerdotale</em></strong></span> <span class='ocrx_word' id='word_1_170' title='bbox 1669 1228 1840 1256; x_wconf 73' lang='lat' dir='ltr'><strong><em>exhibendum</em></strong></span> 
     </span>
    </p>
   </div>
   <div class='ocr_carea' id='block_1_17' title="bbox 215 1275 1838 1312">
    <p class='ocr_par' dir='ltr' id='par_1_17' title="bbox 215 1275 1838 1312">
     <span class='ocr_line' id='line_1_17' title="bbox 215 1275 1838 1312; baseline 0 -10"><span class='ocrx_word' id='word_1_171' title='bbox 215 1281 276 1303; x_wconf 75' lang='lat' dir='ltr'><strong><em>sunt</em></strong></span> <span class='ocrx_word' id='word_1_172' title='bbox 285 1276 397 1310; x_wconf 78' lang='lat' dir='ltr'><strong><em>episcopi</em></strong></span> <span class='ocrx_word' id='word_1_173' title='bbox 411 1275 539 1303; x_wconf 80' lang='lat' dir='ltr'><strong><em>ordinati.</em></strong></span> <span class='ocrx_word' id='word_1_174' title='bbox 551 1275 603 1303; x_wconf 90' lang='lat' dir='ltr'><strong><em>Ilic</em></strong></span> <span class='ocrx_word' id='word_1_175' title='bbox 614 1275 675 1310; x_wconf 80' lang='lat' dir='ltr'><strong><em>fecit</em></strong></span> <span class='ocrx_word' id='word_1_176' title='bbox 690 1275 869 1303; x_wconf 78' lang='lat' dir='ltr'><strong><em>ordinationes</em></strong></span> <span class='ocrx_word' id='word_1_177' title='bbox 881 1276 948 1304; x_wconf 87' lang='lat' dir='ltr'><strong><em>duas</em></strong></span> <span class='ocrx_word' id='word_1_178' title='bbox 959 1285 1005 1312; x_wconf 90' lang='lat' dir='ltr'><strong><em>per</em></strong></span> <span class='ocrx_word' id='word_1_179' title='bbox 1018 1285 1131 1305; x_wconf 86' lang='lat' dir='ltr'><strong><em>mensem</em></strong></span> <span class='ocrx_word' id='word_1_180' title='bbox 1144 1276 1321 1308; x_wconf 83' lang='lat' dir='ltr'><strong><em>Decembrem,</em></strong></span> <span class='ocrx_word' id='word_1_181' title='bbox 1334 1276 1498 1312; x_wconf 76' lang='lat' dir='ltr'><strong><em>presbyteros</em></strong></span> <span class='ocrx_word' id='word_1_182' title='bbox 1517 1276 1615 1309; x_wconf 82' lang='lat' dir='ltr'><strong><em>decem,</em></strong></span> <span class='ocrx_word' id='word_1_183' title='bbox 1627 1276 1755 1304; x_wconf 75' lang='lat' dir='ltr'><strong><em>diaconos</em></strong></span> <span class='ocrx_word' id='word_1_184' title='bbox 1767 1275 1838 1306; x_wconf 82' lang='lat' dir='ltr'><strong><em>duos.</em></strong></span> 
     </span>
    </p>
   </div>
   <div class='ocr_carea' id='block_1_18' title="bbox 215 1321 1837 1359">
    <p class='ocr_par' dir='ltr' id='par_1_18' title="bbox 215 1321 1837 1359">
     <span class='ocr_line' id='line_1_18' title="bbox 215 1321 1837 1359; baseline 0.001 -11"><span class='ocrx_word' id='word_1_185' title='bbox 215 1323 351 1356; x_wconf 81' lang='lat' dir='ltr'><strong><em>episcopos</em></strong></span> <span class='ocrx_word' id='word_1_186' title='bbox 364 1329 410 1355; x_wconf 84' lang='lat' dir='ltr'><strong><em>per</em></strong></span> <span class='ocrx_word' id='word_1_187' title='bbox 424 1321 529 1348; x_wconf 80' lang='lat' dir='ltr'><strong><em>diuersa</em></strong></span> <span class='ocrx_word' id='word_1_188' title='bbox 544 1321 602 1348; x_wconf 86' lang='lat' dir='ltr'><strong><em>loca</em></strong></span> <span class='ocrx_word' id='word_1_189' title='bbox 616 1322 776 1356; x_wconf 84' lang='lat' dir='ltr'><strong><em>quindecim.</em></strong></span> <span class='ocrx_word' id='word_1_190' title='bbox 792 1322 981 1359; x_wconf 50' lang='lat' dir='ltr'><strong><em>Obiit‘martyr</em></strong></span> <span class='ocrx_word' id='word_1_191' title='bbox 997 1333 1066 1356; x_wconf 77' lang='lat' dir='ltr'><strong><em>anno</em></strong></span> <span class='ocrx_word' id='word_1_192' title='bbox 1089 1323 1201 1358; x_wconf 85' lang='lat' dir='ltr'><strong><em>Trajani</em></strong></span> <span class='ocrx_word' id='word_1_193' title='bbox 1217 1323 1304 1350; x_wconf 86' lang='lat' dir='ltr'><strong><em>tertio.</em></strong></span> <span class='ocrx_word' id='word_1_194' title='bbox 1321 1322 1374 1356; x_wconf 85' lang='lat' dir='ltr'><strong><em>Qui</em></strong></span> <span class='ocrx_word' id='word_1_195' title='bbox 1383 1323 1463 1350; x_wconf 89' lang='lat' dir='ltr'><strong><em>etiam</em></strong></span> <span class='ocrx_word' id='word_1_196' title='bbox 1472 1323 1588 1358; x_wconf 84' lang='lat' dir='ltr'><strong><em>sepultus</em></strong></span> <span class='ocrx_word' id='word_1_197' title='bbox 1597 1328 1636 1351; x_wconf 74' lang='lat' dir='ltr'><strong><em>est</em></strong></span> <span class='ocrx_word' id='word_1_198' title='bbox 1650 1324 1678 1351; x_wconf 88' lang='lat' dir='ltr'><strong><em>in</em></strong></span> <span class='ocrx_word' id='word_1_199' title='bbox 1691 1322 1797 1351; x_wconf 69' lang='lat' dir='ltr'><strong><em>Graecia</em></strong></span> <span class='ocrx_word' id='word_1_200' title='bbox 1814 1330 1837 1350; x_wconf 79' lang='lat' dir='ltr'><strong><em>lx</em></strong></span> 
     </span>
    </p>
   </div>
   <div class='ocr_carea' id='block_1_19' title="bbox 215 1365 962 1403">
    <p class='ocr_par' dir='ltr' id='par_1_19' title="bbox 215 1365 962 1403">
     <span class='ocr_line' id='line_1_19' title="bbox 215 1365 962 1403; baseline 0.004 -10"><span class='ocrx_word' id='word_1_201' title='bbox 215 1366 331 1394; x_wconf 76' lang='lat' dir='ltr'><strong><em>Kalend.</em></strong></span> <span class='ocrx_word' id='word_1_202' title='bbox 347 1366 472 1403; x_wconf 53' lang='lat' dir='ltr'><strong><em>Deceml),</em></strong></span> <span class='ocrx_word' id='word_1_203' title='bbox 484 1365 518 1392; x_wconf 87' lang='lat' dir='ltr'><strong><em>Et</em></strong></span> <span class='ocrx_word' id='word_1_204' title='bbox 532 1368 642 1394; x_wconf 79' lang='lat' dir='ltr'><strong><em>cessavit</em></strong></span> <span class='ocrx_word' id='word_1_205' title='bbox 656 1367 822 1402; x_wconf 71' lang='lat' dir='ltr'><strong><em>episcopatus</em></strong></span> <span class='ocrx_word' id='word_1_206' title='bbox 833 1367 888 1395; x_wconf 84' lang='lat' dir='ltr'><strong><em>dies</em></strong></span> <span class='ocrx_word' id='word_1_207' title='bbox 904 1376 962 1396; x_wconf 77' lang='lat' dir='ltr'><strong><em>nu.</em></strong></span> 
     </span>
    </p>
   </div>
   <div class='ocr_carea' id='block_1_20' title="bbox 519 1499 1541 1579">
    <p class='ocr_par' dir='ltr' id='par_1_20' title="bbox 519 1499 1541 1579">
     <span class='ocr_line' id='line_1_20' title="bbox 519 1499 1541 1579; baseline -0.001 0"><span class='ocrx_word' id='word_1_208' title='bbox 519 1499 1020 1579; x_wconf 82' lang='lat' dir='ltr'><strong><em>VARIORUM</em></strong></span> <span class='ocrx_word' id='word_1_209' title='bbox 1086 1500 1541 1578; x_wconf 71' lang='lat' dir='ltr'><strong><em>PROOEMIA</em></strong></span> 
     </span>
    </p>
   </div>
   <div class='ocr_carea' id='block_1_21' title="bbox 829 1631 1242 1662">
    <p class='ocr_par' dir='ltr' id='par_1_21' title="bbox 829 1631 1242 1662">
     <span class='ocr_line' id='line_1_21' title="bbox 829 1631 1242 1662; baseline 0.002 -2"><span class='ocrx_word' id='word_1_210' title='bbox 829 1631 1242 1662; x_wconf 70' lang='lat' dir='ltr'><strong><em>HlSTOftICO-LITTERANA</em></strong></span> 
     </span>
    </p>
   </div>
   <div class='ocr_carea' id='block_1_22' title="bbox 367 1721 1114 1768">
    <p class='ocr_par' dir='ltr' id='par_1_22' title="bbox 367 1721 1108 1768">
     <span class='ocr_line' id='line_1_22' title="bbox 367 1721 1108 1768; baseline 0.001 -2"><span class='ocrx_word' id='word_1_211' title='bbox 367 1721 442 1766; x_wconf 82' lang='lat' dir='ltr'><strong><em>AD</em></strong></span> <span class='ocrx_word' id='word_1_212' title='bbox 478 1721 803 1768; x_wconf 88' lang='lat' dir='ltr'><strong><em>EPISTOLAS</em></strong></span> <span class='ocrx_word' id='word_1_213' title='bbox 831 1721 1039 1766; x_wconf 85' lang='lat' dir='ltr'><strong><em>SANCTI</em></strong></span> <span class='ocrx_word' id='word_1_214' title='bbox 1078 1722 1108 1767; x_wconf 87' lang='lat' dir='ltr'><strong><em>C</em></strong></span> 
     </span>
    </p>
   </div>
   <div class='ocr_carea' id='block_1_23' title="bbox 951 1721 1698 1768">
    <p class='ocr_par' dir='ltr' id='par_1_23' title="bbox 951 1721 1698 1767">
     <span class='ocr_line' id='line_1_23' title="bbox 951 1721 1698 1767; baseline 0 -1"><span class='ocrx_word' id='word_1_215' title='bbox 951 1721 1039 1766; x_wconf 79' lang='lat' dir='ltr'><strong><em>CTI</em></strong></span> <span class='ocrx_word' id='word_1_216' title='bbox 1078 1721 1420 1767; x_wconf 87' lang='lat' dir='ltr'><strong><em>CLEMENTIS</em></strong></span> <span class='ocrx_word' id='word_1_217' title='bbox 1453 1722 1471 1767; x_wconf 92' lang='grc' dir='ltr'>Ι</span> <span class='ocrx_word' id='word_1_218' title='bbox 1512 1721 1698 1766; x_wconf 70' lang='grc' dir='ltr'><strong><em>ΡΑΡΛΕ.</em></strong></span> 
     </span>
    </p>
   </div>
   <div class='ocr_carea' id='block_1_24' title="bbox 225 1431 1840 1448">
    <p class='ocr_par' dir='ltr' id='par_1_24' title="bbox 225 1431 1840 1448">
     <span class='ocr_line' id='line_1_24' title="bbox 225 1431 1840 1448; baseline 0.001 -3"><span class='ocrx_word' id='word_1_219' title='bbox 225 1431 1840 1448; x_wconf 50' lang='lat' dir='ltr'><strong><em>mm</em></strong></span> 
     </span>
    </p>
   </div>
   <div class='ocr_carea' id='block_1_25' title="bbox 526 1967 1546 2034">
    <p class='ocr_par' dir='ltr' id='par_1_25' title="bbox 526 1967 1546 2034">
     <span class='ocr_line' id='line_1_25' title="bbox 526 1967 1546 2034; baseline 0.003 -6"><span class='ocrx_word' id='word_1_220' title='bbox 526 1967 634 2031; x_wconf 86' lang='lat' dir='ltr'><strong><em>EX</em></strong></span> <span class='ocrx_word' id='word_1_221' title='bbox 679 1968 1050 2032; x_wconf 87' lang='lat' dir='ltr'><strong><em>EDITIONE</em></strong></span> <span class='ocrx_word' id='word_1_222' title='bbox 1099 1969 1546 2034; x_wconf 82' lang='lat' dir='ltr'><strong><em>COTELERII.</em></strong></span> 
     </span>
    </p>
   </div>
   <div class='ocr_carea' id='block_1_26' title="bbox 714 2084 1350 2129">
    <p class='ocr_par' dir='ltr' id='par_1_26' title="bbox 714 2084 1350 2129">
     <span class='ocr_line' id='line_1_26' title="bbox 714 2084 1350 2129; baseline 0.003 -19"><span class='ocrx_word' id='word_1_223' title='bbox 714 2084 818 2116; x_wconf 76' lang='lat' dir='ltr'><strong><em>(Patres</em></strong></span> <span class='ocrx_word' id='word_1_224' title='bbox 826 2085 960 2117; x_wconf 73' lang='lat' dir='ltr'><strong><em>apostottci,</em></strong></span> <span class='ocrx_word' id='word_1_225' title='bbox 973 2086 1163 2129; x_wconf 65' lang='lat' dir='ltr'><strong><em>Amstelaedaml,</em></strong></span> <span class='ocrx_word' id='word_1_226' title='bbox 1176 2086 1244 2118; x_wconf 69' lang='grc'><strong>1724,</strong></span> <span class='ocrx_word' id='word_1_227' title='bbox 1256 2086 1350 2117; x_wconf 81' lang='lat' dir='ltr'><strong><em>ln-fol.)</em></strong></span> 
     </span>
    </p>
   </div>
   <div class='ocr_carea' id='block_1_27' title="bbox 616 2172 1448 2272">
    <p class='ocr_par' dir='ltr' id='par_1_27' title="bbox 616 2172 1448 2272">
     <span class='ocr_line' id='line_1_27' title="bbox 616 2172 1448 2272; baseline 0.001 -3"><span class='ocrx_word' id='word_1_228' title='bbox 616 2210 961 2270; x_wconf 82' lang='lat' dir='ltr'><strong><em>VETERUM</em></strong></span> <span class='ocrx_word' id='word_1_229' title='bbox 1005 2172 1448 2272; x_wconf 63' lang='lat' dir='ltr'><strong><em>&#39;i‘ESTIMONIA</em></strong></span> 
     </span>
    </p>
   </div>
   <div class='ocr_carea' id='block_1_28' title="bbox 496 2326 1562 2423">
    <p class='ocr_par' dir='ltr' id='par_1_28' title="bbox 496 2326 1562 2421">
     <span class='ocr_line' id='line_1_28' title="bbox 496 2326 1562 2421; baseline 0.006 -51"><span class='ocrx_word' id='word_1_230' title='bbox 496 2326 570 2371; x_wconf 93' lang='lat' dir='ltr'><strong><em>DE</em></strong></span> <span class='ocrx_word' id='word_1_231' title='bbox 607 2327 814 2373; x_wconf 86' lang='lat' dir='ltr'><strong><em>SANCTI</em></strong></span> <span class='ocrx_word' id='word_1_232' title='bbox 853 2331 1191 2421; x_wconf 60' lang='lat' dir='ltr'><strong><em>CLEMFNTIS</em></strong></span> <span class='ocrx_word' id='word_1_233' title='bbox 1228 2330 1562 2378; x_wconf 86' lang='lat' dir='ltr'><strong><em>EPISTOLIS.</em></strong></span> 
     </span>
    </p>
   </div>
   <div class='ocr_carea' id='block_1_29' title="bbox 660 2435 1409 2477">
    <p class='ocr_par' dir='ltr' id='par_1_29' title="bbox 660 2435 1409 2477">
     <span class='ocr_line' id='line_1_29' title="bbox 660 2435 1409 2477; baseline 0.008 -13"><span class='ocrx_word' id='word_1_234' title='bbox 660 2435 690 2465; x_wconf 92' lang='lat' dir='ltr'><strong><em>S.</em></strong></span> <span class='ocrx_word' id='word_1_235' title='bbox 712 2438 835 2468; x_wconf 66' lang='lat' dir='ltr'><strong><em>[animus</em></strong></span> <span class='ocrx_word' id='word_1_236' title='bbox 848 2460 855 2472; x_wconf 85' lang='lat'><strong><em>.</em></strong></span> <span class='ocrx_word' id='word_1_237' title='bbox 873 2441 919 2469; x_wconf 91' lang='lat' dir='ltr'><strong><em>lib.</em></strong></span> <span class='ocrx_word' id='word_1_238' title='bbox 937 2449 987 2475; x_wconf 87' lang='lat' dir='ltr'><strong><em>In,</em></strong></span> <span class='ocrx_word' id='word_1_239' title='bbox 1002 2442 1127 2470; x_wconf 80' lang='lat' dir='ltr'><strong><em>adversus</em></strong></span> <span class='ocrx_word' id='word_1_240' title='bbox 1149 2442 1287 2475; x_wconf 72' lang='grc' dir='ltr'><strong><em>Ηιετεδεε,</em></strong></span> <span class='ocrx_word' id='word_1_241' title='bbox 1302 2450 1363 2477; x_wconf 85' lang='lat' dir='ltr'><strong><em>cap.</em></strong></span> <span class='ocrx_word' id='word_1_242' title='bbox 1383 2443 1409 2470; x_wconf 80' lang='grc'><strong>5.</strong></span> 
     </span>
    </p>
   </div>
   <div class='ocr_carea' id='block_1_30' title="bbox 345 2480 1756 2523">
    <p class='ocr_par' dir='ltr' id='par_1_30' title="bbox 345 2480 1756 2523">
     <span class='ocr_line' id='line_1_30' title="bbox 345 2480 1756 2523; baseline 0.005 -15"><span class='ocrx_word' id='word_1_243' title='bbox 345 2480 531 2514; x_wconf 86' lang='lat' dir='ltr'><strong><em>Interpretatio</em></strong></span> <span class='ocrx_word' id='word_1_244' title='bbox 544 2487 626 2510; x_wconf 73' lang='lat' dir='ltr'><strong><em>uetus.</em></strong></span> <span class='ocrx_word' id='word_1_245' title='bbox 750 2484 828 2520; x_wconf 80' lang='grc' dir='ltr'><strong><em>Δρ.ιά</em></strong></span> <span class='ocrx_word' id='word_1_246' title='bbox 840 2486 987 2515; x_wconf 87' lang='lat' dir='ltr'><strong><em>Eusebium</em></strong></span> <span class='ocrx_word' id='word_1_247' title='bbox 1000 2488 1072 2516; x_wconf 81' lang='lat' dir='ltr'><strong><em>Hist.</em></strong></span> <span class='ocrx_word' id='word_1_248' title='bbox 1092 2488 1156 2516; x_wconf 88' lang='lat' dir='ltr'><strong><em>ecct.</em></strong></span> <span class='ocrx_word' id='word_1_249' title='bbox 1170 2489 1188 2516; x_wconf 92' lang='lat' dir='ltr'><strong><em>l.</em></strong></span> <span class='ocrx_word' id='word_1_250' title='bbox 1205 2497 1231 2521; x_wconf 87' lang='grc' dir='ltr'>ν,</span> <span class='ocrx_word' id='word_1_251' title='bbox 1245 2496 1270 2515; x_wconf 89' lang='lat' dir='ltr'><strong><em>c.</em></strong></span> <span class='ocrx_word' id='word_1_252' title='bbox 1285 2488 1312 2515; x_wconf 88' lang='lat'><strong><em>6.</em></strong></span> <span class='ocrx_word' id='word_1_253' title='bbox 1440 2487 1632 2523; x_wconf 84' lang='lat' dir='ltr'><strong><em>lnterpretatio</em></strong></span> <span class='ocrx_word' id='word_1_254' title='bbox 1649 2487 1756 2516; x_wconf 82' lang='lat' dir='ltr'><strong><em>Vatesii.</em></strong></span> 
     </span>
    </p>
   </div>
   <div class='ocr_carea' id='block_1_31' title="bbox 258 2544 1005 2589">
    <p class='ocr_par' dir='ltr' id='par_1_31' title="bbox 258 2544 1005 2585">
     <span class='ocr_line' id='line_1_31' title="bbox 258 2544 1005 2585; baseline 0.007 -13"><span class='ocrx_word' id='word_1_255' title='bbox 258 2544 418 2573; x_wconf 83' lang='lat' dir='ltr'><strong><em>Fundantes</em></strong></span> <span class='ocrx_word' id='word_1_256' title='bbox 432 2550 514 2581; x_wconf 82' lang='lat' dir='ltr'><strong><em>igitur</em></strong></span> <span class='ocrx_word' id='word_1_257' title='bbox 528 2549 555 2573; x_wconf 86' lang='lat' dir='ltr'><strong><em>et</em></strong></span> <span class='ocrx_word' id='word_1_258' title='bbox 570 2546 739 2575; x_wconf 78' lang='lat' dir='ltr'><strong><em>instruentes</em></strong></span> <span class='ocrx_word' id='word_1_259' title='bbox 806 2548 1005 2585; x_wconf 81' lang='grc' dir='ltr'><strong><em>Θεμελιώσαντε</em></strong></span> 
     </span>
    </p>
   </div>
   <div class='ocr_carea' id='block_1_32' title="bbox 1085 2544 1832 2589">
    <p class='ocr_par' dir='ltr' id='par_1_32' title="bbox 1094 2552 1832 2589">
     <span class='ocr_line' id='line_1_32' title="bbox 1094 2552 1832 2589; baseline 0.004 -11"><span class='ocrx_word' id='word_1_260' title='bbox 1094 2552 1141 2582; x_wconf 70' lang='grc' dir='ltr'><strong><em>καὶ</em></strong></span> <span class='ocrx_word' id='word_1_261' title='bbox 1151 2552 1289 2588; x_wconf 82' lang='grc' dir='ltr'><strong><em>οῑκοδομή-</em></strong></span> <span class='ocrx_word' id='word_1_262' title='bbox 1360 2553 1484 2581; x_wconf 83' lang='lat' dir='ltr'><strong><em>Fundata</em></strong></span> <span class='ocrx_word' id='word_1_263' title='bbox 1496 2553 1552 2589; x_wconf 87' lang='lat' dir='ltr'><strong><em>jam</em></strong></span> <span class='ocrx_word' id='word_1_264' title='bbox 1565 2557 1592 2581; x_wconf 88' lang='lat' dir='ltr'><strong><em>et</em></strong></span> <span class='ocrx_word' id='word_1_265' title='bbox 1602 2554 1734 2581; x_wconf 67' lang='lat' dir='ltr'><strong><em>aediﬁcata</em></strong></span> <span class='ocrx_word' id='word_1_266' title='bbox 1747 2553 1832 2581; x_wconf 77' lang='lat' dir='ltr'><strong><em>Eccle-</em></strong></span> 
     </span>
    </p>
   </div>
   <div class='ocr_carea' id='block_1_33' title="bbox 222 2589 969 2634">
    <p class='ocr_par' dir='ltr' id='par_1_33' title="bbox 222 2589 969 2631">
     <span class='ocr_line' id='line_1_33' title="bbox 222 2589 969 2631; baseline 0.007 -14"><span class='ocrx_word' id='word_1_267' title='bbox 222 2589 295 2617; x_wconf 80' lang='lat' dir='ltr'><strong><em>heati</em></strong></span> <span class='ocrx_word' id='word_1_268' title='bbox 324 2590 439 2625; x_wconf 77' lang='lat' dir='ltr'><strong><em>apostoli</em></strong></span> <span class='ocrx_word' id='word_1_269' title='bbox 472 2590 642 2622; x_wconf 84' lang='lat' dir='ltr'><strong><em>Ecclesiam,</em></strong></span> <span class='ocrx_word' id='word_1_270' title='bbox 669 2590 738 2618; x_wconf 79' lang='lat' dir='ltr'><strong><em>Lino</em></strong></span> <span class='ocrx_word' id='word_1_271' title='bbox 775 2602 869 2627; x_wconf 81' lang='grc' dir='ltr'>σαντες</span> <span class='ocrx_word' id='word_1_272' title='bbox 883 2596 908 2622; x_wconf 84' lang='grc' dir='ltr'>οι</span> <span class='ocrx_word' id='word_1_273' title='bbox 927 2605 969 2631; x_wconf 71' lang='grc' dir='ltr'><strong><em>μαι</em></strong></span> 
     </span>
    </p>
   </div>
   <div class='ocr_carea' id='block_1_34' title="bbox 1085 2589 1832 2634">
    <p class='ocr_par' dir='ltr' id='par_1_34' title="bbox 1085 2597 1832 2634">
     <span class='ocr_line' id='line_1_34' title="bbox 1085 2597 1832 2634; baseline 0.003 -11"><span class='ocrx_word' id='word_1_274' title='bbox 1085 2597 1226 2624; x_wconf 81' lang='grc' dir='ltr'><strong><em>ἀπόστολοι</em></strong></span> <span class='ocrx_word' id='word_1_275' title='bbox 1240 2599 1288 2634; x_wconf 80' lang='grc' dir='ltr'><strong><em>τὴν</em></strong></span> <span class='ocrx_word' id='word_1_276' title='bbox 1324 2600 1364 2627; x_wconf 81' lang='lat' dir='ltr'><strong><em>sia</em></strong></span> <span class='ocrx_word' id='word_1_277' title='bbox 1376 2619 1383 2632; x_wconf 87' lang='grc'>,</span> <span class='ocrx_word' id='word_1_278' title='bbox 1399 2598 1551 2627; x_wconf 75' lang='lat' dir='ltr'><strong><em>beatissimi</em></strong></span> <span class='ocrx_word' id='word_1_279' title='bbox 1566 2599 1684 2633; x_wconf 81' lang='lat' dir='ltr'><strong><em>apostoli</em></strong></span> <span class='ocrx_word' id='word_1_280' title='bbox 1699 2600 1832 2634; x_wconf 76' lang='lat' dir='ltr'><strong><em>episcopa-</em></strong></span> 
     </span>
    </p>
   </div>
   <div class='ocr_carea' id='block_1_35' title="bbox 222 2638 969 2678">
    <p class='ocr_par' dir='ltr' id='par_1_35' title="bbox 222 2638 969 2676">
     <span class='ocr_line' id='line_1_35' title="bbox 222 2638 969 2676; baseline 0.007 -13"><span class='ocrx_word' id='word_1_281' title='bbox 222 2638 408 2672; x_wconf 83' lang='lat' dir='ltr'><strong><em>episcopatum</em></strong></span> <span class='ocrx_word' id='word_1_282' title='bbox 442 2638 664 2666; x_wconf 73' lang='lat' dir='ltr'><strong><em>administranda:</em></strong></span> <span class='ocrx_word' id='word_1_283' title='bbox 687 2638 738 2665; x_wconf 86' lang='lat' dir='ltr'><strong><em>Ec-</em></strong></span> <span class='ocrx_word' id='word_1_284' title='bbox 780 2640 969 2676; x_wconf 48' lang='grc' dir='ltr'><strong><em>Ἐκκλησίανν</em></strong></span> 
     </span>
    </p>
   </div>
   <div class='ocr_carea' id='block_1_36' title="bbox 1082 2638 1829 2678">
    <p class='ocr_par' dir='ltr' id='par_1_36' title="bbox 1082 2643 1829 2678">
     <span class='ocr_line' id='line_1_36' title="bbox 1082 2643 1829 2678; baseline 0.003 -8"><span class='ocrx_word' id='word_1_285' title='bbox 1082 2652 1100 2678; x_wconf 67' lang='grc' dir='ltr'>ιν</span> <span class='ocrx_word' id='word_1_286' title='bbox 1116 2643 1165 2678; x_wconf 82' lang='grc' dir='ltr'><strong><em>τῆς</em></strong></span> <span class='ocrx_word' id='word_1_287' title='bbox 1178 2644 1289 2672; x_wconf 83' lang='grc' dir='ltr'><strong><em>ὲπισκο-</em></strong></span> <span class='ocrx_word' id='word_1_288' title='bbox 1324 2649 1368 2672; x_wconf 86' lang='lat' dir='ltr'><strong><em>tus</em></strong></span> <span class='ocrx_word' id='word_1_289' title='bbox 1399 2643 1518 2671; x_wconf 76' lang='lat' dir='ltr'><strong><em>oﬂicium</em></strong></span> <span class='ocrx_word' id='word_1_290' title='bbox 1556 2643 1626 2671; x_wconf 89' lang='lat' dir='ltr'><strong><em>Lino</em></strong></span> <span class='ocrx_word' id='word_1_291' title='bbox 1656 2644 1829 2672; x_wconf 85' lang='lat' dir='ltr'><strong><em>tradiderunt.</em></strong></span> 
     </span>
    </p>
   </div>
   <div class='ocr_carea' id='block_1_37' title="bbox 222 2683 969 2725">
    <p class='ocr_par' dir='ltr' id='par_1_37' title="bbox 222 2683 969 2723">
     <span class='ocr_line' id='line_1_37' title="bbox 222 2683 969 2723; baseline 0.005 -14"><span class='ocrx_word' id='word_1_292' title='bbox 222 2683 312 2710; x_wconf 74' lang='lat' dir='ltr'><strong><em>clesize</em></strong></span> <span class='ocrx_word' id='word_1_293' title='bbox 341 2683 524 2711; x_wconf 85' lang='lat' dir='ltr'><strong><em>tradiderunt.</em></strong></span> <span class='ocrx_word' id='word_1_294' title='bbox 556 2683 644 2719; x_wconf 87' lang='lat' dir='ltr'><strong><em>Hujus</em></strong></span> <span class='ocrx_word' id='word_1_295' title='bbox 677 2683 738 2711; x_wconf 86' lang='lat' dir='ltr'><strong><em>Lini</em></strong></span> <span class='ocrx_word' id='word_1_296' title='bbox 777 2686 832 2721; x_wconf 83' lang='grc' dir='ltr'><strong><em>πῆς</em></strong></span> <span class='ocrx_word' id='word_1_297' title='bbox 845 2686 969 2723; x_wconf 86' lang='grc' dir='ltr'><strong><em>λειτουργ</em></strong></span> 
     </span>
    </p>
   </div>
   <div class='ocr_carea' id='block_1_38' title="bbox 1083 2683 1830 2725">
    <p class='ocr_par' dir='ltr' id='par_1_38' title="bbox 1083 2688 1830 2725">
     <span class='ocr_line' id='line_1_38' title="bbox 1083 2688 1830 2725; baseline 0.004 -11"><span class='ocrx_word' id='word_1_298' title='bbox 1083 2688 1202 2724; x_wconf 72' lang='grc' dir='ltr'><strong><em>[εἰρισαν.</em></strong></span> <span class='ocrx_word' id='word_1_299' title='bbox 1221 2690 1287 2717; x_wconf 86' lang='grc' dir='ltr'><strong><em>Τού-</em></strong></span> <span class='ocrx_word' id='word_1_300' title='bbox 1323 2690 1411 2725; x_wconf 84' lang='lat' dir='ltr'><strong><em>llujus</em></strong></span> <span class='ocrx_word' id='word_1_301' title='bbox 1428 2689 1488 2716; x_wconf 88' lang='lat' dir='ltr'><strong><em>Lini</em></strong></span> <span class='ocrx_word' id='word_1_302' title='bbox 1504 2689 1670 2717; x_wconf 86' lang='lat' dir='ltr'><strong><em>mentionem</em></strong></span> <span class='ocrx_word' id='word_1_303' title='bbox 1686 2689 1750 2717; x_wconf 73' lang='lat' dir='ltr'><strong><em>facit</em></strong></span> <span class='ocrx_word' id='word_1_304' title='bbox 1766 2688 1830 2718; x_wconf 76' lang='lat' dir='ltr'><strong><em>Pau-</em></strong></span> 
     </span>
    </p>
   </div>
   <div class='ocr_carea' id='block_1_39' title="bbox 223 2730 970 2770">
    <p class='ocr_par' dir='ltr' id='par_1_39' title="bbox 223 2730 970 2766">
     <span class='ocr_line' id='line_1_39' title="bbox 223 2730 970 2766; baseline 0.001 -8"><span class='ocrx_word' id='word_1_305' title='bbox 223 2730 324 2758; x_wconf 76' lang='lat' dir='ltr'><strong><em>Daulus</em></strong></span> <span class='ocrx_word' id='word_1_306' title='bbox 337 2731 363 2758; x_wconf 93' lang='lat' dir='ltr'><strong><em>in</em></strong></span> <span class='ocrx_word' id='word_1_307' title='bbox 380 2731 423 2758; x_wconf 88' lang='lat' dir='ltr'><strong><em>his</em></strong></span> <span class='ocrx_word' id='word_1_308' title='bbox 434 2739 494 2766; x_wconf 65' lang='lat' dir='ltr'><strong><em>quae</em></strong></span> <span class='ocrx_word' id='word_1_309' title='bbox 512 2734 576 2758; x_wconf 89' lang='lat' dir='ltr'><strong><em>sunt</em></strong></span> <span class='ocrx_word' id='word_1_310' title='bbox 592 2730 625 2758; x_wconf 90' lang='lat' dir='ltr'><strong><em>ad</em></strong></span> <span class='ocrx_word' id='word_1_311' title='bbox 644 2730 738 2758; x_wconf 88' lang='lat' dir='ltr'><strong><em>Timo-</em></strong></span> <span class='ocrx_word' id='word_1_312' title='bbox 774 2731 970 2759; x_wconf 81' lang='grc' dir='ltr'><strong><em>τουτοῢΛίνου]</em></strong></span> 
     </span>
    </p>
   </div>
   <div class='ocr_carea' id='block_1_40' title="bbox 1082 2730 1829 2770">
    <p class='ocr_par' dir='ltr' id='par_1_40' title="bbox 1082 2735 1829 2770">
     <span class='ocr_line' id='line_1_40' title="bbox 1082 2735 1829 2770; baseline 0.001 -10"><span class='ocrx_word' id='word_1_313' title='bbox 1082 2735 1290 2770; x_wconf 71' lang='grc' dir='ltr'><strong><em>ὲνταῖςπρδςΤι-</em></strong></span> <span class='ocrx_word' id='word_1_314' title='bbox 1326 2735 1369 2762; x_wconf 88' lang='lat' dir='ltr'><strong><em>lus</em></strong></span> <span class='ocrx_word' id='word_1_315' title='bbox 1397 2735 1426 2762; x_wconf 92' lang='lat' dir='ltr'><strong><em>in</em></strong></span> <span class='ocrx_word' id='word_1_316' title='bbox 1453 2735 1566 2763; x_wconf 81' lang='lat' dir='ltr'><strong><em>Litteris</em></strong></span> <span class='ocrx_word' id='word_1_317' title='bbox 1599 2736 1633 2763; x_wconf 86' lang='lat' dir='ltr'><strong><em>ad</em></strong></span> <span class='ocrx_word' id='word_1_318' title='bbox 1657 2735 1829 2763; x_wconf 82' lang='lat' dir='ltr'><strong><em>Timotheum.</em></strong></span> 
     </span>
    </p>
   </div>
   <div class='ocr_carea' id='block_1_41' title="bbox 223 2777 970 2815">
    <p class='ocr_par' dir='ltr' id='par_1_41' title="bbox 223 2777 970 2812">
     <span class='ocr_line' id='line_1_41' title="bbox 223 2777 970 2812; baseline -0.003 -7"><span class='ocrx_word' id='word_1_319' title='bbox 223 2779 314 2806; x_wconf 85' lang='lat' dir='ltr'><strong><em>tlieum</em></strong></span> <span class='ocrx_word' id='word_1_320' title='bbox 328 2778 438 2806; x_wconf 81' lang='lat' dir='ltr'><strong><em>Litteris</em></strong></span> <span class='ocrx_word' id='word_1_321' title='bbox 459 2778 592 2805; x_wconf 87' lang='lat' dir='ltr'><strong><em>meminit.</em></strong></span> <span class='ocrx_word' id='word_1_322' title='bbox 611 2777 738 2805; x_wconf 86' lang='lat' dir='ltr'><strong><em>Succedit</em></strong></span> <span class='ocrx_word' id='word_1_323' title='bbox 775 2777 870 2812; x_wconf 79' lang='grc' dir='ltr'><strong><em>μόϐεον</em></strong></span> <span class='ocrx_word' id='word_1_324' title='bbox 888 2778 970 2804; x_wconf 67' lang='grc' dir='ltr'><strong><em>Ἐπιοη</em></strong></span> 
     </span>
    </p>
   </div>
   <div class='ocr_carea' id='block_1_42' title="bbox 1083 2777 1830 2815">
    <p class='ocr_par' dir='ltr' id='par_1_42' title="bbox 1083 2779 1830 2815">
     <span class='ocr_line' id='line_1_42' title="bbox 1083 2779 1830 2815; baseline -0.001 -10"><span class='ocrx_word' id='word_1_325' title='bbox 1083 2779 1222 2815; x_wconf 83' lang='grc' dir='ltr'><strong><em>ιέμνηται·</em></strong></span> <span class='ocrx_word' id='word_1_326' title='bbox 1237 2779 1290 2806; x_wconf 84' lang='grc' dir='ltr'><strong><em>δια-</em></strong></span> <span class='ocrx_word' id='word_1_327' title='bbox 1325 2780 1394 2807; x_wconf 86' lang='lat' dir='ltr'><strong><em>Huic</em></strong></span> <span class='ocrx_word' id='word_1_328' title='bbox 1416 2782 1552 2808; x_wconf 81' lang='lat' dir='ltr'><strong><em>successit</em></strong></span> <span class='ocrx_word' id='word_1_329' title='bbox 1575 2780 1748 2808; x_wconf 84' lang='lat' dir='ltr'><strong><em>Anencletus.</em></strong></span> <span class='ocrx_word' id='word_1_330' title='bbox 1773 2779 1830 2806; x_wconf 87' lang='lat' dir='ltr'><strong><em>Post</em></strong></span> 
     </span>
    </p>
   </div>
   <div class='ocr_carea' id='block_1_43' title="bbox 223 2822 970 2861">
    <p class='ocr_par' dir='ltr' id='par_1_43' title="bbox 223 2822 969 2858">
     <span class='ocr_line' id='line_1_43' title="bbox 223 2822 969 2858; baseline -0.001 -7"><span class='ocrx_word' id='word_1_331' title='bbox 223 2829 313 2851; x_wconf 85' lang='lat' dir='ltr'><strong><em>autem</em></strong></span> <span class='ocrx_word' id='word_1_332' title='bbox 327 2824 351 2851; x_wconf 87' lang='lat' dir='ltr'><strong><em>ei</em></strong></span> <span class='ocrx_word' id='word_1_333' title='bbox 363 2823 519 2851; x_wconf 83' lang='lat' dir='ltr'><strong><em>Anacletus.</em></strong></span> <span class='ocrx_word' id='word_1_334' title='bbox 533 2822 597 2850; x_wconf 87' lang='lat' dir='ltr'><strong><em>Post</em></strong></span> <span class='ocrx_word' id='word_1_335' title='bbox 609 2831 671 2851; x_wconf 89' lang='lat' dir='ltr'><strong><em>eum</em></strong></span> <span class='ocrx_word' id='word_1_336' title='bbox 684 2827 737 2851; x_wconf 86' lang='lat' dir='ltr'><strong><em>ter-</em></strong></span> <span class='ocrx_word' id='word_1_337' title='bbox 773 2823 911 2858; x_wconf 75' lang='grc' dir='ltr'><strong><em>δέχεταιδὲ</em></strong></span> <span class='ocrx_word' id='word_1_338' title='bbox 919 2824 969 2850; x_wconf 82' lang='grc' dir='ltr'><strong><em>αὐτ</em></strong></span> 
     </span>
    </p>
   </div>
   <div class='ocr_carea' id='block_1_44' title="bbox 1084 2822 1831 2861">
    <p class='ocr_par' dir='ltr' id='par_1_44' title="bbox 1084 2825 1831 2861">
     <span class='ocr_line' id='line_1_44' title="bbox 1084 2825 1831 2861; baseline 0.004 -11"><span class='ocrx_word' id='word_1_339' title='bbox 1084 2825 1188 2860; x_wconf 77' lang='grc' dir='ltr'><strong><em>’κλητος</em></strong></span> <span class='ocrx_word' id='word_1_340' title='bbox 1199 2834 1206 2840; x_wconf 86' lang='grc'>·</span> <span class='ocrx_word' id='word_1_341' title='bbox 1223 2826 1291 2860; x_wconf 83' lang='grc' dir='ltr'><strong><em>μετὰ</em></strong></span> <span class='ocrx_word' id='word_1_342' title='bbox 1326 2833 1406 2861; x_wconf 78' lang='lat' dir='ltr'><strong><em>quem</em></strong></span> <span class='ocrx_word' id='word_1_343' title='bbox 1420 2826 1499 2853; x_wconf 84' lang='lat' dir='ltr'><strong><em>tertio</em></strong></span> <span class='ocrx_word' id='word_1_344' title='bbox 1510 2826 1545 2853; x_wconf 86' lang='lat' dir='ltr'><strong><em>ab</em></strong></span> <span class='ocrx_word' id='word_1_345' title='bbox 1557 2826 1688 2861; x_wconf 78' lang='lat' dir='ltr'><strong><em>apostolis</em></strong></span> <span class='ocrx_word' id='word_1_346' title='bbox 1703 2826 1761 2853; x_wconf 88' lang='lat' dir='ltr'><strong><em>loco</em></strong></span> <span class='ocrx_word' id='word_1_347' title='bbox 1771 2832 1831 2860; x_wconf 78' lang='lat' dir='ltr'><strong><em>pon-</em></strong></span> 
     </span>
    </p>
   </div>
   <div class='ocr_carea' id='block_1_45' title="bbox 224 2869 971 2907">
    <p class='ocr_par' dir='ltr' id='par_1_45' title="bbox 224 2869 971 2907">
     <span class='ocr_line' id='line_1_45' title="bbox 224 2869 971 2907; baseline -0.004 -8"><span class='ocrx_word' id='word_1_348' title='bbox 224 2873 261 2899; x_wconf 89' lang='lat' dir='ltr'><strong><em>tio</em></strong></span> <span class='ocrx_word' id='word_1_349' title='bbox 276 2872 335 2900; x_wconf 87' lang='lat' dir='ltr'><strong><em>loco</em></strong></span> <span class='ocrx_word' id='word_1_350' title='bbox 350 2871 383 2900; x_wconf 87' lang='lat' dir='ltr'><strong><em>ab</em></strong></span> <span class='ocrx_word' id='word_1_351' title='bbox 398 2871 528 2907; x_wconf 85' lang='lat' dir='ltr'><strong><em>apostolis</em></strong></span> <span class='ocrx_word' id='word_1_352' title='bbox 550 2871 735 2906; x_wconf 75' lang='lat' dir='ltr'><strong><em>episcopatum</em></strong></span> <span class='ocrx_word' id='word_1_353' title='bbox 774 2869 868 2896; x_wconf 79' lang='grc' dir='ltr'><strong><em>τυῦτον</em></strong></span> <span class='ocrx_word' id='word_1_354' title='bbox 879 2869 905 2896; x_wconf 77' lang='grc' dir='ltr'><strong><em>δὲ</em></strong></span> <span class='ocrx_word' id='word_1_355' title='bbox 913 2869 971 2904; x_wconf 74' lang='grc' dir='ltr'><strong>τρετ</strong></span> 
     </span>
    </p>
   </div>
   <div class='ocr_carea' id='block_1_46' title="bbox 1082 2869 1829 2907">
    <p class='ocr_par' dir='ltr' id='par_1_46' title="bbox 1092 2870 1829 2900">
     <span class='ocr_line' id='line_1_46' title="bbox 1092 2870 1829 2900; baseline -0.001 -3"><span class='ocrx_word' id='word_1_356' title='bbox 1092 2870 1144 2897; x_wconf 76' lang='grc' dir='ltr'>ἀπὸ</span> <span class='ocrx_word' id='word_1_357' title='bbox 1158 2870 1211 2897; x_wconf 83' lang='grc' dir='ltr'><strong><em>τῶν</em></strong></span> <span class='ocrx_word' id='word_1_358' title='bbox 1224 2871 1291 2897; x_wconf 79' lang='grc' dir='ltr'>ἀπο-</span> <span class='ocrx_word' id='word_1_359' title='bbox 1327 2871 1459 2899; x_wconf 83' lang='lat' dir='ltr'><strong><em>lilicatum</em></strong></span> <span class='ocrx_word' id='word_1_360' title='bbox 1491 2871 1603 2899; x_wconf 83' lang='lat' dir='ltr'><strong><em>sortitus</em></strong></span> <span class='ocrx_word' id='word_1_361' title='bbox 1630 2875 1671 2899; x_wconf 86' lang='lat' dir='ltr'><strong><em>est</em></strong></span> <span class='ocrx_word' id='word_1_362' title='bbox 1698 2871 1829 2900; x_wconf 82' lang='lat' dir='ltr'><strong><em>Clemens;</em></strong></span> 
     </span>
    </p>
   </div>
  </div>
