1893 3101
48 187 76 214 55

652 168 821 198 PROCEMIA
838 164 1030 196 VARIORUM.

1626 160 1664 188 δι

507 228 537 257 S.
549 226 685 259 hENEUS,
698 226 746 255 lib.
762 234 791 254 ιιι
803 224 927 252 adversus
942 222 1074 253 Παντέως,
1090 227 1149 255 cap.
1165 220 1193 248 5.

158 281 346 318 Interpretatio
360 284 444 307 vetus.

46 331 148 361 sortitur
169 329 311 360 Clemens;
335 325 382 361 qui
419 327 447 352 et
484 321 552 350 vidit

46 379 112 412 ipsos
131 372 280 410 apOstolos,
299 376 327 399 et
349 368 465 398 contulit
487 374 551 394 cum

45 424 95 456 eis;
118 425 145 449 et
170 426 234 447 cum
258 417 348 445 adhuc
379 415 551 442 insonantem

47 465 258 503 praedicationem
292 460 497 497 apostolorum,
526 460 553 484 et

46 513 210 541 traditionem
231 512 294 536 ante
308 506 404 535 oculos
422 504 551 535 haberet,

47 566 94 586 non
108 557 182 584 solus
195 564 201 582 :
218 553 308 581 adhuc
321 551 393 579 enim
408 549 487 577 multi
506 555 553 575 su-

47 607 161 641 pererant
172 607 252 633 tunc,
270 600 304 627 ab
322 597 454 634 apostolis
468 595 551 623 docti.

48 653 98 680 Sub
112 652 162 679 hoc
177 650 263 686 igitur
276 647 428 677 Clemente,
447 643 555 670 dissen-

47 702 116 728 sione
133 706 188 726 non
209 696 319 725 modica
344 695 416 722 inter
439 699 487 720 eos
508 690 555 726 qui

47 743 160 772 Corinthi
189 745 286 770 essent
319 739 419 766 fratres
456 735 532 770 facta
545 754 553 767 ,

47 788 149 824 scripsit
157 794 220 822 qua:
227 790 269 814 est
276 780 497 812 RomaaEcclesia
506 787 555 815 po-

47 835 208 863 tentissimas
229 832 336 859 litteras
346 827 506 858 Corinthiis,
521 825 556 853 ad

47 888 130 916 pacem
153 887 201 907 eos
227 882 405 912 congregans,
429 875 456 900 et
478 879 557 906 repa-

47 934 103 954 rans
117 925 195 952 fidem
212 929 307 951 eorum
318 941 325 954 ,
341 924 368 948 et
389 918 556 946 annuntians

48 978 119 1006 quam
139 970 166 997 in
184 967 293 996 recenti
309 967 342 993 ab
357 963 489 1000 apostolis
511 970 557 989 ac-

48 1019 148 1051 ceperat
168 1013 346 1042 traditionem
361 1031 368 1043 ,
389 1009 554 1037 annuntian-

48 1066 95 1089 tem
118 1068 200 1087 unum
224 1059 312 1086 Deum
333 1056 555 1092 omnipotentem,

48 1108 167 1136 factorem
184 1106 251 1134 εωιὶ
263 1110 289 1133 et
305 1109 395 1135 terrae,
408 1102 558 1138 plasmato-

581 273 661 309 Apud
675 272 822 300 Eusebium
833 271 905 298 Hist.
921 270 992 297 Eccl.
1005 269 1023 296 l.
1033 276 1060 295 v.
1071 275 1096 294 c.
1113 267 1139 293 6.

588 320 691 346 στόλων
713 319 763 354 τὴν
783 317 935 353 ἐπισκοπὴν
957 313 1106 351 κληροῦνται

587 369 715 404 Κλήμης·
729 365 744 391 6
759 364 805 392 καὶ
827 361 957 399 ἑωρακὼς
977 362 1040 392 τοὺς
1058 368 1109 396 μα-

588 412 700 448 καρίους
711 408 885 439 ἀποστόλους,
900 406 948 433 καὶ
958 404 1111 440 συμϐεϐλη-

589 459 644 491 κὼς
659 459 751 489 αὐτοῖς
760 465 766 472 ·
782 456 830 483 καὶ
844 455 884 481 ἐτι
898 453 1008 480 ἔναυλον
1015 451 1046 478 τὸ
1061 451 1110 487 κή-

590 513 682 541 ρυγμα
696 503 749 530 τῶν
759 501 925 531 ἀποστόλων,
939 500 986 526 καὶ
995 498 1044 534 τὴν
1058 506 1111 524 πα-

591 551 697 587 ράδοσιν
706 548 760 584 πρὸ
779 545 926 582 ὀφθαλμῶν
939 544 1007 580 ἔχων
1024 543 1055 570 οὑ
1067 543 1111 578 μό-

590 604 635 626 νος
653 603 659 609 ·
683 594 724 620 ἔτι
746 592 801 628 γὰρ
818 590 914 628 πολλοὶ
934 587 1110 616 ὑπελείποντο

589 641 650 667 τότε
673 639 725 666 ὑπὸ
818 626 982 663 ¹ἀποστόλων
1010 633 1110 660 δεδιδα-

589 686 696 722 γμένοι.
712 684 773 710 Ἐπὶ
780 682 875 710 τούτου
882 679 928 708 οὖν
935 679 982 707 τοῦ
990 679 1047 714 Κλή
1052 687 1112 714 μεν-

589 740 646 763 τος,
663 729 784 760 στάσεως
811 728 862 754 οὐκ
882 726 975 761 ὀλίγης
1001 725 1057 756 τοῖς
1081 724 1110 749 ὲν

590 775 715 812 Κορίνθῳ
725 773 874 809 γενομένης
885 771 1018 805 ἀδελφοῖς,
1030 769 1079 796 ἐπέ
1097 784 1110 789 -

592 820 695 848 στειλεν
709 819 726 854 ὴ
737 819 766 844 ὲν
784 816 876 852 Ῥώμῃ
890 815 1037 850 Ἐκκλησία
1052 814 1111 840 ἰκα-

591 864 714 899 νωτάτην
723 862 893 899 γραφὴντοίς
899 859 1063 896 Κορινθίοις,
1072 860 1112 890 εἰς

594 910 703 945 εἰρήνην
731 906 937 942 συμϐισάζουσα
947 905 1056 936 αὐτοὺς,
1065 904 1112 931 καὶ

593 953 743 982 ἀνανεοῦσα
765 953 814 988 τὴν
837 952 928 978 πίστιν
950 950 1050 982 αὐτῶν,
1066 950 1112 977 καὶ

592 1000 625 1034 ῆν
639 998 736 1025 νεωστὶ
751 996 804 1024 ἀπὸ
817 995 871 1022 τῶν
891 995 1047 1023 ἀποστόλων
1061 1002 1113 1021 πα-

594 1043 701 1080 ράδοσιν
715 1041 830 1077 εἰλήφει.

1259 265 1446 300 Interpretatio
1465 265 1572 292 Vatesii.

1144 313 1190 347 qui
1210 312 1319 347 quidem
1335 312 1508 340 beatissimos
1524 312 1663 347 apostolos

1144 358 1261 390 viderat,
1272 362 1299 386 et
1309 366 1371 386 cum
1384 358 1479 386 iisdem
1492 358 1663 385 familiariter

1145 410 1270 433 versatus
1283 405 1388 439 fuerat;
1402 409 1429 432 ct
1440 405 1662 440 praedicationem

1146 449 1332 483 apostolorum
1357 448 1447 476 adhuc
1470 448 1584 475 auribus
1604 447 1663 475 suis

1147 492 1317 519 insonantem
1330 510 1336 522 .
1361 491 1591 524 traditionemque
1608 498 1666 525 prae

1146 537 1232 565 oculis
1248 537 1374 564 habebat.
1395 535 1450 563 Nec
1463 543 1527 563 vcro
1539 536 1598 571 ipse
1616 543 1664 564 so-

1146 583 1200 618 lus,
1217 583 1262 611 sed
1280 587 1307 610 et
1319 582 1364 610 alii
1378 582 1488 617 plurimi
1509 583 1590 610 etiam
1608 586 1666 610 tum

1146 631 1318 662 supererant,
1335 627 1370 655 ab
1383 627 1516 662 apostolis
1531 627 1661 654 instituti.

1147 672 1234 708 Hujus
1251 673 1401 701 Clementis
1420 673 1590 707 temporibus
1601 680 1663 699 cum

1146 721 1306 756 gravissima
1358 720 1494 748 dissensio
1539 720 1664 747 Corinthi

1146 771 1240 794 exorta
1251 769 1324 794 esset
1339 766 1411 793 inter
1419 766 1529 798 fratres,
1543 766 1665 793 Ecclesia

1147 812 1270 840 Romana
1293 813 1536 840 luculentissimam
1563 813 1662 848 episto-

1149 859 1200 886 lam
1218 858 1368 886 Corinthiis
1382 858 1510 894 scripsit,
1528 866 1581 894 qua
1619 865 1667 885 eos

1148 904 1181 931 ad
1198 911 1291 939 pacem
1306 904 1538 939 concordiamque
1553 910 1663 931 revoca-

1149 954 1209 983 ret,
1225 954 1252 977 et
1276 949 1355 978 fidem
1384 950 1505 982 illorum,
1532 952 1559 976 et
1583 956 1664 983 quam

1149 1003 1246 1023 recens
1283 995 1317 1023 ab
1349 996 1482 1030 apOstolis
1507 999 1667 1030 susceperat

1148 1041 1323 1068 traditionem
1336 1044 1489 1068 renovaret.

49 1163 97 1182 rem
110 1154 229 1181 hominis
238 1173 246 1184 ,
260 1153 307 1188 qui
321 1151 458 1178 induxerit
471 1150 678 1185 cataclysmum,
690 1150 717 1174 et
724 1144 898 1173 advocaverit
909 1143 1058 1177 Abraham,
1072 1143 1118 1179 qui
1131 1143 1256 1172 eduxerit
1269 1143 1396 1178 populum
1407 1142 1441 1170 de
1456 1146 1528 1170 terra
1543 1141 1666 1177 Egypti,

49 1201 89 1237 qui
103 1201 256 1229 collocutus
271 1187 307 1227 sit
318 1198 415 1234 Moysi,
425 1199 471 1234 qui
487 1199 573 1232 legem
591 1193 757 1229 disposuerit
767 1213 774 1224 ,
798 1196 825 1219 et
840 1191 987 1226 prophetas
1015 1191 1130 1223 miserit,
1147 1190 1193 1225 qui
1208 1191 1296 1225 ignem
1309 1189 1502 1224 praeparaverit
1518 1187 1627 1216 diabolo
1640 1193 1668 1215 et

49 1233 142 1283 angelis
152 1248 223 1282 ejus.
235 1245 315 1273 Hunc
324 1233 552 1273 Patrembmnini
562 1240 650 1268 nostri
662 1239 726 1267 Jesu
740 1238 840 1266 Christi
853 1239 887 1264 ab
913 1236 1036 1264 Ecclesia
1054 1236 1223 1268 annuntiari,
1246 1243 1279 1263 ex
1294 1235 1353 1270 ipsa
1369 1234 1509 1269 Scriptura
1523 1234 1570 1268 qui
1584 1233 1668 1261 velint

49 1279 144 1322 distere
153 1279 287 1328 possunt,
301 1295 329 1319 et
339 1290 516 1326 apostolicam
532 1287 663 1315 Ecclesia;
676 1285 853 1312 traditionem
864 1290 941 1310 :cum
957 1282 993 1310 sit
1003 1282 1137 1309 vetustior
1151 1282 1265 1317 epistola
1277 1281 1320 1308 his
1332 1280 1378 1316 qui
1389 1287 1462 1307 nunc
1475 1279 1545 1307 falso
1558 1279 1666 1311 docent,

49 1345 72 1368 et
84 1327 196 1367 alterum
213 1338 302 1366 Deum
319 1345 402 1372 super
412 1336 590 1371 Demiurgum
607 1337 635 1362 et
656 1333 787 1360 factorem
802 1330 900 1358 horum
920 1329 1043 1357 omnium
1058 1337 1119 1364 qua:
1133 1333 1216 1361 sunt,
1233 1327 1477 1355 eommcntiuntur.

837 1376 870 1404 ll.

170 1434 303 1462 CLEIENS
329 1430 670 1463 Alexandrinus,£rpw_u.
682 1427 730 1454 lib.
745 1433 765 1453 ι.
786 1433 847 1460 cap.
870 1424 896 1456 7,
923 1423 989 1452 edit.
1005 1422 1106 1456 Oxon.,
1127 1430 1172 1450 an.
1195 1421 1275 1454 1715,
1294 1425 1361 1448 tom.
1384 1399 1450 1455 l,'p.
1473 1418 1537 1447 339.

84 1481 143 1509 Ἐὰν
157 1481 186 1508 δὲ
202 1481 255 1516 τὴν
278 1479 418 1515 βασιλικήν
434 1486 463 1504 τε
487 1477 530 1504 καθ
548 1474 710 1510 αὑϐεντικὴν
731 1471 833 1499 εἴσοδον

49 1529 134 1564 ζητῇς,
145 1527 268 1562 ἀκούσῃ·
285 1526 365 1559 Αὕτη
380 1525 399 1558 ἢ
414 1524 495 1557 πύλη
512 1522 565 1550 τοῦ
581 1521 693 1555 Κυρίου
703 1528 709 1534 ·
726 1518 833 1546 δίκαιοι

48 1575 269 1601 εἰσελεύσονται
282 1571 318 1598 ἐν
330 1569 417 1604 αὐτῇ.
432 1569 540 1596 Πολλῶν
554 1568 644 1594 τοίνυν
654 1564 834 1601 ἀνεῳγμένων

50 1620 131 1647 πυλῶν
145 1621 174 1646 ἐν
188 1617 361 1652 δικαιοσύνῃ,
378 1615 447 1651 αὓτη
463 1613 497 1651 ἦν
512 1615 540 1641 ὲν
554 1611 675 1650 Χριστῷ.

76 1755 174 1782 Αὐτίκα.
188 1754 202 1780 6
215 1752 333 1788 Κλήμης
348 1751 376 1778 ὲν
389 1752 421 1786 τῇ
437 1749 505 1786 πρὸς
519 1748 680 1784 Κορινθίους
693 1745 834 1781 ἐπιστολῇ,

49 1801 112 1826 κατὰ
125 1800 195 1832 λέξιν
211 1799 291 1835 φησὶ,
306 1797 356 1829 τὰς
364 1795 493 1832 διαφορὰς
508 1794 681 1829 ἐκτιθέμενος
695 1792 748 1818 τῶν
764 1791 835 1818 κατὰ

49 1847 92 1882 τὴν
110 1845 273 1881 Ἐκκλησίαν
292 1843 410 1878 δοκίμων
421 1851 428 1857 ⁸
445 1843 523 1869 Ἠτω
546 1849 591 1873 τις
615 1838 721 1871 πιστός
737 1845 743 1852 ·
774 1835 835 1870 ἤτω

49 1881 169 1925 fit-ranks
183 1901 232 1924 τις
245 1889 360 1926 γνῶσιν
374 1887 504 1920 ἐξειπεῖν
516 1890 523 1897 ⁸
536 1885 596 1920 ἤτω
613 1884 708 1918 σοφὸς
723 1882 758 1909 ἐν
772 1881 835 1908 δια-

50 1939 138 1972 κρίσει
151 1939 263 1972 λόγων-
278 1935 339 1970 ἤτω
351 1934 457 1969 γοργὸς
471 1933 505 1959 ἑν
519 1932 625 1966 ἔργοις.
642 1929 742 1957 Eadem
756 1935 834 1962 repe-

50 1983 285 2012 titAlexandrinus
294 1980 365 2008 infra
377 1980 477 2011 lib.v1,
490 1985 551 2014 cap.
566 1977 594 2010 8,
606 1979 673 2004 tum.
683 1975 715 2008 ll,
725 1983 752 2011 p.
771 1974 833 2001 775.

923 1470 1000 1503 Quod
1016 1471 1039 1498 si
1051 1471 1122 1498 viam
1139 1469 1240 1504 regiam
1256 1473 1282 1496 et
1303 1467 1490 1495 authenticum
1514 1466 1668 1500 ingressum

887 1516 998 1551 quazris,
1012 1516 1107 1544 audies
1121 1525 1128 1543 ι
1145 1515 1210 1542 Iiwc
1222 1519 1261 1542 est
1275 1519 1352 1549 porta
1366 1512 1471 1540 Domini
1485 1511 1569 1546 :justi
1585 1511 1670 1538 intra-

887 1558 950 1585 bunt
965 1560 992 1586 in
1006 1567 1065 1586 eam
1078 1559 1100 1587 '.
1116 1559 1183 1587 Cum
1200 1567 1264 1593 ergo
1285 1558 1492 1592 multmapcrtaa
1510 1557 1564 1583 sint
1586 1561 1671 1591 portae

886 1605 914 1631 in
928 1605 1045 1640 justitia,
1067 1605 1125 1632 hmo
1149 1605 1177 1632 in
1198 1604 1308 1632 Christo
1330 1602 1493 1631 invenienda
1511 1606 1563 1631 est.
1583 1603 1669 1630 ῦιειι.

886 1651 966 1686 epist.
985 1651 1012 1684 1,
1029 1659 1090 1686 cap.
1110 1651 1155 1679 48.

637 1700 720 1731 lunt,
738 1697 814 1730 ibid.,
829 1695 878 1723 lib.
899 1701 926 1724 et
941 1705 1000 1733 cap.
1026 1697 1085 1725 citt.

923 1744 982 1772 Jam
997 1744 1123 1773 Clemens
1143 1745 1170 1772 in
1192 1743 1307 1780 epistola
1322 1742 1356 1770 ad
1369 1741 1527 1770 Corinthios
1548 1741 1592 1768 his
1609 1749 1670 1768 ver-

887 1790 930 1819 bis
944 1791 1043 1826 inquit.
1067 1798 1206 1826 exponens
1222 1789 1402 1817 ditferentiam
1423 1795 1517 1816 eorum
1541 1787 1588 1822 qui
1607 1791 1672 1814 sunt

888 1837 997 1872 probati
1013 1837 1041 1864 in
1056 1836 1178 1863 Ecclesia
1193 1845 1199 1863 :
1217 1835 1259 1863 Sit
1273 1835 1369 1870 aliquis
1381 1834 1479 1869 ﬁdelis,
1491 1834 1525 1860 sit
1540 1838 1630 1867 potens
1643 1833 1672 1859 in

887 1883 1048 1918 explicanda
1063 1883 1222 1919 cognitione,
1234 1883 1270 1910 sit
1284 1882 1388 1917 sapiens
1402 1881 1430 1908 iu
1446 1880 1601 1907 discretione
1616 1887 1672 1906 ser-

888 1938 1006 1962 monum,
1025 1930 1060 1956 sit
1075 1931 1220 1965 stupendus
1238 1930 1268 1955 iu
1289 1927 1419 1962 operibus.
1435 1925 1524 1954 Locus
1541 1928 1630 1953 exstat
1644 1925 1670 1952 in

887 1975 983 2003 eodem
998 1983 1059 2010 cap.
1076 1975 1122 2007 48,
1135 1975 1214 2010 epist.
1229 1974 1254 2002 1.

460 2033 546 2065 ipsis,
567 2032 646 2065 ibid.,
663 2032 711 2060 lib.
735 2039 774 2064 tv,
790 2038 852 2066 cap.
869 2031 913 2066 17,
934 2035 1001 2060 tom.
1024 2031 1045 2064 l,
1063 2040 1111 2067 pp.
1132 2031 1196 2064 609,
1216 2030 1278 2059 610.

79 2085 129 2110 Ναὶ
144 2084 198 2120 μὴν
213 2084 243 2110 ὲν
259 2083 294 2118 τῇ
308 2081 377 2118 πρὸς
396 2080 556 2117 Κορινθίους
577 2078 706 2114 ἐπιστολῇ
727 2078 742 2104 6
768 2076 838 2104 ἀπό-

925 2076 1011 2105 Porro
1027 2081 1118 2105 autem
1142 2076 1268 2104 Clemens
1289 2075 1429 2111 apostolus
1456 2075 1484 2102 in
1502 2074 1618 2110 epistola
1638 2073 1670 2101 ad

52 2131 135 2162 στολος
151 2131 280 2166 Κλήμης,
296 2129 343 2156 καὶ
356 2128 436 2160 αὐτὸς
452 2128 516 2163 ἡμῖν
529 2126 612 2153 τύπον
625 2124 687 2152 τινὰ
706 2123 754 2151 τοῦ
768 2131 838 2158 γνω-

902 2123 1058 2156 lorinthios,
1081 2124 1139 2159 ipse
1154 2131 1263 2159 quoque
1284 2123 1363 2150 nobis
1381 2122 1526 2158 quamdam
1548 2120 1670 2148 Gnostici

53 2176 136 2203 στικοῦ
150 2165 332 2212 ὑποέράφων,
345 2174 435 2208 λέγει·
453 2173 501 2206 ΊῚς
514 2174 570 2208 γὰρ
590 2169 837 2206 παρεπιδημήσας

902 2170 1035 2205 maginem
1046 2170 1215 2200 describens,
1232 2169 1317 2196 dicit:
1333 2168 1400 2201 Quis
1410 2168 1479 2195 enim
1492 2167 1561 2202 apud
1576 2174 1620 2193 vas
1634 2165 1673 2192 di-

53 2223 119 2256 πρὸς
126 2222 216 2257 ὑμᾶς,
232 2231 260 2249 κ.
277 2230 303 2248 τ.
314 2221 340 2247 λ.
363 2220 415 2248 Hic
427 2219 554 2247 Clemens
568 2218 645 2246 Alex.
659 2217 749 2252 capita
763 2223 779 2244 e
792 2223 837 2243 re-

53 2268 125 2303 gione
137 2271 234 2296 notata
244 2266 393 2302 excerpsit.

99 2372 177 2399 Ἀλλὰ
195 2372 256 2415 Δκάν
270 2373 303 2407 τῇ
326 2370 393 2406 πρὸς
421 2367 581 2404 Κορινθίους
610 2367 752 2402 Ῥωμαίων
777 2367 838 2393 ὲπιο

56 2418 126 2453 στολῇ
136 2427 142 2433 ·
160 2413 301 2450 Ὠκεανὸς
315 2416 479 2450 ἀπέραντος
492 2413 656 2448 ἀνθρώποις
671 2413 836 2449 γέγραπται,

56 2463 98 2490 καὶ
112 2466 136 2491 οι
148 2464 215 2499 μετ’
230 2462 326 2490 αὐτὸν
339 2462 457 2495 κόσμοι.

88 2555 224 2589 Τοσούτῳ
245 2553 301 2589 τὰρ
314 2551 432 2587 μᾶλλον
451 2550 692 2584 ταπεινοφρονεῖν
715 2551 838 2586 ὀφείλει,

889 2221 1018 2248 versatus,
1034 2220 1088 2244 etc.
1107 2215 1193 2250 Epist.
1207 2213 1241 2245 1.’
1253 2222 1332 2250 capp.
1349 2215 1375 2249 1,
1392 2214 1418 2248 9,
1433 2214 1476 2246 10.
1496 2214 1540 2245 11,
1559 2213 1604 2245 12,
1626 2212 1670 2244 17,

889 2263 933 2294 18.
949 2263 994 2295 21,
1005 2262 1052 2294 22,
1069 2261 1114 2294 56,
1129 2261 1174 2293 58,
1190 2261 1235 2293 40,
1254 2261 1300 2294 41,
1316 2260 1361 2294 18,
1376 2260 1421 2294 19,
1438 2260 1482 2294 50,
1499 2259 1543 2294 51,
1559 2259 1603 2286 55.

501 2320 577 2354 locu,
593 2319 669 2352 ibid.,
689 2319 738 2347 lib.
755 2327 782 2350 ν,
798 2325 858 2353 cap.
878 2318 922 2351 12,
939 2322 1006 2346 tom.
1022 2318 1055 2350 ll,
1077 2325 1139 2353 pag.
1161 2317 1224 2345 693.

926 2365 998 2399 Quin
1022 2365 1106 2392 etiam
1129 2367 1157 2391 in
1179 2363 1292 2399 epistola
1316 2362 1501 2390 Romanorum
1521 2361 1554 2388 ad
1573 2360 1672 2389 Corin-

891 2412 963 2440 thios
983 2411 1116 2446 scripturn
1131 2414 1171 2437 est
1186 2419 1192 2437 :
1219 2409 1338 2437 Oceanus
1353 2409 1485 2444 inﬁnitus,
1499 2412 1524 2435 et
1544 2407 1588 2443 qui
1609 2411 1672 2433 sunt

888 2463 947 2494 post
961 2458 1047 2492 ipsum
1062 2456 1167 2483 mundi.
1180 2455 1266 2490 Epist.
1284 2456 1310 2489 1,
1325 2462 1386 2490 cap.
1400 2454 1446 2482 20.

513 2503 590 2536 loeti,
607 2503 684 2536 ibid.,
699 2503 747 2531 lib.
763 2511 801 2536 vt,
817 2511 879 2541 cap.
896 2503 926 2536 8,
944 2507 1011 2530 tom.
1027 2500 1059 2534 ll,
1075 2508 1136 2536 pag.
1150 2499 1212 2528 775.

928 2549 968 2577 Eo
983 2549 1051 2576 enim
1069 2547 1143 2575 debet
1153 2555 1208 2574 esse
1219 2546 1352 2580 humilior,
1364 2553 1414 2581 quo
1429 2545 1533 2573 videtur
1545 2553 1601 2572 esse
1612 2553 1670 2573 ma-
1690 2535 1691 2538 Ἰ

56 2602 112 2634 ὅσῳ
124 2600 208 2628 δοκεῖ
215 2598 336 2634 μᾶλλον
347 2597 452 2633 μείζω·
467 2596 543 2623 εἶναι
553 2604 559 2610 ·
584 2597 598 2622 6
619 2596 744 2631 Κλήμης,
761 2597 790 2623 ὲν
804 2598 837 2632 τῇ

902 2606 942 2630 or,
958 2596 1024 2624 dicit
1034 2595 1159 2623 Clemens
1174 2594 1202 2621 in
1226 2593 1341 2628 epistola
1360 2592 1394 2620 ad
1408 2592 1574 2620 Corinthios.
1583 2592 1660 2628 Epist

56 2648 119 2684 πρὸς
129 2645 293 2682 Κορινθίους
306 2644 381 2680 φησί.

889 2643 916 2676 1,
929 2650 989 2677 cap.
1006 2641 1051 2669 18.

840 2688 884 2717 lll.

209 2737 437 2774 Ontcsnsleept
448 2733 557 2772 ἀρχῶν,
569 2734 617 2761 lib.
633 2741 664 2765 ιι,
681 2740 742 2769 cap.
766 2734 793 2766 '5,
812 2741 870 2761 nun

907 2733 936 2766 6,
955 2732 1021 2760 edit.
1037 2730 1138 2763 Paris,
1155 2729 1233 2761 1755,
1247 2733 1313 2756 tom.
1328 2728 1351 2761 l,
1366 2737 1427 2764 pag.
1442 2728 1486 2756 82.

89 2785 214 2813 leniuit
228 2791 295 2812 sane
304 2782 431 2811 Clemens
445 2781 630 2817 apostolorum
644 2780 796 2815 discipulus
811 2780 892 2808 etiam
905 2786 999 2807 eorum
1014 2785 1084 2813 quos
1101 2776 1257 2812 ἀντίχθονας
1274 2774 1361 2802 Graeci
1384 2776 1571 2806 nominarunt,
1587 2779 1670 2810 atque

62 2831 127 2860 alias
138 2835 238 2867 panes
247 2828 323 2858 orbis
336 2833 417 2857 terrae
431 2828 465 2856 ad
478 2835 547 2863 quas
560 2834 648 2864 neque
659 2831 816 2855 nostrorum
831 2825 975 2862 quisquam
991 2825 1121 2854 accedere
1135 2826 1243 2859 potest,
1260 2829 1349 2857 neque
1365 2829 1396 2850 ex
1417 2822 1471 2850 illis
1486 2823 1532 2857 qni
1553 2822 1589 2850 ibi
1606 2827 1670 2850 sunt

92 2885 103 2901 '
114 2883 189 2914 Psal.
205 2891 292 2917 cun,
306 2883 352 2911 20.
