1893 3101
213 145 249 173 35
776 143 822 170 AD
843 142 873 172 S.
890 142 1085 170 CLEHENTES

1092 143 1104 170 Ι
1125 143 1135 170 Ι
1155 143 1272 172 ΡΛΡΑΜ
1815 148 1850 176 36

213 203 360 239 quisquam
372 201 492 230 transire
506 200 541 229 ad
557 208 608 229 nos
620 209 628 234 ;
640 208 711 236 quos
724 204 751 229 et
767 201 843 236 ipsos
856 200 969 228 mundos
984 201 1143 236 appellavit,
1163 208 1226 229 cum
1240 201 1295 230 ait:
1315 201 1436 230 Oceanus
1450 203 1677 231 intrantmeabilia
1696 208 1737 231 est
1759 205 1851 232 homi-

214 250 303 280 nibus.
315 255 340 277 et
355 249 383 276 Ili
396 249 442 285 qui
458 253 532 276 trans
545 249 630 282 ipsum
648 251 710 273 sunt
722 246 825 278 mundi,
838 246 884 281 qui
900 245 940 273 hic
951 245 1050 273 eisdem
1064 244 1240 272 dominatori:
1255 245 1304 272 Dei
1325 245 1545 281 dispositionibus
1558 246 1751 282 gubernantur.
1772 247 1849 276 Pau-

212 296 310 332 cisque
322 295 532 331 interiectis.....
548 293 587 321 Ex
604 293 649 321 his
663 297 757 321 tamen
773 300 835 328 quae
847 292 976 320 Clemens
988 291 1066 319 visus
1080 294 1122 318 est
1136 290 1260 319 indicare
1273 298 1336 318 cum
1352 291 1420 319 dicit
1436 301 1443 319 :
1465 291 1586 320 Oceanus
1600 291 1645 327 qui
1664 293 1844 322 intrantium-

215 345 278 373 bilis
288 349 328 373 est
339 342 503 373 hominibus,
519 345 544 368 et
560 340 588 367 hi
599 339 693 367 mundi
703 340 749 375 qui
762 343 823 375 post
840 339 926 374 ipsum
943 343 1025 366 sunt:
1039 337 1087 374 qui
1100 342 1162 374 post
1184 338 1273 373 ipsum
1293 340 1358 365 sunt
1377 338 1496 366 mundos
1510 339 1657 374 pluraliter
1677 340 1829 367 nominans
1841 360 1849 372 ,

212 401 283 429 quos
295 395 323 420 et
334 391 430 418 eadem
456 390 503 418 Dei
520 387 693 425 providentia
708 387 753 423 agi
766 386 880 423 regique
899 385 1045 422 signiﬁcat,
1064 385 1170 413 semina
1185 385 1310 421 quaedam
1325 386 1406 414 nobis
1421 387 1579 422 hujusmodi
1601 387 1791 423 intelligentia
1808 389 1851 415 vi—

215 440 296 468 detur
309 445 467 473 aspergere,
482 443 537 471 quo
552 438 665 471 putetur
675 433 766 461 omnis
780 432 891 469 quidem
905 432 1074 460 universitas
1087 439 1183 459 eorum
1197 439 1259 466 quas
1276 435 1341 459 sunt
1361 435 1444 467 atque
1462 432 1631 479 subsistunt,
1648 434 1807 462 caelestium
1822 439 1851 462 et

212 485 467 522 supercmlestium,
484 488 659 512 terrenorum
674 481 913 516 infemorumque,
930 487 1002 507 unus
1016 483 1044 507 et
1056 478 1194 514 perfectus
1206 478 1326 506 mundus
1341 479 1508 514 generaliter
1521 479 1577 508 dici
1592 489 1599 506 :
1617 479 1689 507 intra
1703 488 1788 516 quem
1805 481 1850 509 vel

211 540 227 560 a
247 539 304 568 quo
317 531 352 567 (si
364 531 411 567 qui
424 531 463 558 illi
477 531 552 565 sunt)
568 528 681 565 putandi
696 532 762 556 sunt
776 527 922 555 contineri.
940 525 1027 562 Epist.
1046 526 1072 559 i,
1084 533 1146 561 cap.
1163 525 1208 553 20.

663 585 738 617 ιυει,
750 586 780 613 in
796 584 942 617 Ezechiel.,
959 592 1019 620 cap.
1034 584 1064 617 8,
1077 588 1146 612 tom.
1161 583 1208 615 lli,
1224 591 1286 620 pag.
1300 584 1403 616 422,Δ.

241 634 310 669 Φησὶ
323 633 350 661 δὲ
359 634 374 661 ὸ
381 633 496 670 Κλήμης
505 642 512 649 ο
526 632 666 666 Ὠκωνὸς
672 631 820 666 ἀπέρατος
833 631 1008 666 ἀνθρώποις,

1100 630 1171 659 Dicit
1192 638 1302 667 quoque
1322 631 1468 659 Clemens:
1495 631 1615 660 Oceanus
1641 632 1850 667 impermeabitis

208 679 258 706 atat
272 680 300 707 οι
312 680 377 714 μετ’
391 680 486 707 αὐτὸν
501 678 608 714 κόσμοι
616 679 776 712 τοσαύταις
783 678 935 714 διατατιιῖς
948 679 1002 706 τοῦ
1050 679 1084 706 ho

1092 677 1212 710 minibus,
1225 682 1250 705 et
1260 678 1305 713 qui
1314 682 1373 712 post
1387 685 1447 704 eum
1459 677 1562 710 mundi,
1575 679 1661 706 tantis
1677 679 1790 708 Domini
1799 689 1849 708 or-

1051 723 1236 751 dinationibus
1247 723 1440 759 gubernantur.
1456 723 1544 759 Epist.
1560 724 1587 757 Ι,
1602 732 1664 761 cap.
1675 725 1723 754 90.

204 725 357 753 Δισκότου
373 725 565 753 διοικοῦνται.

493 782 571 814 locis,
588 782 616 809 in
626 780 722 814 10am,
735 785 803 809 tom.
818 779 865 808 IX.
879 784 951 816 part.
969 788 1000 813 ιι,
1017 788 1081 817 pag.

1094 779 1157 813 μδ,
1173 779 1240 807 edit.
1253 778 1334 806 liuet.
1349 778 1457 811 Colon..
1478 778 1559 807 1685.

238 837 457 874 Μεμαρτὺρηται
472 837 501 864 δὲ
516 837 564 864 καὶ
578 836 656 873 παρὰ
669 837 726 869 τοῖς
742 836 857 869 ἔθνεσιν,
877 836 920 864 ὃτι
934 835 1000 863 πολ-

205 884 246 911 λοι
260 892 332 916 τινες
345 883 478 920 λαμικῶν
501 882 696 919 ὲνσκηψάναυν
711 883 873 919 νοσημάτων
887 884 1001 916 ἑαυτοὺς

205 930 308 965 σφάγια
323 930 393 967 ὑπὲρ
406 929 455 957 τοῦ
472 929 565 957 κοινοῦ
581 929 789 967 παραδεδώκασι
800 938 806 945 ·
819 930 867 957 καὶ
881 930 1000 965 παραδέ-

203 984 281 1012 χεται
300 976 377 1003 ταῦθ’
395 975 482 1008 οὕτως
503 975 646 1010 γεγονέναι
668 976 720 1003 οὐκ
734 975 839 1010 ἀλόγως
852 976 1002 1008 πιστεύσας

202 1023 263 1054 ταῖς
277 1023 409 1058 ἱστορίαις
427 1023 441 1049 ὸ
456 1022 552 1054 πιστὸς
566 1021 693 1058 Κλήμης,
710 1021 763 1048 ὑπὸ
777 1021 884 1049 Παύλου
901 1030 1003 1059 μαρτυ-

203 1069 346 1104 ρούμενος,
362 1067 489 1102 λέγοντος
501 1076 508 1083 ·
525 1067 608 1096 Μετὰ
621 1067 804 1103 Κλήμεντος,
822 1077 850 1095 κ.
865 1077 891 1094 τ.
906 1068 931 1095 λ.

326 1246 424 1283 Ruﬁno
444 1247 597 1283 interprete.

237 1302 325 1338 Hujus
338 1303 488 1332 Clementis
502 1304 621 1340 epistola
640 1304 724 1332 habe-

202 1353 249 1376 tur
272 1348 306 1376 ad
319 1348 479 1378 Corinthios
495 1351 608 1386 scripta,
626 1351 724 1386 praeci-

201 1403 255 1431 pua
291 1395 373 1431 plane
400 1400 428 1424 et
456 1397 535 1425 valde
568 1397 722 1425 mirabilis:

200 1448 284 1476 quam
309 1442 386 1469 velut
401 1449 435 1469 ex
454 1450 571 1477 persona
593 1442 724 1471 Romana

201 1485 336 1514 Ecclesiae
354 1485 485 1521 dictavit,
503 1494 566 1514 cum
585 1486 724 1514 dissensio

200 1531 274 1567 apud
303 1531 462 1560 Corinthios
489 1532 586 1560 fuisset
615 1537 721 1560 exorta.

200 1575 288 1610 Quam
310 1577 455 1611 epistolam
479 1577 508 1604 iu
524 1577 650 1613 plurimis
671 1577 723 1606 Ec-

199 1621 293 1649 clesiis
312 1622 422 1657 publice
438 1623 501 1659 legi,
517 1627 545 1651 et
560 1628 680 1652 veterum
694 1629 721 1653 et

201 1670 307 1698 nostris
321 1671 404 1698 etiam
419 1672 589 1707 temporibus
602 1677 720 1700 constat.

200 1714 305 1743 Verum
332 1716 367 1745 de
390 1718 526 1745 seditione
550 1718 622 1745 facta
650 1719 721 1754 apud

200 1760 363 1789 Corinthios
377 1770 410 1790 ac
429 1763 602 1791 dissensione
621 1764 721 1800 plebis,

202 1808 281 1837 testis
309 1810 389 1838 valde
422 1810 511 1839 ﬁdelis
552 1811 722 1849 Hegesippus

201 1856 315 1885 iudicat.

321 1962 416 1998 Rufino
445 1963 593 1999 interprete.

234 2007 363 2036 Clemens
383 2008 412 2035 in
431 2009 547 2044 epistola
561 2017 643 2044 quam
666 2010 719 2037 Co-

200 2054 313 2082 rinthiis
336 2056 443 2088 scribit.
465 2056 592 2084 meminit
614 2056 722 2092 Episto-

201 2099 234 2128 la:
253 2098 330 2126 Pauli
357 2100 390 2127 ad
417 2100 557 2134 Hebraaos,
582 2105 609 2129 et
637 2102 723 2129 utitur

201 2142 264 2177 ejus
285 2144 464 2172 testimoniis.
489 2144 568 2173 Unde
588 2149 721 2179 constat,

174 2198 178 2201 ’
192 2190 275 2226 quod
291 2191 440 2227 Apostolus
452 2197 582 2228 tanquam
600 2193 723 2224 Hebraeis

201 2234 364 2264 mittendam
389 2237 480 2271 patrio
505 2244 566 2265 eam
598 2245 724 2267 sermone

201 2283 417 2317 conscripserit,
437 2288 465 2311 et
489 2288 521 2312 ut
536 2285 647 2320 quidam
667 2289 724 2313 tra-

201 2325 281 2358 dunt,
309 2325 411 2354 Lucam
435 2328 651 2363 evangelistam,
677 2329 722 2356 alii

201 2375 294 2399 autem
308 2371 385 2400 hunc
398 2373 487 2408 ipsum
499 2373 665 2402 Clementem
681 2375 721 2402 in-

200 2421 382 2453 terpretatum
396 2427 469 2447 esse.
493 2419 572 2453 Quod
593 2423 620 2448 et
634 2421 721 2456 magis

200 2471 295 2491 verum
323 2467 376 2496 est,
406 2465 469 2500 quia
496 2469 524 2493 et
551 2466 638 2502 stylus
663 2466 722 2502 ipse

199 2510 323 2545 epistola
337 2509 485 2539 Clementis
506 2519 569 2539 cum
586 2512 638 2540 hac
653 2520 720 2540 con-

200 2555 296 2582 cordat
307 2577 316 2590 ,
326 2559 354 2584 et
365 2563 464 2585 sensus
477 2557 606 2586 nimirum
618 2559 720 2587 utrius-

199 2609 254 2636 que
268 2600 418 2637 Scriptura
431 2604 576 2638 plurimam
592 2605 720 2633 similitu-

199 2647 291 2675 dinem
308 2648 408 2677 i‘erunt.
424 2649 530 2678 Dicitur
542 2655 634 2680 tamen
657 2659 720 2680 esse

199 2699 228 2722 et
251 2695 305 2722 alia
320 2694 469 2725 Clementis
488 2698 613 2732 epistola,
636 2698 718 2734 cujus

200 2749 252 2770 nos
267 2742 392 2771 notitiam
407 2750 465 2772 non
482 2744 649 2781 accepimus.

1049 1119 1111 1147 cap.
1124 1111 1169 1138 55.

996 1192 1042 1221 IV.

724 1248 869 1283 Eusrslus,
881 1249 954 1278 Hist.
977 1250 1058 1283 eccl.,
1076 1249 1124 1277 lib.
1139 1256 1181 1281 In,
1195 1254 1256 1282 cap.
1277 1245 1322 1272 16.

796 1307 898 1333 Τούτου
921 1307 954 1343 δὴ
979 1305 1027 1334 οὖν
1049 1306 1097 1334 τοῦ
1124 1306 1283 1342 Κλήμεντος

759 1351 960 1387 ὁμολογουμένη
985 1351 1035 1386 μία
1058 1350 1188 1386 ἐπιστολὴ
1203 1349 1284 1386 φέρε-

759 1405 821 1428 ται,
844 1396 949 1432 μεγάλη
963 1405 994 1423 τε
1015 1396 1063 1423 καὶ
1080 1395 1229 1432 θαυμασία,
1249 1396 1283 1430 ἢν

759 1441 797 1474 ὡς
812 1442 867 1468 ἀπὸ
881 1442 930 1477 τῆς
950 1442 1094 1477 Ῥωμαίων
1122 1440 1283 1477 Ἐκκλησίας

760 1489 794 1523 τῇ
822 1487 974 1524 Κορινθίων
995 1487 1192 1519 διετυπώσατο,
1221 1487 1283 1514 στάδ-

762 1541 830 1565 σεως
850 1532 980 1568 τηνικάδε
994 1532 1066 1560 κατὰ
1086 1532 1136 1569 τὴν
1150 1531 1282 1568 Κόρινθον

759 1577 919 1614 γενομένης.
937 1578 1046 1614 Ταύτην
1063 1577 1092 1606 δδ
1106 1579 1152 1605 καὶ
1162 1579 1190 1605 ὲν
1205 1578 1281 1605 πλεί-

760 1622 1012 1659 σταιςἘκκλησίαις
1023 1624 1070 1650 ἐπὶ
1082 1623 1129 1650 τοῦ
1140 1623 1231 1651 κοινοῦ
1241 1624 1283 1651 δε-

757 1669 974 1706 δημοσιευμένην
996 1670 1080 1697 πάλαι
1103 1679 1134 1697 τε
1155 1671 1202 1698 καὶ
1220 1668 1281 1698 καθ’

758 1715 832 1750 ἡμᾶς
855 1715 955 1747 αὐτοὺς
974 1714 1107 1752 ἔγνωμεν.
1124 1716 1180 1743 Καὶ
1194 1716 1235 1743 ὅτι
1250 1725 1282 1752 γε

759 1762 830 1789 κατὰ
845 1762 891 1789 τὸν
911 1762 1086 1799 δηλούμενον,
1107 1762 1143 1789 τὰ
1166 1764 1216 1799 τῆς
1231 1764 1283 1790 Κο-

760 1810 872 1846 ρινθίων
899 1811 1028 1847 κεκίνητο
1052 1812 1184 1845 στάσεως,
1209 1814 1282 1847 ἀξιό-

757 1864 847 1891 χρεως
858 1856 986 1892 μάρτυςό
1005 1857 1186 1893 Ἡγήσιππος.
1209 1858 1281 1896 Lege

758 1899 946 1934 Nicernonuu,
966 1901 1015 1929 lib.
1030 1909 1074 1934 ιη.
1090 1910 1154 1939 cap.
1171 1903 1216 1932 16.

813 1966 888 1999 lusu,
902 1967 981 2000 ibid,
995 1968 1045 1996 lib.
1062 1975 1104 2001 Ill,
1119 1976 1181 2005 cap.
1194 1970 1240 1998 38.

791 2012 844 2039 Τοῦ
861 2013 1018 2049 Κλήμεντος
1039 2015 1069 2042 ὲν
1087 2017 1120 2052 τῇ
1140 2016 1277 2053 ἀνωμολο-

756 2058 863 2094 γημένῃ
874 2058 950 2094 παρὰ
963 2059 1057 2092 πᾶσιν,
1073 2061 1106 2096 ἢν
1119 2062 1152 2088 ἐκ
1167 2062 1277 2098 προσώ-

757 2109 809 2127 που
826 2100 875 2136 τῆς
896 2101 1040 2137 Ῥωμαίων
1064 2104 1226 2140 Ἐκκλησίας
1243 2108 1277 2143 τῇ

759 2145 912 2181 Κορινθίων
926 2146 1123 2176 διετυπὼσατο.
1145 2148 1216 2188 Ἐνῇ
1230 2152 1280 2187 τῆς

761 2193 829 2228 πρὸς
844 2193 986 2229 Ἐϐραίους
1000 2195 1085 2222 πολλὰ
1097 2197 1221 2233 νοήματα
1231 2207 1280 2225 πα-

760 2239 864 2274 ραθεὶς,
880 2240 929 2276 ἠδη
937 2240 966 2267 δὲ
975 2242 1022 2268 καὶ
1035 2241 1173 2274 αὑτολεξεὶ
1188 2244 1281 2280 ῥητοῖς

759 2291 830 2310 τισιν
845 2283 876 2316 ἐξ
890 2284 975 2320 αὐτῆς
989 2287 1161 2323 χρησάμενος
1171 2307 1179 2319 ,
1201 2288 1280 2322 σαφέ-

760 2335 845 2355 στατα
851 2329 1016 2365 παρίστησιν
1026 2331 1067 2357 ὅτι
1079 2331 1115 2367 μὴ
1124 2332 1182 2358 νέον
1192 2332 1279 2368 ὑπάρ-

756 2381 799 2407 χει
819 2372 850 2400 to
872 2373 1050 2410 σύγγραμμα.
1062 2375 1142 2403 Ὅθεν
1167 2377 1279 2409 εἰκότως

757 2418 857 2451 ἔδοξεν,
880 2420 948 2446 αὐτὸ
967 2422 1024 2453 τοῖς
1041 2421 1146 2454 λοιποῖς
1161 2422 1278 2456 ἐγκατα-

757 2464 885 2500 λεχθῆναι
910 2465 1056 2501 γράμμασι
1076 2466 1124 2493 τοῦ
1151 2467 1278 2494 Ἀποστά-

758 2510 816 2537 λου.
835 2510 1083 2548 Ἐϐραίοιςγὰρδιὰ
1095 2512 1146 2548 τῆς
1159 2512 1276 2548 πατρίου

755 2556 877 2593 γλώττης
890 2557 1037 2594 ἐγγράφως
1045 2558 1215 2594 ὡμιληκότος
1227 2559 1275 2586 τοῦ

755 2602 873 2635 Παύλου,
891 2604 916 2629 οἱ
942 2603 992 2639 μὲν
1006 2603 1052 2630 τὸν
1080 2604 1276 2641 εὐαγγελιστὴν

755 2649 874 2680 Λουκᾶν.
883 2649 909 2675 οἱ
922 2649 950 2676 δὲ
965 2649 1011 2676 τὸν
1027 2649 1172 2686 Κλήμεντα
1181 2649 1276 2677 τοῦτον

755 2695 847 2726 αὑτὸν,
858 2694 1026 2731 ἑρμηνεῦσαι
1033 2694 1142 2730 λέγουσι
1149 2696 1199 2733 τὴν
1212 2705 1275 2732 γρα-

754 2745 816 2780 φήν.
837 2745 869 2771 ’Ὀ
883 2745 930 2772 καὶ
946 2746 1045 2781 μᾶλλον
1059 2747 1102 2782 εἴη
1118 2746 1151 2773 ἂν
1165 2746 1274 2782 ἀληθὲς,

754 2789 792 2825 τῷ
805 2790 851 2816 τὸν
872 2790 964 2826 ὅμοιον
986 2791 1035 2826 τῆς
1050 2791 1176 2827 φράσεως
1189 2801 1275 2829 χαρα-

755 2835 843 2871 κτῆρα
856 2836 906 2872 τήν
921 2845 951 2863 τε
972 2837 1020 2864 τοῦ
1038 2837 1196 2874 Κλήμεντος
1213 2839 1274 2865 ἔπι·
1288 2843 1293 2848 ’

756 2884 870 2917 στολὴν,
893 2885 939 2912 καὶ
962 2886 1012 2922 τὴν
1035 2886 1103 2922 πρὸς
1130 2886 1272 2923 Ἐϐραίους

1085 833 1210 862 Relatum
1227 835 1318 860 autem
1329 836 1412 868 atque
1426 836 1558 861 testatum
1569 834 1642 869 apud
1665 836 1783 870 gentiles
1793 843 1846 870 est.

1051 880 1153 908 multos
1170 886 1232 907 cum
1247 878 1407 914 pestilentes
1422 879 1510 907 morbi
1530 883 1734 915 grassarentur,
1754 891 1788 912 se
1801 885 1846 920 ip-

1052 934 1099 955 sos
1114 930 1145 954 ut
1162 925 1289 953 victimas
1308 932 1359 960 pro
1376 925 1466 960 patria
1485 926 1657 955 tradidisse:
1680 932 1763 963 atque
1787 928 1847 960 hac

1054 975 1093 1002 ita
1104 973 1229 1002 evenisse
1243 972 1363 1000 admittit
1375 979 1429 999 non
1442 971 1503 1000 sine
1516 979 1600 1001 causa
1612 993 1619 1005 ,
1636 974 1760 1004 historiis
1781 984 1846 1005 cre-

1053 1020 1122 1049 dens
1136 1019 1262 1048 Clemens
1275 1017 1321 1045 ille
1335 1017 1433 1049 ﬁdelis.
1451 1018 1496 1046 cui
1514 1019 1703 1048 testimonium
1719 1022 1847 1057 perhibet

1052 1065 1156 1094 Paulus
1179 1065 1275 1093 dicens
1294 1072 1301 1091 :

1328 1062 1396 1090 Cum
1428 1063 1586 1097 Clemente,
1618 1068 1672 1094 etc.
1700 1065 1792 1102 Epist.
1819 1069 1845 1101 l,

1453 1243 1560 1272 Vulelio
1574 1245 1724 1281 interprete.

1358 1300 1447 1338 Hujus
1470 1301 1554 1338 igitur
1578 1301 1727 1331 Clementis
1752 1307 1843 1330 exstat

1321 1347 1439 1384 epistola
1461 1356 1518 1376 uno
1543 1355 1680 1377 consensu
1709 1353 1841 1384 recepta,

1319 1391 1420 1419 eximia
1440 1399 1554 1426 prorsus
1580 1396 1663 1428 atque
1682 1394 1841 1428 mirabilis,

1319 1447 1401 1475 quam
1423 1439 1534 1467 nomine
1557 1437 1687 1467 Ecclesiae
1710 1438 1843 1468 Romanae

1318 1487 1353 1514 ad
1365 1486 1570 1515 Corinthiorum
1583 1485 1736 1515 Ecclesiam
1752 1488 1843 1523 scrip-

1318 1534 1364 1565 sit,
1387 1540 1450 1560 cum
1479 1530 1552 1567 apud
1579 1539 1628 1560 eos
1654 1532 1747 1568 gravis
1767 1537 1843 1561 esset

1318 1582 1413 1606 exorta
1431 1577 1579 1606 dissensio.
1600 1576 1677 1605 Hanc
1698 1578 1726 1606 in
1743 1578 1842 1613 pleris-

1319 1633 1373 1662 que
1390 1625 1519 1654 Ecclesiis
1541 1630 1569 1654 et
1590 1629 1685 1654 nostra
1709 1629 1738 1653 et
1757 1634 1841 1662 supc-

1318 1671 1386 1699 riori
1398 1671 1530 1699 memoria
1541 1671 1630 1707 palam
1646 1671 1758 1699 recitari
1772 1679 1840 1700 conv

1318 1718 1441 1745 suevisse
1464 1717 1661 1753 comperimus.
1679 1716 1768 1744 Porro
1793 1725 1840 1745 su-

1318 1761 1437 1796 pradicti
1452 1761 1602 1789 Clementis
1622 1765 1745 1797 tempore
1763 1762 1838 1789 sedi-

1317 1807 1420 1834 tionem
1433 1807 1505 1834 inter
1515 1806 1673 1835 Corinthios
1688 1815 1750 1835 esse
1764 1815 1839 1836 com-

1318 1856 1420 1880 motam
1439 1853 1675 1890 locupletissimus
1694 1854 1775 1882 testis
1797 1858 1838 1882 est

1318 1897 1498 1934 Hegesippus.

1447 1971 1553 1999 Valesio
1568 1977 1719 2008 interprete.

1347 2019 1495 2048 Clementis
1504 2021 1549 2048 illa
1559 2021 1697 2057 (epistola)
1709 2022 1745 2049 ab
1752 2023 1837 2050 omni'

1314 2066 1367 2094 bus
1386 2072 1506 2102 recepta,
1524 2075 1605 2102 quam
1629 2067 1760 2096 Ecclesiae
1782 2068 1835 2096 Bo-

1315 2119 1404 2140 manae
1427 2113 1539 2140 nomine
1564 2113 1599 2141 ad
1626 2112 1834 2142 Corinthiorum

1315 2157 1465 2185 Ecclesiam
1490 2158 1611 2194 scripsit.
1639 2159 1668 2186 In
1690 2167 1745 2194 qua
1771 2167 1834 2187 cum

1316 2203 1417 2232 multas
1427 2204 1530 2232 inserat
1544 2205 1694 2232 sententias
1705 2205 1835 2241 desump-

1316 2250 1360 2276 tas
1374 2255 1408 2275 ex
1431 2247 1552 2283 Epistola
1568 2248 1602 2276 ad
1623 2248 1766 2282 Hebraeos,
1787 2251 1835 2278 iis-

1316 2290 1432 2327 demque
1451 2292 1589 2320 interdum
1610 2293 1703 2322 verbis
1720 2297 1833 2327 utatur,

1316 2336 1383 2364 satis
1409 2336 1513 2364 indicat
1540 2344 1610 2372 opus
1633 2337 1701 2365 illud
1731 2347 1834 2375 nequa-

1315 2389 1396 2417 quam
1422 2389 1519 2410 recens
1548 2390 1620 2411 esse.
1650 2382 1834 2416 Quamobrem

1314 2436 1376 2457 cum
1388 2430 1503 2465 reliquis
1514 2430 1638 2466 Apostoli
1651 2431 1765 2467 scriptis
1780 2440 1834 2460 non

1314 2476 1374 2505 sine
1400 2485 1485 2505 causa
1501 2478 1553 2506 hoc
1567 2479 1649 2506 etiam
1665 2480 1832 2507 recensitum

1316 2524 1433 2552 videtur.
1450 2523 1518 2552 Cum
1543 2526 1617 2553 enim
1644 2525 1678 2553 ad
1703 2524 1832 2554 HebraOs

1312 2570 1402 2606 patrio
1413 2578 1540 2599 sermone
1551 2571 1708 2606 scripsisset
1718 2571 1830 2604 Paulus.

1312 2616 1360 2643 alii
1392 2615 1494 2644 Lucam
1527 2617 1746 2653 evangelistam,
1786 2619 1831 2646 alii

1312 2660 1385 2688 hunc
1398 2660 1432 2688 de
1439 2668 1494 2696 quo
1501 2661 1640 2696 loquimur
1650 2661 1829 2692 Clementem.

1311 2703 1460 2739 Epistolam
1481 2707 1555 2734 illam
1582 2715 1643 2735 esse
1665 2707 1829 2743 interpreta-

1311 2752 1368 2776 tum
1391 2748 1492 2777 ferunt.
1514 2749 1593 2783 Quod
1606 2750 1717 2786 quidem
1735 2752 1828 2780 verius

1310 2794 1435 2825 videtur.
1459 2803 1522 2823 cum
1543 2796 1694 2830 praesertim
1717 2800 1745 2824 et
1768 2796 1828 2824 Cle-

1309 2842 1418 2875 mentis.
1427 2847 1454 2871 et
1464 2841 1510 2869 illa
1517 2840 1552 2868 ad
1566 2841 1692 2870 ﬂebrzeos
1704 2841 1825 2879 Epistoia

1309 2887 1434 2916 eumdem
1472 2889 1588 2918 habeant
1617 2889 1737 2929 stylum,
1774 2897 1824 2917 nec
