1893 3101
65 158 92 186 57
657 150 828 179 ΡηοωῖὶιιΑ
849 150 1041 179 νΑιιιοιιῑΜ.

1629 151 1667 179 38

63 212 208 244 ἀποσώζειν·
224 211 270 238 καὶ
285 209 323 246 τῷ
347 210 386 247 μὴ
407 210 502 247 πόρρω
523 209 558 236 τὰ
572 210 600 235 ὲν
616 209 757 245 ἑκατέροις
773 209 814 235 τοῖ

863 228 866 239 λ
882 209 1025 244 utriusque
1041 207 1137 243 scripti
1153 207 1296 236 sententia:
1325 207 1405 235 valde
1428 207 1499 235 inter
1513 215 1543 236 se
1564 207 1669 236 discre-

64 259 237 295 συγγράμμασι
247 258 369 292 νοήματα
386 257 560 284 καθεστάναι.
577 255 673 282 ’ἰστέον
687 255 716 282 δὲ
729 254 767 286 ὡς
780 255 827 282 καὶ

62 305 156 340 δευτέρα
170 312 209 335 τις
232 301 301 330 εῐναι
317 303 426 337 λέγεται
440 302 488 329 τοῦ
506 302 666 338 Κλήμεντος
679 301 808 337 ἐπιστολή
818 310 825 316 ·

63 353 142 387 ὠμὴν
149 351 183 377 ιθ*
196 350 295 386 ὁμοίως
309 351 343 385 τῇ
358 349 479 385 προτέρᾳ
500 349 548 375 καὶ
566 347 669 383 ταύτην
689 347 827 383 γνώριμον

63 396 209 432 ἐπιστάμεθα
218 405 224 411 ·
233 396 274 423 ὅτι
283 395 350 432 μηδὲ
356 396 420 427 τοὺς
427 394 556 431 ἀρχαίους
564 395 633 430 αὐτῇ
640 402 725 429 κεχρη
730 393 828 428 μένους

63 445 134 479 ἴσμεν.
144 443 173 471 Et
194 442 262 470 infra
279 452 287 470 :
304 443 336 469 Ἦ
352 443 401 478 μὲν
423 440 469 469 οὖν
483 441 530 468 τοῦ
553 441 710 476 Κλήμεντος
729 440 826 475 ὁμολο-

63 490 161 525 γουμένη
181 488 282 524 γραφὴ.
298 488 439 524 πρόδηλος.
457 487 526 523 Lege
535 486 720 519 Ntcsruoauu,
730 486 777 514 lib.
791 494 823 519 ιι,

61 543 111 570 cap.
120 535 160 567 ιθ,
170 539 195 562 et
207 535 252 562 lib.
266 542 309 566 ut,
327 541 389 569 cap.
401 534 446 562 l8.

884 258 961 292 pent.
979 253 1128 281 Sciendum
1156 257 1245 281 tamen
1259 257 1302 280 est
1333 253 1446 281 alteram
1483 261 1592 289 quoque
1607 253 1669 282 Cle-

876 300 976 328 mentis
1005 299 1149 335 epistolam
1176 298 1359 327 circumferri.
1385 299 1486 327 Verum
1513 300 1583 327 hanc
1612 308 1668 328 non

878 346 992 382 perinde
1016 349 1153 380 receptam
1176 349 1258 380 atque
1284 345 1461 380 approbatam
1491 344 1577 373 fuisse
1591 365 1599 377 .
1618 353 1668 380 pro

879 397 956 420 certo
980 392 1133 419 habemus:
1162 390 1383 425 quandoquidem
1418 392 1584 418 vetustiores
1607 392 1668 426 ejus

879 438 1037 467 testimonio
1067 445 1240 472 nequaquam
1255 444 1319 464 usos
1345 444 1406 464 esse
1421 437 1615 472 comperimus.
1633 437 1668 465 Et

877 486 950 520 infra
968 492 978 510 .'
995 483 1027 510 Et
1041 482 1190 511 Clementis
1208 482 1318 517 quidem
1341 489 1403 517 qua:
1427 483 1544 517 genuina
1565 486 1591 510 et
1607 491 1668 510 om-

877 532 951 559 nium
983 537 1121 558 consensu
1153 533 1263 564 recepta
1289 528 1346 555 sint
1371 529 1472 563 scripta
1489 548 1496 559 ,
1513 529 1570 563 jam
1599 529 1666 556 satis

875 578 970 614 liquet.
986 577 1057 612 Lege
1075 575 1205 603 ΜΑιηίωι
1226 574 1252 601 in
1264 574 1373 610 prologo
1389 574 1423 601 ad
1443 583 1522 609 opera
1535 574 1665 610 Dionysii.

163 648 252 684 Ruﬁno
273 650 425 683 interprete.

87 700 162 730 Simul
174 708 200 731 et
223 703 256 731 de
271 703 387 739 epistola
406 703 554 734 Clementis

58 746 161 782 quedam
192 751 389 775 commemorat
412 746 552 782 (llegesip-

58 793 108 829 pus)
130 800 184 828 qua:
216 793 297 820 etiam
328 794 450 820 inserere
488 792 553 819 huic

58 839 119 875 operi
130 844 216 867 nostro
230 839 419 868 necessarium
433 838 509 866 duxi.

157 942 248 978 Ruﬁno
272 943 425 977 interprete.

83 995 106 1025 ln
124 997 169 1025 hac
192 998 250 1034 ipsa
263 997 402 1033 scriptura
425 996 549 1024 meminit

56 1044 122 1070 etiam
142 1043 307 1079 (Dionysius)
331 1044 453 1078 epistolae
484 1043 546 1071 Cle-

57 1088 136 1116 mentis
149 1088 180 1115 ad
194 1087 355 1116 Corinthios
370 1089 494 1124 scriptae;
511 1089 549 1117 si-

56 1133 165 1167 gniﬁcans
178 1135 262 1162 veteri
289 1135 416 1162 instituto
434 1139 462 1163 et
477 1136 549 1162 anti-

55 1185 97 1212 qua
111 1179 299 1207 consuetudine
329 1187 437 1215 semper
461 1180 548 1215 ipsam

55 1224 175 1258 epistolam
190 1225 288 1252 lectam
300 1233 361 1253 esse
372 1227 399 1253 in
414 1225 546 1254 Ecclesia.

55 1268 154 1305 Denique
177 1271 215 1298 sic
238 1271 332 1299 dicit:
355 1272 476 1304 Beatam,
505 1272 548 1300 in-

54 1315 109 1349 quit,
121 1315 235 1344 duimus
257 1317 413 1344 hodiernam
427 1317 547 1346 Domini-

53 1368 99 1387 cam
111 1361 182 1394 diem,
202 1363 229 1389 in
243 1372 299 1398 qua
327 1363 436 1399 legimus
450 1365 548 1399 episto-

53 1406 95 1432 lm
105 1413 223 1440 vestram,
242 1418 325 1444 quam
347 1415 372 1436 et
395 1419 495 1445 semper
512 1411 547 1438 ad

52 1454 121 1480 nostri
130 1457 351 1483 commonitionem
361 1457 483 1491 legemus,
496 1458 548 1484 sic-

52 1504 75 1524 ut
94 1505 114 1526 et
126 1501 198 1528 illam
209 1503 325 1536 priorem
338 1511 354 1530 α
367 1501 498 1531 Clemente
512 1504 546 1530 ad

53 1552 89 1570 uo:
98 1547 222 1580 scriptam.

154 1613 245 1648 Ruﬁno
270 1615 421 1649 interprete.

80 1669 158 1698 Utitur
167 1679 231 1700 sane
245 1674 390 1709 exemplis.
406 1675 487 1702 etiam
509 1683 542 1702 ex

50 1715 84 1744 lllS
99 1717 168 1744 libris
182 1718 227 1753 qui
245 1726 260 1744 a
272 1720 414 1746 nonnullis
431 1721 544 1748 minime

51 1762 175 1796 recipiendi
202 1763 353 1791 videntur:
373 1765 399 1792 id
418 1769 480 1798 est,
508 1774 543 1794 ex

51 1805 168 1842 Sapientia
183 1816 241 1843 qua:
253 1809 357 1837 dicitur
378 1809 544 1845 Salomonis,

50 1855 105 1879 (ιρι
115 1852 244 1888 Sapientia
262 1853 358 1882 Sirach
375 1863 435 1890 qum
452 1856 545 1891 appel-

50 1897 107 1924 latur
119 1898 321 1936 Ecclesiasticus
335 1901 404 1936 apud
419 1900 541 1930 Latinos:

50 1944 87 1970 scd
100 1950 123 1972 et
144 1946 175 1973 de
193 1946 336 1980 Barnabae,
351 1952 377 1975 et
394 1948 542 1977 Clementis

49 1990 143 2024 epistola
156 1993 229 2028 ponit
246 1994 381 2029 exempla.

587 646 720 674 EUSBBIUS
738 645 809 673 Hist.
832 644 912 677 eccl.,
929 645 977 673 lib.
993 652 1029 675 tv,
1044 651 1105 678 cap.
1118 643 1165 672 Ὠ.

629 703 755 731 Ἀκοῦσαι
777 703 808 738 γέ
830 713 871 731 τοι
891 703 1017 739 πάρεστι,
1040 701 1109 738 μετά

588 758 648 776 τινα
663 750 726 785 περὶ
740 749 790 784 τῆς
803 748 962 785 Κλήμεντος
972 749 1040 785 πρὸς
1053 749 1094 775 Κο

587 794 704 830 ρινϐίους
721 794 866 829 ἐπιστολῆς
880 792 954 828 αὐτῷ
963 792 1105 829 εἰρημένα,

587 840 759 874 ἐπιλέγοντος
772 839 869 866 ταῦτα.
887 839 958 875 Lege
973 838 1086 866 NICEPH.
1096 858 1104 870 ,

587 884 636 912 lib.
655 892 691 916 tv,
708 891 770 919 cap.
782 885 810 912 5.

633 940 711 972 IDEI.
729 941 806 974 ibid,
825 941 872 968 lib.
890 949 927 972 tv,
943 949 1004 976 cap.
1022 940 1068 968 23.

625 997 670 1023 Ἐν
687 997 755 1032 αὐτῇ
771 997 798 1022 δὲ
811 995 896 1032 ταύτῃ
912 997 959 1023 καὶ
972 996 1021 1031 τῆς
1032 995 1105 1031 Κλή-

587 1052 683 1080 μεντος
705 1044 773 1079 πρὸς
790 1043 949 1079 Κορινθίους
969 1043 1103 1078 μέμνηται

584 1089 740 1125 ἐπιστολῆς,
757 1089 844 1125 δηλῶν
860 1089 991 1116 ἀνέκαθεν
1010 1088 1040 1121 ἐξ
1054 1089 1105 1124 ἁρ-

584 1136 661 1171 χαίου
670 1135 747 1167 ἔθους
754 1135 800 1162 ἐπὶ
815 1135 864 1170 τῆς
881 1134 1042 1170 Ἐκκλησίας
1055 1133 1104 1169 τὴν

583 1182 736 1216 ἀνάγνωσιν
756 1181 842 1216 αὐτῆς
857 1180 1000 1207 ποιεῖσθαι.
1012 1180 1104 1217 ηΛέγει

584 1228 667 1262 γοῦνθ
693 1228 753 1262 Τὴν
775 1227 908 1262 σήμερον
928 1227 984 1254 οὗν
997 1229 1105 1261 Κυρια-

583 1275 642 1310 κὴν
662 1275 750 1310 ἁγίαν
772 1275 887 1309 ἡμέραν
907 1274 1103 1309 διηγάγομεν,

582 1321 641 1355 ἐνῇ
658 1321 866 1357 ἀνεγνώκαμεν
879 1319 962 1355 ὑμῶν
974 1318 1031 1354 τὴν
1043 1320 1105 1346 ἑπι-

582 1367 715 1401 στολήν·
724 1367 764 1402 ῆν
771 1367 879 1402 ἕξομεν
893 1366 940 1394 ἀεί
949 1374 1020 1392 ποτε
1034 1367 1106 1392 ἀνα-

582 1413 780 1449 γινώσκοντες
807 1412 1031 1443 νουθετεῖσθαι,
1065 1412 1105 1444 ὼς

583 1459 631 1486 καὶ
645 1459 701 1492 τὴν
715 1457 863 1492 προτέραν
877 1457 950 1492 ἡμῖν
963 1456 1012 1483 διὰ
1026 1455 1105 1488 Κλή-

579 1512 688 1538 μεντος
704 1503 881 1538 γραφεῖσαν.
898 1501 968 1536 Lege
979 1500 1103 1534 NICEPII.,

581 1552 628 1579 lib.
645 1560 682 1580 ιν.
697 1560 757 1587 cap.
771 1551 798 1579 8.

636 1617 714 1650 lustr,
729 1618 807 1650 ibist,
825 1618 871 1646 lib.
888 1625 925 1649 Iv,
939 1625 1000 1652 cap.
1020 1616 1061 1643 l3.

614 1677 755 1713 Κέχρηται
777 1677 798 1703 δ’
820 1677 849 1703 ἐν
864 1677 956 1708 αὐτοῖς
970 1676 1017 1703 καὶ
1040 1676 1100 1705 ταῖς

579 1723 634 1749 ἀπὸ
660 1723 714 1749 τῶν
746 1722 960 1757 ἀντιλεγομένων
988 1721 1100 1757 Γραφῶν

583 1769 760 1805 μαρτυρίαις·
777 1768 828 1804 τῆς
841 1777 870 1794 τε
884 1767 1032 1803 λεγομένης
1051 1768 1100 1794 Σο-

580 1815 716 1851 λομῶντος
729 1814 839 1850 Σοφίας,
864 1814 911 1841 καὶ
933 1814 984 1848 τῆς
1011 1813 1098 1848 Ἰησοῦ

579 1860 627 1887 τοῦ
642 1859 738 1896 Σιρὰχ,
752 1859 858 1894 καὶτῆς
868 1858 937 1894 πρὸς
958 1858 1100 1894 Ἑϐραίους

586 1905 754 1940 Ἐπιστολῆς,
776 1905 826 1941 τῆς
846 1913 875 1931 τε
894 1903 1032 1940 Βαρνάϐα,
1053 1905 1099 1930 καὶ

578 1951 746 1988 Κλήμεντος,
769 1952 816 1978 καὶ
847 1950 940 1977 Ἰούδα.
965 1948 1096 1983 Νιρενιι..

579 1996 625 2024 lib.
639 2004 676 2029 tv.
687 2004 747 2032 cap.
762 1997 806 2024 53.

824 2082 857 2111 V.

1267 641 1368 668 i’alesio
1383 643 1535 677 interprete.

1180 697 1326 734 Postquam
1342 698 1534 735 (llegesippus)
1553 699 1586 726 de
1602 699 1666 727 Cle-

1144 746 1244 773 mentis
1280 747 1311 774 ad
1353 746 1512 774 Corinthios
1547 746 1664 782 epistola

1142 792 1266 826 quaedam
1295 791 1531 823 commemoravit,
1546 792 1601 819 lucc
1616 792 1663 818 atl-

1142 837 1192 870 dit,
1207 845 1267 873 qua:
1279 845 1340 869 nos,
1357 838 1379 865 si
1394 837 1493 872 placet,
1508 838 1663 873 audimus.

1260 939 1365 968 Valesio
1376 941 1525 976 interprete.

1176 996 1205 1024 lu
1229 997 1280 1024 hac
1301 998 1359 1032 ipsa
1378 998 1460 1025 etiam
1484 998 1599 1033 epistola
1617 998 1661 1026 (ad

1141 1041 1276 1077 Soterem)
1298 1042 1423 1069 meminit
1436 1042 1594 1078 (Dionysius
1609 1043 1662 1071 Co-

1140 1087 1271 1123 rinthius)
1306 1087 1458 1116 Clementis
1485 1089 1608 1123 epistoia
1627 1088 1661 1116 ad

1139 1134 1298 1162 Corinthios
1315 1134 1433 1169 scriptae,
1451 1141 1532 1169 quam
1545 1142 1576 1161 et
1591 1135 1662 1170 pris-

1140 1186 1173 1206 ca
1187 1179 1387 1207 consuetudine
1403 1179 1430 1206 in
1460 1178 1583 1208 Ecclesia
1608 1181 1660 1216 legi

1141 1226 1249 1254 solitam
1265 1234 1327 1254 esse
1355 1230 1473 1254 testatur
1486 1226 1529 1254 his
1545 1227 1636 1254 verbis
1652 1235 1659 1254 :

1144 1272 1240 1304 Hodie,
1255 1272 1355 1307 inquit,
1368 1280 1474 1299 sacrum
1487 1271 1557 1298 diem
1573 1271 1663 1299 Domi-

1142 1319 1229 1344 nirum
1243 1318 1429 1353 transegimus,
1446 1317 1474 1343 in
1490 1325 1541 1352 quo
1563 1317 1659 1352 episto-

1143 1365 1194 1391 lam
1204 1369 1316 1392 vestram
1325 1365 1445 1400 legimus,
1468 1372 1547 1399 quam
1555 1364 1661 1399 quidem

1139 1416 1263 1444 perpetuo
1274 1411 1394 1444 deinceps
1405 1410 1517 1445 legentes
1525 1430 1533 1442 ,
1550 1409 1659 1445 perinde

1141 1464 1172 1483 ac
1183 1457 1297 1491 priorem
1314 1456 1390 1482 illam
1410 1456 1484 1482 nobis
1497 1464 1513 1482 a
1527 1455 1661 1482 Clemente

1140 1502 1267 1536 scriptam
1278 1501 1427 1536 epistolam,
1443 1502 1550 1536 optimis
1564 1509 1661 1535 prtere-

1139 1547 1191 1578 ptis
1203 1555 1234 1573 ac
1245 1547 1407 1573 documentis
1453 1545 1657 1573 abundabimus.

1284 1612 1388 1640 Valesio
1403 1613 1550 1647 interprete.

1175 1672 1203 1700 In
1214 1671 1309 1701 iisdem
1325 1672 1403 1700 libris
1415 1672 1603 1709 (Stromateis)
1617 1673 1658 1700 af-

1138 1720 1190 1746 fert
1202 1718 1339 1750 (Clemens
1352 1717 1564 1753 Alexandrinus)
1581 1719 1658 1746 testi-

1138 1763 1232 1791 monia
1248 1763 1453 1799 Scripturarum
1471 1771 1532 1798 quae
1546 1771 1562 1790 a
1585 1772 1656 1792 non-

1140 1811 1223 1839 nullis
1235 1811 1432 1846 repudiantur:
1448 1818 1546 1846 uempe
1555 1819 1587 1838 ex
1605 1810 1657 1839 Sa-

1140 1857 1242 1892 pientia
1257 1864 1318 1892 quae
1330 1857 1431 1884 dicitur
1442 1856 1607 1889 Salomonis.
1629 1863 1657 1885 et

1135 1910 1170 1929 cx
1201 1901 1341 1937 Sapientia
1368 1900 1435 1929 Jesu
1470 1901 1518 1928 lilii
1539 1900 1654 1937 Sirach;

1134 1950 1198 1977 item
1217 1958 1251 1977 ex
1274 1949 1395 1984 Epistola
1415 1949 1450 1977 ad
1472 1949 1613 1982 Hebraeos,
1627 1954 1655 1977 et

1134 2004 1166 2023 ex
1182 1995 1321 2028 Barnal'te,
1337 1995 1497 2028 Clementis,
1525 1995 1655 2031 Juquuo

1133 2040 1266 2076 epistolis.

429 2138 564 2167 CrnILLus
578 2138 850 2174 llierosolymilanus.
865 2138 1010 2168 Cateches.
1026 2149 1105 2176 xvm,
1119 2150 1179 2178 cap.
1200 2143 1228 2176 8,

596 2185 661 2213 edit.
677 2184 778 2218 Paris.,
796 2185 878 2218 1720,
895 2194 956 2221 pag.
968 2187 1032 2220 288,
1047 2187 1078 2216 Ι).

75 2241 141 2277 ᾜδει
161 2241 224 2274 Θεὸς
238 2242 292 2269 τῶν
309 2242 459 2278 ἀνθρώπων
479 2243 527 2278 τὴν
541 2243 679 2274 ἀπιστίαν,
695 2243 741 2270 καὶ
766 2243 813 2279 δρ-

900 2243 1019 2272 Noverat
1030 2245 1103 2274 Deus
1129 2245 1199 2273 hanc
1212 2246 1351 2274 hominum
1370 2247 1398 2274 in
1413 2246 1549 2275 credendo
1560 2250 1653 2283 pervi-

49 2295 95 2312 νεον
102 2289 135 2319 εἰς
142 2288 216 2315 τοῦτο
223 2289 432 2325 κατειργάσατο,
443 2290 550 2324 φοίνικα
555 2289 626 2316 οὕτω
633 2289 715 2316 χαλού
720 2298 809 2324 μενον.

49 2332 126 2365 Τοῦτο,
149 2335 184 2366 ὡς
199 2335 299 2371 γράφει
314 2335 438 2371 Κλήμης,
462 2336 509 2362 καὶ
524 2335 660 2372 ἱστοροῦσι
676 2336 809 2368 πλείονες,

50 2380 170 2413 μονογενὲς
179 2381 309 2417 ὑπάρχον,
317 2381 387 2408 κατὰ
395 2381 443 2417 τὴν
450 2382 604 2416 Αἰγυπτίων
618 2381 709 2418 χώραν
724 2383 753 2408 ὲν
763 2391 810 2408 πε-

49 2424 127 2458 (efﬁat;
150 2427 332 2454 πεντακοσίων
353 2428 420 2455 ὲτῶν
443 2427 599 2463 ἐρχόμενον,
621 2427 739 2454 δείκνυσι
761 2428 810 2464 τὴν

47 2469 181 2498 ἀνάστασιν·
205 2473 256 2499 οὐκ
277 2473 304 2499 ἐν
320 2474 434 2509 ἐρήμοις
454 2473 556 2505 τόποις,
573 2474 615 2500 ἵνα
632 2474 670 2510 μὴ
689 2475 808 2510 ἁγνοηθῇ

48 2515 71 2540 τδ
82 2518 216 2553 μυστήριον
229 2518 378 2554 γινόμενον,
393 2519 448 2546 ἀλλ’
465 2520 494 2547 ἐν
511 2521 615 2556 φανερᾷ
629 2520 704 2547 πόλει
720 2529 810 2557 παρα-

47 2561 178 2596 γενόμενον,
199 2563 242 2590 ἴνα
266 2564 410 2601 ψηλαφηθῇ
434 2565 465 2591 τὸ
483 2566 691 2601 ἀπιστούμενον.
722 2567 809 2602 Σηκὸν

46 2606 90 2643 γὰρ
99 2607 180 2646 ἑαυτῷ
192 2611 308 2646 ποιῆσαν
322 2612 354 2638 ἐκ
366 2611 474 2638 λιῦἀνου
489 2613 536 2639 καὶ
556 2613 688 2649 σμύρνης,
701 2613 747 2640 καὶ
755 2613 809 2640 λοι-

47 2653 95 2680 ﬁt?”
112 2655 270 2693 ἀρωμάτων,
291 2659 336 2685 καὶ
350 2659 380 2685 ὲν
400 2660 434 2694 τῇ
455 2659 649 2695 συμπληρώσει
664 2659 719 2686 τῶν
740 2659 809 2686 ἑτῶν

46 2700 78 2730 εἰς
95 2701 180 2730 τοῦτον
200 2703 328 2735 εἰσελθὸν,
341 2704 452 2741 τελευτᾷ
471 2705 594 2741 φανερῶς
609 2706 655 2732 καὶ
676 2706 807 2741 σήπεται·

47 2742 94 2772 εἶτα
113 2747 144 2775 ιχ
165 2749 214 2784 τῆς
237 2751 369 2786 σαπείσης
392 2751 491 2786 σαρκὸς
511 2751 558 2778 τοῦ
580 2751 807 2787 τελευτήσαντος,

48 2791 138 2827 σκώληξ
147 2802 187 2826 τις
199 2797 336 2831 γεννᾶται·
351 2797 398 2823 καὶ
420 2792 495 2828 οὗτος
509 2796 645 2832 αὐξηθεὶς,
662 2799 702 2829 εις
716 2798 808 2834 ὄρνεον

49 2838 188 2874 μορφοῦται.
210 2839 362 2878 Paucisque
377 2841 542 2877 interiectis:
565 2841 632 2870 Εἶτα
654 2845 807 2880 πτεροφυή-

864 2290 980 2323 caciam.
997 2294 1078 2326 atque
1093 2291 1127 2318 ad
1141 2292 1166 2318 id
1194 2300 1271 2320 avem
1294 2293 1473 2328 comparavit,
1496 2294 1650 2329 phceuicem

865 2338 1040 2373 appellatam.
1055 2337 1128 2370 Haec,
1145 2342 1174 2366 ut
1196 2339 1291 2367 scribit
1306 2339 1444 2371 Clemens.
1458 2340 1559 2375 aliique
1573 2348 1650 2368 com-

866 2385 958 2418 plures
981 2389 1104 2415 narrant.
1121 2393 1184 2412 cum
1207 2385 1243 2413 sit
1262 2386 1390 2421 unigena.
1407 2386 1434 2412 in
1460 2385 1650 2422 Egyptiorum

864 2430 1003 2465 regionem
1027 2430 1183 2465 quingentis
1204 2430 1360 2465 quibusque
1385 2430 1466 2457 annis
1490 2430 1649 2462 adveniens,

864 2475 1094 2502 resurrectionem
1108 2475 1227 2510 ostendit
1245 2485 1251 2502 :
1272 2483 1327 2502 non
1341 2475 1368 2502 iu
1382 2475 1500 2503 desertis
1513 2475 1592 2507 locis.
1616 2483 1651 2504 ne

863 2528 908 2547 res
920 2520 966 2547 illa
984 2519 1144 2555 mysterium
1161 2520 1243 2552 facta,
1256 2521 1367 2554 lateret;
1380 2520 1427 2548 sed
1440 2521 1468 2548 in
1483 2520 1551 2548 urbe
1582 2527 1650 2548 con-

860 2567 953 2603 spicua
961 2572 1121 2602 praesentem
1137 2576 1167 2596 se
1181 2569 1295 2600 sistens,
1316 2572 1346 2595 ut
1366 2576 1449 2595 manu
1464 2571 1651 2596 contrectetur

863 2614 936 2648 quod
952 2613 1053 2649 alioqui
1072 2613 1151 2641 ﬁdem
1170 2621 1224 2641 non
1239 2613 1386 2642 inveniret.
1399 2613 1566 2642 Constructo
1575 2614 1648 2641 enim

863 2660 916 2687 sibi
927 2667 960 2688 ex
974 2660 1065 2693 thure,
1085 2660 1196 2695 myrrha
1208 2660 1370 2694 ueterisque
1384 2660 1554 2688 aromatibus
1572 2659 1648 2690 nido.

863 2706 892 2733 in
907 2706 981 2733 hunc
995 2706 1102 2741 expleto
1117 2713 1251 2733 annorum
1267 2706 1407 2734 curriculo
1420 2706 1578 2741 ingrediens
1587 2713 1648 2734 mo-

862 2754 932 2780 ritur
956 2753 1044 2788 palam
1071 2759 1104 2779 ac
1132 2752 1275 2787 putrescit.
1305 2751 1407 2780 Deinde
1436 2760 1469 2780 ex
1496 2752 1648 2788 putrefacta

863 2803 978 2826 mortuas
998 2797 1057 2825 avis
1072 2804 1154 2824 carne
1169 2797 1271 2824 vermis
1286 2797 1396 2832 quidam
1413 2798 1570 2830 enascitur;
1588 2797 1648 2824 hic-

861 2851 914 2879 que
930 2846 1106 2879 augmentum
1116 2842 1238 2878 capiens,
1257 2842 1285 2869 in
1296 2843 1434 2871 volucrem
1447 2841 1644 2870 conformatur.
