1893 3101
202 149 237 177 59
442 176 446 182 ,
767 143 811 170 AD
833 143 862 170 S.
884 141 1075 169 CLEMENTET

1061 141 1096 168 ΕΜ
1115 142 1125 169 Ι
1143 141 1259 169 PAPAM
1794 138 1829 164 4ο

205 214 254 236 σας
275 204 289 230 ὁ
312 201 512 239 προειρημένος
534 200 631 236 φοῖνιξ,
652 200 700 226 καὶ
722 198 823 230 τέλειος
841 195 896 230 οἷος
922 195 956 234 ἦν
978 198 993 223 ὁ
1007 200 1031 229 Α
1044 198 1075 224 Ρι

1061 199 1193 233 ’aucisque
1219 198 1362 233 interjectis
1384 205 1393 224 :

203 251 346 287 πρότερος,
363 248 451 284 φοῖνιξ
473 248 626 283 γενόμενος,
646 246 791 272 ἀνίπταται
811 244 930 275 τοιοῦτος
953 244 993 274 είς

203 298 290 333 ἀέρα,
315 293 370 327 οἷος
394 295 441 321 καὶ
464 294 665 328 ἐτετελευτήκει
688 291 860 326 σαφεστάτην
887 288 992 325 νεκρῶν

203 343 351 370 ἀνάστασιν
365 340 520 377 ἀνθρώποις
532 338 677 371 ἐπιδείξας.

1421 196 1522 225 Postea
1548 195 1658 231 phoenix
1679 197 1832 231 prtedictns

1045 242 1200 277 plumescit,
1216 242 1418 277 perfectusque,
1433 241 1522 277 qualis
1537 244 1598 269 erat
1610 240 1697 276 prior,
1717 241 1832 276 phoenix

1044 287 1144 321 l‘actus,
1158 287 1187 314 in
1201 294 1265 314 aera
1275 287 1338 314 talis
1352 287 1453 319 avolat.
1472 286 1561 322 qualis
1577 289 1637 313 erat
1661 293 1724 313 cum
1741 293 1834 313 mon--

1044 337 1130 365 retur,
1154 332 1387 360 evidentissimam
1406 336 1576 360 mortuorum
1598 331 1833 359 resurrectionem

1043 378 1200 406 hominibus
1212 381 1365 406 ostentans.
1378 377 1464 412 Epist.
1479 377 1504 410 i,
1516 384 1577 412 cap.
1590 376 1636 404 25.

994 425 1038 453 Vl.

593 477 768 508 Epirntums,
780 476 890 502 Advers.
910 471 1118 507 Carpocrasios,
1134 470 1238 499 Haeresi
1249 471 1297 505 27,
1309 479 1385 499 num.
1409 471 1436 499 6.

240 529 322 563 Λέγει
337 527 391 564 γὰρ
407 527 436 554 ὲν
453 527 503 562 μιᾷ
516 525 569 552 τῶν
584 523 734 551 ἐπιστολῶν
748 520 830 549 αὑτοῦ
840 530 846 536 ·
870 522 997 554 Ἀναχω-

201 575 255 611 ρῶ,
268 576 379 610 ἄπειμι,
391 574 418 601 ἐι
426 572 562 606 σταθήτω
573 573 589 598 ὁ
598 571 673 603 λαὸς
686 569 739 596 τοῦ
750 568 834 595 Θεοῦ·
850 567 906 594 τισὶ
919 565 998 592 τοῦτο

207 621 412 658 συμϐουλεύωψ
435 619 551 655 εὕρομεν
571 617 626 653 γὰρ
647 616 675 643 ἑν
696 623 767 642 τισιν
789 615 997 649 ὑπομνηματισ-

208 669 268 703 μοῖς
281 667 360 694 τοῦτο
370 666 537 701 ἐγκείμενον,

1085 518 1154 545 Dicit
1165 518 1238 545 enim
1252 517 1400 553 (Clemens)
1414 517 1441 544 in
1455 523 1509 544 una
1516 516 1694 552 epistolarum
1707 521 1834 543 suarum:

1047 563 1158 595 Recedo,
1174 563 1248 595 abeo,
1264 564 1343 591 instet
1372 563 1485 598 populus
1508 562 1573 593 Dei;
1595 561 1735 590 nonnullis
1756 559 1836 587 vidc-

1047 610 1111 637 licet
1135 610 1187 636 hoc
1212 610 1294 637 modo
1312 609 1462 636 consulens
1488 617 1494 636 :
1521 615 1584 635 nam
1611 607 1638 634 in
1668 603 1835 641 quibusdam

1047 654 1253 683 commentariis
1279 654 1317 681 ita
1340 654 1472 689 scripturn
1501 653 1666 688 reperimus.
1693 650 1781 686 Epist.
1807 649 1834 680 Ι,

1046 709 1107 736 cap.
1119 701 1164 729 ει.

679 764 755 793 lusu,
767 761 876 789 Advers.
895 758 1045 788 Ebiouaeos,
1057 755 1160 783 Παειοεί
1172 756 1217 789 50,
1237 763 1314 782 num.
1331 755 1375 783 i5.

243 816 329 848 Αὐτὸς
345 815 461 851 Κλήμης
476 813 575 844 αὐτοὺς
589 811 660 838 κατὰ
675 810 763 836 πάντα
777 806 881 841 ἐλέιχει
895 804 949 851 ἀφξ
958 800 996 829 ὧν

207 862 324 900 ἔγραψεν
346 849 495 900 ἐπιστολῶν
518 858 679 893 ἐγκυκλίων,
700 855 753 881 τῶν
777 854 806 879 ὲν
821 852 881 882 ταῖς
904 849 995 884 ἁγίαις

210 897 384 943 Ἐκκλησίαιξ
399 902 669 939 ἀναγινωσκομένων,
688 900 729 927 ὅτι
743 898 821 927 ἄλλον
838 898 894 933 ἔχει
907 905 993 933 χαρα-

205 942 325 992 κτῆρανὴ
339 951 434 980 ἑαυτοῦ
459 949 550 981 πίστις
566 948 614 975 καὶ
630 948 644 973 ὁ
659 946 755 980 λόγος,
785 943 861 980 παρὰ
883 943 918 970 τὰ
941 942 994 969 ὑπὸ

205 988 307 1029 τούτων
319 988 363 1031 εἰς
378 998 462 1033 ὄνομα
473 994 554 1023 αὑτοῦ
574 995 603 1020 ὲν
617 994 677 1024 ταῖς
696 990 849 1026 Περιόδοις
870 988 993 1016 νενοθευ-

208 1048 276 1083 μένα
288 1055 294 1062 ’
309 1045 390 1076 αὐτὸς
404 1043 457 1080 γὰρ
475 1040 623 1078 παρθενίαν
635 1038 776 1068 διδάσκει,
796 1036 844 1063 καὶ
864 1034 940 1062 αὐτοὶ
964 1035 995 1061 οὒ

205 1079 343 1126 δέχονταν
359 1089 440 1119 αὐτὸς
453 1086 508 1122 γὰρ
524 1083 692 1120 ἐγκωμιάζει
711 1081 820 1114 Ἠλίαν,
841 1081 890 1126 καθ.
902 1079 994 1126 Δαξὶδ,

208 1120 256 1162 κᾶἱ
277 1134 407 1170 Σαμψὼν,
424 1120 471 1161 καί
486 1120 591 1162 πάντας
606 1131 670 1162 τοὺς
683 1128 837 1165 προφήτας,
858 1124 905 1155 οὒς
924 1120 996 1148 οὗτοι

210 1180 404 1216 βδελύττονται.

986 1230 1043 1259 Vll.

1084 801 1212 829 Clemens
1234 801 1292 837 ipse
1323 801 1450 829 omnibus
1470 800 1531 828 illos
1554 796 1719 834 (Ebionaeos)
1742 797 1836 824 modis

1049 847 1187 882 redarguit
1202 847 1235 874 iis
1250 847 1374 882 epistolis
1391 845 1582 877 circularibus,
1596 852 1656 879 qua:
1669 843 1703 871 ab
1716 851 1749 871 eo
1763 843 1837 870 scri-

1047 897 1099 928 ptae
1123 894 1152 920 in
1176 893 1362 921 sacrosanctis
1377 892 1507 921 Ecclesiis
1527 892 1662 926 leguntur.
1677 889 1717 916 Ex
1730 888 1835 923 quibus

1047 942 1166 971 constat,
1184 939 1263 974 longe
1286 939 1322 966 ab
1346 939 1380 966 iis
1403 945 1463 973 qua
1486 937 1514 964 in
1527 933 1690 964 Circuitibus
1711 934 1767 961 illis
1780 933 1835 960 sub

1048 985 1109 1019 ejus
1124 985 1236 1012 nomine
1251 984 1405 1012 adulterina
1418 986 1537 1015 exstant,
1553 982 1626 1009 illius
1640 980 1718 1008 ﬁdem
1732 987 1764 1006 ac
1774 986 1835 1006 ser-

1050 1038 1158 1058 monem
1181 1030 1366 1058 abhorruisse.
1379 1029 1486 1056 Etenim
1501 1027 1684 1063 virginitatem
1705 1025 1834 1052 Clemens

1048 1076 1169 1108 edocuit,
1184 1081 1211 1103 et
1223 1077 1268 1104 isti
1286 1076 1450 1111 repudiarit:
1470 1073 1515 1101 ille
1539 1073 1637 1105 Eliam,
1652 1070 1782 1099 Davidem
1807 1073 1835 1096 et

1049 1119 1227 1155 Sampsonem
1240 1127 1389 1155 omnesque
1404 1118 1551 1155 prophetas
1562 1115 1751 1148 commendat,
1763 1122 1834 1150 quos

1048 1163 1076 1190 bi
1092 1163 1274 1192 detestantur.

442 1290 626 1321 Hienouruus,
645 1288 698 1316 lib.
715 1287 751 1314 De
761 1285 823 1313 uiris
834 1281 994 1310 illustribus,
1011 1284 1072 1312 cap.
1089 1277 1133 1310 i5,
1151 1285 1213 1305 cum
1229 1283 1320 1306 vetere
1334 1277 1428 1305 Graeco
1444 1278 1604 1312 interprete.

247 1333 381 1369 Κλήμηξ,
402 1333 468 1369 περὶ
480 1330 512 1359 οὗ
530 1332 635 1365 Παῦλος
647 1334 660 1359 ὁ
685 1332 844 1364 Ἀπὸστολος
861 1333 929 1368 πρὸς
952 1333 1002 1359 Φι-

211 1379 375 1415 λιππησίους
397 1379 521 1414 γράφων,
537 1378 628 1412 λέγει·
642 1378 724 1405 Μετὰ
741 1378 791 1405 καί
811 1377 1001 1413 Κλήμεντος,

211 1425 284 1458 κτλ.,
302 1425 432 1461 τέταρτος
447 1425 516 1460 μετά
526 1424 628 1460 Πέτρον
645 1424 752 1460 Ῥώμης
766 1424 927 1456 ἐπίσκοπος·
941 1424 1001 1451 δεύ-

210 1479 289 1507 τερος
304 1470 359 1506 γὰρ
375 1470 453 1501 Δῖνος
469 1469 586 1503 ἐγένετο,
603 1469 693 1504 τρίτος
713 1468 901 1504 Ἀνέγκλητος,
919 1469 944 1496 εί
954 1470 1001 1495 καὶ

210 1517 303 1544 πολλοὶ
315 1516 369 1542 τῶν
395 1515 535 1550 Ῥωμαίων
547 1514 777 1552 ὑπολαμϐάνουσι,
791 1514 915 1550 δεύτερον
931 1514 1000 1550 μετὰ
1011 1528 1032 1556 C

210 1564 256 1591 τὸν
272 1561 419 1589 ἀπόστολον
434 1562 536 1597 Πέτρον
550 1560 712 1595 γεγενῆσθαι
724 1560 880 1596 Κλήμεντα.
900 1561 1002 1597 Ἔγρα-

210 1610 260 1645 ψεν
276 1610 309 1635 ὲκ
329 1607 475 1644 προσώπου
492 1607 541 1642 τῆς
563 1605 726 1641 Ἑκκλησίας
746 1606 855 1642 Ῥώμης
869 1607 936 1642 πρὸς
952 1606 1001 1642 τὴν

210 1657 240 1684 ὲν
254 1654 379 1691 Κορίνθῳ
400 1653 562 1688 Ἐκκλησίαν
579 1651 722 1687 ἐπιστολὴν
740 1651 810 1678 πάνυ
823 1652 980 1687 θαυμαστὴν
992 1671 1000 1685 ,

210 1703 272 1738 ἥτις
289 1703 318 1728 ὲν
332 1701 458 1736 φανεροῖς
469 1699 561 1730 τόποις
577 1698 694 1734 δημοσίᾳ
718 1697 947 1732 ἀναγινώσκεται,
963 1697 1002 1733 τῷ

210 1748 367 1785 χαρακτῆρι
388 1747 436 1782 τῆς
459 1746 527 1782 πρὸς
549 1744 691 1781 Ἐϐραίους
712 1743 870 1779 Ἐπιστολῆς
895 1743 1002 1770 Παύλου

212 1795 372 1830 συνᾲδουσα,
389 1793 419 1819 οὺ
432 1793 511 1828 μόνον
525 1792 667 1827 νοήμασιν,
685 1791 754 1818 ἀλλὰ
767 1791 814 1817 κα.)¹
829 1790 929 1825 λόγοις.
947 1790 1004 1817 Καὶ

213 1839 304 1870 ἁπλῶς
321 1837 435 1873 μεγίστη
456 1836 529 1862 ἐστὶν
545 1836 574 1862 ὲν
590 1833 708 1870 ἑκατέρα
730 1832 866 1868 ὁμοίωσις.
888 1832 1000 1867 Φέρεται

212 1885 260 1911 καὶ
280 1885 361 1919 ἑτέρα
385 1882 416 1915 ὲξ
441 1882 573 1917 ὀνόματος
593 1879 675 1907 αὑτοῦ
696 1876 766 1905 εἶναι
785 1877 923 1912 ἐπιστολὴ,
940 1878 1000 1912 ἥτις

212 1929 289 1966 παρὰ
304 1929 413 1956 πάντων
426 1926 665 1962 ἀποδοκιμάζεται.
690 1925 746 1952 Καὶ
759 1924 880 1958 διάλογος
896 1923 999 1958 Πέτρου

213 1976 260 2002 καὶ
280 1975 411 2005 Ἀπίωνος
433 1973 530 2009 μακρῷ
543 1972 614 2006 λόγῳ
634 1971 805 2004 συνταγεῖσα,
826 1970 920 2005 ἥντινα
947 1969 1000 2009 Eb-

213 2014 302 2045 σέὸιος
319 2012 426 2040 εὐθύνει
448 2013 478 2039 ὲν
490 2011 529 2047 τῷ
545 2010 629 2047 τρίτῳ
656 2009 707 2044 τῆς
734 2008 1003 2042 Ἐκκλησιαστικῆς

211 2060 344 2094 ἱστορίας
360 2059 460 2094 τεύχει.
472 2057 590 2092 Τελευτᾷ
602 2056 641 2091 τῷ
655 2055 739 2092 τρίτῳ
761 2055 877 2090 ἐνιαυτῷ
898 2055 1003 2089 Τραϊα-

213 2105 270 2137 νοῦ,
281 2105 328 2132 καὶ
341 2104 391 2140 τὴν
399 2103 492 2131 τούτου
505 2103 614 2139 μνήμην
623 2103 687 2138 ἄχρι
694 2102 813 2138 τήμερον
819 2101 852 2135 εν
860 2101 893 2136 τῇ
909 2097 1003 2135 Ῥώμῃ

214 2151 422 2187 οίκοδομηθεῖσα
440 2149 571 2185 ἐκκλησία
586 2148 728 2184 φυλάττει.

1084 1322 1221 1355 Clemens,
1236 1323 1270 1351 de
1283 1331 1336 1358 quo
1351 1324 1491 1358 apostolus
1514 1322 1615 1350 Paulus
1626 1321 1660 1349 ad
1675 1321 1835 1357 Philippen-

1049 1377 1095 1397 ses
1118 1370 1168 1405 (tv,
1184 1370 1211 1405 ὅ)
1227 1370 1351 1397 scribens
1374 1370 1411 1397 ait
1431 1369 1519 1397 :Cum
1540 1369 1670 1396 Clemente
1685 1372 1709 1394 et
1730 1369 1834 1395 cwteris

1048 1415 1260 1450 cooperatoribus
1276 1415 1350 1447 meis,
1364 1423 1474 1450 quarunt
1488 1415 1595 1441 nomina
1605 1414 1705 1448 scripta
1719 1417 1784 1439 sunt
1808 1413 1834 1439 in

1048 1459 1115 1485 libro
1129 1459 1188 1485 vitte
1205 1467 1214 1486 :
1236 1462 1350 1493 quartus
1365 1457 1543 1492 postPetrum
1562 1456 1653 1484 Roma
1666 1456 1814 1492 episcopus
1824 1467 1833 1485 ς

1048 1504 1184 1539 siquidem
1201 1504 1342 1532 secundus
1361 1502 1447 1531 Linus
1463 1503 1524 1534 fuit.
1547 1502 1645 1529 tertius
1666 1502 1832 1535 Anaclelus;

1049 1549 1158 1577 tametsi
1172 1549 1294 1584 plerique
1302 1548 1472 1581 Latinorum,
1485 1547 1635 1575 secundum
1650 1552 1712 1582 post
1722 1546 1834 1574 Petrum

1050 1595 1204 1631 apostolum
1235 1598 1331 1630 putent
1350 1594 1436 1621 fuisse
1461 1593 1637 1620 Clementem.
1665 1591 1784 1627 Scripsit
1801 1599 1834 1619 ex

1048 1650 1166 1678 persona
1181 1641 1311 1669 Romana:
1323 1641 1452 1668 Ecclesiae
1470 1640 1502 1666 ad
1515 1639 1664 1667 Ecclesium
1680 1638 1835 1666 Corinthio-

1048 1696 1110 1716 rum
1120 1688 1198 1716 valde
1213 1688 1307 1715 utilem
1323 1687 1478 1722 epistolam,
1491 1693 1551 1720 quaa
1561 1689 1589 1712 et
1602 1685 1630 1711 in
1643 1684 1784 1711 nonnullis
1796 1684 1833 1710 lo-

1049 1735 1090 1762 cis
1116 1735 1225 1770 publice
1248 1734 1356 1769 legitur,
1370 1741 1430 1768 qua),
1454 1732 1520 1759 mihi
1549 1730 1657 1758 videtur
1682 1729 1834 1757 characteri

1046 1780 1183 1815 Epistolte,
1193 1788 1252 1815 qute
1266 1780 1316 1807 sub
1329 1778 1406 1805 Pauli
1422 1778 1531 1805 nomine
1546 1777 1578 1804 ad
1593 1776 1719 1804 Hebraeos
1735 1775 1833 1806 fertur,

1049 1826 1206 1854 convenire.
1223 1825 1276 1852 Sed
1291 1828 1317 1852 et
1343 1824 1435 1852 tnultis
1449 1824 1483 1851 de
1510 1823 1605 1851 eadem
1625 1822 1753 1857 epistola,
1780 1829 1835 1848 non

1049 1873 1137 1900 solum
1148 1872 1286 1904 sensibus,
1298 1870 1430 1905 sedjuxta
1439 1869 1583 1897 verborum
1593 1875 1700 1903 quoque
1709 1866 1834 1893 ordinem

1049 1919 1180 1946 abutitur.
1193 1917 1311 1945 Omnino
1321 1916 1431 1952 grandis
1447 1915 1475 1942 in
1491 1920 1606 1949 utraque
1619 1912 1771 1940 similitudo
1783 1916 1832 1938 est.

1049 1965 1146 1992 Fertur
1160 1967 1187 1992 et
1208 1963 1327 1992 secunda
1338 1962 1397 1997 ejus
1410 1962 1519 1989 nomine
1532 1960 1659 1995 epistola,
1676 1966 1737 1994 quae
1760 1966 1774 1984 a
1788 1965 1834 1985 ve-

1050 2012 1154 2039 teribus
1173 2010 1346 2045 reprobatur.
1367 2008 1400 2035 Et
1423 2008 1570 2042 disputatio
1585 2005 1660 2033 Petri
1675 2009 1702 2032 et
1720 2003 1835 2039 Apionis

1049 2059 1131 2092 longo
1144 2064 1270 2084 sermone
1287 2054 1452 2089 conscripta,
1463 2061 1544 2088 quam
1558 2051 1694 2079 Eusebius
1709 2051 1736 2077 in
1753 2050 1834 2078 tertio

1052 2102 1181 2130 Historia
1200 2102 1384 2130 ecclesiastica:
1401 2100 1538 2128 volumine
1548 2099 1679 2133 coarguit.
1697 2097 1835 2125 Obiitter-

1050 2150 1089 2178 tio
1103 2148 1213 2183 Trajani
1227 2155 1309 2180 anno,
1322 2150 1349 2174 et
1362 2146 1480 2174 nominis
1490 2146 1550 2180 ejus
1566 2144 1724 2172 memoriam
1748 2150 1834 2177 usque

1050 2195 1132 2224 hodie
1147 2194 1240 2222 Romae
1256 2196 1394 2221 exstructa
1421 2192 1538 2219 ecclesia
1551 2191 1680 2219 custodit.

723 2253 799 2286 lnel,
811 2253 860 2282 lib.
873 2262 881 2281 ι
895 2255 997 2284 advers.
1029 2254 1210 2285 Iovinianum,
1227 2259 1287 2286 cap.
1301 2251 1326 2279 7.

251 2302 289 2330 Ad
303 2303 353 2330 hos
369 2301 533 2338 (eunuchos)
545 2306 573 2330 et
587 2302 713 2329 Clemens
726 2308 873 2329 successor
883 2304 999 2337 apostoli
1012 2302 1096 2334 Petri,
1113 2301 1192 2335 cujus
1202 2299 1305 2326 Paulus
1316 2292 1456 2332 apostolus
1483 2294 1606 2322 meminit
1624 2292 1734 2329 (Philip.
1751 2299 1789 2324 IV,
1805 2291 1831 2326 3)

214 2348 312 2376 scribit
322 2346 466 2382 epistolas,
483 2353 647 2381 omnemque
663 2352 731 2380 pene
740 2352 893 2372 sermonem
905 2354 985 2373 suum
997 2347 1031 2374 de
1041 2344 1207 2382 virginitatis
1218 2342 1337 2379 puritate
1350 2340 1499 2368 contexuit.

728 2389 805 2422 In“.
818 2390 867 2417 lib.
882 2399 929 2418 xtv
945 2391 1091 2419 Comment.
1104 2391 1132 2417 in
1145 2389 1203 2417 Isa.
1219 2395 1267 2420 LII,
1281 2387 1325 2414 15.

249 2441 375 2470 Clemens
402 2438 444 2465 vir
467 2437 645 2473 apostolicus,
658 2437 706 2471 qui
735 2439 798 2471 post
819 2435 930 2464 Petrum
954 2437 1026 2464 rexit
1049 2436 1211 2466 Ecclesiam,
1239 2433 1335 2461 scribit
1357 2431 1391 2459 ad
1419 2429 1598 2458 Corinthios:
1621 2428 1759 2463 Sceptrum
1783 2428 1833 2455 Dci

215 2487 343 2516 Dominus
358 2484 436 2511 Iesus
455 2483 589 2516 Christus,
607 2490 659 2509 non
679 2481 749 2509 venit
769 2481 796 2508 in
812 2480 949 2516 jactantia
961 2481 1099 2516 superbit»,
1115 2489 1175 2507 cum
1188 2479 1271 2515 possit
1293 2477 1392 2508 omnia,
1408 2475 1452 2504 sed
1478 2476 1505 2502 in
1519 2474 1680 2501 humilitate.
1696 2474 1784 2509 Epist.
1803 2475 1829 2506 i,

214 2543 275 2571 cap.
289 2533 333 2561 16.

657 2561 735 2593 lusit.
751 2561 798 2589 lib.
816 2569 825 2588 ι
842 2561 988 2589 Comment.
1002 2562 1031 2588 in
1040 2560 1124 2595 Epist.
1143 2558 1177 2585 ad
1195 2557 1300 2592 Ephes..
1318 2563 1348 2584 II.
1364 2555 1391 2583 2.

250 2616 402 2651 Quaerimus
415 2620 524 2649 quoque
541 2612 607 2647 quid
623 2611 678 2638 sit:
693 2609 725 2636 In
743 2609 838 2645 quibus
861 2608 1004 2644 aliquando
1019 2608 1177 2635 ambulastis
1191 2604 1333 2633 secundum
1353 2602 1479 2631 saeculum
1490 2601 1585 2651 “mundi
1598 2601 1675 2636 hujus
1692 2608 1702 2628 :
1725 2604 1830 2629 utrum-

214 2645 277 2692 nam
295 2667 322 2690 et
341 2659 413 2688 aliud
424 2645 558 2686 Isaeo-tilum
571 2657 616 2689 sit,
631 2655 704 2690 quod
722 2662 776 2681 non
790 2653 926 2688 pertineat
953 2652 987 2679 ad
1007 2651 1139 2679 mundum
1163 2651 1258 2681 istum,
1286 2651 1332 2676 sed
1356 2647 1390 2674 ad
1414 2645 1530 2674 mundos
1547 2646 1625 2678 alios,
1641 2645 1676 2672 de
1689 2646 1791 2680 quibus
1801 2649 1827 2672 et

213 2710 340 2736 Clemens
354 2708 381 2735 in
392 2705 513 2742 Epistula
528 2710 578 2731 sua
592 2701 707 2730 scribit:
724 2699 853 2732 Oceanus,
869 2703 894 2726 et
910 2697 1001 2726 mundi
1017 2698 1062 2733 qui
1077 2702 1151 2724 trans
1164 2697 1249 2730 ipsum
1264 2699 1335 2722 sunt.
1347 2694 1433 2729 Epist.
1450 2693 1477 2726 i,
1492 2699 1551 2727 cap.
1570 2691 1615 2721 20,

765 2746 843 2778 In“,
866 2744 946 2777 ibid.,
958 2744 1007 2772 lib.
1023 2751 1054 2776 ιι,
1072 2743 1106 2770 ad
1127 2750 1187 2777 cap.
1202 2749 1239 2773 iv,
1256 2740 1283 2769 i.

251 2800 337 2834 Cujus
349 2799 389 2827 rei
403 2802 430 2827 et
449 2797 575 2826 Clemens
592 2794 626 2822 ad
639 2793 797 2821 Corinthios
820 2791 900 2819 testis
915 2795 980 2821 est:
1010 2789 1147 2817 Vincam-rt
1161 2787 1299 2815 charitatis
1323 2786 1371 2814 Dei
1391 2787 1449 2822 quis
1469 2786 1562 2820 poterit
1578 2786 1723 2813 enarrare?
1738 2784 1824 2820 Epist.

217 2847 244 2886 i,
260 2854 319 2882 cap.
336 2844 379 2873 l9.
