1893 3101
209 145 245 173 ιδ
796 142 841 169 AD
856 142 884 170 S.
905 142 1122 171 CLEMENTEM
1143 145 1152 171 l
1172 143 1290 171 PAPAM
1816 144 1853 172 ιι

208 202 262 228 οὐδ’
283 203 300 238 ἠ
323 201 419 237 πρώτη
435 202 593 238 ἀπήλλακτο
613 201 760 233 παντελῶς.
786 203 841 228 Καὶ
862 202 1004 238 ἑρμηνείας

1094 212 1124 231 ειη
1139 204 1254 239 epistola
1269 203 1382 230 omnino
1398 207 1485 230 vacat.
1507 202 1540 229 Et
1557 202 1798 238 interpretationes
1810 202 1854 229 lo-

207 248 235 276 δὲ
251 249 340 285 ῥητῶν
354 257 434 276 τινων
448 249 609 281 ἀλλοκότους
625 249 680 284 ἔχει
692 258 698 263 ·
715 249 801 280 ἄλλως
815 257 844 275 τε
867 249 894 275 δὲ
913 250 959 276 καὶ
973 250 1006 276 τὰ

207 296 237 321 ἐν
251 295 348 327 αὐταῖς
369 297 492 332 νοήματα
514 296 669 332 ὲρῤιμμὲνα
690 304 759 327 πως,
783 296 829 323 καὶ
852 296 882 322 οὐ
906 296 1004 331 συνεχῆ

207 340 256 376 τὴν
271 341 431 368 ἀκολουθίαν
448 342 554 378 ὑπῆρχε
569 341 744 376 φυλάττοντα.

1061 257 1157 277 eorum
1189 249 1372 284 quorumdam
1398 249 1546 277 alieniores
1574 248 1688 285 profert.
1720 249 1855 285 Alioquin

1059 295 1117 329 ipsa
1135 303 1196 330 quae
1212 295 1239 322 in
1250 295 1295 322 his
1309 295 1434 329 epistolis
1446 294 1540 322 insunt
1555 302 1648 327 sensa,
1660 294 1788 322 nonnihil
1801 294 1854 322 ab-

1058 340 1130 374 iecta
1146 345 1220 372 sunt,
1248 348 1337 375 neque
1357 341 1542 368 continentem
1566 340 1664 368 seriem
1683 347 1718 367 ac
1741 348 1853 368 conse-

1057 387 1196 420 quentiam
1212 390 1332 413 servant.

1002 441 1059 468 XII.

544 501 712 528 ANASTASIUS
729 499 966 532 llihliothecarius,
986 500 1058 528 Ηὶει.
1086 502 1192 532 ecclca.,
1209 500 1275 528 edit.
1287 499 1391 532 Paris.,
1405 507 1469 535 pag.
1487 500 1529 527 I7.

248 546 334 581 Ilujus
350 547 523 583 (Clementis)
551 547 774 582 Epistolat‘ertur
802 546 836 574 ad
853 547 1013 576 Corinthios
1039 549 1141 579 missa,
1161 555 1241 583 quam
1258 552 1315 575 tota
1342 548 1447 582 recipit,
1478 554 1506 574 ut
1535 546 1703 583 Ilegesippns
1713 551 1850 582 testatur,

212 592 348 621 Ecclesia.

994 641 1062 669 XIII.

689 689 773 716 NICON
788 689 951 721 monachus,
968 689 995 716 in
1015 689 1142 716 Pandect.
1168 695 1252 717 εει-ιιι.
1274 688 1317 715 IS.

240 742 414 777 Κλήμεντος
435 742 556 778 Ῥώμης.
574 744 683 770 Δίκαιον
698 743 744 771 οὖν
767 745 814 771 καὶ
828 745 934 772 ὅσιον...
957 746 1004 772 καὶ

205 789 313 822 στάσεις
327 788 375 816 τοῦ
389 789 608 826 ἀπαλλοτριῶσαι
623 791 697 825 ἡμᾶς
711 790 758 817 τοῦ
778 790 868 822 καλῶς
884 791 1000 826 ἔχοντος.

203 835 298 862 Τοίνυν
314 835 539 871 ἀκολουθήσωμεν
553 837 610 868 τοῖς
627 837 685 871 μετ’
707 837 879 868 εὐσεϐείας...
904 837 1002 872 Πόῤῥω

1094 743 1236 772 Clementis
1253 743 1374 771 Romani.
1392 743 1499 771 Iustum
1515 751 1580 780 ergo
1598 747 1626 771 et
1639 748 1804 775 sanctum...
1821 747 1850 774 in

1058 791 1173 819 dissidia
1185 795 1212 818 et
1227 790 1377 818 seditiones
1398 790 1535 826 (homines
1552 790 1734 826 collimantes)
1752 797 1782 819 ut
1798 800 1852 819 nos

1056 845 1070 864 a
1086 841 1163 864 recto
1185 841 1212 864 et
1235 837 1352 864 honesto
1368 840 1503 864 avertant.
1530 836 1584 864 Eos
1607 844 1673 872 ergo
1684 845 1850 872 sequamur,

202 881 299 917 ἀπέχει
318 882 366 908 ἀπ’
391 882 492 925 €51.06...
511 882 694 918 Κολληθῶμεν
711 880 758 908 οὖν
772 884 828 914 τοῖς
842 883 942 914 ἀθώοις
956 884 1003 910 καὶ

1095 883 1177 910 ieum
1193 883 1294 918 pietate
1311 904 1317 910 .
1337 904 1344 910 .
1363 903 1369 910 .
1384 881 1511 910 Procula
1527 891 1569 910 me
1583 883 1660 911 abest
1677 904 1685 911 .
1703 904 1710 911 .
1728 905 1735 911 .
1747 883 1851 911 Adhae-

202 926 318 958 δικαίοις
328 936 334 942 ·
351 928 404 954 εἰσὶ
419 928 446 954 δὲ
461 924 534 955 οὗτοι
549 929 673 956 ἐκλεκτοὶ
686 928 735 955 τοῦ
749 929 827 955 Θεοῦ.
845 929 1001 965 Γέγραπται

203 973 273 1009 γάρ’
291 973 464 1000 Κολλᾶσθαι
487 975 550 1008 τοῖς
571 975 677 1010 ἁγίοις,
704 973 749 1002 ὅτι
770 977 796 1002 οὶ
819 975 1002 1010 κολλώμενοι

194 1019 314 1052 αὐτοῖς,
328 1020 574 1054 ἀτιασθήσονται.
597 1021 652 1048 Καὶ
672 1022 686 1047 ὁ
711 1022 813 1057 Κύριος
835 1022 918 1055 λέγει’
946 1023 1001 1048 Τὸν

203 1065 433 1099 ὀμολογήσαντά
445 1075 516 1100 με...
533 1067 585 1094 τοῦ
597 1068 711 1101 Πατρός
721 1076 790 1102 μου.
814 1067 856 1094 Ἑν
870 1068 922 1094 τίνι
937 1067 998 1094 δὲ...

202 1111 256 1137 τῶν
270 1111 393 1138 ἐντολῶν.
412 1111 473 1139 llaec
486 1119 520 1139 ex
533 1113 610 1141 codd.
625 1113 714 1147 llcgiis
724 1113 805 1143 2418,
819 1112 900 1144 2493.
916 1112 999 1146 24⁵24,

203 1156 350 1191 descripsit
363 1157 526 1190 Cotelerius,
551 1158 690 1193 ediditque
720 1159 748 1185 in
774 1165 830 1185 not.
855 1159 889 1185 ad
912 1158 993 1193 epist.

202 1201 289 1230 Clem.
307 1210 367 1237 cap.
385 1203 429 1235 M,
446 1203 518 1231 unde
541 1203 595 1230 huc
611 1204 745 1231 translata
761 1209 834 1232 sunt.

1055 936 1165 956 reamus
1177 936 1243 964 ergo
1259 928 1325 956 viris
1352 928 1475 956 honestis
1491 933 1517 956 et
1530 929 1627 963 justis:
1644 929 1672 956 hi
1698 937 1764 957 vero
1781 935 1850 958 sunt

1055 974 1134 1001 electi
1147 974 1205 1001 Dei.
1224 973 1364 1009 Scriptum
1379 978 1422 1002 est
1445 974 1539 1002 enim:
1568 974 1662 1002 Facite
1687 979 1719 1002 ἀι
1745 977 1848 1002 sanctis

1055 1020 1225 1054 adhwreatis,
1235 1021 1298 1054 quia
1311 1021 1356 1056 qui
1370 1021 1424 1048 illis
1434 1020 1580 1053 militarent,
1595 1021 1846 1056 sanctiﬁcat-untur.

1054 1066 1087 1092 Et
1102 1066 1237 1094 Dominus
1252 1066 1337 1094 dicit:
1354 1066 1408 1099 Qui
1422 1074 1462 1093 me
1473 1066 1607 1100 confessus
1618 1066 1698 1101 fuerit
1715 1087 1723 1097 .
1741 1087 1750 1096 .
1768 1088 1775 1095 .
1793 1067 1848 1094 Pa-

1054 1113 1102 1139 tris
1138 1113 1198 1139 mei.
1224 1111 1252 1139 In
1278 1119 1398 1148 quonam
1428 1117 1519 1140 autem
1536 1133 1544 1140 .
1561 1133 1591 1140 ..
1612 1112 1742 1140 mandata
1772 1113 1848 1141 illius

1051 1158 1118 1191 (non
1130 1157 1402 1194 spernendo).Epist.
1413 1157 1439 1190 1,
1454 1166 1515 1193 cap.
1526 1158 1569 1192 M,
1586 1158 1620 1186 l5
1632 1163 1659 1186 et
1679 1159 1729 1191 46;
1755 1158 1845 1194 Epist.

1049 1204 1078 1236 2,
1095 1212 1156 1240 cap.
1172 1205 1198 1232 5.

597 1366 882 1424 JUDICIA
922 1365 1440 1424 RECENTIORUM

882 1487 916 1506 ετ
934 1486 1037 1506 ratuutt
1051 1480 1152 1511 quine:

593 1565 868 1611 'PATRICII
907 1567 1004 1611 JUI

1120 1563 1466 1611 PRJEFATIO.

238 1701 267 1730 Si
282 1703 390 1738 plenius
415 1703 449 1729 de
467 1702 611 1730 Clemente
626 1707 720 1730 nostro
744 1707 772 1730 et
794 1703 855 1737 ejus
871 1702 993 1738 scriptis,
1008 1705 1030 1734 α
1047 1703 1253 1731 ornatissimum
1264 1707 1291 1730 et
1306 1702 1489 1730 clarissimum
1507 1702 1596 1730 virum
1611 1702 1752 1730 dominum
1769 1702 1840 1730 Tho-

200 1750 287 1776 atuice
301 1749 408 1780 Lector,
425 1749 497 1776 scire
515 1748 666 1782 desideras,
677 1747 837 1784 Gregorium
853 1747 995 1775 Turonen-

202 1803 259 1822 sem
278 1795 316 1822 De
328 1799 475 1830 martyrum
487 1795 584 1830 gloria,
607 1793 761 1822 Simeonem
773 1794 992 1829 Metaphrastem,

199 1840 362 1868 Pontificum
378 1840 563 1868 Romanorum
585 1840 758 1876 βιογράφους,
771 1840 929 1873 Baronium,
945 1848 994 1866 an-

200 1888 304 1915 nalium
326 1887 508 1921 conditorem,
531 1886 638 1914 Sixtum
665 1885 826 1919 Senensem,
853 1885 994 1914 Bellarmi-

199 1942 264 1961 nttm
276 1937 303 1961 et
317 1934 396 1965 alios,
411 1934 457 1968 qui
473 1933 677 1960 ecclesiasticos
692 1932 841 1967 scriptores
853 1935 880 1959 et
897 1939 992 1959 eorum

199 1979 302 2014 scripta
322 1978 402 2006 nobis
427 1977 610 2008 tradiderunt,
626 1985 674 2012 per
699 1977 784 2003 otium
800 1981 877 2012 potes
892 1983 992 2003 constt-

199 2024 265 2050 lere.
281 2022 336 2050 Nos
351 2023 423 2049 nu-be
439 2022 489 2048 ltac
507 2026 562 2048 tam
577 2021 724 2048 illustriutn
738 2021 861 2052 testium,
879 2028 948 2055 quos
965 2020 992 2046 in

199 2074 370 2096 antecessum
394 2068 595 2102 praemisimus,
625 2067 756 2098 contenti,
782 2066 871 2094 oculis
893 2066 948 2093 tuis
965 2069 993 2093 et

198 2114 329 2149 patientia
344 2113 447 2141 diutius
463 2113 537 2140 abuti
557 2113 720 2143 desinimus,
735 2115 762 2139 et
781 2111 816 2139 de
832 2111 885 2139 ﬁde
898 2115 925 2138 et
940 2119 991 2138 au-

197 2160 325 2187 ctoritate
333 2160 414 2194 hujus
423 2161 514 2195 operis
525 2159 636 2194 γνησίου
647 2159 694 2184 καὶ
708 2157 903 2193 ἀναμφιϐόλου,
914 2158 991 2192 plura

197 2206 232 2232 de
254 2209 348 2233 nostro
373 2205 492 2239 adjicere
520 2203 741 2239 supersedemus,
764 2210 799 2230 tte
825 2203 875 2230 soli
902 2203 991 2229 lucem

197 2251 326 2282 fenerari,
353 2254 380 2278 et
400 2251 517 2278 faculam
537 2250 682 2277 obscuram
708 2249 822 2278 meridie
842 2248 992 2276 accendere

196 2297 268 2324 velle
286 2297 438 2324 videamur.
461 2297 614 2331 Antequam
631 2301 722 2324 autem
739 2296 773 2323 ad
787 2296 932 2324 lectionem
949 2295 991 2322 di-

198 2342 254 2369 vini
269 2342 352 2377 hujus
372 2348 399 2370 et
421 2343 501 2378 plane
523 2342 665 2385 apostolici
691 2343 786 2378 scripti
801 2346 829 2370 te
849 2342 989 2378 aceingas,

1048 1756 1118 1775 mam
1143 1748 1211 1781 ltoe,
1232 1749 1350 1784 equitem
1378 1752 1514 1780 auratum,
1539 1751 1566 1775 et
1591 1748 1663 1783 apud
1687 1747 1838 1775 Tun-arum

1047 1795 1131 1830 impp.
1158 1795 1325 1824 serenissimi
1342 1796 1415 1830 regis
1430 1795 1517 1823 nostri
1537 1798 1690 1826 oratorem,
1715 1800 1778 1820 cum
1804 1801 1838 1819 ex

1046 1842 1157 1869 Oriente
1176 1842 1291 1874 rediret,
1313 1841 1386 1869 dono
1403 1841 1436 1868 ad
1454 1841 1660 1868 serenissimum
1676 1845 1768 1873 regem
1788 1846 1839 1865 ιιυν

1046 1892 1132 1915 strum
1144 1888 1307 1915 transmisit.
1317 1888 1356 1915 Ad
1368 1888 1470 1914 calcem
1482 1887 1629 1914 venerandi
1641 1885 1722 1920 hujus
1733 1884 1838 1911 codicis

1046 1938 1072 1961 et
1087 1934 1229 1969 κειμηλῐου
1249 1933 1479 1969 τιμαλφεστάτου,
1494 1933 1520 1960 in
1537 1931 1703 1961 membranis
1724 1929 1835 1961 laceris,

1047 1979 1150 2013 adjecta
1163 1983 1221 2006 erat
1235 1978 1382 2006 Clementis
1397 1977 1429 2005 ad
1441 1978 1599 2005 Corinthios
1608 1976 1729 2012 Epistola
1739 1975 1835 2003 eadem

1044 2032 1126 2050 manu
1139 2024 1251 2058 scripta,
1268 2031 1349 2059 quam
1362 2031 1435 2051 nunc
1453 2023 1525 2050 bono
1538 2021 1648 2056 pttblico
1662 2026 1689 2048 et
1704 2025 1752 2049 tuo
1774 2021 1834 2049 usui

1045 2068 1072 2095 in
1087 2068 1174 2095 lucem
1186 2068 1294 2098 damus,
1315 2068 1382 2103 legis
1394 2066 1581 2102 Pythagorica:
1591 2073 1644 2093 non
1662 2065 1836 2093 immemores

1044 2115 1126 2150 (qum,
1143 2119 1171 2142 ut
1185 2114 1317 2150 Synesius
1343 2114 1370 2141 in
1390 2113 1470 2142 Dione
1494 2117 1591 2140 auctor
1604 2115 1656 2144 est,
1669 2112 1719 2138 οὐκ
1735 2112 1769 2148 ὲᾷ
1782 2113 1838 2143 τοῖς

1045 2161 1161 2196 βιϐλίοις
1175 2162 1321 2191 ἐπιποιεῖν,
1333 2160 1400 2187 ἀλλὰ
1410 2160 1533 2195 βούλεται
1542 2159 1632 2194 μένειν
1647 2158 1717 2185 αὐτὰ
1731 2159 1780 2184 ἐπὶ
1789 2158 1838 2192 τῆς

1043 2205 1155 2240 πρώτης
1166 2204 1266 2239 χειρὸς.
1275 2204 1348 2235 ὅπως
1360 2203 1424 2230 ποτὲ
1436 2204 1497 2239 ἔσχε
1503 2203 1598 2238 τύχης,
1611 2202 1758 2238 ἥτέχνης),
1772 2202 1837 2229 nihil

1042 2251 1192 2284 dementes,
1209 2251 1275 2278 nihil
1295 2251 1329 2278 de
1353 2255 1447 2277 nostro
1463 2249 1606 2281 addentes,
1623 2256 1676 2276 non
1692 2248 1836 2284 syllabam,

1042 2304 1097 2324 non
1108 2297 1236 2327 litteram,
1249 2305 1302 2323 non
1317 2296 1422 2331 apicem
1436 2300 1483 2322 aut
1498 2295 1553 2323 iota
1570 2302 1666 2326 unum,
1679 2294 1837 2321 ﬁdelissimo

1041 2347 1174 2378 quantum
1189 2343 1277 2377 potuit
1299 2343 1357 2369 fieri
1370 2342 1567 2377 expressimus.
1584 2340 1671 2368 Voces
1684 2344 1776 2367 autem
1789 2339 1835 2364 dc-

196 2393 300 2424 patere,
316 2396 419 2424 quazso,
448 2393 478 2417 ut
502 2380 723 2423 deOautiquitate
739 2388 903 2423 exemplaris
932 2396 987 2423 quo
1005 2379 1027 2406 Ῑ)
1042 2389 1164 2424 perditas
1180 2391 1207 2415 et
1223 2388 1330 2416 litteras
1345 2391 1479 2415 vetustate
1502 2394 1611 2418 exesas,
1634 2386 1728 2420 spatiis
1745 2387 1773 2410 et
1794 2382 1836 2410 in-

194 2442 246 2462 nos
262 2435 304 2462 usi
316 2442 422 2468 sumus,
436 2439 463 2462 et
477 2434 511 2462 de
525 2434 653 2462 versione
668 2438 761 2461 nostra
774 2435 855 2469 plana
869 2437 896 2462 et
913 2434 985 2466 rudi,

194 2480 291 2515 paucis
307 2484 334 2507 te
350 2488 519 2508 moueamus.
537 2480 665 2516 Cyrillus,
683 2481 730 2516 qui
755 2480 836 2508 hodie
851 2481 988 2508 Constan-

194 2526 309 2561 tinopoli
325 2526 540 2561 patriarchatum
556 2526 673 2558 obtinet,
688 2527 730 2553 vir
746 2527 845 2561 pietate
855 2530 882 2554 et
894 2526 987 2554 erudi-

194 2573 270 2600 tione
285 2573 411 2607 insiguis,
426 2580 458 2600 ex
476 2572 603 2608 Aigyptn,
622 2580 684 2599 cum
709 2572 801 2600 sedem
825 2572 988 2600 Alexandri-

194 2626 258 2646 nam
285 2619 460 2654 reliuqueret,
481 2627 606 2654 magnam
633 2620 763 2646 librorum
789 2620 985 2655 supellectilem

194 2672 289 2692 secum
304 2664 423 2696 advexit,
441 2665 511 2692 inter
532 2673 601 2700 quos
625 2665 748 2693 codicem
769 2665 891 2692 omnium
906 2669 984 2693 vetu-

194 2711 347 2738 stissimum
370 2714 396 2737 et
412 2711 491 2746 longe
508 2711 737 2746 pretiosissimum
762 2712 867 2747 (inquo
885 2712 985 2739 veteris

194 2762 221 2783 et
245 2757 308 2785 novi
333 2757 443 2785 hederis
467 2758 527 2785 libri
554 2759 651 2786 litteris
676 2758 879 2794 grandioribus.
901 2766 984 2786 manu

195 2803 304 2832 Thecla:
328 2805 426 2832 nobilis
448 2804 554 2832 femina:
573 2804 716 2840 Egyptian,
734 2805 807 2832 circa
822 2805 901 2840 primi
918 2814 986 2832 cou-

200 2851 250 2879 tilii
266 2850 366 2879 Niemni
392 2855 523 2886 tempora,
544 2852 691 2880 bellissime
714 2852 815 2880 exarati
842 2852 915 2886 sunt)
939 2859 985 2886 per

1040 2435 1166 2463 terstitiis
1182 2433 1527 2465 aecuratissimedimensi,
1543 2441 1591 2468 pro
1603 2428 1732 2464 ingenio“
1748 2429 1833 2456 nostri

1039 2482 1173 2509 tenuitate
1187 2482 1375 2517 supplevimus
1400 2485 1427 2508 et
1446 2481 1530 2507 tninio
1544 2477 1626 2504 rubro
1641 2477 1724 2511 (novo
1739 2475 1792 2502 hoc
1808 2480 1833 2501 et

1039 2529 1172 2556 inusitato
1192 2528 1366 2562 imprimendi
1388 2525 1510 2562 genere),
1526 2523 1703 2554 notavimus;
1724 2521 1799 2556 quod
1818 2529 1831 2546 a

1040 2576 1120 2603 nobis
1136 2575 1262 2602 consulto
1280 2574 1381 2601 factum
1393 2577 1445 2605 est,
1463 2579 1498 2599 ne
1515 2569 1670 2603 rejicientes
1690 2572 1718 2595 te
1732 2568 1832 2603 szepius

1039 2622 1072 2649 ad
1089 2625 1179 2652 notas,
1200 2621 1354 2648 molestiam
1380 2619 1429 2646 tibi
1452 2616 1576 2644 inutilem
1600 2621 1769 2647 crearenius,
1791 2615 1829 2641 νει]

1039 2675 1114 2695 oram
1136 2667 1199 2694 libri
1213 2666 1409 2702 supplementis
1428 2667 1456 2691 et
1475 2661 1714 2691 emendatiouibus
1728 2660 1830 2689 crebris

1039 2714 1152 2741 nimium
1170 2713 1348 2743 fmdaremus,
1364 2710 1482 2745 denique
1495 2718 1530 2737 ne
1544 2708 1689 2737 industriis
1707 2707 1829 2735 feliciori—
1861 2710 1863 2721 ·

1040 2760 1091 2787 bus
1113 2764 1140 2786 et
1160 2758 1277 2793 ingeniis
1289 2756 1548 2792 στοχαστικωτέροις
1563 2755 1749 2790 conjecturam
1764 2752 1829 2779 libe—
1861 2767 1862 2778 ι

1039 2813 1097 2831 ram
1112 2805 1144 2831 ad
1155 2803 1290 2838 judicium
1309 2802 1421 2829 liberius
1436 2801 1652 2836 praeriperemus.
1677 2797 1705 2825 In
1726 2797 1828 2831 reliquo
1860 2805 1861 2834 ι

1039 2851 1119 2879 etiam
1135 2858 1225 2885 opere,
1240 2853 1330 2877 errata
1345 2848 1545 2884 quamplurima
1558 2853 1753 2882 expunxuuus,
1763 2848 1788 2871 et
1803 2850 1827 2870 ut
