1893 3101
74 166 103 191 ‘5

689 161 861 190 ΡηοοειιιΑ
883 159 1077 190 VARIORUM.

1665 163 1700 192 46

73 221 156 248 omnia
182 227 265 255 quam
286 221 510 248 emendatissimo
533 221 684 256 prodirent,
702 227 751 255 pro
772 220 857 247 laeul-
872 221 895 249 Α
909 219 1035 251 eandam,
1053 222 1079 246 et
1095 219 1210 254 gratiam
1232 227 1264 246 ac
1285 220 1399 247 salutem
1415 220 1531 248 auditori
1550 229 1701 255 procuran-

73 271 122 294 tate
133 271 230 294 nostra
243 270 272 294 et
284 267 396 294 modulo
412 267 500 295 adnisi
515 275 620 295 sumus.
633 266 734 294 Verum
755 267 805 294 hoc
817 267 858 294 sic

72 312 152 347 accipi
166 312 305 344 volumus,
319 320 374 340 non
389 316 518 348 tanquam
534 317 676 341 assecutos
690 320 742 340 nos
761 313 857 340 creda-

72 365 137 388 mus,
155 356 204 384 sed
225 360 358 393 tanquam
383 357 492 393 assequi
513 357 738 389 laboraverimus,
755 361 782 384 et
803 357 859 384 for-

71 407 136 430 tasse
150 410 206 429 non
224 402 346 435 frustra;
362 402 384 430 si
398 403 480 430 modo
496 407 525 429 tu
541 402 686 430 candidum
702 406 728 430 te
739 403 858 429 aestima-

71 453 150 476 torem
166 448 292 476 laborum
313 453 482 482 nostrorum,
495 453 521 476 et
532 448 678 484 diligentiae
697 449 857 483 qualiscun-

69 502 116 530 que
130 494 280 529 benignum
297 495 471 530 interpretem
485 495 644 530 praebueris,
659 496 746 530 stylus
763 499 858 522 aucto—

69 541 103 568 ris
117 545 143 568 et
155 540 295 568 scribendi
314 549 401 576 genus
417 542 573 576 primaevam
594 542 796 576 simplicitatem
813 548 858 568 sa—

68 587 110 621 pit,
124 590 152 613 et
167 590 263 614 tenera
280 586 371 614 adhuc
385 587 523 614 nascentis
535 586 664 614 Ecclesia:
678 586 854 618 incunabula,

67 632 162 667 quibus
185 637 295 661 veteres
315 632 412 661 Patres
430 637 457 660 ct
478 632 607 660 Ecclesiae
630 633 710 668 primi
737 633 854 663 nutritii.

67 679 128 705 nihil
141 678 284 706 excelsum
301 683 349 706 aut
363 679 476 710 elatum,
496 686 547 706 nec
562 679 594 706 ad
610 679 754 706 audientiae
769 686 855 713 popu-

66 724 125 752 laris
141 725 288 752 illecebras
309 725 383 752 culto
397 733 522 753 sermone
540 724 673 757 fucatum,
694 725 720 751 in
735 725 854 753 medium

66 771 237 805 proferebant
254 781 261 805 ;
276 772 323 800 sed
344 772 378 799 ad
404 773 522 800 divinam
539 773 734 808 indulgentiam
756 774 851 810 praedi-

909 264 971 291 dam
988 264 1029 300 (ut
1043 263 1197 299 Cyprianus
1215 264 1248 291 ad
1267 264 1411 300 Donatum)
1429 266 1518 293 verbis
1541 274 1596 295 non
1614 267 1701 295 discr-
1743 262 1746 267 ’

908 312 945 338 tis
959 311 1006 339 scd
1024 311 1152 344 fortibus,
1163 315 1191 339 et
1203 312 1263 339 rudi
1279 311 1394 339 veritate
1405 312 1576 347 simplicibus
1586 314 1700 342 uteban-

909 361 964 385 tur.
981 357 1071 390 Quare
1093 358 1117 386 si
1138 358 1167 385 in
1191 358 1317 386 versione
1337 362 1431 386 nostra
1453 359 1555 394 eloquii
1573 364 1702 388 venusta-

909 407 963 430 tem
979 407 1026 430 aut
1040 403 1170 431 rhetorici
1189 404 1328 431 sermonis
1345 404 1459 431 nitorem
1474 409 1627 439 exspectas,
1642 405 1702 432 fru-

909 453 966 476 stra
979 448 1077 480 lueris;
1093 449 1171 482 lides,
1186 457 1242 476 non
1267 453 1381 477 ornatus
1414 453 1461 476 aut
1482 450 1627 477 verborum
1643 451 1701 478 ele-

910 495 1012 530 gantia,
1030 495 1108 523 nobis
1120 503 1176 531 prae
1191 495 1278 524 oculis
1304 496 1331 522 iu
1348 495 1399 523 hoc
1414 497 1523 532 negotio
1538 501 1606 524 erat.
1622 496 1701 530 Quod

909 541 1045 576 reliquum
1063 545 1114 573 est,
1131 541 1277 569 conatibus
1296 542 1399 569 nostris
1424 542 1493 575 fave,
1506 547 1533 570 et
1552 543 1702 577 pleniorem

909 596 988 623 opem
1004 588 1068 615 huic
1081 593 1178 616 nostro
1190 588 1290 618 tribue,
1307 589 1430 623 aliosque
1449 593 1565 621 veteres,
1581 590 1628 626 qui
1644 597 1702 617 me-

910 635 1024 662 moriam
1041 642 1118 663 suam
1132 635 1181 662 tibi
1197 635 1402 667 commendant,
1418 635 1452 662 ab
1464 635 1610 664 oblivionis
1629 636 1701 671 inju-

909 682 949 709 ria
974 689 1085 715 assere;
1110 689 1227 717 quorum
1257 682 1454 708 immortalitati
1476 682 1541 709 dum
1565 683 1698 714 consulis,

908 728 1010 762 pariter
1027 731 1055 755 et
1077 731 1129 754 tuae
1146 727 1307 762 prospicies.
1325 726 1401 758 Vale,
1417 732 1443 754 et
1458 727 1638 754 aeternitatem
1653 735 1700 755 eo-

908 775 973 810 gita.
990 775 1089 802 Osonii
1104 774 1189 810 pridie
1204 774 1263 802 Kal.
1277 774 1344 801 Nov.
1362 774 1440 801 1652.

543 903 596 943 EJ
603 904 773 943 USDEM
810 902 1235 947 ΠΡΟΣΗΜΕΙΩΣΙΣ.

99 981 200 1009 Veteres
216 983 358 1017 primitiva-
384 982 509 1010 Ecclesiw
532 984 657 1018 episcopi,
679 993 730 1012 non
754 990 856 1012 tantum
872 990 894 1016 Β
907 984 1041 1018 exemplar
1056 983 1214 1011 imitandum
1229 987 1403 1017 proponeret:
1418 987 1442 1009 et
1458 982 1619 1013 Corinthios.
1636 991 1700 1018 quas

61 1027 176 1062 gregibus
194 1029 247 1055 sibi
260 1029 420 1060 commissis,
435 1035 462 1056 ut
478 1034 565 1057 manet
580 1029 694 1062 Paulus,
707 1031 798 1058 sedulo
815 1037 855 1058 at-

61 1072 208 1104 tendebant,
221 1082 285 1108 quos
302 1074 378 1101 verba
392 1080 417 1101 et
430 1083 558 1107 sermone,
575 1081 717 1112 sanctaque
727 1082 752 1104 et
766 1078 853 1104 incul-

59 1123 116 1151 pata
133 1121 336 1147 conversatione
351 1121 531 1153 instruebant;
542 1130 629 1149 verum
640 1124 731 1155 etiam,
747 1128 776 1150 ut
790 1124 854 1151 dile-

60 1165 166 1191 ctionem
195 1164 325 1199 Spiritus,
347 1165 503 1193 charitatem
527 1167 702 1199 individuam,
719 1177 799 1195 unam
817 1169 852 1203 [i-

59 1209 121 1241 dem,
135 1219 222 1237 unum
235 1211 393 1244 Ecclesium,
407 1217 431 1240 et
445 1213 623 1247 episcopatum
638 1222 719 1241 unum
735 1215 853 1242 ostende-

57 1261 120 1287 rent,
131 1265 230 1283 curam
253 1266 330 1284 suam
345 1263 369 1285 et
384 1259 590 1286 sollicitudinem
605 1260 639 1286 ad
654 1260 728 1296 longe
743 1261 851 1288 dissitas

57 1303 240 1336 extendebant,
257 1308 281 1330 et
301 1312 365 1338 quos
379 1305 434 1332 viva
462 1314 531 1338 voce,
557 1311 661 1341 propter
676 1307 792 1334 locorum
809 1308 850 1334 di-

58 1350 197 1381 stantiam,
217 1351 245 1376 in
261 1350 335 1377 verbo
352 1351 459 1378 Domini
484 1357 509 1379 et
530 1361 590 1380 vera
615 1353 712 1389 pietate
747 1355 852 1381 erudire

55 1403 102 1421 non
115 1400 253 1428 poterant,
269 1404 313 1428 per
326 1397 452 1432 epistolas
467 1406 581 1430 monere,
596 1399 742 1432 consulere,
757 1400 849 1436 objur-

54 1449 113 1475 gare
135 1441 286 1473 interdum,
308 1447 332 1469 et
355 1443 504 1470 universam
521 1444 717 1478 fraternitatem
737 1445 778 1481 (ut
795 1446 849 1481 Cy-

54 1487 162 1519 prianus
181 1488 215 1514 de
236 1488 355 1521 epistolis
374 1490 430 1516 suis
445 1489 480 1516 ad
495 1490 593 1517 clerum
612 1490 759 1518 Romanam
781 1493 849 1519 scri—

53 1534 101 1566 ptis
127 1533 262 1569 loquitur)
278 1534 313 1561 ad
339 1534 531 1570 deprecandum
552 1536 600 1563 Dei
628 1538 849 1571 misericordiam,

54 1581 149 1615 alloqui
174 1586 202 1607 et
227 1581 330 1607 hortari
357 1590 408 1608 non
432 1582 585 1610 desinebant
602 1591 610 1610 :
627 1584 777 1619 duplicique
802 1584 850 1612 hac

52 1627 153 1654 ratione
182 1626 285 1654 Christi
301 1626 473 1663 Evangelium
487 1629 678 1663 prwdicabant.
699 1630 775 1664 Quod
790 1631 852 1658 Cle-

52 1672 323 1700 mentiAlexandrino
331 1673 341 1688 "
352 1678 390 1700 est
403 1674 548 1710 ἐγγράφως
558 1675 605 1701 καὶ
615 1675 797 1711 ἀγράφωςτὸν
807 1677 849 1704 λό-
863 1665 885 1696 C

52 1725 97 1749 τον
112 1719 276 1753 αρύττειν,
288 1726 345 1745 voce
359 1718 457 1746 scilicet
471 1724 494 1746 et
511 1720 776 1754 scripto;ubiprobat
789 1724 850 1749 ἐπι-

53 1764 159 1798 στήμην
175 1764 226 1799 τὴν
250 1764 293 1791 διὰ
306 1765 356 1800 τῆς
375 1765 476 1801 χειρὸς,
499 1774 578 1801 quant
594 1773 669 1794 vocat
686 1767 848 1804 ἀγγελικὴν,

51 1817 101 1836 non
116 1810 208 1837 minus
221 1811 354 1838 commodi
367 1817 392 1838 et
404 1812 528 1839 utilitatis
545 1812 670 1840 Ecclesiw
681 1814 729 1840 Dei
742 1816 848 1849 a/ferre,

52 1863 127 1887 quam
149 1856 232 1882 illam
257 1857 382 1888 alteram,
405 1866 462 1892 qua?
494 1859 536 1887 διὰ
550 1859 599 1896 τῆς
616 1857 738 1894 γλώττης
757 1866 805 1893 est,
823 1866 849 1888 et

50 1901 188 1936 κηρυκικὴ
199 1903 356 1936 appellatur.
365 1903 433 1930 Hinc
446 1909 496 1936 est,
509 1904 578 1939 quod
592 1905 660 1932 inter
670 1905 807 1940 Cypriani,
824 1913 848 1934 et

51 1945 165 1972 aliorum
188 1946 303 1974 Patrum
319 1949 430 1983 scripta,
445 1950 592 1985 frequentes
613 1952 732 1984 epistolw
747 1952 781 1979 ad
797 1953 850 1981 cle-

50 1999 106 2017 rum
122 1998 146 2019 et
166 1993 269 2026 plebem
284 1993 449 2022 diversarum
464 1994 654 2028 Ecclesiarum,
672 1999 847 2031 reperiantur.

49 2037 181 2073 hujusque
197 2040 300 2073 generis
328 2046 389 2067 sunt
410 2049 468 2076 qua:
491 2041 641 2076 Encycltcte
666 2044 847 2077 nominantur,

50 2084 134 2118 qualis
143 2090 169 2112 et
182 2086 250 2117 hrec,
265 2095 323 2121 qua:
337 2087 364 2113 in
378 2088 499 2115 manibus
513 2093 562 2121 est,
578 2097 629 2116 non
642 2090 772 2118 immerito
788 2100 848 2119 cen-

50 2131 129 2158 senda
145 2137 198 2163 est,
215 2140 275 2158 cum
291 2132 393 2166 publice
407 2133 433 2160 in
449 2134 568 2161 omnibus
591 2137 708 2163 ccclesiis
723 2138 846 2171 primitus

49 2176 190 2211 legeretur,
207 2179 267 2205 licet
285 2178 320 2204 ad
344 2187 424 2206 unum
449 2180 558 2214 scripta,
575 2189 606 2207 ac
631 2181 680 2208 hoc
695 2184 800 2210 nomine
813 2184 846 2210 ab

50 2222 200 2258 Epiphanio
216 2225 297 2251 etiam
314 2224 484 2260 insigniatur.
512 2226 637 2262 Magnam
670 2234 758 2256 autem
782 2229 845 2257 olim

50 2267 116 2294 inter
131 2267 285 2295 Ecclesium
306 2268 452 2296 Romanam
471 2275 495 2297 et
516 2271 714 2300 Corinthiacum
733 2277 845 2303 necessi-

52 2313 177 2345 tudinem,
193 2318 220 2340 et
244 2314 393 2342 animorum
418 2316 626 2349 conjunctionem
642 2319 733 2353 fuisse,
749 2326 845 2355 prwtcr

51 2356 114 2383 hanc
139 2361 341 2395 responsoriam
365 2361 518 2396 Clementis,
535 2368 664 2392 testantur
688 2368 768 2394 etiam
790 2369 844 2402 epi-

50 2403 124 2429 stoliz
141 2403 264 2438 Dionysii
289 2407 485 2435 Corinthiorum
505 2411 628 2445 episcopi,
644 2420 756 2446 quarunt
772 2422 844 2440 mrn-

50 2448 146 2475 tionem
164 2450 232 2484 facit
247 2451 375 2481 Eusebius
391 2455 519 2483 Historia:
533 2465 588 2483 sum
603 2457 649 2484 lib.
667 2466 704 2490 tv,
720 2466 780 2493 cap.
796 2459 842 2490 22,

47 2494 140 2528 quippe
155 2503 216 2530 fit“?
229 2496 335 2524 εοεάειη
347 2501 477 2532 apostolos
493 2502 597 2528 l’etrum
609 2507 632 2529 et
649 2501 774 2534 Paulum,
789 2506 844 2539 pri-

48 2547 104 2566 mos
115 2540 276 2575 fundatores
290 2543 424 2572 haberent.
440 2551 464 2572 et
476 2547 502 2573 in
517 2547 607 2574 eadem
622 2547 674 2581 ﬁde
689 2550 843 2583 conspiran-

47 2590 96 2618 tes,
109 2586 243 2614 doctrina!
262 2591 492 2623 consanguinitate
508 2593 547 2627 (ut
571 2593 653 2620 verbis
684 2594 842 2622 Tertulliani

45 2631 131 2667 utar),
147 2633 224 2668 pacis
245 2636 498 2671 communicatione,
527 2639 703 2668 fraternitatis
728 2642 844 2675 appella-

46 2679 128 2711 tione,
140 2684 168 2706 et
188 2680 380 2714 hospitalitatis
406 2686 634 2717 contesseratione,
656 2691 779 2722 tanquam
796 2688 843 2721 fir-

45 2725 170 2752 missimo
183 2726 296 2761 glutino,
312 2727 381 2754 inter
399 2737 427 2756 se
446 2729 553 2756 invicem
569 2731 766 2766 copularcntur.
787 2732 840 2759 Ec-

45 2771 134 2799 clesia
147 2777 237 2800 atem
249 2772 377 2802 Romana:
406 2784 457 2802 non
473 2784 547 2803 suum
559 2785 651 2804 nomen
677 2778 759 2813 fronti
771 2787 840 2813 prm-

46 2817 120 2850 ﬁzit;
135 2822 171 2845 ιι
194 2818 329 2848 modestia
350 2826 375 2849 et
399 2821 556 2850 humilitatis
579 2825 690 2858 posteris
718 2825 840 2853 (t'tatibus

104 2885 173 2915 Lib.
191 2896 201 2916 ι
219 2889 322 2918 Strom.

905 1031 940 1058 ad
961 1031 1107 1065 fraternam
1131 1029 1299 1056 concordiam
1326 1033 1350 1056 et
1371 1029 1547 1056 humilitatem
1572 1033 1627 1056 tota
1652 1029 1701 1055 hac

903 1077 1015 1110 epistola
1033 1076 1167 1108 hortatur,
1183 1084 1234 1102 non
1261 1079 1362 1102 tantum
1390 1075 1500 1109 scripto,
1515 1075 1561 1102 sed
1583 1074 1701 1109 eIcInplo

905 1124 988 1150 etiam
1004 1131 1063 1154 suo,
1080 1130 1167 1149 rerum
1180 1127 1205 1148 et
1234 1129 1285 1149 non
1309 1121 1426 1156 fucatam
1451 1121 1701 1158 ταπεινοφρησύνην

904 1167 1017 1197 doceret,
1029 1175 1098 1202 quat,
1111 1166 1214 1193 Basilio
1231 1171 1304 1200 teste,
1313 1167 1366 1194 τῶν
1376 1166 1462 1194 ἄλλων
1479 1167 1583 1202 ἀρετῶν
1597 1166 1701 1202 θησαυ-

905 1213 1069 1249 ροφυλάκιον
1077 1217 1125 1239 est.
1133 1213 1266 1246 Quoanno
1278 1218 1363 1240 autem
1371 1213 1538 1248 episcopatus
1547 1213 1605 1248 ejus
1619 1213 1702 1240 missa

904 1261 938 1286 sit
953 1259 1007 1286 lucc
1017 1259 1141 1293 epistola,
1157 1263 1183 1286 et
1197 1268 1231 1286 an
1248 1259 1337 1286 Romae
1348 1264 1415 1286 esset
1427 1258 1547 1286 Clemens
1560 1267 1619 1285 cum
1633 1259 1702 1286 hanc

903 1304 1037 1337 scriberet,
1059 1305 1130 1339 apud
1153 1306 1276 1340 antiquos
1298 1305 1401 1332 nullum
1426 1305 1563 1340 vestigium
1578 1313 1586 1332 :
1602 1305 1701 1339 proba-

903 1350 953 1377 bile
969 1355 1073 1377 estnon
1090 1351 1164 1386 prius
1184 1352 1309 1386 scriptam
1331 1352 1413 1386 fuisse
1434 1360 1514 1386 quam
1532 1352 1559 1378 in
1578 1351 1701 1378 exsilium

903 1397 1073 1432 relegaretur,
1088 1397 1157 1432 quod
1172 1397 1273 1431 factum
1285 1402 1323 1424 est
1347 1396 1450 1424 biennio
1471 1401 1612 1432 antequam
1628 1406 1703 1424 mur-

903 1443 971 1477 tgrio
986 1444 1068 1470 vitam
1083 1444 1190 1477 ﬁniret;
1203 1442 1272 1478 quod
1287 1450 1319 1469 ex
1334 1443 1416 1476 ipsius
1426 1442 1509 1470 verbis
1525 1451 1577 1470 non
1593 1443 1702 1470 obscure

902 1488 992 1523 colligi
1005 1493 1101 1523 potest,
1119 1488 1165 1514 ubi
1184 1488 1216 1515 de
1232 1488 1314 1515 Pauli
1334 1488 1480 1520 laboribus,
1499 1489 1530 1516 de
1548 1490 1641 1516 inertis
1657 1498 1701 1524 ge-

902 1543 973 1566 nere,
990 1539 1014 1561 et
1039 1535 1164 1571 martyrii
1186 1535 1243 1562 loco
1258 1535 1402 1567 disserens,
1419 1536 1467 1568 ait,
1486 1544 1544 1562 eum
1559 1536 1586 1562 in
1602 1536 1700 1570 finibus

908 1580 1057 1608 Occidentis
1069 1590 1177 1616 passum
1190 1590 1256 1608 esse.
1271 1581 1418 1608 Verisimile
1430 1587 1479 1613 est,
1493 1583 1517 1608 si
1528 1583 1555 1608 in
1567 1582 1630 1610 urbe
1645 1588 1702 1610 tum

905 1626 1009 1661 fuisset,
1026 1627 1055 1653 ἐν
1070 1627 1156 1662 ταύτῃ
1171 1628 1204 1662 τῇ
1222 1627 1336 1662 βασιλίδι
1352 1627 1438 1659 πόλει,
1459 1627 1498 1654 vel
1513 1627 1615 1663 aliquid
1629 1628 1702 1662 ejus-

901 1673 984 1705 modi,
1009 1673 1122 1700 voluisse
1139 1673 1215 1699 illum
1237 1673 1359 1700 scribere.
1380 1673 1454 1700 Adde
1476 1674 1545 1708 quod
1564 1675 1656 1701 statim
1672 1675 1702 1702 in

900 1719 988 1750 initio,
997 1726 1055 1745 cum
1066 1718 1218 1745 tarditatem
1228 1727 1304 1745 suam
1314 1720 1340 1745 in
1349 1719 1515 1746 rescribendo
1523 1725 1644 1752 excusat,
1654 1728 1701 1747 ca-

901 1765 1053 1792 lamitatum
1064 1774 1175 1793 suarum
1185 1771 1209 1792 et
1222 1765 1416 1801 περιπτώσεων
1432 1767 1589 1794 mentionem
1599 1767 1699 1801 faciat:

903 1812 960 1839 ἀλλ’
976 1812 1067 1847 ἐπέχω
1083 1813 1130 1839 καὶ
1144 1812 1219 1838 οὐδὲν
1227 1812 1321 1847 ὁρίζω,
1331 1817 1393 1838 eteo:
1401 1813 1441 1838 via
1449 1813 1498 1838 hac
1507 1813 1609 1848 ἀϐάτῳ,
1619 1821 1699 1849 quam

901 1866 976 1885 nemo
990 1864 1051 1885 ante
1066 1858 1188 1889 calcavit,
1202 1857 1292 1892 pcdcm
1308 1858 1403 1892 refero.
1418 1857 1483 1885 Post
1497 1860 1697 1892 salutationem,

899 1911 958 1937 quc:
977 1902 1059 1930 verbis
1086 1902 1209 1929 Paulinis
1231 1902 1388 1936 concipitur,
1415 1901 1570 1930 Corinthios
1593 1909 1698 1938 propter

899 1948 1047 1974 constantis
1065 1947 1127 1982 ﬁdei
1146 1948 1336 1979 sinceritatem,
1350 1953 1457 1983 propter
1467 1957 1568 1976 morum
1579 1950 1698 1983 probita-

900 1997 962 2024 tem,
981 1998 1003 2020 et
1014 1993 1144 2028 insignem
1160 1994 1187 2020 in
1202 1993 1324 2021 omnibus
1332 1994 1480 2029 εὐκοσμίαν
1495 1996 1541 2021 καὶ
1554 1994 1696 2027 εὐταξίαν,

900 2038 1061 2066 vehementer
1077 2039 1181 2071 laudat,
1197 2044 1221 2066 et
1236 2039 1263 2065 in
1278 2039 1326 2066 hoc
1345 2041 1426 2067 etiam
1441 2040 1523 2067 Pauli
1536 2041 1696 2076 discipulum

898 2093 925 2111 se
940 2085 1044 2119 probat,
1058 2086 1103 2120 qui
1118 2085 1252 2120 Epistolas
1265 2094 1327 2112 suas
1340 2095 1356 2112 α
1373 2086 1496 2114 laudibus
1511 2087 1596 2114 ordiri
1612 2093 1694 2117 autat.

898 2129 943 2158 Sic
955 2131 1024 2157 enim
1036 2131 1071 2158 ad
1079 2131 1213 2158 Romanos
1220 2142 1230 2159 .-
1245 2132 1275 2158 'H
1287 2132 1377 2164 πίστις
1393 2132 1468 2168 ὑμῶν
1482 2135 1695 2168 καταγγέλλεται

898 2177 927 2203 ὲν
942 2177 994 2212 ὅλῳ
1006 2177 1045 2212 τῷ
1058 2178 1162 2213 κόσμῳ,
1173 2178 1211 2205 sic
1221 2178 1255 2204 ad
1265 2177 1431 2206 Corinthios:
1442 2179 1649 2216 Ἐπλουτίσθητε
1666 2182 1698 2208 ἐν

898 2223 1020 2258 abstini-it
1035 2225 1118 2251 παντὶ
1126 2224 1196 2259 λόγῳ
1204 2225 1251 2251 καὶ
1260 2224 1336 2261 πάσῃ
1353 2224 1542 2259 γνώσει,ὥστε
1565 2227 1636 2261 ὑμᾶς
1657 2226 1696 2264 μὴ

898 2269 1071 2304 ὑστερεῖσθαι
1080 2270 1110 2296 ἐν
1126 2270 1219 2305 μηδενὶ
1228 2271 1390 2306 χαρίσματι.
1401 2270 1452 2297 Sed
1464 2280 1515 2298 non
1526 2277 1564 2301 est
1574 2273 1695 2306 proposi-

897 2320 952 2341 tum
968 2321 1087 2342 nostrum
1099 2321 1252 2342 accuratam
1268 2317 1401 2352 analysin,
1417 2321 1463 2343 aut
1477 2318 1606 2352 longiores
1622 2327 1698 2345 com-.

899 2362 1041 2388 mentarios
1057 2362 1190 2390 scribere:
1206 2371 1286 2398 neque
1307 2371 1392 2397 opera:
1416 2364 1620 2399 typographicw,
1634 2373 1698 2400 qum

898 2414 1026 2435 conuatas
1042 2408 1090 2435 has
1105 2413 1129 2435 et
1145 2409 1296 2444 congenitos
1318 2410 1459 2436 stricturas
1474 2411 1603 2444 pra'cipiti
1617 2411 1693 2446 festi-

898 2454 1004 2480 natione
1022 2454 1177 2486 extrudunt,
1192 2455 1364 2481 immuturum
1384 2455 1465 2490 fctum
1485 2457 1611 2483 (citeriore
1626 2465 1692 2484 cura

899 2500 1023 2532 lambere,
1040 2505 1064 2527 et
1078 2502 1182 2535 paterni
1196 2501 1306 2536 affectus
1322 2502 1500 2537 γνωρίσματα
1515 2503 1596 2530 simul
1612 2511 1692 2538 crpo—

898 2555 969 2579 nere,
985 2549 1133 2581 patiuntur.
1147 2547 1236 2580 Quare
1254 2553 1350 2582 prwter
1364 2548 1412 2575 illa
1430 2557 1488 2583 qutc
1509 2548 1593 2583 magis
1615 2549 1691 2577 obvia

897 2598 983 2624 erant,
999 2598 1023 2620 et
1045 2601 1125 2628 supra
1141 2603 1156 2620 a
1171 2595 1245 2621 nobis
1261 2595 1316 2621 suis
1332 2594 1396 2621 locis
1413 2596 1441 2620 in
1466 2595 1585 2629 margine
1602 2603 1691 2622 onmn-

894 2639 959 2666 data
977 2644 1049 2671 sunt,
1072 2640 1193 2674 quazdam
1217 2641 1459 2675 inprwsentiarum,
1475 2649 1534 2675 qute
1559 2640 1687 2668 medicam

895 2694 1003 2712 manum
1020 2686 1182 2719 desiderant,
1200 2687 1238 2714 vel
1262 2691 1353 2714 nolatu
1373 2687 1496 2722 digniora
1518 2687 1686 2720 videbuntur,

893 2731 1100 2765 observabimus,
1129 2733 1229 2768 reliqua
1261 2741 1321 2760 cum
1351 2732 1454 2760 Cra'cia
1479 2739 1524 2760 aut
1554 2733 1686 2768 Egyptus

892 2779 1027 2813 exemplar
1037 2780 1212 2806 emaculatius
1225 2785 1248 2806 et
1261 2780 1400 2815 perfectius
1414 2780 1486 2807 nobis
1499 2780 1686 2807 subministra-

892 2825 956 2858 rint,
972 2825 1010 2852 vcl
1033 2826 1059 2852 in
1083 2825 1238 2861 Hieronymi
1264 2827 1407 2854 versionem
1422 2827 1545 2853 Latinam
1572 2825 1686 2853 incidere
