1893 3101
205 146 238 173 ιῖ
789 151 836 177 AD
855 150 886 178 S.
906 151 949 179 CL

1083 153 1118 181 ΞΜ
1138 154 1148 181 l
1165 154 1282 182 PAPAM
1800 162 1830 190 ut

202 203 348 254 contigerit,
364 212 443 254 quant
461 204 488 231 in
503 204 666 254 bibliothecis
687 207 785 234 alicubi
805 209 905 240 latere,
928 218 999 244 spem
1013 214 1035 242 Α
1050 212 1147 239 calcem
1155 212 1270 247 Operam
1282 212 1433 249 Fulgentii;
1446 219 1523 249 atque
1535 215 1637 242 utinam
1652 216 1681 243 id
1694 217 1832 253 aliquando

201 248 276 276 nobis
292 249 356 296 facit
371 251 509 286 catalogus
528 252 648 279 codicum
664 253 785 288 fratrum
809 254 995 286 Lo‘biensium.
1049 258 1159 289 eveniat,
1172 262 1196 284 et
1211 266 1268 292 spe:
1282 264 1378 286 nostra:
1391 268 1443 287 non
1457 248 1546 288 inanes
1558 248 1801 296 deprehendantur!

199 302 273 328 quem
288 295 361 322 domi
386 296 511 324 habemus
533 298 660 332 scriptum
688 304 748 327 ante
763 300 816 327 L00
841 308 940 333 annos,
960 301 995 327 ad

396 415 446 445 Ex
463 415 600 455 epistola
612 418 735 449 "G'allica
753 420 790 450 ν.
804 420 843 450 Α.
861 420 1056 462 Hieronymi
1073 422 1224 462 Bignonii
1240 423 1278 454 ad
1295 424 1466 463 Hugonem
1486 425 1646 464 Grotium,

704 471 775 502 data
790 472 926 502 Lutetiae
954 485 982 505 ε.

1012 477 1040 505 d.
1061 475 1080 504 7
1095 475 1231 514 Augusti
1249 475 1336 506 1633.

236 523 322 551 Velim
343 522 415 550 scire
435 521 573 557 quodnam
587 521 623 549 sit
637 525 714 548 tuum
727 521 861 556 judicium
878 522 912 549 de
932 523 993 558 epi-
1043 524 1118 552 xime
1132 526 1316 559 apostolorum
1331 525 1482 562 discipulo;
1498 529 1623 563 quamvis
1637 530 1684 565 qui
1708 538 1770 558 eum
1790 540 1831 560 se-

195 570 270 596 stola
284 569 434 596 Clementis
447 576 534 603 nuper
556 568 584 594 in
598 567 694 603 Anglia
715 567 800 595 edita.
817 566 897 595 Fides
914 569 992 596 codi-

198 618 238 644 cis
253 616 443 651 manuscripti,
460 615 507 649 qui
523 623 556 643 ex
572 614 682 642 Oriente
701 615 830 642 advectus
846 615 950 642 dicitur
961 619 989 643 et

198 663 234 690 Μ.
248 662 395 689 Britanniae
404 662 462 697 regi
475 661 604 691 donatus.
616 661 761 688 sinceritas
771 660 885 688 Patricii
900 660 987 693 Junii,

196 710 241 744 qui
255 717 314 736 eam
330 708 425 740 edidit,
434 709 593 736 testimonia
602 716 618 735 a
633 707 770 734 veteribus
782 715 815 734 ex
826 715 857 734 ca
871 707 987 742 epistola

195 755 367 790 deprompta,
387 761 448 789 quae
459 754 486 780 in
501 754 552 781 hac
559 754 707 780 etiamnum
719 753 855 788 leguntur,
867 746 986 787 primum

194 807 287 827 veram
300 803 329 826 ut
354 799 494 826 crederem
519 798 667 826 Clementis
682 798 824 832 epistolam
840 806 884 826 me
899 799 986 826 addu-

193 850 306 874 xerunt.
331 845 430 873 Postea
453 845 515 880 styli
544 844 668 880 quaedam
685 844 756 871 ratio
771 848 798 871 et
813 845 938 879 spiritus,
956 849 985 872 ut

194 892 232 919 ita
246 892 346 923 dicam,
368 891 461 918 saeculi
494 891 531 917 ita
547 891 572 918 ei
585 890 674 917 inesse
697 890 871 921 videbantur,
887 894 917 918 ut
940 891 985 917 vix

191 937 337 964 dubitandi
355 940 427 964 esset
446 936 532 963 locus.
549 936 686 967 Attamen,
698 935 763 963 dum
778 943 838 963 eam
856 935 924 970 lego,
943 935 986 962 fa~

191 987 252 1010 tear
265 983 330 1009 mihi
342 981 466 1017 quaedam
480 982 507 1008 in
522 989 554 1009 ea
566 989 711 1008 occurrere
721 989 736 1008 a
747 982 822 1017 stylo
831 981 984 1016 apostolico

190 1029 292 1056 aliena.
308 1029 404 1055 lnsunt
428 1028 615 1063 frequentiora
638 1028 769 1063 epitheta,
785 1027 983 1062 ampliﬁcandi-

187 1084 245 1110 que
264 1075 397 1108 formulae,
417 1082 478 1109 quae
494 1081 582 1101 aevum
608 1073 765 1108 posterius,
791 1072 983 1108 Liturgiasque

188 1125 219 1149 et
246 1120 411 1156 Euchologia
435 1119 592 1147 Grzrcorum
617 1127 714 1154 sapere
737 1119 872 1146 videntur.
898 1118 984 1153 Argu-

191 1175 313 1197 mentum
339 1176 354 1195 e
385 1168 510 1202 phoenice
540 1169 668 1200 ductum,
693 1168 808 1202 ejusque
836 1166 985 1201 descriptio

186 1217 290 1247 aliena,
308 1221 369 1242 meo
383 1214 493 1249 quidem
506 1213 623 1249 judicio,
634 1217 701 1242 sunt
717 1221 732 1239 a
748 1213 897 1246 Clemente,
918 1219 984 1247 pro-

1044 572 1099 598 cuti
1117 576 1191 604 sunt,
1207 579 1241 599 eo
1251 577 1411 607 argumento
1423 574 1466 601 usi
1483 575 1550 607 sint,
1565 576 1614 604 sed
1631 580 1729 604 contra
1741 578 1830 606 ethni-

1043 623 1090 643 cos
1110 621 1137 644 et
1159 617 1346 652 philosophos,
1372 619 1455 654 inque
1483 621 1593 655 scriptis
1617 621 1688 649 alius
1712 624 1829 657 generis,

1042 668 1123 695 quam
1141 665 1183 689 est
1207 662 1322 696 epistola
1338 663 1370 690 ad
1389 663 1537 692 Ecclesium
1559 667 1736 700 apostolicam
1755 669 1830 701 data,

1040 714 1155 741 quaeque
1181 707 1342 742 aliquandiu
1362 717 1413 744 pro
1433 712 1567 738 canonica
1592 711 1684 739 habita
1698 717 1751 740 est.
1778 713 1830 741 0c-

1040 753 1127 779 currit
1151 753 1234 780 etiam
1257 753 1344 786 locus,
1371 755 1398 782 in
1420 764 1474 790 quo
1497 756 1650 785 oblationes
1673 759 1732 786 vult
1759 760 1828 793 loco,

1038 801 1161 833 tempore
1169 802 1196 826 et
1207 799 1283 827 boris
1293 801 1376 828 certis
1385 800 1546 837 oll'erri,pag.
1558 803 1624 830 Siet
1635 804 1679 837 55,
1689 804 1735 831 ubi
1748 806 1828 832 etiam

1039 844 1140 879 legitur
1155 846 1253 872 vocula
1269 847 1364 876 laicus.
1387 855 1448 882 qua:
1472 848 1539 875 mihi
1559 853 1685 884 suspecta
1700 854 1753 878 est.
1777 850 1829 877 Pa-

1038 891 1101 925 gina
1115 891 1198 918 etiam
1213 892 1248 919 62
1259 892 1407 920 Ecclesiam
1428 893 1594 922 Corinthiam
1607 896 1723 931 ἀρχαίαν
1738 901 1827 929 vocat,

1005 930 1026 957 Β
1039 935 1113 969 quod
1127 935 1170 962 vix
1185 935 1318 964 Clementi
1331 939 1478 966 convenire
1492 945 1582 975 queat.
1608 930 1742 976 Denique,
1766 950 1828 970 cum

1040 981 1172 1015 scriptum
1203 981 1350 1016 genuinum
1377 991 1524 1017 censeam,
1549 985 1711 1014 crediderim
1738 993 1828 1015 tamen

1039 1027 1131 1062 plures
1143 1028 1280 1056 clausulas
1292 1034 1319 1056 et
1334 1037 1416 1058 voces
1431 1031 1456 1057 ei
1467 1031 1576 1059 additas
1588 1032 1622 1058 ab
1635 1032 1670 1060 iis
1695 1040 1710 1059 a
1726 1033 1830 1068 quibus

1039 1077 1132 1107 postea
1148 1075 1286 1109 exscripta
1299 1079 1359 1109 est;
1377 1076 1450 1111 quod
1464 1077 1547 1104 etiam
1561 1077 1627 1106 aliis
1640 1077 1765 1113 ejusdem
1784 1087 1829 1105 an-

1037 1118 1173 1153 tiquitatis
1190 1121 1313 1155 scriptis,
1331 1121 1440 1157 ipsique
1458 1122 1527 1150 adeo
1549 1122 1682 1151 Clementi
1699 1125 1826 1159 contigit.

1039 1164 1169 1193 Libenter
1183 1167 1335 1195 audiverim
1357 1169 1422 1203 quid
1437 1169 1471 1196 de
1485 1176 1516 1197 re
1538 1169 1641 1197 sentias
1657 1174 1696 1201 tu,
1714 1171 1759 1197 cui
1772 1178 1826 1198 non

1035 1211 1125 1244 facile,
1139 1213 1172 1240 ad
1189 1213 1255 1240 talia
1268 1214 1375 1249 egregie
1388 1214 1514 1249 sapienti,
1527 1215 1630 1250 imponi
1647 1220 1741 1251 queat.

190 1312 284 1349 Ilngo
301 1307 431 1339 Grotius
448 1306 576 1346 epistol.
592 1306 631 1337 ad
647 1305 762 1349 Gallos
774 1314 856 1340 cuv,
871 1304 911 1349 all
927 1303 1168 1349 amplis-simum
1190 1304 1544 1349 virum_Hieronymum
1560 1305 1771 1345 Bignonium,
1790 1305 1823 1337 in

567 1353 723 1385 supremo
745 1346 866 1376 Senatu
880 1344 1054 1375 Parisiensi
1073 1345 1274 1375 Advocatum
1289 1345 1440 1384 Regium.

225 1409 374 1445 Epistolam
388 1416 449 1444 quae
464 1407 613 1436 Clementis
627 1407 661 1434 ad
676 1407 834 1434 Corinthios
849 1407 977 1435 inscribi-

187 1461 244 1489 tur,
267 1456 310 1483 vir
328 1455 511 1490 amplissime,
534 1454 569 1481 ab
593 1453 686 1488 Anglis
714 1453 877 1488 promissam
909 1453 976 1481 mihi

185 1503 241 1537 jam
258 1501 373 1536 pridem,
394 1508 457 1526 cum
477 1499 626 1533 liamburgi
645 1498 747 1526 frustra
760 1498 807 1525 diu
822 1503 976 1533 exspectas-

187 1557 255 1580 sem,
272 1555 346 1575 nunc
368 1547 488 1578 demum,
507 1550 650 1581 postquam
667 1545 877 1572 Francofnrtum
900 1545 974 1577 veni,

186 1595 239 1621 viri
255 1593 376 1625 maximi,
403 1592 553 1619 Succorum
577 1591 644 1626 regii
661 1591 819 1619 cancellarii
834 1596 945 1622 vocatu,
959 1599 974 1618 a

186 1640 290 1668 familia
304 1638 449 1674 Anglicani
464 1637 543 1672 legati
557 1637 673 1673 accipio.
690 1636 772 1664 Nolui
790 1644 854 1664 vero
868 1636 903 1663 ad
919 1644 974 1664 mo-

184 1695 244 1714 ram
256 1686 337 1718 hanc,
355 1686 415 1713 sine
429 1692 489 1712 mea
505 1684 584 1718 culpa
601 1688 703 1715 natam,
717 1683 798 1709 aliam
815 1683 973 1718 adjungere,

184 1732 310 1767 quamvis
320 1739 371 1759 nec
385 1731 482 1758 littera:
497 1734 550 1757 tua:
565 1730 666 1765 quibus
680 1736 841 1763 responsum
856 1732 912 1755 tam
926 1729 974 1756 diu

183 1778 280 1810 debeo,
307 1781 399 1805 essent
425 1776 460 1804 ad
483 1784 606 1808 manum,
634 1783 722 1810 neque
743 1774 887 1806 librorum,
905 1782 974 1809 quos

183 1825 323 1860 inspectos
338 1824 446 1856 vellem,
463 1823 553 1858 copia.
570 1822 649 1855 Quod
663 1829 746 1848 unum
761 1821 849 1856 potui,
872 1821 975 1855 episto-

183 1871 238 1898 lam
260 1871 334 1897 illam
357 1870 410 1905 legi
437 1869 577 1905 relegique
605 1868 769 1903 aliquoties,
794 1870 821 1894 et
846 1867 974 1894 omnibus

183 1921 317 1953 quantum
339 1924 462 1944 mearum
484 1920 527 1944 est
550 1916 649 1943 virium
668 1914 807 1949 expensis,
828 1914 906 1940 aliter
920 1914 975 1941 exi-

183 1964 296 1991 stimare
311 1970 366 1990 non
382 1963 468 1997 potui,
485 1962 552 1998 quin
567 1961 627 1988 lucc
641 1961 678 1988 sit
692 1961 786 1988 eadem
809 1967 891 1994 quam
910 1959 974 1994 legit

182 2009 307 2040 Photius,
324 2008 405 2043 cujus
424 2012 545 2043 tempore
564 2015 627 2034 cum
643 2006 790 2037 exstiterit,
806 2013 860 2032 non
875 2005 973 2031 mirum

181 2059 234 2085 est,
250 2054 273 2080 si
290 2053 324 2080 ad
341 2057 436 2080 nostra
448 2057 571 2088 tempora
583 2053 611 2079 in
624 2051 812 2079 sanctioribus
827 2051 906 2077 libris
919 2057 975 2077 ser-

181 2101 244 2124 vata
260 2097 352 2124 fuerit.
369 2096 462 2132 Neque
483 2104 546 2124 vero
559 2104 649 2124 causae
663 2095 812 2131 quidquam
824 2095 914 2128 video,
925 2103 975 2122 cur

182 2147 228 2170 aut
244 2144 288 2170 illa
303 2151 385 2178 quam
405 2143 518 2171 Photius
534 2142 609 2178 legit,
626 2150 681 2170 non
695 2143 790 2170 eadem
802 2143 837 2170 sit
854 2150 917 2169 cum
941 2149 974 2169 ca

181 2195 263 2222 quam
279 2186 460 2223 llieronymus
481 2192 508 2215 ct
529 2191 593 2215 ante
613 2195 677 2214 eum
705 2186 832 2214 Clemens
857 2186 974 2213 Alexan-

181 2232 288 2266 drinus,
305 2233 473 2268 propiusque
487 2232 635 2260 Clementis
657 2231 771 2258 Romani
786 2236 906 2266 tempora
919 2231 975 2259 Ire-

988 1614 1009 1643 C

1029 1407 1176 1443 λοπρεπὲς,
1190 1406 1451 1442 ἀπροσωπολήπτως
1466 1407 1674 1442 ῥιψοκινδύνως,
1691 1407 1824 1434 αὑτεπαί-

1027 1462 1112 1485 νετος,
1121 1454 1339 1490 ὲργοπαρέκτης,
1362 1453 1558 1488 ἀξιαγάπητος,
1568 1454 1822 1489 μωμοσκοπείσοαι,

1028 1500 1206 1537 ἑτεροκλινές,
1235 1499 1441 1536 ἑτερογνώμων,
1471 1504 1509 1532 et,
1531 1508 1586 1535 quo
1614 1501 1703 1529 Lucas
1722 1502 1821 1534 utitur,

1026 1547 1235 1583 ἀντοφθαλμεῖν,
1248 1547 1355 1582 aliaque
1369 1547 1480 1575 similia.
1494 1547 1527 1574 Et
1539 1548 1598 1583 ipse
1608 1555 1709 1580 sermo,
1722 1557 1779 1576 non
1791 1554 1822 1576 ut

1026 1594 1201 1630 ἑϐραϊζουσιν
1212 1593 1239 1620 in
1253 1593 1384 1621 minutias
1396 1594 1536 1626 concisus,
1548 1594 1596 1621 sed
1605 1594 1707 1629 largius
1721 1594 1819 1623 fluens.

1025 1639 1094 1667 Nam
1118 1644 1145 1667 et
1160 1640 1260 1667 lectum
1279 1639 1314 1666 ab
1339 1639 1386 1666 illo
1415 1639 1574 1674 Euripidem
1598 1644 1626 1666 et
1654 1639 1819 1675 Sophoclem

1024 1685 1173 1714 ostendunt
1189 1686 1330 1714 sententiae
1345 1693 1379 1713 ex
1394 1685 1467 1713 illius
1482 1684 1731 1720 Phwnissis,hujus
1739 1686 1823 1721 Ajam

1026 1732 1175 1760 translatae.
1188 1731 1328 1758 Accedunt
1346 1731 1447 1758 indicia
1468 1739 1524 1758 non
1540 1731 1676 1758 simulatae
1695 1735 1817 1758 vetusta-

1025 1778 1061 1804 tis
1075 1787 1080 1804 :
1093 1777 1171 1810 Quod
1187 1777 1221 1804 de
1236 1775 1346 1804 Christo
1369 1784 1477 1811 semper
1493 1777 1626 1812 loquitur,
1649 1784 1705 1803 non
1725 1779 1753 1801 ul
1768 1782 1818 1809 po-

1024 1823 1154 1851 steriores
1172 1822 1421 1858 πλατωνικώτερον,
1438 1822 1485 1849 sed
1500 1822 1660 1856 simpliciter
1675 1822 1765 1856 plane,
1790 1825 1818 1848 et

1024 1874 1055 1896 ut
1070 1868 1171 1896 Paulus
1185 1869 1326 1903 apostolus
1342 1869 1420 1896 solet.
1436 1867 1495 1894 Alia
1507 1875 1615 1902 quoque
1627 1867 1755 1902 dogmata
1766 1874 1815 1901 po-

1024 1918 1083 1943 stea
1097 1914 1225 1942 subtilius
1239 1913 1374 1948 explicata
1399 1916 1497 1940 tractat
1514 1912 1705 1947 ἀφελέστερον,
1719 1914 1747 1939 et
1768 1917 1818 1938 vo-

1025 1961 1104 1988 cibus
1134 1960 1267 1995 κλήσεως,
1304 1959 1421 1994 κλητῶν,
1456 1958 1601 1990 ἐκλεκτῶν,
1628 1965 1710 1986 sensu
1733 1957 1816 1992 plane

1024 2007 1139 2035 Paulino
1160 2007 1261 2039 utitur;
1290 2006 1362 2041 quod
1377 2007 1407 2032 in
1420 2004 1525 2034 Veteris
1549 2004 1726 2032 instrumenti
1746 2004 1816 2032 locis

1025 2053 1201 2088 purissimam
1226 2060 1315 2087 neque
1343 2051 1433 2079 adhuc
1464 2051 1655 2087 interpolatam
1689 2052 1816 2085 sequitur

1026 2098 1203 2134 Septuaginta
1214 2106 1310 2125 senum
1323 2098 1487 2126 versionem.
1505 2096 1557 2125 Sed
1570 2105 1620 2124 nec
1635 2097 1697 2124 illos
1709 2098 1816 2131 spernit

1025 2144 1201 2173 Hebraeorum
1218 2144 1313 2175 libros,
1331 2144 1377 2179 qui
1393 2144 1544 2171 secundum
1553 2144 1634 2172 Vetus
1646 2143 1816 2170 Instrumen-

1027 2197 1083 2219 tum
1098 2191 1169 2226 apud
1185 2191 1406 2219 Christianorum
1428 2189 1636 2225 antiquissimos
1658 2190 1814 2216 auctorita-

1026 2243 1080 2266 tem
1099 2237 1235 2270 habuere;
1250 2237 1323 2272 quod
1343 2236 1435 2264 verbis
1451 2236 1587 2271 rebusque
1599 2235 1685 2262 utitur
1701 2235 1815 2263 desum—

181 2287 268 2311 mcus,
284 2280 437 2310 habuerunt
449 2289 455 2306 :
469 2283 515 2306 aut
529 2287 580 2306 cur
590 2279 628 2306 illi
639 2279 709 2306 alius
725 2278 833 2306 dandus
847 2279 883 2305 sit
900 2279 969 2305 scri-
985 2285 1007 2312 ι)
1023 2285 1077 2321 pus
1091 2292 1125 2312 ex
1148 2283 1181 2311 iis
1208 2291 1268 2318 quae
1281 2283 1392 2315 Paulus,
1408 2282 1506 2310 Petrus
1517 2285 1543 2309 et
1564 2281 1611 2308 alii
1627 2281 1660 2308 ad
1684 2281 1814 2308 Helymus

180 2330 253 2360 ptor,
273 2333 355 2360 quam
376 2325 400 2352 is
416 2325 473 2360 ipse
488 2325 614 2352 Clemens
637 2323 788 2355 Romanus,
805 2323 877 2358 quod
893 2327 970 2351 tanto

180 2379 319 2400 consensu
334 2371 368 2399 ab
382 2371 508 2399 omnibus
525 2370 664 2405 proditum
685 2373 734 2398 est.
751 2369 810 2397 Non
835 2371 894 2397 loca
907 2375 968 2398 tan-

182 2423 238 2444 tum
253 2418 356 2449 omnia,
371 2425 431 2452 qua:
445 2417 479 2443 ab
493 2416 614 2452 antiquis
628 2416 812 2447 adducuntur,
826 2416 871 2443 hic
884 2423 969 2451 appa-

181 2468 253 2496 rent,
269 2464 317 2492 sed
328 2468 354 2492 et
365 2471 410 2491 res
425 2464 571 2498 ipsae,quas
583 2463 710 2490 observat
722 2463 847 2495 Photius,
856 2467 883 2491 et
895 2463 969 2498 quod

181 2510 347 2542 maximum,
368 2509 511 2536 character
530 2508 696 2544 Hieronymo
719 2508 823 2542 dictus,
840 2509 874 2536 ad
892 2509 969 2537 illum

180 2557 228 2591 qui
248 2560 291 2584 est
314 2556 342 2583 in
366 2555 485 2591 Epistola
500 2556 535 2584 ad
561 2555 690 2584 Hebraeos
716 2556 854 2584 accedere.
881 2555 967 2590 Cujus

180 2611 264 2631 causa
277 2611 332 2630 non
353 2603 404 2630 alia
415 2607 466 2634 est,
483 2611 564 2638 quam
580 2603 653 2638 quod
673 2603 718 2630 hic
735 2602 873 2634 Clemens,
888 2606 918 2628 ut
940 2605 968 2629 et

181 2651 280 2684 Lucas,
291 2654 319 2678 et
332 2651 456 2686 quisquis
472 2651 515 2678 ille
530 2654 572 2677 est
588 2650 705 2684 scriptor
716 2649 750 2676 ad
766 2649 893 2676 Hebraeos
904 2647 967 2682 Epi-

180 2698 267 2731 stolas,
297 2701 441 2733 antequam
464 2697 613 2724 Christiani
638 2697 743 2729 tierent,
764 2696 887 2723 Grrccum
910 2703 961 2722 ser-

180 2751 287 2771 monem
300 2752 331 2772 ex
348 2744 463 2772 eruditis
478 2743 636 2771 auctoribus
649 2743 808 2775 hauserant,
825 2743 904 2778 cujus
923 2743 966 2769 ni-

179 2793 233 2822 tor,
249 2789 295 2817 ubi
305 2797 360 2817 non
375 2790 464 2817 aliena
482 2790 566 2821 dicta,
580 2793 627 2816 aut
638 2797 672 2817 ex
694 2789 781 2818 sacris
801 2790 900 2816 litteris
915 2789 963 2816 de-

179 2840 302 2871 prompta
315 2836 398 2863 verba
410 2836 468 2864 suis
490 2836 626 2868 inserunt,
642 2835 689 2863 sed
705 2835 825 2862 liberiori
843 2835 964 2862 dictione

212 2886 303 2916 untur,
320 2882 398 2910 facile
412 2882 596 2917 cognoscitur.
615 2881 683 2908 llinc
699 2881 751 2908 illa:
766 2889 855 2911 voces.
880 2889 963 2916 μεγα-

1023 2330 1168 2365 scripserc,
1181 2337 1237 2356 non
1261 2329 1343 2355 etiam
1366 2336 1399 2356 ex
1417 2328 1469 2356 illis
1485 2328 1564 2355 libris
1579 2335 1639 2362 qua:
1664 2326 1812 2362 Evangelia

1022 2382 1074 2403 nos
1089 2381 1229 2406 vocamus,
1250 2381 1365 2409 quaeque
1389 2377 1450 2408 post
1473 2373 1610 2408 Epistolas
1629 2371 1811 2407 prodierunt;

1022 2421 1096 2458 quod
1113 2421 1187 2448 dicta
1214 2420 1340 2455 quaedam
1362 2424 1477 2454 usurpat
1501 2427 1557 2446 non
1580 2419 1691 2452 scripta,
1714 2417 1764 2444 sed
1783 2421 1812 2443 ut

1022 2468 1154 2496 memoria
1170 2472 1279 2495 recente
1294 2474 1342 2502 per
1351 2473 1450 2493 manus
1462 2465 1562 2493 tradita
1573 2473 1579 2497 ς
1589 2463 1811 2498 quodnusquam

1022 2515 1147 2543 meminit
1172 2513 1290 2542 exsortis
1315 2513 1389 2539 illius
1415 2512 1607 2546 episcoporum
1622 2510 1809 2540 auctoritatis,

1019 2569 1079 2596 quae
1102 2560 1231 2587 Ecclesiae
1254 2558 1463 2589 consuetudine,
1487 2560 1549 2591 post
1568 2554 1651 2582 Marci
1677 2559 1808 2584 mortem,

1019 2605 1198 2637 Alexandrizr,
1212 2609 1293 2639 atque
1312 2612 1344 2632 eo
1364 2602 1488 2636 exemplo
1500 2601 1575 2632 alibi,
1589 2601 1726 2628 introduci
1752 2608 1810 2628 em-

1019 2652 1069 2687 pit,
1085 2651 1133 2679 sed
1149 2651 1229 2686 plane
1244 2655 1273 2677 ut
1285 2649 1386 2676 Paulus
1398 2647 1549 2682 apostolus,
1566 2645 1688 2674 ostendit
1714 2646 1807 2673 cccle-

1019 2699 1075 2725 sias
1094 2696 1232 2724 communi
1251 2695 1487 2730 presbyterorum,
1504 2692 1549 2728 qui
1569 2692 1648 2719 iidem
1667 2698 1764 2719 omnes
1781 2694 1809 2718 et

1018 2742 1140 2778 episcopi
1154 2741 1204 2776 ipsi
1220 2740 1305 2768 Paulo
1319 2741 1457 2771 dicuntur,
1477 2737 1592 2766 consilio
1608 2736 1694 2764 fuisse
1707 2736 1808 2771 guber-

1019 2793 1108 2816 natas.
1139 2786 1207 2814 Nam
1236 2786 1309 2822 quod
1336 2785 1478 2821 ἀρχιερέα,
1506 2783 1613 2814 λευίτας
1641 2786 1668 2810 et
1695 2781 1808 2812 λαῖχοὺς

1019 2834 1151 2865 nominat,
1167 2832 1259 2860 omnia
1274 2832 1327 2859 ista
1338 2832 1450 2859 nomina
1466 2839 1520 2858 non
1535 2829 1569 2856 ad
1583 2827 1806 2857 Ecclesiam,sed

1017 2882 1050 2909 ad
1067 2879 1197 2915 templum
1217 2878 1485 2909 llierosolvmiticum
1506 2876 1661 2912 pertinent;
1676 2875 1750 2903 unde
1760 2874 1806 2901 in-
