  <div class='ocr_page' id='page_1' title='image "/cluster/home/n/w/nwhite01/storage/ocr_20150623/1/njp.32101077772331/044.png"; bbox 0 0 1893 3101; ppageno 0'>
   <div class='ocr_carea' id='block_1_1' title="bbox 74 177 856 206">
    <p class='ocr_par' dir='ltr' id='par_1_1' title="bbox 74 177 856 206">
     <span class='ocr_line' id='line_1_1' title="bbox 74 177 856 206; baseline -0.003 0"><span class='ocrx_word' id='word_1_1' title='bbox 74 179 105 206; x_wconf 68' lang='grc' dir='ltr'><strong>ιθ</strong></span> <span class='ocrx_word' id='word_1_2' title='bbox 685 177 856 206; x_wconf 53' lang='grc' dir='ltr'><strong>ΡΒΟΚΕΜΙΑ</strong></span> 
     </span>
    </p>
   </div>
   <div class='ocr_carea' id='block_1_2' title="bbox 876 146 1708 226">
    <p class='ocr_par' dir='ltr' id='par_1_2' title="bbox 876 146 1708 226">
     <span class='ocr_line' id='line_1_2' title="bbox 876 146 1708 226; baseline -0.001 -22"><span class='ocrx_word' id='word_1_3' title='bbox 876 176 1028 205; x_wconf 78' lang='lat' dir='ltr'><strong>VARIORU</strong></span> <span class='ocrx_word' id='word_1_4' title='bbox 1035 176 1069 204; x_wconf 83' lang='lat' dir='ltr'><strong>M.</strong></span> <span class='ocrx_word' id='word_1_5' title='bbox 1147 146 1165 226; x_wconf 57' lang='grc' dir='ltr'>ὶ</span> <span class='ocrx_word' id='word_1_6' title='bbox 1672 176 1708 204; x_wconf 78' lang='lat'><strong>50</strong></span> 
     </span>
    </p>
   </div>
   <div class='ocr_carea' id='block_1_3' title="bbox 74 229 821 272">
    <p class='ocr_par' dir='ltr' id='par_1_3' title="bbox 74 236 820 272">
     <span class='ocr_line' id='line_1_3' title="bbox 74 236 820 272; baseline -0.004 -7"><span class='ocrx_word' id='word_1_7' title='bbox 74 239 120 266; x_wconf 73' lang='lat' dir='ltr'><strong>fert</strong></span> <span class='ocrx_word' id='word_1_8' title='bbox 141 236 230 264; x_wconf 81' lang='lat' dir='ltr'><strong>omnia</strong></span> <span class='ocrx_word' id='word_1_9' title='bbox 245 239 321 263; x_wconf 87' lang='lat' dir='ltr'><strong>certo</strong></span> <span class='ocrx_word' id='word_1_10' title='bbox 347 236 442 263; x_wconf 83' lang='lat' dir='ltr'><strong>ordine</strong></span> <span class='ocrx_word' id='word_1_11' title='bbox 463 237 578 272; x_wconf 79' lang='lat' dir='ltr'><strong>agenda,</strong></span> <span class='ocrx_word' id='word_1_12' title='bbox 595 237 618 264; x_wconf 89' lang='lat' dir='ltr'><strong>si</strong></span> <span class='ocrx_word' id='word_1_13' title='bbox 638 236 750 268; x_wconf 81' lang='lat' dir='ltr'><strong>Judaeis,</strong></span> <span class='ocrx_word' id='word_1_14' title='bbox 774 239 820 263; x_wconf 83' lang='lat' dir='ltr'><strong>tan</strong></span> 
     </span>
    </p>
   </div>
   <div class='ocr_carea' id='block_1_4' title="bbox 958 229 1705 272">
    <p class='ocr_par' dir='ltr' id='par_1_4' title="bbox 958 229 1705 270">
     <span class='ocr_line' id='line_1_4' title="bbox 958 229 1705 270; baseline -0.011 -8"><span class='ocrx_word' id='word_1_15' title='bbox 958 239 1005 267; x_wconf 78' lang='lat' dir='ltr'><strong>iet,</strong></span> <span class='ocrx_word' id='word_1_16' title='bbox 1023 234 1060 270; x_wconf 83' lang='grc' dir='ltr'><strong>μὴ</strong></span> <span class='ocrx_word' id='word_1_17' title='bbox 1089 229 1219 269; x_wconf 71' lang='grc' dir='ltr'><strong>γὰρ’τις</strong></span> <span class='ocrx_word' id='word_1_18' title='bbox 1235 231 1311 266; x_wconf 81' lang='grc' dir='ltr'><strong>ὑμῶν</strong></span> <span class='ocrx_word' id='word_1_19' title='bbox 1339 232 1466 267; x_wconf 81' lang='grc' dir='ltr'><strong>πασχέτω</strong></span> <span class='ocrx_word' id='word_1_20' title='bbox 1490 233 1527 264; x_wconf 81' lang='grc' dir='ltr'><strong>ὡς</strong></span> <span class='ocrx_word' id='word_1_21' title='bbox 1555 234 1662 267; x_wconf 59' lang='grc' dir='ltr'><strong>φονεὺς,</strong></span> <span class='ocrx_word' id='word_1_22' title='bbox 1689 235 1705 269; x_wconf 71' lang='grc' dir='ltr'><strong>η</strong></span> 
     </span>
    </p>
   </div>
   <div class='ocr_carea' id='block_1_5' title="bbox 73 282 852 319">
    <p class='ocr_par' dir='ltr' id='par_1_5' title="bbox 73 282 852 319">
     <span class='ocr_line' id='line_1_5' title="bbox 73 282 852 319; baseline -0.003 -8"><span class='ocrx_word' id='word_1_23' title='bbox 73 283 152 318; x_wconf 79' lang='lat' dir='ltr'><strong>magis</strong></span> <span class='ocrx_word' id='word_1_24' title='bbox 176 283 353 310; x_wconf 79' lang='lat' dir='ltr'><strong>Christianis.</strong></span> <span class='ocrx_word' id='word_1_25' title='bbox 374 282 495 318; x_wconf 81' lang='lat' dir='ltr'><strong>Tempus</strong></span> <span class='ocrx_word' id='word_1_26' title='bbox 517 284 606 318; x_wconf 90' lang='lat' dir='ltr'><strong>ipsum</strong></span> <span class='ocrx_word' id='word_1_27' title='bbox 627 291 682 319; x_wconf 92' lang='lat' dir='ltr'><strong>quo</strong></span> <span class='ocrx_word' id='word_1_28' title='bbox 693 283 794 318; x_wconf 88' lang='lat' dir='ltr'><strong>scripta</strong></span> <span class='ocrx_word' id='word_1_29' title='bbox 810 286 852 310; x_wconf 90' lang='lat' dir='ltr'><strong>est</strong></span> 
     </span>
    </p>
   </div>
   <div class='ocr_carea' id='block_1_6' title="bbox 73 327 852 364">
    <p class='ocr_par' dir='ltr' id='par_1_6' title="bbox 73 327 852 364">
     <span class='ocr_line' id='line_1_6' title="bbox 73 327 852 364; baseline -0.004 -7"><span class='ocrx_word' id='word_1_30' title='bbox 73 330 124 357; x_wconf 62' lang='lat' dir='ltr'><strong>haec</strong></span> <span class='ocrx_word' id='word_1_31' title='bbox 138 329 262 364; x_wconf 87' lang='lat' dir='ltr'><strong>cpistola,</strong></span> <span class='ocrx_word' id='word_1_32' title='bbox 289 337 339 363; x_wconf 78' lang='lat' dir='ltr'><strong>ego</strong></span> <span class='ocrx_word' id='word_1_33' title='bbox 354 329 387 356; x_wconf 89' lang='lat' dir='ltr'><strong>ad</strong></span> <span class='ocrx_word' id='word_1_34' title='bbox 408 329 488 357; x_wconf 87' lang='lat' dir='ltr'><strong>finem</strong></span> <span class='ocrx_word' id='word_1_35' title='bbox 513 329 640 361; x_wconf 80' lang='lat' dir='ltr'><strong>Neronis,</strong></span> <span class='ocrx_word' id='word_1_36' title='bbox 668 333 715 356; x_wconf 88' lang='lat' dir='ltr'><strong>aut</strong></span> <span class='ocrx_word' id='word_1_37' title='bbox 730 333 804 356; x_wconf 86' lang='lat' dir='ltr'><strong>certe</strong></span> <span class='ocrx_word' id='word_1_38' title='bbox 818 327 852 355; x_wconf 86' lang='lat' dir='ltr'><strong>ad</strong></span> 
     </span>
    </p>
   </div>
   <div class='ocr_carea' id='block_1_7' title="bbox 52 374 851 410">
    <p class='ocr_par' dir='ltr' id='par_1_7' title="bbox 52 374 851 410">
     <span class='ocr_line' id='line_1_7' title="bbox 52 374 851 410; baseline -0.005 -6"><span class='ocrx_word' id='word_1_39' title='bbox 52 374 55 377; x_wconf 80' lang='grc'><em>’</em></span> <span class='ocrx_word' id='word_1_40' title='bbox 73 384 114 404; x_wconf 86' lang='lat' dir='ltr'><strong>eos</strong></span> <span class='ocrx_word' id='word_1_41' title='bbox 126 382 208 402; x_wconf 83' lang='lat' dir='ltr'><strong>annos</strong></span> <span class='ocrx_word' id='word_1_42' title='bbox 235 375 283 410; x_wconf 89' lang='lat' dir='ltr'><strong>qui</strong></span> <span class='ocrx_word' id='word_1_43' title='bbox 296 374 458 410; x_wconf 75' lang='lat' dir='ltr'><strong>Vespasiani</strong></span> <span class='ocrx_word' id='word_1_44' title='bbox 470 376 614 410; x_wconf 89' lang='lat' dir='ltr'><strong>imperium</strong></span> <span class='ocrx_word' id='word_1_45' title='bbox 627 378 851 406; x_wconf 82' lang='lat' dir='ltr'><strong>antecesserunt,</strong></span> 
     </span>
    </p>
   </div>
   <div class='ocr_carea' id='block_1_8' title="bbox 73 419 854 457">
    <p class='ocr_par' dir='ltr' id='par_1_8' title="bbox 73 419 854 457">
     <span class='ocr_line' id='line_1_8' title="bbox 73 419 854 457; baseline -0.004 -8"><span class='ocrx_word' id='word_1_46' title='bbox 73 421 187 450; x_wconf 81' lang='lat' dir='ltr'><strong>referam.</strong></span> <span class='ocrx_word' id='word_1_47' title='bbox 203 419 272 447; x_wconf 85' lang='lat' dir='ltr'><strong>Nam</strong></span> <span class='ocrx_word' id='word_1_48' title='bbox 287 421 457 449; x_wconf 89' lang='lat' dir='ltr'><strong>oblationum</strong></span> <span class='ocrx_word' id='word_1_49' title='bbox 472 421 607 454; x_wconf 75' lang='lat' dir='ltr'><strong>meminit,</strong></span> <span class='ocrx_word' id='word_1_50' title='bbox 620 429 682 457; x_wconf 67' lang='lat' dir='ltr'><strong>qua:</strong></span> <span class='ocrx_word' id='word_1_51' title='bbox 701 421 728 448; x_wconf 88' lang='lat' dir='ltr'><strong>in</strong></span> <span class='ocrx_word' id='word_1_52' title='bbox 752 421 854 455; x_wconf 87' lang='lat' dir='ltr'><strong>templo</strong></span> 
     </span>
    </p>
   </div>
   <div class='ocr_carea' id='block_1_9' title="bbox 72 467 852 503">
    <p class='ocr_par' dir='ltr' id='par_1_9' title="bbox 72 467 852 503">
     <span class='ocr_line' id='line_1_9' title="bbox 72 467 852 503; baseline -0.004 -7"><span class='ocrx_word' id='word_1_53' title='bbox 72 477 99 496; x_wconf 83' lang='lat' dir='ltr'><strong>ex</strong></span> <span class='ocrx_word' id='word_1_54' title='bbox 110 469 164 503; x_wconf 75' lang='lat' dir='ltr'><strong>lege</strong></span> <span class='ocrx_word' id='word_1_55' title='bbox 177 467 284 500; x_wconf 83' lang='lat' dir='ltr'><strong>ﬁerent,</strong></span> <span class='ocrx_word' id='word_1_56' title='bbox 307 469 379 496; x_wconf 89' lang='lat' dir='ltr'><strong>sicut</strong></span> <span class='ocrx_word' id='word_1_57' title='bbox 397 472 424 496; x_wconf 85' lang='lat' dir='ltr'><strong>et</strong></span> <span class='ocrx_word' id='word_1_58' title='bbox 440 469 473 496; x_wconf 87' lang='lat' dir='ltr'><strong>ad</strong></span> <span class='ocrx_word' id='word_1_59' title='bbox 488 467 617 496; x_wconf 61' lang='lat' dir='ltr'><strong>Hebraeos</strong></span> <span class='ocrx_word' id='word_1_60' title='bbox 640 468 770 502; x_wconf 76' lang='lat' dir='ltr'><strong>scriptor,</strong></span> <span class='ocrx_word' id='word_1_61' title='bbox 791 469 852 502; x_wconf 89' lang='lat' dir='ltr'><strong>post</strong></span> 
     </span>
    </p>
   </div>
   <div class='ocr_carea' id='block_1_10' title="bbox 72 513 852 549">
    <p class='ocr_par' dir='ltr' id='par_1_10' title="bbox 72 513 852 549">
     <span class='ocr_line' id='line_1_10' title="bbox 72 513 852 549; baseline -0.001 -8"><span class='ocrx_word' id='word_1_62' title='bbox 72 514 142 548; x_wconf 80' lang='lat' dir='ltr'><strong>cujus</strong></span> <span class='ocrx_word' id='word_1_63' title='bbox 167 513 315 548; x_wconf 77' lang='lat' dir='ltr'><strong>epistolam</strong></span> <span class='ocrx_word' id='word_1_64' title='bbox 352 514 423 541; x_wconf 87' lang='lat' dir='ltr'><strong>hanc</strong></span> <span class='ocrx_word' id='word_1_65' title='bbox 453 514 536 542; x_wconf 83' lang='lat' dir='ltr'><strong>credo</strong></span> <span class='ocrx_word' id='word_1_66' title='bbox 566 515 698 549; x_wconf 88' lang='lat' dir='ltr'><strong>scriptam</strong></span> <span class='ocrx_word' id='word_1_67' title='bbox 727 523 733 541; x_wconf 89' lang='lat'>:</span> <span class='ocrx_word' id='word_1_68' title='bbox 765 520 852 548; x_wconf 87' lang='lat' dir='ltr'><strong>eoque</strong></span> 
     </span>
    </p>
   </div>
   <div class='ocr_carea' id='block_1_11' title="bbox 73 558 853 596">
    <p class='ocr_par' dir='ltr' id='par_1_11' title="bbox 73 558 853 596">
     <span class='ocr_line' id='line_1_11' title="bbox 73 558 853 596; baseline -0.004 -8"><span class='ocrx_word' id='word_1_69' title='bbox 73 561 123 588; x_wconf 64' lang='lat' dir='ltr'><strong>ticri</strong></span> <span class='ocrx_word' id='word_1_70' title='bbox 138 566 166 588; x_wconf 91' lang='lat' dir='ltr'><strong>ut</strong></span> <span class='ocrx_word' id='word_1_71' title='bbox 181 561 271 595; x_wconf 86' lang='lat' dir='ltr'><strong>aliqua</strong></span> <span class='ocrx_word' id='word_1_72' title='bbox 287 560 350 588; x_wconf 90' lang='lat' dir='ltr'><strong>inde</strong></span> <span class='ocrx_word' id='word_1_73' title='bbox 367 565 475 596; x_wconf 86' lang='lat' dir='ltr'><strong>sumpta</strong></span> <span class='ocrx_word' id='word_1_74' title='bbox 493 568 549 588; x_wconf 57' lang='lat' dir='ltr'><strong>suae</strong></span> <span class='ocrx_word' id='word_1_75' title='bbox 565 559 712 587; x_wconf 85' lang='lat' dir='ltr'><strong>intexuerit</strong></span> <span class='ocrx_word' id='word_1_76' title='bbox 730 558 853 593; x_wconf 70' lang='lat' dir='ltr'><strong>epistolae</strong></span> 
     </span>
    </p>
   </div>
   <div class='ocr_carea' id='block_1_12' title="bbox 72 604 852 642">
    <p class='ocr_par' dir='ltr' id='par_1_12' title="bbox 72 604 852 642">
     <span class='ocr_line' id='line_1_12' title="bbox 72 604 852 642; baseline -0.004 -9"><span class='ocrx_word' id='word_1_77' title='bbox 72 607 194 634; x_wconf 82' lang='lat' dir='ltr'><strong>Clemens.</strong></span> <span class='ocrx_word' id='word_1_78' title='bbox 215 607 316 633; x_wconf 79' lang='lat' dir='ltr'><strong>Mirum</strong></span> <span class='ocrx_word' id='word_1_79' title='bbox 337 607 423 634; x_wconf 86' lang='lat' dir='ltr'><strong>videri</strong></span> <span class='ocrx_word' id='word_1_80' title='bbox 443 607 529 642; x_wconf 88' lang='lat' dir='ltr'><strong>possit</strong></span> <span class='ocrx_word' id='word_1_81' title='bbox 548 606 662 635; x_wconf 86' lang='lat' dir='ltr'><strong>dissidia</strong></span> <span class='ocrx_word' id='word_1_82' title='bbox 688 606 739 633; x_wconf 89' lang='lat' dir='ltr'><strong>ista</strong></span> <span class='ocrx_word' id='word_1_83' title='bbox 754 604 852 631; x_wconf 80' lang='lat' dir='ltr'><strong>Corin-</strong></span> 
     </span>
    </p>
   </div>
   <div class='ocr_carea' id='block_1_13' title="bbox 72 650 852 687">
    <p class='ocr_par' dir='ltr' id='par_1_13' title="bbox 72 650 852 687">
     <span class='ocr_line' id='line_1_13' title="bbox 72 650 852 687; baseline -0.004 -8"><span class='ocrx_word' id='word_1_84' title='bbox 72 653 178 680; x_wconf 85' lang='lat' dir='ltr'><strong>thiorum</strong></span> <span class='ocrx_word' id='word_1_85' title='bbox 201 652 426 680; x_wconf 82' lang='lat' dir='ltr'><strong>Christianorum</strong></span> <span class='ocrx_word' id='word_1_86' title='bbox 443 654 476 681; x_wconf 88' lang='lat' dir='ltr'><strong>ad</strong></span> <span class='ocrx_word' id='word_1_87' title='bbox 493 653 546 680; x_wconf 90' lang='lat' dir='ltr'><strong>vim</strong></span> <span class='ocrx_word' id='word_1_88' title='bbox 563 660 661 687; x_wconf 84' lang='lat' dir='ltr'><strong>usque,</strong></span> <span class='ocrx_word' id='word_1_89' title='bbox 676 657 703 679; x_wconf 86' lang='lat' dir='ltr'><strong>et</strong></span> <span class='ocrx_word' id='word_1_90' title='bbox 717 655 747 678; x_wconf 92' lang='lat' dir='ltr'><strong>ut</strong></span> <span class='ocrx_word' id='word_1_91' title='bbox 762 650 852 685; x_wconf 91' lang='lat' dir='ltr'><strong>loqui—</strong></span> 
     </span>
    </p>
   </div>
   <div class='ocr_carea' id='block_1_14' title="bbox 73 695 851 734">
    <p class='ocr_par' dir='ltr' id='par_1_14' title="bbox 73 695 851 734">
     <span class='ocr_line' id='line_1_14' title="bbox 73 695 851 734; baseline -0.005 -8"><span class='ocrx_word' id='word_1_92' title='bbox 73 704 119 730; x_wconf 87' lang='lat' dir='ltr'><strong>tur,</strong></span> <span class='ocrx_word' id='word_1_93' title='bbox 131 699 236 732; x_wconf 88' lang='lat' dir='ltr'><strong>bellum,</strong></span> <span class='ocrx_word' id='word_1_94' title='bbox 249 699 275 726; x_wconf 89' lang='lat' dir='ltr'><strong>id</strong></span> <span class='ocrx_word' id='word_1_95' title='bbox 284 703 339 732; x_wconf 82' lang='lat' dir='ltr'><strong>est,</strong></span> <span class='ocrx_word' id='word_1_96' title='bbox 354 699 453 730; x_wconf 74' lang='lat' dir='ltr'><strong>rixam,</strong></span> <span class='ocrx_word' id='word_1_97' title='bbox 467 706 621 734; x_wconf 77' lang='lat' dir='ltr'><strong>progressa,</strong></span> <span class='ocrx_word' id='word_1_98' title='bbox 635 697 690 725; x_wconf 84' lang='lat' dir='ltr'><strong>nisi</strong></span> <span class='ocrx_word' id='word_1_99' title='bbox 704 701 731 725; x_wconf 88' lang='lat' dir='ltr'><strong>et</strong></span> <span class='ocrx_word' id='word_1_100' title='bbox 744 697 778 724; x_wconf 92' lang='lat' dir='ltr'><strong>de</strong></span> <span class='ocrx_word' id='word_1_101' title='bbox 790 695 851 723; x_wconf 88' lang='lat' dir='ltr'><strong>aliis</strong></span> 
     </span>
    </p>
   </div>
   <div class='ocr_carea' id='block_1_15' title="bbox 72 745 852 781">
    <p class='ocr_par' dir='ltr' id='par_1_15' title="bbox 72 745 852 781">
     <span class='ocr_line' id='line_1_15' title="bbox 72 745 852 781; baseline -0.005 -8"><span class='ocrx_word' id='word_1_102' title='bbox 72 754 100 773; x_wconf 71' lang='lat' dir='ltr'><strong>ex</strong></span> <span class='ocrx_word' id='word_1_103' title='bbox 111 745 214 774; x_wconf 68' lang='lat' dir='ltr'><strong>Hebraea</strong></span> <span class='ocrx_word' id='word_1_104' title='bbox 229 750 313 781; x_wconf 75' lang='lat' dir='ltr'><strong>gente</strong></span> <span class='ocrx_word' id='word_1_105' title='bbox 328 745 494 774; x_wconf 74' lang='lat' dir='ltr'><strong>Christianis</strong></span> <span class='ocrx_word' id='word_1_106' title='bbox 507 745 608 774; x_wconf 86' lang='lat' dir='ltr'><strong>similia</strong></span> <span class='ocrx_word' id='word_1_107' title='bbox 623 746 852 772; x_wconf 87' lang='lat' dir='ltr'><strong>commemoraret</strong></span> 
     </span>
    </p>
   </div>
   <div class='ocr_carea' id='block_1_16' title="bbox 72 789 850 828">
    <p class='ocr_par' dir='ltr' id='par_1_16' title="bbox 72 789 850 828">
     <span class='ocr_line' id='line_1_16' title="bbox 72 789 850 828; baseline -0.003 -10"><span class='ocrx_word' id='word_1_108' title='bbox 72 793 95 819; x_wconf 92' lang='lat' dir='ltr'><strong>in</strong></span> <span class='ocrx_word' id='word_1_109' title='bbox 108 791 220 826; x_wconf 85' lang='lat' dir='ltr'><strong>Epistola</strong></span> <span class='ocrx_word' id='word_1_110' title='bbox 232 792 366 820; x_wconf 80' lang='lat' dir='ltr'><strong>Jacobus.</strong></span> <span class='ocrx_word' id='word_1_111' title='bbox 382 793 420 819; x_wconf 77' lang='lat' dir='ltr'><strong>Ex</strong></span> <span class='ocrx_word' id='word_1_112' title='bbox 437 793 471 820; x_wconf 92' lang='lat' dir='ltr'><strong>iis</strong></span> <span class='ocrx_word' id='word_1_113' title='bbox 484 798 586 824; x_wconf 89' lang='lat' dir='ltr'><strong>autem,</strong></span> <span class='ocrx_word' id='word_1_114' title='bbox 607 799 724 828; x_wconf 89' lang='lat' dir='ltr'><strong>quorum</strong></span> <span class='ocrx_word' id='word_1_115' title='bbox 746 790 780 817; x_wconf 92' lang='lat' dir='ltr'><strong>ad</strong></span> <span class='ocrx_word' id='word_1_116' title='bbox 795 789 850 816; x_wconf 89' lang='lat' dir='ltr'><strong>vim</strong></span> 
     </span>
    </p>
   </div>
   <div class='ocr_carea' id='block_1_17' title="bbox 72 836 850 874">
    <p class='ocr_par' dir='ltr' id='par_1_17' title="bbox 72 836 850 874">
     <span class='ocr_line' id='line_1_17' title="bbox 72 836 850 874; baseline -0.001 -11"><span class='ocrx_word' id='word_1_117' title='bbox 72 845 149 872; x_wconf 86' lang='lat' dir='ltr'><strong>usque</strong></span> <span class='ocrx_word' id='word_1_118' title='bbox 163 845 310 873; x_wconf 75' lang='lat' dir='ltr'><strong>progressa</strong></span> <span class='ocrx_word' id='word_1_119' title='bbox 329 843 387 866; x_wconf 87' lang='lat' dir='ltr'><strong>erat</strong></span> <span class='ocrx_word' id='word_1_120' title='bbox 403 839 487 866; x_wconf 88' lang='lat' dir='ltr'><strong>animi</strong></span> <span class='ocrx_word' id='word_1_121' title='bbox 501 839 671 874; x_wconf 88' lang='lat' dir='ltr'><strong>impotentia,</strong></span> <span class='ocrx_word' id='word_1_122' title='bbox 687 836 820 872; x_wconf 89' lang='lat' dir='ltr'><strong>quosdam</strong></span> <span class='ocrx_word' id='word_1_123' title='bbox 835 843 850 862; x_wconf 93' lang='lat' dir='ltr'><strong>a</strong></span> 
     </span>
    </p>
   </div>
   <div class='ocr_carea' id='block_1_18' title="bbox 71 882 851 919">
    <p class='ocr_par' dir='ltr' id='par_1_18' title="bbox 71 882 851 919">
     <span class='ocr_line' id='line_1_18' title="bbox 71 882 851 919; baseline 0 -10"><span class='ocrx_word' id='word_1_124' title='bbox 71 883 262 918; x_wconf 74' lang='lat' dir='ltr'><strong>magistratibus</strong></span> <span class='ocrx_word' id='word_1_125' title='bbox 282 885 313 912; x_wconf 90' lang='lat' dir='ltr'><strong>in</strong></span> <span class='ocrx_word' id='word_1_126' title='bbox 329 893 465 914; x_wconf 83' lang='lat' dir='ltr'><strong>carcerem</strong></span> <span class='ocrx_word' id='word_1_127' title='bbox 478 886 568 916; x_wconf 90' lang='lat' dir='ltr'><strong>datos.</strong></span> <span class='ocrx_word' id='word_1_128' title='bbox 583 892 638 913; x_wconf 91' lang='lat' dir='ltr'><strong>non</strong></span> <span class='ocrx_word' id='word_1_129' title='bbox 653 888 696 912; x_wconf 91' lang='lat' dir='ltr'><strong>est</strong></span> <span class='ocrx_word' id='word_1_130' title='bbox 710 883 783 919; x_wconf 94' lang='lat' dir='ltr'><strong>quod</strong></span> <span class='ocrx_word' id='word_1_131' title='bbox 799 882 851 910; x_wconf 92' lang='lat' dir='ltr'><strong>mi-</strong></span> 
     </span>
    </p>
   </div>
   <div class='ocr_carea' id='block_1_19' title="bbox 904 277 1707 316">
    <p class='ocr_par' dir='ltr' id='par_1_19' title="bbox 904 277 1707 316">
     <span class='ocr_line' id='line_1_19' title="bbox 904 277 1707 316; baseline -0.001 -9"><span class='ocrx_word' id='word_1_132' title='bbox 904 281 1033 316; x_wconf 82' lang='grc' dir='ltr'><strong>κλέπτης,</strong></span> <span class='ocrx_word' id='word_1_133' title='bbox 1058 279 1074 315; x_wconf 86' lang='grc' dir='ltr'><strong>ἢ</strong></span> <span class='ocrx_word' id='word_1_134' title='bbox 1101 288 1155 306; x_wconf 83' lang='grc' dir='ltr'><strong>κακ</strong></span> <span class='ocrx_word' id='word_1_135' title='bbox 1166 277 1266 309; x_wconf 70' lang='grc' dir='ltr'><strong>οποιός.</strong></span> <span class='ocrx_word' id='word_1_136' title='bbox 1292 277 1339 304; x_wconf 75' lang='lat' dir='ltr'><strong>&quot;te</strong></span> <span class='ocrx_word' id='word_1_137' title='bbox 1366 283 1430 305; x_wconf 86' lang='lat' dir='ltr'><strong>sunt</strong></span> <span class='ocrx_word' id='word_1_138' title='bbox 1459 286 1559 311; x_wconf 70' lang='lat' dir='ltr'><strong>causae,</strong></span> <span class='ocrx_word' id='word_1_139' title='bbox 1586 287 1636 307; x_wconf 89' lang='lat' dir='ltr'><strong>cur</strong></span> <span class='ocrx_word' id='word_1_140' title='bbox 1654 288 1707 314; x_wconf 73' lang='lat' dir='ltr'><strong>ego</strong></span> 
     </span>
    </p>
   </div>
   <div class='ocr_carea' id='block_1_20' title="bbox 904 324 1706 362">
    <p class='ocr_par' dir='ltr' id='par_1_20' title="bbox 904 324 1706 362">
     <span class='ocr_line' id='line_1_20' title="bbox 904 324 1706 362; baseline -0.001 -8"><span class='ocrx_word' id='word_1_141' title='bbox 904 327 976 354; x_wconf 88' lang='lat' dir='ltr'><strong>hanc</strong></span> <span class='ocrx_word' id='word_1_142' title='bbox 989 326 1137 362; x_wconf 77' lang='lat' dir='ltr'><strong>epistolam</strong></span> <span class='ocrx_word' id='word_1_143' title='bbox 1153 333 1169 352; x_wconf 88' lang='lat' dir='ltr'><strong>n</strong></span> <span class='ocrx_word' id='word_1_144' title='bbox 1180 331 1216 350; x_wconf 83' lang='lat' dir='ltr'><strong>on</strong></span> <span class='ocrx_word' id='word_1_145' title='bbox 1230 324 1311 351; x_wconf 91' lang='lat' dir='ltr'><strong>modo</strong></span> <span class='ocrx_word' id='word_1_146' title='bbox 1335 324 1482 359; x_wconf 77' lang='lat' dir='ltr'><strong>genuinam</strong></span> <span class='ocrx_word' id='word_1_147' title='bbox 1506 325 1635 357; x_wconf 89' lang='lat' dir='ltr'><strong>arbitrer,</strong></span> <span class='ocrx_word' id='word_1_148' title='bbox 1656 325 1706 353; x_wconf 85' lang='lat' dir='ltr'><strong>sed</strong></span> 
     </span>
    </p>
   </div>
   <div class='ocr_carea' id='block_1_21' title="bbox 902 370 1705 408">
    <p class='ocr_par' dir='ltr' id='par_1_21' title="bbox 902 370 1705 408">
     <span class='ocr_line' id='line_1_21' title="bbox 902 370 1705 408; baseline 0 -7"><span class='ocrx_word' id='word_1_149' title='bbox 902 377 931 401; x_wconf 88' lang='lat' dir='ltr'><strong>et</strong></span> <span class='ocrx_word' id='word_1_150' title='bbox 947 373 1021 400; x_wconf 90' lang='lat' dir='ltr'><strong>nulla</strong></span> <span class='ocrx_word' id='word_1_151' title='bbox 1039 373 1066 400; x_wconf 89' lang='lat' dir='ltr'><strong>in</strong></span> <span class='ocrx_word' id='word_1_152' title='bbox 1089 380 1121 400; x_wconf 90' lang='lat' dir='ltr'><strong>ea</strong></span> <span class='ocrx_word' id='word_1_153' title='bbox 1141 380 1185 400; x_wconf 89' lang='lat' dir='ltr'><strong>ma</strong></span> <span class='ocrx_word' id='word_1_154' title='bbox 1193 378 1247 398; x_wconf 80' lang='lat' dir='ltr'><strong>nus</strong></span> <span class='ocrx_word' id='word_1_155' title='bbox 1262 370 1393 398; x_wconf 72' lang='lat' dir='ltr'><strong>adultera:</strong></span> <span class='ocrx_word' id='word_1_156' title='bbox 1413 371 1528 408; x_wconf 74' lang='lat' dir='ltr'><strong>vestigia</strong></span> <span class='ocrx_word' id='word_1_157' title='bbox 1544 380 1705 407; x_wconf 75' lang='lat' dir='ltr'><strong>agnoscam.</strong></span> 
     </span>
    </p>
   </div>
   <div class='ocr_carea' id='block_1_22' title="bbox 903 417 1705 455">
    <p class='ocr_par' dir='ltr' id='par_1_22' title="bbox 903 417 1705 455">
     <span class='ocr_line' id='line_1_22' title="bbox 903 417 1705 455; baseline -0.001 -8"><span class='ocrx_word' id='word_1_158' title='bbox 903 421 1024 448; x_wconf 81' lang='lat' dir='ltr'><strong>Alteram</strong></span> <span class='ocrx_word' id='word_1_159' title='bbox 1040 419 1196 455; x_wconf 85' lang='lat' dir='ltr'><strong>epistolam,</strong></span> <span class='ocrx_word' id='word_1_160' title='bbox 1213 417 1297 452; x_wconf 83' lang='lat' dir='ltr'><strong>cujus</strong></span> <span class='ocrx_word' id='word_1_161' title='bbox 1313 417 1494 453; x_wconf 75' lang='lat' dir='ltr'><strong>fragmentum</strong></span> <span class='ocrx_word' id='word_1_162' title='bbox 1511 418 1634 446; x_wconf 86' lang='lat' dir='ltr'><strong>additum</strong></span> <span class='ocrx_word' id='word_1_163' title='bbox 1649 424 1705 451; x_wconf 85' lang='lat' dir='ltr'><strong>est,</strong></span> 
     </span>
    </p>
   </div>
   <div class='ocr_carea' id='block_1_23' title="bbox 903 463 1707 503">
    <p class='ocr_par' dir='ltr' id='par_1_23' title="bbox 903 463 1707 503">
     <span class='ocr_line' id='line_1_23' title="bbox 903 463 1707 503; baseline -0.004 -8"><span class='ocrx_word' id='word_1_164' title='bbox 903 475 1061 503; x_wconf 83' lang='lat' dir='ltr'><strong>quanquam</strong></span> <span class='ocrx_word' id='word_1_165' title='bbox 1093 464 1248 493; x_wconf 72' lang='lat' dir='ltr'><strong>Clemcnl‘js</strong></span> <span class='ocrx_word' id='word_1_166' title='bbox 1272 468 1301 491; x_wconf 85' lang='lat' dir='ltr'><strong>et</strong></span> <span class='ocrx_word' id='word_1_167' title='bbox 1325 464 1385 499; x_wconf 86' lang='lat' dir='ltr'><strong>ipsa</strong></span> <span class='ocrx_word' id='word_1_168' title='bbox 1407 464 1433 490; x_wconf 91' lang='lat' dir='ltr'><strong>in</strong></span> <span class='ocrx_word' id='word_1_169' title='bbox 1460 463 1538 491; x_wconf 88' lang='lat' dir='ltr'><strong>libris</strong></span> <span class='ocrx_word' id='word_1_170' title='bbox 1562 465 1707 492; x_wconf 72' lang='lat' dir='ltr'><strong>nonnullis</strong></span> 
     </span>
    </p>
   </div>
   <div class='ocr_carea' id='block_1_24' title="bbox 903 510 1702 548">
    <p class='ocr_par' dir='ltr' id='par_1_24' title="bbox 903 510 1702 548">
     <span class='ocr_line' id='line_1_24' title="bbox 903 510 1702 548; baseline -0.008 -6"><span class='ocrx_word' id='word_1_171' title='bbox 903 522 1002 542; x_wconf 88' lang='lat' dir='ltr'><strong>nomen</strong></span> <span class='ocrx_word' id='word_1_172' title='bbox 1028 513 1165 548; x_wconf 59' lang='lat' dir='ltr'><strong>praetulit,</strong></span> <span class='ocrx_word' id='word_1_173' title='bbox 1191 518 1253 538; x_wconf 74' lang='lat' dir='ltr'><strong>non</strong></span> <span class='ocrx_word' id='word_1_174' title='bbox 1274 518 1336 537; x_wconf 87' lang='lat' dir='ltr'><strong>esse</strong></span> <span class='ocrx_word' id='word_1_175' title='bbox 1359 514 1449 537; x_wconf 87' lang='lat' dir='ltr'><strong>tamen</strong></span> <span class='ocrx_word' id='word_1_176' title='bbox 1471 510 1495 537; x_wconf 79' lang='lat' dir='ltr'><strong>ei</strong></span> <span class='ocrx_word' id='word_1_177' title='bbox 1518 510 1702 544; x_wconf 80' lang='lat' dir='ltr'><strong>tribuendam,</strong></span> 
     </span>
    </p>
   </div>
   <div class='ocr_carea' id='block_1_25' title="bbox 902 556 1703 593">
    <p class='ocr_par' dir='ltr' id='par_1_25' title="bbox 902 556 1703 593">
     <span class='ocr_line' id='line_1_25' title="bbox 902 556 1703 593; baseline -0.007 -5"><span class='ocrx_word' id='word_1_178' title='bbox 902 561 985 588; x_wconf 87' lang='lat' dir='ltr'><strong>etiam</strong></span> <span class='ocrx_word' id='word_1_179' title='bbox 1000 559 1281 593; x_wconf 87' lang='lat' dir='ltr'><strong>vetcresjudicarunt</strong></span> <span class='ocrx_word' id='word_1_180' title='bbox 1294 564 1301 582; x_wconf 90' lang='lat'>:</span> <span class='ocrx_word' id='word_1_181' title='bbox 1318 563 1435 591; x_wconf 91' lang='lat' dir='ltr'><strong>quorum</strong></span> <span class='ocrx_word' id='word_1_182' title='bbox 1451 556 1608 583; x_wconf 76' lang='lat' dir='ltr'><strong>auctoritati</strong></span> <span class='ocrx_word' id='word_1_183' title='bbox 1623 563 1703 582; x_wconf 85' lang='lat' dir='ltr'><strong>acce-</strong></span> 
     </span>
    </p>
   </div>
   <div class='ocr_carea' id='block_1_26' title="bbox 904 601 1700 637">
    <p class='ocr_par' dir='ltr' id='par_1_26' title="bbox 904 601 1700 637">
     <span class='ocr_line' id='line_1_26' title="bbox 904 601 1700 637; baseline -0.005 -5"><span class='ocrx_word' id='word_1_184' title='bbox 904 605 944 632; x_wconf 82' lang='lat' dir='ltr'><strong>dit</strong></span> <span class='ocrx_word' id='word_1_185' title='bbox 971 605 1140 633; x_wconf 87' lang='lat' dir='ltr'><strong>characteris</strong></span> <span class='ocrx_word' id='word_1_186' title='bbox 1165 603 1332 632; x_wconf 70' lang='lat' dir='ltr'><strong>divetrsitas.</strong></span> <span class='ocrx_word' id='word_1_187' title='bbox 1362 601 1456 637; x_wconf 83' lang='lat' dir='ltr'><strong>Neque</strong></span> <span class='ocrx_word' id='word_1_188' title='bbox 1479 606 1569 628; x_wconf 87' lang='lat' dir='ltr'><strong>tamen</strong></span> <span class='ocrx_word' id='word_1_189' title='bbox 1593 602 1700 632; x_wconf 82' lang='lat' dir='ltr'><strong>dubito.</strong></span> 
     </span>
    </p>
   </div>
   <div class='ocr_carea' id='block_1_27' title="bbox 902 649 1702 688">
    <p class='ocr_par' dir='ltr' id='par_1_27' title="bbox 902 649 1702 688">
     <span class='ocr_line' id='line_1_27' title="bbox 902 649 1702 688; baseline -0.005 -9"><span class='ocrx_word' id='word_1_190' title='bbox 902 653 970 688; x_wconf 91' lang='lat' dir='ltr'><strong>quin</strong></span> <span class='ocrx_word' id='word_1_191' title='bbox 985 652 1065 687; x_wconf 89' lang='lat' dir='ltr'><strong>primi</strong></span> <span class='ocrx_word' id='word_1_192' title='bbox 1093 651 1187 679; x_wconf 65' lang='lat' dir='ltr'><strong>saeculi</strong></span> <span class='ocrx_word' id='word_1_193' title='bbox 1213 650 1252 678; x_wconf 75' lang='lat' dir='ltr'><strong>sit;</strong></span> <span class='ocrx_word' id='word_1_194' title='bbox 1271 657 1352 684; x_wconf 84' lang='lat' dir='ltr'><strong>opus,</strong></span> <span class='ocrx_word' id='word_1_195' title='bbox 1369 649 1502 683; x_wconf 89' lang='lat' dir='ltr'><strong>scriptum</strong></span> <span class='ocrx_word' id='word_1_196' title='bbox 1519 653 1581 675; x_wconf 87' lang='lat' dir='ltr'><strong>ante</strong></span> <span class='ocrx_word' id='word_1_197' title='bbox 1597 649 1702 676; x_wconf 92' lang='lat' dir='ltr'><strong>consti-</strong></span> 
     </span>
    </p>
   </div>
   <div class='ocr_carea' id='block_1_28' title="bbox 902 692 1702 725">
    <p class='ocr_par' dir='ltr' id='par_1_28' title="bbox 902 692 1702 725">
     <span class='ocr_line' id='line_1_28' title="bbox 902 692 1702 725; baseline -0.006 -1"><span class='ocrx_word' id='word_1_198' title='bbox 902 702 992 724; x_wconf 88' lang='lat' dir='ltr'><strong>tututn</strong></span> <span class='ocrx_word' id='word_1_199' title='bbox 1016 696 1197 724; x_wconf 74' lang='lat' dir='ltr'><strong>coclesiarum</strong></span> <span class='ocrx_word' id='word_1_200' title='bbox 1211 702 1355 723; x_wconf 76' lang='lat' dir='ltr'><strong>consensu</strong></span> <span class='ocrx_word' id='word_1_201' title='bbox 1370 701 1516 725; x_wconf 73' lang='lat' dir='ltr'><strong>canentem,</strong></span> <span class='ocrx_word' id='word_1_202' title='bbox 1532 697 1559 720; x_wconf 91' lang='lat' dir='ltr'><strong>ct</strong></span> <span class='ocrx_word' id='word_1_203' title='bbox 1575 692 1645 720; x_wconf 89' lang='lat' dir='ltr'><strong>forte</strong></span> <span class='ocrx_word' id='word_1_204' title='bbox 1661 693 1702 720; x_wconf 91' lang='lat' dir='ltr'><strong>al-</strong></span> 
     </span>
    </p>
   </div>
   <div class='ocr_carea' id='block_1_29' title="bbox 903 739 1702 778">
    <p class='ocr_par' dir='ltr' id='par_1_29' title="bbox 903 739 1702 778">
     <span class='ocr_line' id='line_1_29' title="bbox 903 739 1702 778; baseline -0.008 -7"><span class='ocrx_word' id='word_1_205' title='bbox 903 744 990 772; x_wconf 89' lang='lat' dir='ltr'><strong>terius</strong></span> <span class='ocrx_word' id='word_1_206' title='bbox 1005 743 1125 778; x_wconf 89' lang='lat' dir='ltr'><strong>alicujus</strong></span> <span class='ocrx_word' id='word_1_207' title='bbox 1141 741 1308 770; x_wconf 68' lang='lat' dir='ltr'><strong>Clementzis.</strong></span> <span class='ocrx_word' id='word_1_208' title='bbox 1333 739 1396 767; x_wconf 72' lang='lat' dir='ltr'><strong>[hec</strong></span> <span class='ocrx_word' id='word_1_209' title='bbox 1410 747 1472 774; x_wconf 63' lang='lat' dir='ltr'><strong>quae</strong></span> <span class='ocrx_word' id='word_1_210' title='bbox 1486 739 1552 766; x_wconf 88' lang='lat' dir='ltr'><strong>mihi</strong></span> <span class='ocrx_word' id='word_1_211' title='bbox 1568 739 1638 771; x_wconf 88' lang='lat' dir='ltr'><strong>visa,</strong></span> <span class='ocrx_word' id='word_1_212' title='bbox 1655 746 1702 766; x_wconf 83' lang='lat' dir='ltr'><strong>ea-</strong></span> 
     </span>
    </p>
   </div>
   <div class='ocr_carea' id='block_1_30' title="bbox 901 785 1699 824">
    <p class='ocr_par' dir='ltr' id='par_1_30' title="bbox 901 785 1699 824">
     <span class='ocr_line' id='line_1_30' title="bbox 901 785 1699 824; baseline -0.008 -7"><span class='ocrx_word' id='word_1_213' title='bbox 901 791 964 818; x_wconf 89' lang='lat' dir='ltr'><strong>dem</strong></span> <span class='ocrx_word' id='word_1_214' title='bbox 978 790 1102 817; x_wconf 82' lang='lat' dir='ltr'><strong>libertate</strong></span> <span class='ocrx_word' id='word_1_215' title='bbox 1115 797 1168 824; x_wconf 90' lang='lat' dir='ltr'><strong>qua</strong></span> <span class='ocrx_word' id='word_1_216' title='bbox 1184 787 1309 823; x_wconf 70' lang='lat' dir='ltr'><strong>colloq‘ui</strong></span> <span class='ocrx_word' id='word_1_217' title='bbox 1324 790 1414 813; x_wconf 90' lang='lat' dir='ltr'><strong>tecum</strong></span> <span class='ocrx_word' id='word_1_218' title='bbox 1430 785 1495 812; x_wconf 90' lang='lat' dir='ltr'><strong>mihi</strong></span> <span class='ocrx_word' id='word_1_219' title='bbox 1510 792 1699 816; x_wconf 84' lang='lat' dir='ltr'><strong>concesseras,</strong></span> 
     </span>
    </p>
   </div>
   <div class='ocr_carea' id='block_1_31' title="bbox 902 831 1698 866">
    <p class='ocr_par' dir='ltr' id='par_1_31' title="bbox 902 831 1698 866">
     <span class='ocr_line' id='line_1_31' title="bbox 902 831 1698 866; baseline -0.01 -2"><span class='ocrx_word' id='word_1_220' title='bbox 902 836 935 864; x_wconf 87' lang='lat' dir='ltr'><strong>ad</strong></span> <span class='ocrx_word' id='word_1_221' title='bbox 946 836 1154 863; x_wconf 77' lang='lat' dir='ltr'><strong>cxactissimum</strong></span> <span class='ocrx_word' id='word_1_222' title='bbox 1169 835 1203 862; x_wconf 90' lang='lat' dir='ltr'><strong>de</strong></span> <span class='ocrx_word' id='word_1_223' title='bbox 1218 834 1304 862; x_wconf 79' lang='lat' dir='ltr'><strong>rebus</strong></span> <span class='ocrx_word' id='word_1_224' title='bbox 1319 831 1596 866; x_wconf 76' lang='lat' dir='ltr'><strong>oninibusjudicium</strong></span> <span class='ocrx_word' id='word_1_225' title='bbox 1610 834 1698 862; x_wconf 86' lang='lat' dir='ltr'><strong>tuum,</strong></span> 
     </span>
    </p>
   </div>
   <div class='ocr_carea' id='block_1_32' title="bbox 902 877 1700 918">
    <p class='ocr_par' dir='ltr' id='par_1_32' title="bbox 902 877 1700 918">
     <span class='ocr_line' id='line_1_32' title="bbox 902 877 1700 918; baseline -0.009 -7"><span class='ocrx_word' id='word_1_226' title='bbox 902 884 945 911; x_wconf 82' lang='lat' dir='ltr'><strong>vir</strong></span> <span class='ocrx_word' id='word_1_227' title='bbox 959 883 1033 910; x_wconf 89' lang='lat' dir='ltr'><strong>omni</strong></span> <span class='ocrx_word' id='word_1_228' title='bbox 1046 891 1078 910; x_wconf 78' lang='lat' dir='ltr'><strong>ex</strong></span> <span class='ocrx_word' id='word_1_229' title='bbox 1093 879 1418 918; x_wconf 83' lang='lat' dir='ltr'><strong>parteincomparabilis,</strong></span> <span class='ocrx_word' id='word_1_230' title='bbox 1431 878 1536 910; x_wconf 77' lang='lat' dir='ltr'><strong>defero,</strong></span> <span class='ocrx_word' id='word_1_231' title='bbox 1547 880 1600 905; x_wconf 87' lang='lat' dir='ltr'><strong>etc.</strong></span> <span class='ocrx_word' id='word_1_232' title='bbox 1614 877 1700 905; x_wconf 83' lang='lat' dir='ltr'><strong>Fran-</strong></span> 
     </span>
    </p>
   </div>
   <div class='ocr_carea' id='block_1_33' title="bbox 71 913 1218 966">
    <p class='ocr_par' dir='ltr' id='par_1_33' title="bbox 71 913 1218 966">
     <span class='ocr_line' id='line_1_33' title="bbox 71 913 1218 966; baseline 0 -10"><span class='ocrx_word' id='word_1_233' title='bbox 71 913 158 957; x_wconf 60' lang='lat' dir='ltr'><strong>reuiur.</strong></span> <span class='ocrx_word' id='word_1_234' title='bbox 179 930 273 966; x_wconf 81' lang='lat' dir='ltr'><strong>Neque</strong></span> <span class='ocrx_word' id='word_1_235' title='bbox 299 932 371 959; x_wconf 85' lang='lat' dir='ltr'><strong>enim</strong></span> <span class='ocrx_word' id='word_1_236' title='bbox 395 932 428 959; x_wconf 91' lang='lat' dir='ltr'><strong>de</strong></span> <span class='ocrx_word' id='word_1_237' title='bbox 450 932 536 959; x_wconf 85' lang='lat' dir='ltr'><strong>nihilo</strong></span> <span class='ocrx_word' id='word_1_238' title='bbox 556 913 608 964; x_wconf 78' lang='lat' dir='ltr'><strong>est,</strong></span> <span class='ocrx_word' id='word_1_239' title='bbox 632 930 704 966; x_wconf 88' lang='lat' dir='ltr'><strong>quod</strong></span> <span class='ocrx_word' id='word_1_240' title='bbox 720 913 849 957; x_wconf 52' lang='lat' dir='ltr'><strong>.Ponticis</strong></span> <span class='ocrx_word' id='word_1_241' title='bbox 866 913 888 941; x_wconf 75' lang='grc' dir='ltr'>Β</span> <span class='ocrx_word' id='word_1_242' title='bbox 903 930 1002 958; x_wconf 87' lang='lat' dir='ltr'><strong>cofurti</strong></span> <span class='ocrx_word' id='word_1_243' title='bbox 1020 913 1128 957; x_wconf 47' lang='lat' dir='ltr'><strong>&quot;lu-lii</strong></span> <span class='ocrx_word' id='word_1_244' title='bbox 1141 928 1218 956; x_wconf 69' lang='grc'><strong>1654.</strong></span> 
     </span>
    </p>
   </div>
   <div class='ocr_carea' id='block_1_34' title="bbox 71 975 847 1006">
    <p class='ocr_par' dir='ltr' id='par_1_34' title="bbox 71 975 847 1006">
     <span class='ocr_line' id='line_1_34' title="bbox 71 975 847 1006; baseline 0 -4"><span class='ocrx_word' id='word_1_245' title='bbox 71 975 218 1005; x_wconf 81' lang='lat' dir='ltr'><strong>Christianis</strong></span> <span class='ocrx_word' id='word_1_246' title='bbox 247 977 377 1006; x_wconf 84' lang='lat' dir='ltr'><strong>scribens</strong></span> <span class='ocrx_word' id='word_1_247' title='bbox 401 977 536 1006; x_wconf 76' lang='lat' dir='ltr'><strong>Petrus&quot;</strong></span> <span class='ocrx_word' id='word_1_248' title='bbox 564 982 619 1005; x_wconf 89' lang='lat' dir='ltr'><strong>tam</strong></span> <span class='ocrx_word' id='word_1_249' title='bbox 657 976 774 1006; x_wconf 88' lang='lat' dir='ltr'><strong>sollicite</strong></span> <span class='ocrx_word' id='word_1_250' title='bbox 797 982 847 1003; x_wconf 86' lang='lat' dir='ltr'><strong>eos</strong></span> 
     </span>
    </p>
   </div>
   <div class='ocr_carea' id='block_1_35' title="bbox 1693 1029 1703 1049">
    <p class='ocr_par' dir='ltr' id='par_1_35' title="bbox 1693 1029 1703 1049">
     <span class='ocr_line' id='line_1_35' title="bbox 1693 1029 1703 1049; baseline 0 0"><span class='ocrx_word' id='word_1_251' title='bbox 1693 1029 1703 1049; x_wconf 91' lang='lat'><strong><em>\</em></strong></span> 
     </span>
    </p>
   </div>
   <div class='ocr_carea' id='block_1_36' title="bbox 848 1045 886 1052">
    <p class='ocr_par' dir='ltr' id='par_1_36' title="bbox 848 1045 886 1052">
     <span class='ocr_line' id='line_1_36' title="bbox 848 1045 886 1052; baseline -0.026 0"><span class='ocrx_word' id='word_1_252' title='bbox 848 1045 886 1052; x_wconf 78' lang='grc'><strong>..-</strong></span> 
     </span>
    </p>
   </div>
   <div class='ocr_carea' id='block_1_37' title="bbox 294 1081 1452 1128">
    <p class='ocr_par' dir='ltr' id='par_1_37' title="bbox 294 1081 1452 1128">
     <span class='ocr_line' id='line_1_37' title="bbox 294 1081 1452 1128; baseline -0.006 -10"><span class='ocrx_word' id='word_1_253' title='bbox 294 1088 343 1118; x_wconf 76' lang='lat' dir='ltr'><strong>Ex</strong></span> <span class='ocrx_word' id='word_1_254' title='bbox 357 1087 420 1118; x_wconf 80' lang='lat' dir='ltr'><strong>alia</strong></span> <span class='ocrx_word' id='word_1_255' title='bbox 435 1087 573 1127; x_wconf 85' lang='lat' dir='ltr'><strong>epistola</strong></span> <span class='ocrx_word' id='word_1_256' title='bbox 590 1087 736 1128; x_wconf 80' lang='lat' dir='ltr'><strong>ejusdem</strong></span> <span class='ocrx_word' id='word_1_257' title='bbox 759 1087 929 1128; x_wconf 77' lang='lat' dir='ltr'><strong>Bignonii,</strong></span> <span class='ocrx_word' id='word_1_258' title='bbox 951 1097 977 1116; x_wconf 93' lang='lat' dir='ltr'><strong>a.</strong></span> <span class='ocrx_word' id='word_1_259' title='bbox 1011 1089 1038 1118; x_wconf 90' lang='lat' dir='ltr'><strong>d.</strong></span> <span class='ocrx_word' id='word_1_260' title='bbox 1062 1086 1101 1115; x_wconf 75' lang='lat'><strong>28</strong></span> <span class='ocrx_word' id='word_1_261' title='bbox 1116 1083 1255 1124; x_wconf 78' lang='lat' dir='ltr'><strong>Augusti</strong></span> <span class='ocrx_word' id='word_1_262' title='bbox 1274 1082 1351 1113; x_wconf 61' lang='lat' dir='ltr'><strong>163&#39;s</strong></span> <span class='ocrx_word' id='word_1_263' title='bbox 1371 1081 1452 1112; x_wconf 82' lang='lat' dir='ltr'><strong>data.</strong></span> 
     </span>
    </p>
   </div>
   <div class='ocr_carea' id='block_1_38' title="bbox 98 1147 847 1184">
    <p class='ocr_par' dir='ltr' id='par_1_38' title="bbox 98 1147 847 1184">
     <span class='ocr_line' id='line_1_38' title="bbox 98 1147 847 1184; baseline 0.001 -9"><span class='ocrx_word' id='word_1_264' title='bbox 98 1147 198 1176; x_wconf 83' lang='lat' dir='ltr'><strong>Gratias</strong></span> <span class='ocrx_word' id='word_1_265' title='bbox 210 1148 257 1175; x_wconf 90' lang='lat' dir='ltr'><strong>tibi</strong></span> <span class='ocrx_word' id='word_1_266' title='bbox 275 1155 346 1184; x_wconf 70' lang='lat' dir='ltr'><strong>ago,</strong></span> <span class='ocrx_word' id='word_1_267' title='bbox 361 1148 462 1176; x_wconf 88' lang='lat' dir='ltr'><strong>eruditi</strong></span> <span class='ocrx_word' id='word_1_268' title='bbox 486 1152 513 1176; x_wconf 88' lang='lat' dir='ltr'><strong>et</strong></span> <span class='ocrx_word' id='word_1_269' title='bbox 530 1149 609 1176; x_wconf 87' lang='lat' dir='ltr'><strong>solidi</strong></span> <span class='ocrx_word' id='word_1_270' title='bbox 631 1149 671 1176; x_wconf 91' lang='lat' dir='ltr'><strong>tui</strong></span> <span class='ocrx_word' id='word_1_271' title='bbox 691 1149 798 1184; x_wconf 89' lang='lat' dir='ltr'><strong>judicii,</strong></span> <span class='ocrx_word' id='word_1_272' title='bbox 814 1149 847 1176; x_wconf 85' lang='lat' dir='ltr'><strong>de</strong></span> 
     </span>
    </p>
   </div>
   <div class='ocr_carea' id='block_1_39' title="bbox 70 1193 847 1228">
    <p class='ocr_par' dir='ltr' id='par_1_39' title="bbox 70 1193 847 1228">
     <span class='ocr_line' id='line_1_39' title="bbox 70 1193 847 1228; baseline 0.001 -7"><span class='ocrx_word' id='word_1_273' title='bbox 70 1193 202 1226; x_wconf 85' lang='lat' dir='ltr'><strong>Clemente,</strong></span> <span class='ocrx_word' id='word_1_274' title='bbox 218 1202 318 1222; x_wconf 88' lang='lat' dir='ltr'><strong>causa.</strong></span> <span class='ocrx_word' id='word_1_275' title='bbox 337 1194 417 1222; x_wconf 87' lang='lat' dir='ltr'><strong>Solus</strong></span> <span class='ocrx_word' id='word_1_276' title='bbox 433 1194 515 1222; x_wconf 89' lang='lat' dir='ltr'><strong>hodie</strong></span> <span class='ocrx_word' id='word_1_277' title='bbox 530 1194 604 1222; x_wconf 73' lang='lat' dir='ltr'><strong>hora:</strong></span> <span class='ocrx_word' id='word_1_278' title='bbox 623 1198 761 1222; x_wconf 85' lang='lat' dir='ltr'><strong>momento</strong></span> <span class='ocrx_word' id='word_1_279' title='bbox 772 1195 847 1228; x_wconf 86' lang='lat' dir='ltr'><strong>ejus-</strong></span> 
     </span>
    </p>
   </div>
   <div class='ocr_carea' id='block_1_40' title="bbox 69 1240 848 1276">
    <p class='ocr_par' dir='ltr' id='par_1_40' title="bbox 69 1240 848 1276">
     <span class='ocr_line' id='line_1_40' title="bbox 69 1240 848 1276; baseline 0 -10"><span class='ocrx_word' id='word_1_280' title='bbox 69 1240 130 1267; x_wconf 86' lang='lat' dir='ltr'><strong>modi</strong></span> <span class='ocrx_word' id='word_1_281' title='bbox 147 1247 189 1268; x_wconf 93' lang='lat' dir='ltr'><strong>res</strong></span> <span class='ocrx_word' id='word_1_282' title='bbox 203 1240 338 1268; x_wconf 86' lang='lat' dir='ltr'><strong>dirimere</strong></span> <span class='ocrx_word' id='word_1_283' title='bbox 364 1245 454 1274; x_wconf 84' lang='lat' dir='ltr'><strong>potes.</strong></span> <span class='ocrx_word' id='word_1_284' title='bbox 482 1240 564 1276; x_wconf 89' lang='lat' dir='ltr'><strong>idque</strong></span> <span class='ocrx_word' id='word_1_285' title='bbox 591 1240 680 1267; x_wconf 84' lang='lat' dir='ltr'><strong>cuivis</strong></span> <span class='ocrx_word' id='word_1_286' title='bbox 706 1240 807 1267; x_wconf 67' lang='lat' dir='ltr'><strong>smculo</strong></span> <span class='ocrx_word' id='word_1_287' title='bbox 821 1243 848 1266; x_wconf 89' lang='lat' dir='ltr'><strong>et</strong></span> 
     </span>
    </p>
   </div>
   <div class='ocr_carea' id='block_1_41' title="bbox 70 1286 847 1322">
    <p class='ocr_par' dir='ltr' id='par_1_41' title="bbox 70 1286 847 1322">
     <span class='ocr_line' id='line_1_41' title="bbox 70 1286 847 1322; baseline 0 -10"><span class='ocrx_word' id='word_1_288' title='bbox 70 1286 192 1321; x_wconf 82' lang='lat' dir='ltr'><strong>scriptori,</strong></span> <span class='ocrx_word' id='word_1_289' title='bbox 209 1287 284 1322; x_wconf 91' lang='lat' dir='ltr'><strong>quod</strong></span> <span class='ocrx_word' id='word_1_290' title='bbox 300 1287 325 1314; x_wconf 90' lang='lat' dir='ltr'><strong>ei</strong></span> <span class='ocrx_word' id='word_1_291' title='bbox 335 1286 461 1319; x_wconf 87' lang='lat' dir='ltr'><strong>debetur,</strong></span> <span class='ocrx_word' id='word_1_292' title='bbox 474 1286 600 1318; x_wconf 87' lang='lat' dir='ltr'><strong>reddere,</strong></span> <span class='ocrx_word' id='word_1_293' title='bbox 613 1291 640 1314; x_wconf 90' lang='lat' dir='ltr'><strong>et</strong></span> <span class='ocrx_word' id='word_1_294' title='bbox 656 1286 788 1318; x_wconf 88' lang='lat' dir='ltr'><strong>fructum,</strong></span> <span class='ocrx_word' id='word_1_295' title='bbox 800 1286 847 1320; x_wconf 91' lang='lat' dir='ltr'><strong>qui</strong></span> 
     </span>
    </p>
   </div>
   <div class='ocr_carea' id='block_1_42' title="bbox 68 1332 847 1368">
    <p class='ocr_par' dir='ltr' id='par_1_42' title="bbox 68 1332 847 1368">
     <span class='ocr_line' id='line_1_42' title="bbox 68 1332 847 1368; baseline -0.001 -9"><span class='ocrx_word' id='word_1_296' title='bbox 68 1340 96 1359; x_wconf 71' lang='lat' dir='ltr'><strong>ex</strong></span> <span class='ocrx_word' id='word_1_297' title='bbox 109 1340 138 1360; x_wconf 90' lang='lat' dir='ltr'><strong>eo</strong></span> <span class='ocrx_word' id='word_1_298' title='bbox 154 1333 211 1368; x_wconf 89' lang='lat' dir='ltr'><strong>capi</strong></span> <span class='ocrx_word' id='word_1_299' title='bbox 236 1333 342 1368; x_wconf 84' lang='lat' dir='ltr'><strong>possit,</strong></span> <span class='ocrx_word' id='word_1_300' title='bbox 356 1333 512 1361; x_wconf 86' lang='lat' dir='ltr'><strong>ostendere.</strong></span> <span class='ocrx_word' id='word_1_301' title='bbox 529 1333 694 1361; x_wconf 76' lang='lat' dir='ltr'><strong>nationibus</strong></span> <span class='ocrx_word' id='word_1_302' title='bbox 709 1333 764 1360; x_wconf 92' lang='lat' dir='ltr'><strong>tuis</strong></span> <span class='ocrx_word' id='word_1_303' title='bbox 781 1332 847 1359; x_wconf 88' lang='lat' dir='ltr'><strong>nihil</strong></span> 
     </span>
    </p>
   </div>
   <div class='ocr_carea' id='block_1_43' title="bbox 68 1379 849 1416">
    <p class='ocr_par' dir='ltr' id='par_1_43' title="bbox 68 1379 849 1416">
     <span class='ocr_line' id='line_1_43' title="bbox 68 1379 849 1416; baseline 0.001 -12"><span class='ocrx_word' id='word_1_304' title='bbox 68 1379 179 1414; x_wconf 78' lang='lat' dir='ltr'><strong>estquod</strong></span> <span class='ocrx_word' id='word_1_305' title='bbox 194 1380 356 1414; x_wconf 87' lang='lat' dir='ltr'><strong>objieiatur,</strong></span> <span class='ocrx_word' id='word_1_306' title='bbox 371 1379 523 1416; x_wconf 74' lang='lat' dir='ltr'><strong>iudiciique</strong></span> <span class='ocrx_word' id='word_1_307' title='bbox 538 1380 578 1408; x_wconf 89' lang='lat' dir='ltr'><strong>tui</strong></span> <span class='ocrx_word' id='word_1_308' title='bbox 600 1379 792 1407; x_wconf 86' lang='lat' dir='ltr'><strong>auctoritatem</strong></span> <span class='ocrx_word' id='word_1_309' title='bbox 809 1379 849 1406; x_wconf 90' lang='lat' dir='ltr'><strong>ir-</strong></span> 
     </span>
    </p>
   </div>
   <div class='ocr_carea' id='block_1_44' title="bbox 68 1423 845 1461">
    <p class='ocr_par' dir='ltr' id='par_1_44' title="bbox 68 1423 845 1461">
     <span class='ocr_line' id='line_1_44' title="bbox 68 1423 845 1461; baseline 0.001 -11"><span class='ocrx_word' id='word_1_310' title='bbox 68 1423 244 1459; x_wconf 76' lang='lat' dir='ltr'><strong>refragabilem</strong></span> <span class='ocrx_word' id='word_1_311' title='bbox 269 1433 336 1453; x_wconf 86' lang='lat' dir='ltr'><strong>esse</strong></span> <span class='ocrx_word' id='word_1_312' title='bbox 357 1433 407 1460; x_wconf 87' lang='lat' dir='ltr'><strong>par</strong></span> <span class='ocrx_word' id='word_1_313' title='bbox 421 1431 473 1454; x_wconf 91' lang='lat' dir='ltr'><strong>est.</strong></span> <span class='ocrx_word' id='word_1_314' title='bbox 493 1425 648 1454; x_wconf 89' lang='lat' dir='ltr'><strong>Genuinum</strong></span> <span class='ocrx_word' id='word_1_315' title='bbox 662 1425 771 1461; x_wconf 90' lang='lat' dir='ltr'><strong>quidem</strong></span> <span class='ocrx_word' id='word_1_316' title='bbox 785 1432 845 1452; x_wconf 90' lang='lat' dir='ltr'><strong>om-</strong></span> 
     </span>
    </p>
   </div>
   <div class='ocr_carea' id='block_1_45' title="bbox 69 1469 846 1507">
    <p class='ocr_par' dir='ltr' id='par_1_45' title="bbox 69 1469 846 1507">
     <span class='ocr_line' id='line_1_45' title="bbox 69 1469 846 1507; baseline 0.004 -12"><span class='ocrx_word' id='word_1_317' title='bbox 69 1469 124 1496; x_wconf 90' lang='lat' dir='ltr'><strong>nino</strong></span> <span class='ocrx_word' id='word_1_318' title='bbox 137 1475 344 1498; x_wconf 86' lang='lat' dir='ltr'><strong>monumentum</strong></span> <span class='ocrx_word' id='word_1_319' title='bbox 360 1471 411 1499; x_wconf 83' lang='lat' dir='ltr'><strong>lloc</strong></span> <span class='ocrx_word' id='word_1_320' title='bbox 428 1480 490 1500; x_wconf 89' lang='lat' dir='ltr'><strong>esse</strong></span> <span class='ocrx_word' id='word_1_321' title='bbox 506 1477 677 1507; x_wconf 75' lang='lat' dir='ltr'><strong>putaveram,</strong></span> <span class='ocrx_word' id='word_1_322' title='bbox 695 1471 742 1500; x_wconf 90' lang='lat' dir='ltr'><strong>sed</strong></span> <span class='ocrx_word' id='word_1_323' title='bbox 756 1471 846 1506; x_wconf 90' lang='lat' dir='ltr'><strong>suspi-</strong></span> 
     </span>
    </p>
   </div>
   <div class='ocr_carea' id='block_1_46' title="bbox 69 1516 846 1554">
    <p class='ocr_par' dir='ltr' id='par_1_46' title="bbox 69 1516 846 1554">
     <span class='ocr_line' id='line_1_46' title="bbox 69 1516 846 1554; baseline 0.004 -12"><span class='ocrx_word' id='word_1_324' title='bbox 69 1516 141 1543; x_wconf 79' lang='lat' dir='ltr'><strong>cabar</strong></span> <span class='ocrx_word' id='word_1_325' title='bbox 158 1517 181 1544; x_wconf 93' lang='lat' dir='ltr'><strong>ei</strong></span> <span class='ocrx_word' id='word_1_326' title='bbox 196 1517 327 1552; x_wconf 87' lang='lat' dir='ltr'><strong>periodos</strong></span> <span class='ocrx_word' id='word_1_327' title='bbox 343 1523 390 1545; x_wconf 90' lang='lat' dir='ltr'><strong>aut</strong></span> <span class='ocrx_word' id='word_1_328' title='bbox 402 1526 485 1547; x_wconf 80' lang='lat' dir='ltr'><strong>voces</strong></span> <span class='ocrx_word' id='word_1_329' title='bbox 506 1519 610 1554; x_wconf 86' lang='lat' dir='ltr'><strong>aliquot</strong></span> <span class='ocrx_word' id='word_1_330' title='bbox 630 1527 645 1546; x_wconf 90' lang='lat' dir='ltr'><strong>a</strong></span> <span class='ocrx_word' id='word_1_331' title='bbox 665 1519 785 1546; x_wconf 89' lang='lat' dir='ltr'><strong>librariis</strong></span> <span class='ocrx_word' id='word_1_332' title='bbox 799 1526 846 1546; x_wconf 81' lang='lat' dir='ltr'><strong>as-</strong></span> 
     </span>
    </p>
   </div>
   <div class='ocr_carea' id='block_1_47' title="bbox 904 1139 1696 1185">
    <p class='ocr_par' dir='ltr' id='par_1_47' title="bbox 904 1139 1696 1185">
     <span class='ocr_line' id='line_1_47' title="bbox 904 1139 1696 1185; baseline -0.011 -8"><span class='ocrx_word' id='word_1_333' title='bbox 904 1149 1031 1185; x_wconf 83' lang='lat' dir='ltr'><strong>ptoribus</strong></span> <span class='ocrx_word' id='word_1_334' title='bbox 1048 1145 1216 1174; x_wconf 86' lang='lat' dir='ltr'><strong>Christianis</strong></span> <span class='ocrx_word' id='word_1_335' title='bbox 1232 1149 1327 1180; x_wconf 86' lang='lat' dir='ltr'><strong>postea</strong></span> <span class='ocrx_word' id='word_1_336' title='bbox 1339 1143 1472 1174; x_wconf 84' lang='lat' dir='ltr'><strong>adhibita,</strong></span> <span class='ocrx_word' id='word_1_337' title='bbox 1490 1140 1602 1176; x_wconf 85' lang='lat' dir='ltr'><strong>scriptis</strong></span> <span class='ocrx_word' id='word_1_338' title='bbox 1614 1139 1696 1175; x_wconf 88' lang='lat' dir='ltr'><strong>primi</strong></span> 
     </span>
    </p>
   </div>
   <div class='ocr_carea' id='block_1_48' title="bbox 903 1186 1698 1228">
    <p class='ocr_par' dir='ltr' id='par_1_48' title="bbox 903 1186 1698 1228">
     <span class='ocr_line' id='line_1_48' title="bbox 903 1186 1698 1228; baseline -0.016 -3"><span class='ocrx_word' id='word_1_339' title='bbox 903 1195 1074 1225; x_wconf 80' lang='lat' dir='ltr'><strong>successoris</strong></span> <span class='ocrx_word' id='word_1_340' title='bbox 1100 1191 1290 1228; x_wconf 89' lang='lat' dir='ltr'><strong>apostolorum</strong></span> <span class='ocrx_word' id='word_1_341' title='bbox 1307 1189 1445 1224; x_wconf 84' lang='lat' dir='ltr'><strong>Principis</strong></span> <span class='ocrx_word' id='word_1_342' title='bbox 1477 1191 1532 1215; x_wconf 87' lang='lat' dir='ltr'><strong>non</strong></span> <span class='ocrx_word' id='word_1_343' title='bbox 1549 1191 1591 1214; x_wconf 88' lang='lat' dir='ltr'><strong>sat</strong></span> <span class='ocrx_word' id='word_1_344' title='bbox 1611 1186 1698 1222; x_wconf 72' lang='lat' dir='ltr'><strong>diguav</strong></span> 
     </span>
    </p>
   </div>
   <div class='ocr_carea' id='block_1_49' title="bbox 903 1231 1696 1276">
    <p class='ocr_par' dir='ltr' id='par_1_49' title="bbox 903 1231 1696 1276">
     <span class='ocr_line' id='line_1_49' title="bbox 903 1231 1696 1276; baseline -0.016 -5"><span class='ocrx_word' id='word_1_345' title='bbox 903 1243 1024 1274; x_wconf 88' lang='lat' dir='ltr'><strong>videtur,</strong></span> <span class='ocrx_word' id='word_1_346' title='bbox 1046 1239 1198 1276; x_wconf 67' lang='lat' dir='ltr'><strong>prmsertim</strong></span> <span class='ocrx_word' id='word_1_347' title='bbox 1213 1242 1254 1265; x_wconf 88' lang='lat' dir='ltr'><strong>tot</strong></span> <span class='ocrx_word' id='word_1_348' title='bbox 1267 1236 1358 1264; x_wconf 83' lang='lat' dir='ltr'><strong>verbis</strong></span> <span class='ocrx_word' id='word_1_349' title='bbox 1374 1236 1509 1270; x_wconf 80' lang='lat' dir='ltr'><strong>exposita.</strong></span> <span class='ocrx_word' id='word_1_350' title='bbox 1522 1232 1632 1268; x_wconf 84' lang='lat' dir='ltr'><strong>Alioqui</strong></span> <span class='ocrx_word' id='word_1_351' title='bbox 1643 1231 1696 1259; x_wconf 87' lang='lat' dir='ltr'><strong>mi-</strong></span> 
     </span>
    </p>
   </div>
   <div class='ocr_carea' id='block_1_50' title="bbox 902 1285 1694 1321">
    <p class='ocr_par' dir='ltr' id='par_1_50' title="bbox 902 1285 1694 1321">
     <span class='ocr_line' id='line_1_50' title="bbox 902 1285 1694 1321; baseline -0.016 -3"><span class='ocrx_word' id='word_1_352' title='bbox 902 1298 966 1318; x_wconf 91' lang='lat' dir='ltr'><strong>rum</strong></span> <span class='ocrx_word' id='word_1_353' title='bbox 996 1288 1084 1316; x_wconf 87' lang='lat' dir='ltr'><strong>videri</strong></span> <span class='ocrx_word' id='word_1_354' title='bbox 1118 1294 1173 1314; x_wconf 92' lang='lat' dir='ltr'><strong>non</strong></span> <span class='ocrx_word' id='word_1_355' title='bbox 1195 1285 1282 1321; x_wconf 86' lang='lat' dir='ltr'><strong>possit</strong></span> <span class='ocrx_word' id='word_1_356' title='bbox 1297 1290 1360 1312; x_wconf 91' lang='lat' dir='ltr'><strong>eum</strong></span> <span class='ocrx_word' id='word_1_357' title='bbox 1380 1290 1442 1310; x_wconf 88' lang='lat' dir='ltr'><strong>esse</strong></span> <span class='ocrx_word' id='word_1_358' title='bbox 1460 1289 1540 1308; x_wconf 91' lang='lat' dir='ltr'><strong>usum</strong></span> <span class='ocrx_word' id='word_1_359' title='bbox 1564 1285 1694 1315; x_wconf 80' lang='lat' dir='ltr'><strong>opinione</strong></span> 
     </span>
    </p>
   </div>
   <div class='ocr_carea' id='block_1_51' title="bbox 903 1326 1694 1370">
    <p class='ocr_par' dir='ltr' id='par_1_51' title="bbox 903 1326 1694 1370">
     <span class='ocr_line' id='line_1_51' title="bbox 903 1326 1694 1370; baseline -0.016 -6"><span class='ocrx_word' id='word_1_360' title='bbox 903 1342 969 1364; x_wconf 87' lang='lat' dir='ltr'><strong>tunc</strong></span> <span class='ocrx_word' id='word_1_361' title='bbox 993 1334 1124 1370; x_wconf 88' lang='lat' dir='ltr'><strong>temporis</strong></span> <span class='ocrx_word' id='word_1_362' title='bbox 1145 1335 1267 1367; x_wconf 86' lang='lat' dir='ltr'><strong>recepta,</strong></span> <span class='ocrx_word' id='word_1_363' title='bbox 1293 1334 1323 1358; x_wconf 92' lang='lat' dir='ltr'><strong>ut</strong></span> <span class='ocrx_word' id='word_1_364' title='bbox 1345 1328 1471 1357; x_wconf 86' lang='lat' dir='ltr'><strong>ethnicos</strong></span> <span class='ocrx_word' id='word_1_365' title='bbox 1496 1327 1530 1355; x_wconf 93' lang='lat' dir='ltr'><strong>ad</strong></span> <span class='ocrx_word' id='word_1_366' title='bbox 1549 1326 1694 1354; x_wconf 78' lang='lat' dir='ltr'><strong>veritatem</strong></span> 
     </span>
    </p>
   </div>
   <div class='ocr_carea' id='block_1_52' title="bbox 901 1373 1743 1413">
    <p class='ocr_par' dir='ltr' id='par_1_52' title="bbox 901 1373 1743 1413">
     <span class='ocr_line' id='line_1_52' title="bbox 901 1373 1743 1413; baseline -0.015 -3"><span class='ocrx_word' id='word_1_367' title='bbox 901 1382 1032 1410; x_wconf 67' lang='lat' dir='ltr'><strong>doctrinm</strong></span> <span class='ocrx_word' id='word_1_368' title='bbox 1043 1379 1205 1408; x_wconf 62' lang='lat' dir='ltr'><strong>Christianae</strong></span> <span class='ocrx_word' id='word_1_369' title='bbox 1217 1377 1326 1413; x_wconf 87' lang='lat' dir='ltr'><strong>plenius</strong></span> <span class='ocrx_word' id='word_1_370' title='bbox 1335 1374 1531 1403; x_wconf 84' lang='lat' dir='ltr'><strong>admittendam</strong></span> <span class='ocrx_word' id='word_1_371' title='bbox 1547 1373 1693 1402; x_wconf 83' lang='lat' dir='ltr'><strong>invitaret;</strong></span> <span class='ocrx_word' id='word_1_372' title='bbox 1741 1386 1743 1388; x_wconf 98' lang='lat'><strong><em>-</em></strong></span> 
     </span>
    </p>
   </div>
   <div class='ocr_carea' id='block_1_53' title="bbox 901 1418 1692 1464">
    <p class='ocr_par' dir='ltr' id='par_1_53' title="bbox 901 1418 1692 1464">
     <span class='ocr_line' id='line_1_53' title="bbox 901 1418 1692 1464; baseline -0.016 -8"><span class='ocrx_word' id='word_1_373' title='bbox 901 1428 1040 1464; x_wconf 89' lang='lat' dir='ltr'><strong>quomodo</strong></span> <span class='ocrx_word' id='word_1_374' title='bbox 1049 1431 1075 1455; x_wconf 81' lang='lat' dir='ltr'><strong>et</strong></span> <span class='ocrx_word' id='word_1_375' title='bbox 1085 1426 1185 1453; x_wconf 82' lang='lat' dir='ltr'><strong>Paulus</strong></span> <span class='ocrx_word' id='word_1_376' title='bbox 1196 1432 1262 1452; x_wconf 86' lang='lat' dir='ltr'><strong>usus</strong></span> <span class='ocrx_word' id='word_1_377' title='bbox 1275 1427 1318 1451; x_wconf 87' lang='lat' dir='ltr'><strong>est</strong></span> <span class='ocrx_word' id='word_1_378' title='bbox 1330 1421 1511 1457; x_wconf 88' lang='lat' dir='ltr'><strong>inscriptione</strong></span> <span class='ocrx_word' id='word_1_379' title='bbox 1523 1419 1570 1446; x_wconf 88' lang='lat' dir='ltr'><strong>Dei</strong></span> <span class='ocrx_word' id='word_1_380' title='bbox 1581 1418 1663 1454; x_wconf 79' lang='lat' dir='ltr'><strong>ignoti</strong></span> <span class='ocrx_word' id='word_1_381' title='bbox 1671 1418 1692 1449; x_wconf 84' lang='grc'><strong>⁸,</strong></span> 
     </span>
    </p>
   </div>
   <div class='ocr_carea' id='block_1_54' title="bbox 901 1464 1695 1510">
    <p class='ocr_par' dir='ltr' id='par_1_54' title="bbox 901 1464 1695 1510">
     <span class='ocr_line' id='line_1_54' title="bbox 901 1464 1695 1510; baseline -0.015 -9"><span class='ocrx_word' id='word_1_382' title='bbox 901 1474 1029 1510; x_wconf 88' lang='lat' dir='ltr'><strong>quamvis</strong></span> <span class='ocrx_word' id='word_1_383' title='bbox 1054 1472 1188 1500; x_wconf 77' lang='lat' dir='ltr'><strong>sententia</strong></span> <span class='ocrx_word' id='word_1_384' title='bbox 1203 1470 1312 1497; x_wconf 84' lang='lat' dir='ltr'><strong>diversa</strong></span> <span class='ocrx_word' id='word_1_385' title='bbox 1325 1468 1359 1495; x_wconf 91' lang='lat' dir='ltr'><strong>ab</strong></span> <span class='ocrx_word' id='word_1_386' title='bbox 1375 1467 1504 1503; x_wconf 88' lang='lat' dir='ltr'><strong>opinione</strong></span> <span class='ocrx_word' id='word_1_387' title='bbox 1523 1464 1629 1500; x_wconf 71' lang='lat' dir='ltr'><strong>vulgari</strong></span> <span class='ocrx_word' id='word_1_388' title='bbox 1651 1467 1695 1489; x_wconf 86' lang='lat' dir='ltr'><strong>at-</strong></span> 
     </span>
    </p>
   </div>
   <div class='ocr_carea' id='block_1_55' title="bbox 901 1511 1695 1556">
    <p class='ocr_par' dir='ltr' id='par_1_55' title="bbox 901 1511 1695 1556">
     <span class='ocr_line' id='line_1_55' title="bbox 901 1511 1695 1556; baseline -0.015 -8"><span class='ocrx_word' id='word_1_389' title='bbox 901 1528 956 1556; x_wconf 90' lang='lat' dir='ltr'><strong>que</strong></span> <span class='ocrx_word' id='word_1_390' title='bbox 965 1519 1152 1554; x_wconf 88' lang='lat' dir='ltr'><strong>inscriptionis</strong></span> <span class='ocrx_word' id='word_1_391' title='bbox 1167 1517 1226 1545; x_wconf 89' lang='lat' dir='ltr'><strong>basi</strong></span> <span class='ocrx_word' id='word_1_392' title='bbox 1240 1523 1295 1543; x_wconf 70' lang='lat' dir='ltr'><strong>ara:</strong></span> <span class='ocrx_word' id='word_1_393' title='bbox 1310 1514 1464 1548; x_wconf 74' lang='lat' dir='ltr'><strong>insculpttc.</strong></span> <span class='ocrx_word' id='word_1_394' title='bbox 1483 1511 1616 1539; x_wconf 84' lang='lat' dir='ltr'><strong>Putabam</strong></span> <span class='ocrx_word' id='word_1_395' title='bbox 1628 1516 1695 1544; x_wconf 76' lang='lat' dir='ltr'><strong>ergo</strong></span> 
     </span>
    </p>
   </div>
   <div class='ocr_carea' id='block_1_56' title="bbox 69 1555 1693 1601">
    <p class='ocr_par' dir='ltr' id='par_1_56' title="bbox 69 1555 1693 1601">
     <span class='ocr_line' id='line_1_56' title="bbox 69 1555 1693 1601; baseline -0.004 -13"><span class='ocrx_word' id='word_1_396' title='bbox 69 1566 144 1590; x_wconf 87' lang='lat' dir='ltr'><strong>sutas.</strong></span> <span class='ocrx_word' id='word_1_397' title='bbox 161 1563 199 1590; x_wconf 89' lang='lat' dir='ltr'><strong>Tu</strong></span> <span class='ocrx_word' id='word_1_398' title='bbox 221 1573 285 1592; x_wconf 86' lang='lat' dir='ltr'><strong>vero</strong></span> <span class='ocrx_word' id='word_1_399' title='bbox 300 1565 474 1593; x_wconf 85' lang='lat' dir='ltr'><strong>dubitatione</strong></span> <span class='ocrx_word' id='word_1_400' title='bbox 491 1566 536 1594; x_wconf 87' lang='lat' dir='ltr'><strong>illa</strong></span> <span class='ocrx_word' id='word_1_401' title='bbox 551 1574 594 1594; x_wconf 90' lang='lat' dir='ltr'><strong>me</strong></span> <span class='ocrx_word' id='word_1_402' title='bbox 606 1566 691 1598; x_wconf 84' lang='lat' dir='ltr'><strong>levas,</strong></span> <span class='ocrx_word' id='word_1_403' title='bbox 704 1566 757 1593; x_wconf 91' lang='lat' dir='ltr'><strong>nisi</strong></span> <span class='ocrx_word' id='word_1_404' title='bbox 773 1565 844 1600; x_wconf 90' lang='lat' dir='ltr'><strong>quod</strong></span> <span class='ocrx_word' id='word_1_405' title='bbox 860 1555 882 1584; x_wconf 63' lang='grc' dir='ltr'><strong>(ἶ</strong></span> <span class='ocrx_word' id='word_1_406' title='bbox 900 1555 1114 1601; x_wconf 89' lang='lat' dir='ltr'><strong>descriptionem</strong></span> <span class='ocrx_word' id='word_1_407' title='bbox 1130 1562 1264 1599; x_wconf 76' lang='lat' dir='ltr'><strong>phmnieis</strong></span> <span class='ocrx_word' id='word_1_408' title='bbox 1280 1561 1415 1595; x_wconf 88' lang='lat' dir='ltr'><strong>adjectam</strong></span> <span class='ocrx_word' id='word_1_409' title='bbox 1427 1559 1462 1586; x_wconf 90' lang='lat' dir='ltr'><strong>ab</strong></span> <span class='ocrx_word' id='word_1_410' title='bbox 1474 1558 1527 1585; x_wconf 90' lang='lat' dir='ltr'><strong>alio</strong></span> <span class='ocrx_word' id='word_1_411' title='bbox 1540 1556 1625 1584; x_wconf 89' lang='lat' dir='ltr'><strong>fuisse</strong></span> <span class='ocrx_word' id='word_1_412' title='bbox 1639 1563 1693 1582; x_wconf 74' lang='lat' dir='ltr'><strong>nu~</strong></span> 
     </span>
    </p>
   </div>
   <div class='ocr_carea' id='block_1_57' title="bbox 69 1609 846 1644">
    <p class='ocr_par' dir='ltr' id='par_1_57' title="bbox 69 1609 846 1644">
     <span class='ocr_line' id='line_1_57' title="bbox 69 1609 846 1644; baseline 0.01 -10"><span class='ocrx_word' id='word_1_413' title='bbox 69 1609 176 1636; x_wconf 78' lang='lat' dir='ltr'><strong>narratio</strong></span> <span class='ocrx_word' id='word_1_414' title='bbox 185 1610 218 1638; x_wconf 90' lang='lat' dir='ltr'><strong>de</strong></span> <span class='ocrx_word' id='word_1_415' title='bbox 232 1610 363 1644; x_wconf 67' lang='lat' dir='ltr'><strong>phoenice</strong></span> <span class='ocrx_word' id='word_1_416' title='bbox 374 1619 416 1639; x_wconf 91' lang='lat' dir='ltr'><strong>me</strong></span> <span class='ocrx_word' id='word_1_417' title='bbox 427 1613 576 1640; x_wconf 88' lang='lat' dir='ltr'><strong>etiamnum</strong></span> <span class='ocrx_word' id='word_1_418' title='bbox 586 1612 712 1640; x_wconf 86' lang='lat' dir='ltr'><strong>nonnihil</strong></span> <span class='ocrx_word' id='word_1_419' title='bbox 723 1612 846 1642; x_wconf 84' lang='lat' dir='ltr'><strong>otl‘endit:</strong></span> 
     </span>
    </p>
   </div>
   <div class='ocr_carea' id='block_1_58' title="bbox 69 1657 848 1696">
    <p class='ocr_par' dir='ltr' id='par_1_58' title="bbox 69 1657 848 1696">
     <span class='ocr_line' id='line_1_58' title="bbox 69 1657 848 1696; baseline 0.008 -16"><span class='ocrx_word' id='word_1_420' title='bbox 69 1657 155 1690; x_wconf 80' lang='lat' dir='ltr'><strong>quippe</strong></span> <span class='ocrx_word' id='word_1_421' title='bbox 162 1664 220 1690; x_wconf 73' lang='lat' dir='ltr'><strong>quae</strong></span> <span class='ocrx_word' id='word_1_422' title='bbox 225 1657 367 1692; x_wconf 89' lang='lat' dir='ltr'><strong>copiosior</strong></span> <span class='ocrx_word' id='word_1_423' title='bbox 376 1663 450 1686; x_wconf 86' lang='lat' dir='ltr'><strong>estet</strong></span> <span class='ocrx_word' id='word_1_424' title='bbox 459 1659 686 1696; x_wconf 74' lang='grc' dir='ltr'><strong>σοφιστικωτέρα,</strong></span> <span class='ocrx_word' id='word_1_425' title='bbox 698 1667 780 1694; x_wconf 89' lang='lat' dir='ltr'><strong>quam</strong></span> <span class='ocrx_word' id='word_1_426' title='bbox 790 1663 848 1695; x_wconf 82' lang='lat' dir='ltr'><strong>sty-</strong></span> 
     </span>
    </p>
   </div>
   <div class='ocr_carea' id='block_1_59' title="bbox 69 1698 848 1740">
    <p class='ocr_par' dir='ltr' id='par_1_59' title="bbox 69 1698 848 1740">
     <span class='ocr_line' id='line_1_59' title="bbox 69 1698 848 1740; baseline 0.009 -15"><span class='ocrx_word' id='word_1_427' title='bbox 69 1698 105 1727; x_wconf 92' lang='lat' dir='ltr'><strong>lus</strong></span> <span class='ocrx_word' id='word_1_428' title='bbox 118 1702 278 1736; x_wconf 86' lang='lat' dir='ltr'><strong>apostolicus</strong></span> <span class='ocrx_word' id='word_1_429' title='bbox 289 1703 422 1739; x_wconf 90' lang='lat' dir='ltr'><strong>patiatur.</strong></span> <span class='ocrx_word' id='word_1_430' title='bbox 440 1704 476 1731; x_wconf 88' lang='lat' dir='ltr'><strong>Ea</strong></span> <span class='ocrx_word' id='word_1_431' title='bbox 493 1704 596 1738; x_wconf 85' lang='lat' dir='ltr'><strong>fabula,</strong></span> <span class='ocrx_word' id='word_1_432' title='bbox 611 1705 737 1740; x_wconf 86' lang='lat' dir='ltr'><strong>quamvis</strong></span> <span class='ocrx_word' id='word_1_433' title='bbox 747 1712 762 1731; x_wconf 86' lang='lat' dir='ltr'><strong>a</strong></span> <span class='ocrx_word' id='word_1_434' title='bbox 776 1705 848 1732; x_wconf 89' lang='lat' dir='ltr'><strong>scri-</strong></span> 
     </span>
    </p>
   </div>
   <div class='ocr_carea' id='block_1_60' title="bbox 901 1602 1694 1648">
    <p class='ocr_par' dir='ltr' id='par_1_60' title="bbox 901 1602 1694 1648">
     <span class='ocr_line' id='line_1_60' title="bbox 901 1602 1694 1648; baseline -0.016 -7"><span class='ocrx_word' id='word_1_435' title='bbox 901 1613 943 1641; x_wconf 73' lang='lat' dir='ltr'><strong>da:</strong></span> <span class='ocrx_word' id='word_1_436' title='bbox 956 1613 1017 1648; x_wconf 88' lang='lat' dir='ltr'><strong>ejus</strong></span> <span class='ocrx_word' id='word_1_437' title='bbox 1032 1610 1175 1643; x_wconf 87' lang='lat' dir='ltr'><strong>mentioni,</strong></span> <span class='ocrx_word' id='word_1_438' title='bbox 1187 1618 1202 1637; x_wconf 90' lang='lat' dir='ltr'><strong>a</strong></span> <span class='ocrx_word' id='word_1_439' title='bbox 1215 1608 1355 1636; x_wconf 88' lang='lat' dir='ltr'><strong>Clemente</strong></span> <span class='ocrx_word' id='word_1_440' title='bbox 1367 1607 1456 1635; x_wconf 86' lang='lat' dir='ltr'><strong>obiter</strong></span> <span class='ocrx_word' id='word_1_441' title='bbox 1466 1605 1589 1640; x_wconf 68' lang='lat' dir='ltr'><strong>injectm;</strong></span> <span class='ocrx_word' id='word_1_442' title='bbox 1605 1602 1654 1630; x_wconf 87' lang='lat' dir='ltr'><strong>sed</strong></span> <span class='ocrx_word' id='word_1_443' title='bbox 1666 1602 1694 1628; x_wconf 89' lang='lat' dir='ltr'><strong>in</strong></span> 
     </span>
    </p>
   </div>
   <div class='ocr_carea' id='block_1_61' title="bbox 901 1653 1694 1691">
    <p class='ocr_par' dir='ltr' id='par_1_61' title="bbox 901 1653 1694 1691">
     <span class='ocr_line' id='line_1_61' title="bbox 901 1653 1694 1691; baseline -0.011 -5"><span class='ocrx_word' id='word_1_444' title='bbox 901 1659 1015 1687; x_wconf 87' lang='lat' dir='ltr'><strong>meliore</strong></span> <span class='ocrx_word' id='word_1_445' title='bbox 1028 1664 1075 1686; x_wconf 85' lang='lat' dir='ltr'><strong>tua</strong></span> <span class='ocrx_word' id='word_1_446' title='bbox 1087 1657 1224 1686; x_wconf 87' lang='lat' dir='ltr'><strong>sententia</strong></span> <span class='ocrx_word' id='word_1_447' title='bbox 1239 1655 1397 1691; x_wconf 84' lang='lat' dir='ltr'><strong>acquiesco,</strong></span> <span class='ocrx_word' id='word_1_448' title='bbox 1420 1662 1471 1681; x_wconf 88' lang='lat' dir='ltr'><strong>nec</strong></span> <span class='ocrx_word' id='word_1_449' title='bbox 1487 1659 1577 1680; x_wconf 90' lang='lat' dir='ltr'><strong>meum</strong></span> <span class='ocrx_word' id='word_1_450' title='bbox 1594 1654 1636 1679; x_wconf 92' lang='lat' dir='ltr'><strong>cst</strong></span> <span class='ocrx_word' id='word_1_451' title='bbox 1651 1653 1694 1677; x_wconf 88' lang='lat' dir='ltr'><strong>te-</strong></span> 
     </span>
    </p>
   </div>
   <div class='ocr_carea' id='block_1_62' title="bbox 901 1705 1327 1733">
    <p class='ocr_par' dir='ltr' id='par_1_62' title="bbox 901 1705 1327 1733">
     <span class='ocr_line' id='line_1_62' title="bbox 901 1705 1327 1733; baseline -0.009 0"><span class='ocrx_word' id='word_1_452' title='bbox 901 1713 964 1733; x_wconf 90' lang='lat' dir='ltr'><strong>cum</strong></span> <span class='ocrx_word' id='word_1_453' title='bbox 980 1705 1158 1733; x_wconf 84' lang='lat' dir='ltr'><strong>contendere.</strong></span> <span class='ocrx_word' id='word_1_454' title='bbox 1325 1711 1327 1715; x_wconf 63' lang='grc' dir='ltr'><strong>λ</strong></span> 
     </span>
    </p>
   </div>
   <div class='ocr_carea' id='block_1_63' title="bbox 63 1776 1694 1856">
    <p class='ocr_par' dir='ltr' id='par_1_63' title="bbox 63 1776 1694 1856">
     <span class='ocr_line' id='line_1_63' title="bbox 63 1776 1694 1856; baseline -0.001 -47"><span class='ocrx_word' id='word_1_455' title='bbox 63 1776 185 1815; x_wconf 60' lang='grc' dir='ltr'><strong>(Επεὶ-ραι</strong></span> <span class='ocrx_word' id='word_1_456' title='bbox 201 1782 256 1810; x_wconf 69' lang='lat' dir='ltr'><strong>lucc</strong></span> <span class='ocrx_word' id='word_1_457' title='bbox 268 1789 333 1811; x_wconf 74' lang='lat' dir='ltr'><strong>sunt</strong></span> <span class='ocrx_word' id='word_1_458' title='bbox 349 1792 363 1811; x_wconf 85' lang='lat' dir='ltr'><strong>e</strong></span> <span class='ocrx_word' id='word_1_459' title='bbox 377 1785 533 1812; x_wconf 76' lang='lat' dir='ltr'><strong>testimoniis</strong></span> <span class='ocrx_word' id='word_1_460' title='bbox 544 1785 577 1812; x_wconf 85' lang='lat' dir='ltr'><strong>de</strong></span> <span class='ocrx_word' id='word_1_461' title='bbox 590 1785 719 1820; x_wconf 82' lang='lat' dir='ltr'><strong>Bignont&#39;o</strong></span> <span class='ocrx_word' id='word_1_462' title='bbox 731 1806 739 1818; x_wconf 93' lang='lat'><strong>,</strong></span> <span class='ocrx_word' id='word_1_463' title='bbox 753 1793 812 1847; x_wconf 48' lang='lat' dir='ltr'><strong>qui?</strong></span> <span class='ocrx_word' id='word_1_464' title='bbox 822 1785 1027 1856; x_wconf 44' lang='lat' dir='ltr'><strong>allegedftioui</strong></span> <span class='ocrx_word' id='word_1_465' title='bbox 1039 1786 1172 1814; x_wconf 71' lang='lat' dir='ltr'><strong>Parisinw</strong></span> <span class='ocrx_word' id='word_1_466' title='bbox 1187 1785 1380 1813; x_wconf 77' lang='lat' dir='ltr'><strong>Formularum</strong></span> <span class='ocrx_word' id='word_1_467' title='bbox 1392 1782 1518 1817; x_wconf 67' lang='grc' dir='ltr'><strong>Μαι-σκιῇ</strong></span> <span class='ocrx_word' id='word_1_468' title='bbox 1533 1781 1597 1807; x_wconf 79' lang='lat' dir='ltr'><strong>anni</strong></span> <span class='ocrx_word' id='word_1_469' title='bbox 1622 1777 1694 1807; x_wconf 70' lang='lat'><strong>1663</strong></span> 
     </span>
     <span class='ocr_line' id='line_1_64' title="bbox 745 1828 942 1855; baseline 0.01 -8"><span class='ocrx_word' id='word_1_470' title='bbox 745 1829 794 1848; x_wconf 76' lang='lat' dir='ltr'><strong>sun</strong></span> <span class='ocrx_word' id='word_1_471' title='bbox 819 1828 875 1855; x_wconf 67' lang='lat' dir='ltr'><strong>prie</strong></span> <span class='ocrx_word' id='word_1_472' title='bbox 910 1829 942 1849; x_wconf 85' lang='grc' dir='ltr'><strong>ἀ.</strong></span> 
     </span>
    </p>
   </div>
   <div class='ocr_carea' id='block_1_64' title="bbox 745 1828 942 1855">
    <p class='ocr_par' dir='ltr' id='par_1_64' title="bbox 745 1828 942 1855">
     <span class='ocr_line' id='line_1_65' title="bbox 745 1828 942 1855; baseline 0.01 -8"><span class='ocrx_word' id='word_1_473' title='bbox 745 1828 806 1848; x_wconf 76' lang='lat' dir='ltr'><strong>sunt</strong></span> <span class='ocrx_word' id='word_1_474' title='bbox 819 1828 942 1855; x_wconf 65' lang='lat' dir='ltr'><strong>prie/tata.</strong></span> 
     </span>
    </p>
   </div>
   <div class='ocr_carea' id='block_1_65' title="bbox 468 1951 844 1998">
    <p class='ocr_par' dir='ltr' id='par_1_65' title="bbox 468 1951 844 1998">
     <span class='ocr_line' id='line_1_66' title="bbox 468 1951 844 1998; baseline 0.008 -4"><span class='ocrx_word' id='word_1_475' title='bbox 468 1951 844 1998; x_wconf 82' lang='lat' dir='ltr'><strong>HERMANNUS</strong></span> 
     </span>
    </p>
   </div>
   <div class='ocr_carea' id='block_1_66' title="bbox 880 1951 1260 1998">
    <p class='ocr_par' dir='ltr' id='par_1_66' title="bbox 880 1951 1260 1998">
     <span class='ocr_line' id='line_1_67' title="bbox 880 1951 1260 1998; baseline -0.003 0"><span class='ocrx_word' id='word_1_476' title='bbox 880 1951 1260 1998; x_wconf 83' lang='lat' dir='ltr'><strong>CONRINGIUS</strong></span> 
     </span>
    </p>
   </div>
   <div class='ocr_carea' id='block_1_67' title="bbox 302 2047 1434 2086">
    <p class='ocr_par' dir='ltr' id='par_1_67' title="bbox 302 2047 1434 2086">
     <span class='ocr_line' id='line_1_68' title="bbox 302 2047 1434 2086; baseline 0 -8"><span class='ocrx_word' id='word_1_477' title='bbox 302 2048 512 2080; x_wconf 82' lang='lat' dir='ltr'><strong>JOACHIMO</strong></span> <span class='ocrx_word' id='word_1_478' title='bbox 539 2048 685 2079; x_wconf 82' lang='lat' dir='ltr'><strong>JOANNI</strong></span> <span class='ocrx_word' id='word_1_479' title='bbox 707 2048 1012 2086; x_wconf 77' lang='lat' dir='ltr'><strong>MADERO,&#39;VIRO</strong></span> <span class='ocrx_word' id='word_1_480' title='bbox 1027 2047 1274 2079; x_wconf 81' lang='lat' dir='ltr'><strong>DOCTISSIMO</strong></span> <span class='ocrx_word' id='word_1_481' title='bbox 1290 2048 1320 2078; x_wconf 89' lang='lat' dir='ltr'><strong>S.</strong></span> <span class='ocrx_word' id='word_1_482' title='bbox 1346 2048 1379 2078; x_wconf 87' lang='lat' dir='ltr'><strong>P.</strong></span> <span class='ocrx_word' id='word_1_483' title='bbox 1399 2048 1434 2078; x_wconf 90' lang='lat' dir='ltr'><strong>D.</strong></span> 
     </span>
    </p>
   </div>
   <div class='ocr_carea' id='block_1_68' title="bbox 100 2171 1690 2208">
    <p class='ocr_par' dir='ltr' id='par_1_68' title="bbox 100 2171 1690 2208">
     <span class='ocr_line' id='line_1_69' title="bbox 100 2171 1690 2208; baseline 0.001 -8"><span class='ocrx_word' id='word_1_484' title='bbox 100 2171 221 2200; x_wconf 61' lang='lat' dir='ltr'><strong>Praeclare</strong></span> <span class='ocrx_word' id='word_1_485' title='bbox 234 2173 268 2200; x_wconf 90' lang='lat' dir='ltr'><strong>de</strong></span> <span class='ocrx_word' id='word_1_486' title='bbox 279 2173 392 2208; x_wconf 75' lang='lat' dir='ltr'><strong>publico</strong></span> <span class='ocrx_word' id='word_1_487' title='bbox 405 2181 529 2204; x_wconf 80' lang='lat' dir='ltr'><strong>mereris,</strong></span> <span class='ocrx_word' id='word_1_488' title='bbox 547 2173 708 2200; x_wconf 89' lang='lat' dir='ltr'><strong>doctissime</strong></span> <span class='ocrx_word' id='word_1_489' title='bbox 725 2173 843 2206; x_wconf 82' lang='lat' dir='ltr'><strong>Madcre,</strong></span> <span class='ocrx_word' id='word_1_490' title='bbox 861 2176 883 2203; x_wconf 85' lang='grc' dir='ltr'><strong>ι)</strong></span> <span class='ocrx_word' id='word_1_491' title='bbox 898 2174 987 2205; x_wconf 86' lang='lat' dir='ltr'><strong>nium,</strong></span> <span class='ocrx_word' id='word_1_492' title='bbox 1012 2173 1100 2200; x_wconf 80' lang='lat' dir='ltr'><strong>induti</strong></span> <span class='ocrx_word' id='word_1_493' title='bbox 1123 2174 1180 2208; x_wconf 89' lang='lat' dir='ltr'><strong>jam</strong></span> <span class='ocrx_word' id='word_1_494' title='bbox 1209 2172 1323 2208; x_wconf 90' lang='lat' dir='ltr'><strong>proinde</strong></span> <span class='ocrx_word' id='word_1_495' title='bbox 1351 2172 1427 2200; x_wconf 73' lang='lat' dir='ltr'><strong>stolis</strong></span> <span class='ocrx_word' id='word_1_496' title='bbox 1439 2173 1572 2205; x_wconf 76' lang='lat' dir='ltr'><strong>candidis,</strong></span> <span class='ocrx_word' id='word_1_497' title='bbox 1589 2178 1614 2200; x_wconf 80' lang='lat' dir='ltr'><strong>et</strong></span> <span class='ocrx_word' id='word_1_498' title='bbox 1629 2180 1690 2201; x_wconf 83' lang='lat' dir='ltr'><strong>ante</strong></span> 
     </span>
    </p>
   </div>
   <div class='ocr_carea' id='block_1_69' title="bbox 72 2217 843 2254">
    <p class='ocr_par' dir='ltr' id='par_1_69' title="bbox 72 2217 843 2254">
     <span class='ocr_line' id='line_1_70' title="bbox 72 2217 843 2254; baseline 0.004 -11"><span class='ocrx_word' id='word_1_499' title='bbox 72 2217 122 2245; x_wconf 82' lang='lat' dir='ltr'><strong>illas</strong></span> <span class='ocrx_word' id='word_1_500' title='bbox 135 2219 221 2250; x_wconf 84' lang='lat' dir='ltr'><strong>horas,</strong></span> <span class='ocrx_word' id='word_1_501' title='bbox 235 2227 306 2254; x_wconf 85' lang='lat' dir='ltr'><strong>quas</strong></span> <span class='ocrx_word' id='word_1_502' title='bbox 323 2219 464 2246; x_wconf 88' lang='lat' dir='ltr'><strong>succidere</strong></span> <span class='ocrx_word' id='word_1_503' title='bbox 476 2219 524 2246; x_wconf 89' lang='lat' dir='ltr'><strong>tibi</strong></span> <span class='ocrx_word' id='word_1_504' title='bbox 538 2219 600 2246; x_wconf 86' lang='lat' dir='ltr'><strong>licet</strong></span> <span class='ocrx_word' id='word_1_505' title='bbox 620 2219 761 2246; x_wconf 84' lang='lat' dir='ltr'><strong>ordinario</strong></span> <span class='ocrx_word' id='word_1_506' title='bbox 783 2227 843 2246; x_wconf 90' lang='lat' dir='ltr'><strong>tnu-</strong></span> 
     </span>
    </p>
   </div>
   <div class='ocr_carea' id='block_1_70' title="bbox 72 2264 844 2300">
    <p class='ocr_par' dir='ltr' id='par_1_70' title="bbox 72 2264 844 2300">
     <span class='ocr_line' id='line_1_71' title="bbox 72 2264 844 2300; baseline 0.005 -11"><span class='ocrx_word' id='word_1_507' title='bbox 72 2264 129 2296; x_wconf 85' lang='lat' dir='ltr'><strong>neri,</strong></span> <span class='ocrx_word' id='word_1_508' title='bbox 145 2264 169 2291; x_wconf 90' lang='lat' dir='ltr'><strong>in</strong></span> <span class='ocrx_word' id='word_1_509' title='bbox 186 2264 213 2292; x_wconf 89' lang='lat' dir='ltr'><strong>id</strong></span> <span class='ocrx_word' id='word_1_510' title='bbox 228 2265 402 2300; x_wconf 87' lang='lat' dir='ltr'><strong>impendens,</strong></span> <span class='ocrx_word' id='word_1_511' title='bbox 424 2268 453 2292; x_wconf 87' lang='lat' dir='ltr'><strong>ut</strong></span> <span class='ocrx_word' id='word_1_512' title='bbox 471 2265 630 2293; x_wconf 84' lang='lat' dir='ltr'><strong>hominibus</strong></span> <span class='ocrx_word' id='word_1_513' title='bbox 647 2265 752 2293; x_wconf 89' lang='lat' dir='ltr'><strong>nostris</strong></span> <span class='ocrx_word' id='word_1_514' title='bbox 767 2265 844 2293; x_wconf 80' lang='lat' dir='ltr'><strong>exhi-</strong></span> 
     </span>
    </p>
   </div>
   <div class='ocr_carea' id='block_1_71' title="bbox 72 2309 844 2348">
    <p class='ocr_par' dir='ltr' id='par_1_71' title="bbox 72 2309 844 2348">
     <span class='ocr_line' id='line_1_72' title="bbox 72 2309 844 2348; baseline 0.006 -13"><span class='ocrx_word' id='word_1_515' title='bbox 72 2309 126 2337; x_wconf 84' lang='lat' dir='ltr'><strong>beas</strong></span> <span class='ocrx_word' id='word_1_516' title='bbox 139 2311 230 2346; x_wconf 79' lang='lat' dir='ltr'><strong>primze</strong></span> <span class='ocrx_word' id='word_1_517' title='bbox 244 2312 321 2340; x_wconf 92' lang='lat' dir='ltr'><strong>illius</strong></span> <span class='ocrx_word' id='word_1_518' title='bbox 336 2320 425 2340; x_wconf 66' lang='lat' dir='ltr'><strong>aureae</strong></span> <span class='ocrx_word' id='word_1_519' title='bbox 445 2313 615 2348; x_wconf 80' lang='lat' dir='ltr'><strong>tempestatis</strong></span> <span class='ocrx_word' id='word_1_520' title='bbox 635 2320 696 2347; x_wconf 83' lang='lat' dir='ltr'><strong>quae</strong></span> <span class='ocrx_word' id='word_1_521' title='bbox 714 2318 844 2348; x_wconf 88' lang='lat' dir='ltr'><strong>superant</strong></span> 
     </span>
    </p>
   </div>
   <div class='ocr_carea' id='block_1_72' title="bbox 73 2356 844 2393">
    <p class='ocr_par' dir='ltr' id='par_1_72' title="bbox 73 2356 844 2393">
     <span class='ocr_line' id='line_1_73' title="bbox 73 2356 844 2393; baseline 0.008 -14"><span class='ocrx_word' id='word_1_522' title='bbox 73 2359 240 2384; x_wconf 85' lang='lat' dir='ltr'><strong>monumenta.</strong></span> <span class='ocrx_word' id='word_1_523' title='bbox 270 2356 329 2385; x_wconf 86' lang='lat' dir='ltr'><strong>Etsi</strong></span> <span class='ocrx_word' id='word_1_524' title='bbox 355 2357 597 2393; x_wconf 75' lang='lat' dir='ltr'><strong>enim&#39;perfectus</strong></span> <span class='ocrx_word' id='word_1_525' title='bbox 628 2359 663 2385; x_wconf 77' lang='lat' dir='ltr'><strong>sit</strong></span> <span class='ocrx_word' id='word_1_526' title='bbox 688 2358 844 2386; x_wconf 90' lang='lat' dir='ltr'><strong>divinarum</strong></span> 
     </span>
    </p>
   </div>
   <div class='ocr_carea' id='block_1_73' title="bbox 73 2398 844 2440">
    <p class='ocr_par' dir='ltr' id='par_1_73' title="bbox 73 2398 844 2440">
     <span class='ocr_line' id='line_1_74' title="bbox 73 2398 844 2440; baseline 0.009 -15"><span class='ocrx_word' id='word_1_527' title='bbox 73 2398 253 2434; x_wconf 76' lang='lat' dir='ltr'><strong>Sm&#39;pturarum</strong></span> <span class='ocrx_word' id='word_1_528' title='bbox 275 2411 372 2436; x_wconf 69' lang='lat' dir='ltr'><strong>canon,</strong></span> <span class='ocrx_word' id='word_1_529' title='bbox 395 2408 422 2431; x_wconf 84' lang='lat' dir='ltr'><strong>et</strong></span> <span class='ocrx_word' id='word_1_530' title='bbox 438 2404 600 2438; x_wconf 87' lang='lat' dir='ltr'><strong>jamdudum</strong></span> <span class='ocrx_word' id='word_1_531' title='bbox 622 2411 685 2431; x_wconf 90' lang='lat' dir='ltr'><strong>cum</strong></span> <span class='ocrx_word' id='word_1_532' title='bbox 708 2404 736 2432; x_wconf 90' lang='lat' dir='ltr'><strong>S.</strong></span> <span class='ocrx_word' id='word_1_533' title='bbox 755 2405 844 2440; x_wconf 76' lang='lat' dir='ltr'><strong>Augu-</strong></span> 
     </span>
    </p>
   </div>
   <div class='ocr_carea' id='block_1_74' title="bbox 73 2446 843 2484">
    <p class='ocr_par' dir='ltr' id='par_1_74' title="bbox 73 2446 843 2484">
     <span class='ocr_line' id='line_1_75' title="bbox 73 2446 843 2484; baseline 0.01 -13"><span class='ocrx_word' id='word_1_534' title='bbox 73 2446 161 2474; x_wconf 65' lang='lat' dir='ltr'><strong>stino“</strong></span> <span class='ocrx_word' id='word_1_535' title='bbox 174 2447 356 2484; x_wconf 72' lang='lat' dir='ltr'><strong>didicerimus,</strong></span> <span class='ocrx_word' id='word_1_536' title='bbox 370 2451 435 2478; x_wconf 74' lang='lat' dir='ltr'><strong>solis</strong></span> <span class='ocrx_word' id='word_1_537' title='bbox 452 2451 505 2478; x_wconf 73' lang='lat' dir='ltr'><strong>illis</strong></span> <span class='ocrx_word' id='word_1_538' title='bbox 527 2450 603 2478; x_wconf 75' lang='lat' dir='ltr'><strong>libris</strong></span> <span class='ocrx_word' id='word_1_539' title='bbox 628 2451 697 2478; x_wconf 82' lang='lat' dir='ltr'><strong>hunc</strong></span> <span class='ocrx_word' id='word_1_540' title='bbox 720 2452 843 2479; x_wconf 81' lang='lat' dir='ltr'><strong>honorem</strong></span> 
     </span>
    </p>
   </div>
   <div class='ocr_carea' id='block_1_75' title="bbox 74 2492 845 2530">
    <p class='ocr_par' dir='ltr' id='par_1_75' title="bbox 74 2492 845 2530">
     <span class='ocr_line' id='line_1_76' title="bbox 74 2492 845 2530; baseline 0.009 -12"><span class='ocrx_word' id='word_1_541' title='bbox 74 2492 225 2530; x_wconf 71' lang='lat' dir='ltr'><strong>timoremque</strong></span> <span class='ocrx_word' id='word_1_542' title='bbox 239 2496 353 2530; x_wconf 78' lang='lat' dir='ltr'><strong>deferre,</strong></span> <span class='ocrx_word' id='word_1_543' title='bbox 367 2503 395 2523; x_wconf 76' lang='lat' dir='ltr'><strong>ut</strong></span> <span class='ocrx_word' id='word_1_544' title='bbox 410 2497 514 2524; x_wconf 75' lang='lat' dir='ltr'><strong>nullum</strong></span> <span class='ocrx_word' id='word_1_545' title='bbox 534 2505 626 2524; x_wconf 85' lang='lat' dir='ltr'><strong>eorum</strong></span> <span class='ocrx_word' id='word_1_546' title='bbox 640 2497 777 2525; x_wconf 77' lang='lat' dir='ltr'><strong>scribendo</strong></span> <span class='ocrx_word' id='word_1_547' title='bbox 790 2498 845 2525; x_wconf 40' lang='lat' dir='ltr'><strong>ali.</strong></span> 
     </span>
    </p>
   </div>
   <div class='ocr_carea' id='block_1_76' title="bbox 71 2538 843 2578">
    <p class='ocr_par' dir='ltr' id='par_1_76' title="bbox 71 2538 843 2578">
     <span class='ocr_line' id='line_1_77' title="bbox 71 2538 843 2578; baseline 0.01 -13"><span class='ocrx_word' id='word_1_548' title='bbox 71 2538 124 2572; x_wconf 73' lang='lat' dir='ltr'><strong>quid</strong></span> <span class='ocrx_word' id='word_1_549' title='bbox 140 2548 249 2573; x_wconf 70' lang='lat' dir='ltr'><strong>errasse,</strong></span> <span class='ocrx_word' id='word_1_550' title='bbox 263 2542 417 2576; x_wconf 76' lang='lat' dir='ltr'><strong>ﬁrmissime</strong></span> <span class='ocrx_word' id='word_1_551' title='bbox 432 2543 571 2570; x_wconf 72' lang='lat' dir='ltr'><strong>credamus</strong></span> <span class='ocrx_word' id='word_1_552' title='bbox 583 2551 593 2570; x_wconf 90' lang='lat'><strong><em>:</em></strong></span> <span class='ocrx_word' id='word_1_553' title='bbox 617 2551 666 2578; x_wconf 88' lang='lat' dir='ltr'><strong>per</strong></span> <span class='ocrx_word' id='word_1_554' title='bbox 686 2549 775 2571; x_wconf 89' lang='lat' dir='ltr'><strong>tamen</strong></span> <span class='ocrx_word' id='word_1_555' title='bbox 805 2546 843 2573; x_wconf 92' lang='lat' dir='ltr'><strong>si-</strong></span> 
     </span>
    </p>
   </div>
   <div class='ocr_carea' id='block_1_77' title="bbox 72 2583 844 2626">
    <p class='ocr_par' dir='ltr' id='par_1_77' title="bbox 72 2583 844 2626">
     <span class='ocr_line' id='line_1_78' title="bbox 72 2583 844 2626; baseline 0.009 -15"><span class='ocrx_word' id='word_1_556' title='bbox 72 2583 119 2610; x_wconf 89' lang='lat' dir='ltr'><strong>mul</strong></span> <span class='ocrx_word' id='word_1_557' title='bbox 130 2589 169 2613; x_wconf 88' lang='lat' dir='ltr'><strong>est</strong></span> <span class='ocrx_word' id='word_1_558' title='bbox 180 2586 331 2620; x_wconf 88' lang='lat' dir='ltr'><strong>jucundum</strong></span> <span class='ocrx_word' id='word_1_559' title='bbox 345 2592 426 2623; x_wconf 84' lang='lat' dir='ltr'><strong>atque</strong></span> <span class='ocrx_word' id='word_1_560' title='bbox 439 2588 514 2620; x_wconf 87' lang='lat' dir='ltr'><strong>utile,</strong></span> <span class='ocrx_word' id='word_1_561' title='bbox 533 2590 719 2624; x_wconf 85' lang='lat' dir='ltr'><strong>apostolorum</strong></span> <span class='ocrx_word' id='word_1_562' title='bbox 735 2598 844 2626; x_wconf 89' lang='lat' dir='ltr'><strong>quoque</strong></span> 
     </span>
    </p>
   </div>
   <div class='ocr_carea' id='block_1_78' title="bbox 71 2627 843 2670">
    <p class='ocr_par' dir='ltr' id='par_1_78' title="bbox 71 2627 843 2670">
     <span class='ocr_line' id='line_1_79' title="bbox 71 2627 843 2670; baseline 0.008 -14"><span class='ocrx_word' id='word_1_563' title='bbox 71 2627 206 2666; x_wconf 82' lang='lat' dir='ltr'><strong>discipulos</strong></span> <span class='ocrx_word' id='word_1_564' title='bbox 220 2633 415 2668; x_wconf 86' lang='lat' dir='ltr'><strong>auditoresque</strong></span> <span class='ocrx_word' id='word_1_565' title='bbox 430 2635 586 2667; x_wconf 87' lang='lat' dir='ltr'><strong>consulere,</strong></span> <span class='ocrx_word' id='word_1_566' title='bbox 603 2635 669 2670; x_wconf 89' lang='lat' dir='ltr'><strong>quid</strong></span> <span class='ocrx_word' id='word_1_567' title='bbox 685 2635 723 2662; x_wconf 93' lang='lat' dir='ltr'><strong>illi</strong></span> <span class='ocrx_word' id='word_1_568' title='bbox 739 2636 843 2664; x_wconf 83' lang='lat' dir='ltr'><strong>scilicet</strong></span> 
     </span>
    </p>
   </div>
   <div class='ocr_carea' id='block_1_79' title="bbox 72 2677 843 2717">
    <p class='ocr_par' dir='ltr' id='par_1_79' title="bbox 72 2677 843 2717">
     <span class='ocr_line' id='line_1_80' title="bbox 72 2677 843 2717; baseline 0.012 -17"><span class='ocrx_word' id='word_1_569' title='bbox 72 2681 85 2701; x_wconf 85' lang='lat' dir='ltr'><strong>a</strong></span> <span class='ocrx_word' id='word_1_570' title='bbox 94 2677 169 2706; x_wconf 80' lang='lat' dir='ltr'><strong>tantis</strong></span> <span class='ocrx_word' id='word_1_571' title='bbox 181 2679 322 2714; x_wconf 75' lang='lat' dir='ltr'><strong>magistris</strong></span> <span class='ocrx_word' id='word_1_572' title='bbox 336 2680 504 2715; x_wconf 83' lang='lat' dir='ltr'><strong>acceperint,</strong></span> <span class='ocrx_word' id='word_1_573' title='bbox 522 2685 568 2708; x_wconf 90' lang='lat' dir='ltr'><strong>aut</strong></span> <span class='ocrx_word' id='word_1_574' title='bbox 583 2685 658 2709; x_wconf 90' lang='lat' dir='ltr'><strong>certe</strong></span> <span class='ocrx_word' id='word_1_575' title='bbox 672 2685 774 2717; x_wconf 87' lang='lat' dir='ltr'><strong>quanta</strong></span> <span class='ocrx_word' id='word_1_576' title='bbox 791 2681 843 2710; x_wconf 85' lang='lat' dir='ltr'><strong>ﬁde</strong></span> 
     </span>
    </p>
   </div>
   <div class='ocr_carea' id='block_1_80' title="bbox 72 2718 843 2762">
    <p class='ocr_par' dir='ltr' id='par_1_80' title="bbox 72 2718 843 2762">
     <span class='ocr_line' id='line_1_81' title="bbox 72 2718 843 2762; baseline 0.01 -15"><span class='ocrx_word' id='word_1_577' title='bbox 72 2718 208 2750; x_wconf 84' lang='lat' dir='ltr'><strong>doctrinam</strong></span> <span class='ocrx_word' id='word_1_578' title='bbox 223 2728 365 2760; x_wconf 86' lang='lat' dir='ltr'><strong>acceptam</strong></span> <span class='ocrx_word' id='word_1_579' title='bbox 381 2726 530 2759; x_wconf 82' lang='lat' dir='ltr'><strong>servarint,</strong></span> <span class='ocrx_word' id='word_1_580' title='bbox 544 2727 591 2762; x_wconf 89' lang='lat' dir='ltr'><strong>qui</strong></span> <span class='ocrx_word' id='word_1_581' title='bbox 610 2734 665 2754; x_wconf 91' lang='lat' dir='ltr'><strong>non</strong></span> <span class='ocrx_word' id='word_1_582' title='bbox 682 2727 843 2756; x_wconf 89' lang='lat' dir='ltr'><strong>dubitavere</strong></span> 
     </span>
    </p>
   </div>
   <div class='ocr_carea' id='block_1_81' title="bbox 73 2766 844 2805">
    <p class='ocr_par' dir='ltr' id='par_1_81' title="bbox 73 2766 844 2805">
     <span class='ocr_line' id='line_1_82' title="bbox 73 2766 844 2805; baseline 0.01 -13"><span class='ocrx_word' id='word_1_583' title='bbox 73 2766 215 2802; x_wconf 68' lang='lat' dir='ltr'><strong>sangiunem</strong></span> <span class='ocrx_word' id='word_1_584' title='bbox 238 2775 321 2797; x_wconf 91' lang='lat' dir='ltr'><strong>suum</strong></span> <span class='ocrx_word' id='word_1_585' title='bbox 347 2769 515 2805; x_wconf 77' lang='lat' dir='ltr'><strong>profundere</strong></span> <span class='ocrx_word' id='word_1_586' title='bbox 538 2772 565 2798; x_wconf 87' lang='lat' dir='ltr'><strong>in</strong></span> <span class='ocrx_word' id='word_1_587' title='bbox 590 2771 691 2800; x_wconf 87' lang='lat' dir='ltr'><strong>Christi</strong></span> <span class='ocrx_word' id='word_1_588' title='bbox 720 2773 844 2800; x_wconf 88' lang='lat' dir='ltr'><strong>testimo-</strong></span> 
     </span>
    </p>
   </div>
   <div class='ocr_carea' id='block_1_82' title="bbox 77 2854 634 2905">
    <p class='ocr_par' dir='ltr' id='par_1_82' title="bbox 77 2854 634 2905">
     <span class='ocr_line' id='line_1_83' title="bbox 77 2854 634 2905; baseline 0 0"><span class='ocrx_word' id='word_1_589' title='bbox 77 2854 359 2905; x_wconf 56' lang='lat' dir='ltr'><strong>ai&#39;.{&quot;.:“.&#39;-.&#39;.&#39;.:J_5-_</strong></span> <span class='ocrx_word' id='word_1_590' title='bbox 384 2859 491 2905; x_wconf 54' lang='lat' dir='ltr'><strong>MC}-</strong></span> <span class='ocrx_word' id='word_1_591' title='bbox 506 2861 634 2905; x_wconf 54' lang='lat' dir='ltr'><strong>“th.”-</strong></span> 
     </span>
    </p>
   </div>
   <div class='ocr_carea' id='block_1_83' title="bbox 687 2862 944 2892">
    <p class='ocr_par' dir='ltr' id='par_1_83' title="bbox 687 2862 944 2892">
     <span class='ocr_line' id='line_1_84' title="bbox 687 2862 944 2892; baseline 0.012 -3"><span class='ocrx_word' id='word_1_592' title='bbox 687 2863 697 2878; x_wconf 84' lang='lat'><strong>&#39;</strong></span> <span class='ocrx_word' id='word_1_593' title='bbox 713 2862 790 2890; x_wconf 88' lang='lat' dir='ltr'><strong>Vinc.</strong></span> <span class='ocrx_word' id='word_1_594' title='bbox 805 2863 944 2892; x_wconf 85' lang='lat' dir='ltr'><strong>Lirinens.</strong></span> 
     </span>
    </p>
   </div>
   <div class='ocr_carea' id='block_1_84' title="bbox 899 2219 1690 2247">
    <p class='ocr_par' dir='ltr' id='par_1_84' title="bbox 899 2219 1690 2247">
     <span class='ocr_line' id='line_1_85' title="bbox 899 2219 1690 2247; baseline 0 -1"><span class='ocrx_word' id='word_1_595' title='bbox 899 2219 1022 2246; x_wconf 83' lang='lat' dir='ltr'><strong>thronum</strong></span> <span class='ocrx_word' id='word_1_596' title='bbox 1044 2219 1093 2246; x_wconf 78' lang='lat' dir='ltr'><strong>Dei</strong></span> <span class='ocrx_word' id='word_1_597' title='bbox 1107 2219 1245 2245; x_wconf 77' lang='lat' dir='ltr'><strong>constituti</strong></span> <span class='ocrx_word' id='word_1_598' title='bbox 1260 2219 1377 2246; x_wconf 68' lang='lat' dir='ltr'><strong>seruiunt</strong></span> <span class='ocrx_word' id='word_1_599' title='bbox 1393 2219 1436 2246; x_wconf 81' lang='lat' dir='ltr'><strong>illi</strong></span> <span class='ocrx_word' id='word_1_600' title='bbox 1457 2219 1500 2246; x_wconf 87' lang='lat' dir='ltr'><strong>die</strong></span> <span class='ocrx_word' id='word_1_601' title='bbox 1517 2227 1548 2245; x_wconf 74' lang='lat' dir='ltr'><strong>ac</strong></span> <span class='ocrx_word' id='word_1_602' title='bbox 1571 2225 1646 2247; x_wconf 78' lang='lat' dir='ltr'><strong>nocte</strong></span> <span class='ocrx_word' id='word_1_603' title='bbox 1662 2220 1690 2246; x_wconf 86' lang='lat' dir='ltr'><strong>iu</strong></span> 
     </span>
    </p>
   </div>
   <div class='ocr_carea' id='block_1_85' title="bbox 899 2265 1690 2301">
    <p class='ocr_par' dir='ltr' id='par_1_85' title="bbox 899 2265 1690 2301">
     <span class='ocr_line' id='line_1_86' title="bbox 899 2265 1690 2301; baseline -0.001 -7"><span class='ocrx_word' id='word_1_604' title='bbox 899 2266 996 2301; x_wconf 84' lang='lat' dir='ltr'><strong>templo</strong></span> <span class='ocrx_word' id='word_1_605' title='bbox 1011 2265 1080 2300; x_wconf 80' lang='lat' dir='ltr'><strong>ejus,</strong></span> <span class='ocrx_word' id='word_1_606' title='bbox 1096 2265 1142 2292; x_wconf 82' lang='lat' dir='ltr'><strong>illo</strong></span> <span class='ocrx_word' id='word_1_607' title='bbox 1155 2266 1201 2300; x_wconf 85' lang='lat' dir='ltr'><strong>qui</strong></span> <span class='ocrx_word' id='word_1_608' title='bbox 1220 2265 1291 2293; x_wconf 75' lang='lat' dir='ltr'><strong>sedet</strong></span> <span class='ocrx_word' id='word_1_609' title='bbox 1312 2266 1339 2292; x_wconf 85' lang='lat' dir='ltr'><strong>in</strong></span> <span class='ocrx_word' id='word_1_610' title='bbox 1356 2266 1448 2292; x_wconf 87' lang='lat' dir='ltr'><strong>throno</strong></span> <span class='ocrx_word' id='word_1_611' title='bbox 1463 2265 1599 2293; x_wconf 79' lang='lat' dir='ltr'><strong>habitante</strong></span> <span class='ocrx_word' id='word_1_612' title='bbox 1611 2274 1690 2301; x_wconf 70' lang='lat' dir='ltr'><strong>super</strong></span> 
     </span>
    </p>
   </div>
   <div class='ocr_carea' id='block_1_86' title="bbox 898 2310 1706 2348">
    <p class='ocr_par' dir='ltr' id='par_1_86' title="bbox 898 2310 1706 2348">
     <span class='ocr_line' id='line_1_87' title="bbox 898 2310 1706 2348; baseline 0 -8"><span class='ocrx_word' id='word_1_613' title='bbox 898 2313 959 2340; x_wconf 79' lang='lat' dir='ltr'><strong>illos</strong></span> <span class='ocrx_word' id='word_1_614' title='bbox 971 2313 1003 2344; x_wconf 85' lang='lat'><strong>“,</strong></span> <span class='ocrx_word' id='word_1_615' title='bbox 1016 2319 1072 2346; x_wconf 90' lang='lat' dir='ltr'><strong>quo</strong></span> <span class='ocrx_word' id='word_1_616' title='bbox 1087 2312 1175 2347; x_wconf 81' lang='lat' dir='ltr'><strong>elogio</strong></span> <span class='ocrx_word' id='word_1_617' title='bbox 1190 2316 1325 2348; x_wconf 87' lang='lat' dir='ltr'><strong>martyres</strong></span> <span class='ocrx_word' id='word_1_618' title='bbox 1349 2311 1468 2347; x_wconf 90' lang='lat' dir='ltr'><strong>Spiritus</strong></span> <span class='ocrx_word' id='word_1_619' title='bbox 1485 2317 1597 2340; x_wconf 83' lang='lat' dir='ltr'><strong>sanctus</strong></span> <span class='ocrx_word' id='word_1_620' title='bbox 1624 2321 1689 2347; x_wconf 87' lang='lat' dir='ltr'><strong>pro-</strong></span> <span class='ocrx_word' id='word_1_621' title='bbox 1702 2310 1706 2315; x_wconf 78' lang='grc'><em>’</em></span> 
     </span>
    </p>
   </div>
   <div class='ocr_carea' id='block_1_87' title="bbox 900 2357 1689 2394">
    <p class='ocr_par' dir='ltr' id='par_1_87' title="bbox 900 2357 1689 2394">
     <span class='ocr_line' id='line_1_88' title="bbox 900 2357 1689 2394; baseline 0 -8"><span class='ocrx_word' id='word_1_622' title='bbox 900 2362 1012 2386; x_wconf 88' lang='lat' dir='ltr'><strong>secutus</strong></span> <span class='ocrx_word' id='word_1_623' title='bbox 1027 2362 1077 2385; x_wconf 82' lang='lat' dir='ltr'><strong>est.</strong></span> <span class='ocrx_word' id='word_1_624' title='bbox 1097 2357 1200 2386; x_wconf 85' lang='lat' dir='ltr'><strong>Saltem</strong></span> <span class='ocrx_word' id='word_1_625' title='bbox 1224 2358 1270 2385; x_wconf 91' lang='lat' dir='ltr'><strong>illa</strong></span> <span class='ocrx_word' id='word_1_626' title='bbox 1282 2357 1360 2386; x_wconf 85' lang='lat' dir='ltr'><strong>nefas</strong></span> <span class='ocrx_word' id='word_1_627' title='bbox 1376 2361 1418 2386; x_wconf 85' lang='lat' dir='ltr'><strong>est</strong></span> <span class='ocrx_word' id='word_1_628' title='bbox 1429 2362 1615 2392; x_wconf 86' lang='lat' dir='ltr'><strong>contemnere,</strong></span> <span class='ocrx_word' id='word_1_629' title='bbox 1627 2367 1689 2394; x_wconf 73' lang='lat' dir='ltr'><strong>qua:</strong></span> 
     </span>
    </p>
   </div>
   <div class='ocr_carea' id='block_1_88' title="bbox 899 2404 1689 2440">
    <p class='ocr_par' dir='ltr' id='par_1_88' title="bbox 899 2404 1689 2440">
     <span class='ocr_line' id='line_1_89' title="bbox 899 2404 1689 2440; baseline -0.001 -8"><span class='ocrx_word' id='word_1_630' title='bbox 899 2405 1009 2440; x_wconf 88' lang='lat' dir='ltr'><strong>publica</strong></span> <span class='ocrx_word' id='word_1_631' title='bbox 1030 2404 1170 2432; x_wconf 87' lang='lat' dir='ltr'><strong>auditione</strong></span> <span class='ocrx_word' id='word_1_632' title='bbox 1185 2404 1243 2439; x_wconf 88' lang='lat' dir='ltr'><strong>ipsa</strong></span> <span class='ocrx_word' id='word_1_633' title='bbox 1261 2407 1340 2432; x_wconf 88' lang='lat' dir='ltr'><strong>vetus</strong></span> <span class='ocrx_word' id='word_1_634' title='bbox 1356 2407 1383 2431; x_wconf 84' lang='lat' dir='ltr'><strong>et</strong></span> <span class='ocrx_word' id='word_1_635' title='bbox 1397 2408 1492 2432; x_wconf 86' lang='lat' dir='ltr'><strong>sancta</strong></span> <span class='ocrx_word' id='word_1_636' title='bbox 1508 2404 1629 2432; x_wconf 82' lang='lat' dir='ltr'><strong>Ecclesia</strong></span> <span class='ocrx_word' id='word_1_637' title='bbox 1645 2404 1689 2431; x_wconf 89' lang='lat' dir='ltr'><strong>di-</strong></span> 
     </span>
    </p>
   </div>
   <div class='ocr_carea' id='block_1_89' title="bbox 896 2450 1688 2487">
    <p class='ocr_par' dir='ltr' id='par_1_89' title="bbox 896 2450 1688 2487">
     <span class='ocr_line' id='line_1_90' title="bbox 896 2450 1688 2487; baseline -0.001 -8"><span class='ocrx_word' id='word_1_638' title='bbox 896 2456 978 2487; x_wconf 75' lang='lat' dir='ltr'><strong>gnata</strong></span> <span class='ocrx_word' id='word_1_639' title='bbox 1001 2455 1043 2479; x_wconf 92' lang='lat' dir='ltr'><strong>est</strong></span> <span class='ocrx_word' id='word_1_640' title='bbox 1056 2455 1102 2478; x_wconf 88' lang='lat' dir='ltr'><strong>:ut</strong></span> <span class='ocrx_word' id='word_1_641' title='bbox 1116 2450 1259 2487; x_wconf 86' lang='lat' dir='ltr'><strong>Polycarpi</strong></span> <span class='ocrx_word' id='word_1_642' title='bbox 1277 2451 1420 2486; x_wconf 86' lang='lat' dir='ltr'><strong>epistolam</strong></span> <span class='ocrx_word' id='word_1_643' title='bbox 1446 2452 1472 2477; x_wconf 80' lang='lat' dir='ltr'><strong>in</strong></span> <span class='ocrx_word' id='word_1_644' title='bbox 1491 2451 1562 2478; x_wconf 74' lang='lat' dir='ltr'><strong>Asia:</strong></span> <span class='ocrx_word' id='word_1_645' title='bbox 1577 2459 1688 2478; x_wconf 75' lang='lat' dir='ltr'><strong>convert-</strong></span> 
     </span>
    </p>
   </div>
   <div class='ocr_carea' id='block_1_90' title="bbox 897 2497 1713 2532">
    <p class='ocr_par' dir='ltr' id='par_1_90' title="bbox 897 2497 1713 2532">
     <span class='ocr_line' id='line_1_91' title="bbox 897 2497 1713 2532; baseline 0.001 -8"><span class='ocrx_word' id='word_1_646' title='bbox 897 2497 1122 2531; x_wconf 75' lang='lat' dir='ltr'><strong>tibus,Clementia</strong></span> <span class='ocrx_word' id='word_1_647' title='bbox 1130 2497 1155 2524; x_wconf 87' lang='lat' dir='ltr'><strong>in</strong></span> <span class='ocrx_word' id='word_1_648' title='bbox 1175 2497 1312 2524; x_wconf 75' lang='lat' dir='ltr'><strong>nonnullis</strong></span> <span class='ocrx_word' id='word_1_649' title='bbox 1328 2497 1393 2525; x_wconf 81' lang='lat' dir='ltr'><strong>locis</strong></span> <span class='ocrx_word' id='word_1_650' title='bbox 1408 2497 1519 2532; x_wconf 86' lang='lat' dir='ltr'><strong>publice</strong></span> <span class='ocrx_word' id='word_1_651' title='bbox 1534 2497 1686 2525; x_wconf 84' lang='lat' dir='ltr'><strong>lectitatam</strong></span> <span class='ocrx_word' id='word_1_652' title='bbox 1710 2504 1713 2510; x_wconf 95' lang='lat'><em>‘</em></span> 
     </span>
    </p>
   </div>
   <div class='ocr_carea' id='block_1_91' title="bbox 896 2543 1685 2580">
    <p class='ocr_par' dir='ltr' id='par_1_91' title="bbox 896 2543 1685 2580">
     <span class='ocr_line' id='line_1_92' title="bbox 896 2543 1685 2580; baseline 0 -9"><span class='ocrx_word' id='word_1_653' title='bbox 896 2551 968 2575; x_wconf 86' lang='lat' dir='ltr'><strong>esse,</strong></span> <span class='ocrx_word' id='word_1_654' title='bbox 986 2549 1012 2571; x_wconf 88' lang='lat' dir='ltr'><strong>et</strong></span> <span class='ocrx_word' id='word_1_655' title='bbox 1034 2543 1144 2571; x_wconf 87' lang='lat' dir='ltr'><strong>Eusebii</strong></span> <span class='ocrx_word' id='word_1_656' title='bbox 1161 2547 1188 2571; x_wconf 90' lang='lat' dir='ltr'><strong>et</strong></span> <span class='ocrx_word' id='word_1_657' title='bbox 1207 2543 1236 2572; x_wconf 89' lang='lat' dir='ltr'><strong>S.</strong></span> <span class='ocrx_word' id='word_1_658' title='bbox 1251 2544 1411 2580; x_wconf 85' lang='lat' dir='ltr'><strong>Hieronymi</strong></span> <span class='ocrx_word' id='word_1_659' title='bbox 1426 2543 1584 2572; x_wconf 86' lang='lat' dir='ltr'><strong>testimonio</strong></span> <span class='ocrx_word' id='word_1_660' title='bbox 1607 2544 1685 2572; x_wconf 83' lang='lat' dir='ltr'><strong>novi-</strong></span> 
     </span>
    </p>
   </div>
   <div class='ocr_carea' id='block_1_92' title="bbox 895 2589 1686 2626">
    <p class='ocr_par' dir='ltr' id='par_1_92' title="bbox 895 2589 1686 2626">
     <span class='ocr_line' id='line_1_93' title="bbox 895 2589 1686 2626; baseline -0.001 -9"><span class='ocrx_word' id='word_1_661' title='bbox 895 2590 997 2618; x_wconf 86' lang='lat' dir='ltr'><strong>mus&quot;.</strong></span> <span class='ocrx_word' id='word_1_662' title='bbox 1016 2589 1093 2618; x_wconf 88' lang='lat' dir='ltr'><strong>Hanc</strong></span> <span class='ocrx_word' id='word_1_663' title='bbox 1108 2594 1182 2618; x_wconf 89' lang='lat' dir='ltr'><strong>certe</strong></span> <span class='ocrx_word' id='word_1_664' title='bbox 1198 2595 1340 2625; x_wconf 86' lang='lat' dir='ltr'><strong>utramque</strong></span> <span class='ocrx_word' id='word_1_665' title='bbox 1355 2589 1504 2625; x_wconf 88' lang='lat' dir='ltr'><strong>Epistolam</strong></span> <span class='ocrx_word' id='word_1_666' title='bbox 1525 2590 1615 2626; x_wconf 73' lang='lat' dir='ltr'><strong>magni</strong></span> <span class='ocrx_word' id='word_1_667' title='bbox 1644 2590 1686 2617; x_wconf 85' lang='lat' dir='ltr'><strong>fa-</strong></span> 
     </span>
    </p>
   </div>
   <div class='ocr_carea' id='block_1_93' title="bbox 895 2636 1683 2671">
    <p class='ocr_par' dir='ltr' id='par_1_93' title="bbox 895 2636 1683 2671">
     <span class='ocr_line' id='line_1_94' title="bbox 895 2636 1683 2671; baseline -0.001 -6"><span class='ocrx_word' id='word_1_668' title='bbox 895 2644 958 2665; x_wconf 89' lang='lat' dir='ltr'><strong>cere</strong></span> <span class='ocrx_word' id='word_1_669' title='bbox 973 2644 1023 2670; x_wconf 90' lang='lat' dir='ltr'><strong>par</strong></span> <span class='ocrx_word' id='word_1_670' title='bbox 1035 2640 1088 2668; x_wconf 87' lang='lat' dir='ltr'><strong>est,</strong></span> <span class='ocrx_word' id='word_1_671' title='bbox 1105 2637 1147 2664; x_wconf 90' lang='lat' dir='ltr'><strong>vel</strong></span> <span class='ocrx_word' id='word_1_672' title='bbox 1165 2637 1227 2664; x_wconf 90' lang='lat' dir='ltr'><strong>ideo</strong></span> <span class='ocrx_word' id='word_1_673' title='bbox 1254 2637 1383 2670; x_wconf 85' lang='lat' dir='ltr'><strong>quoniam</strong></span> <span class='ocrx_word' id='word_1_674' title='bbox 1405 2636 1439 2663; x_wconf 90' lang='lat' dir='ltr'><strong>ad</strong></span> <span class='ocrx_word' id='word_1_675' title='bbox 1463 2642 1618 2671; x_wconf 87' lang='lat' dir='ltr'><strong>utramque,</strong></span> <span class='ocrx_word' id='word_1_676' title='bbox 1632 2644 1683 2664; x_wconf 90' lang='lat' dir='ltr'><strong>ceu</strong></span> 
     </span>
    </p>
   </div>
   <div class='ocr_carea' id='block_1_94' title="bbox 895 2683 1682 2718">
    <p class='ocr_par' dir='ltr' id='par_1_94' title="bbox 895 2683 1682 2718">
     <span class='ocr_line' id='line_1_95' title="bbox 895 2683 1682 2718; baseline 0.001 -9"><span class='ocrx_word' id='word_1_677' title='bbox 895 2683 928 2710; x_wconf 87' lang='lat' dir='ltr'><strong>ad</strong></span> <span class='ocrx_word' id='word_1_678' title='bbox 950 2683 1142 2711; x_wconf 88' lang='lat' dir='ltr'><strong>secundarium</strong></span> <span class='ocrx_word' id='word_1_679' title='bbox 1162 2683 1307 2718; x_wconf 87' lang='lat' dir='ltr'><strong>quemdam</strong></span> <span class='ocrx_word' id='word_1_680' title='bbox 1328 2683 1443 2711; x_wconf 65' lang='lat' dir='ltr'><strong>sincerae</strong></span> <span class='ocrx_word' id='word_1_681' title='bbox 1458 2683 1518 2710; x_wconf 84' lang='lat' dir='ltr'><strong>ﬁdei</strong></span> <span class='ocrx_word' id='word_1_682' title='bbox 1535 2690 1682 2715; x_wconf 88' lang='lat' dir='ltr'><strong>canonem,</strong></span> 
     </span>
    </p>
   </div>
   <div class='ocr_carea' id='block_1_95' title="bbox 892 2727 1684 2765">
    <p class='ocr_par' dir='ltr' id='par_1_95' title="bbox 892 2727 1684 2765">
     <span class='ocr_line' id='line_1_96' title="bbox 892 2727 1684 2765; baseline 0.001 -10"><span class='ocrx_word' id='word_1_683' title='bbox 892 2727 949 2763; x_wconf 90' lang='lat' dir='ltr'><strong>jam</strong></span> <span class='ocrx_word' id='word_1_684' title='bbox 965 2733 1021 2756; x_wconf 87' lang='lat' dir='ltr'><strong>tum</strong></span> <span class='ocrx_word' id='word_1_685' title='bbox 1038 2730 1103 2757; x_wconf 93' lang='lat' dir='ltr'><strong>olim</strong></span> <span class='ocrx_word' id='word_1_686' title='bbox 1121 2729 1253 2758; x_wconf 87' lang='lat' dir='ltr'><strong>adversus</strong></span> <span class='ocrx_word' id='word_1_687' title='bbox 1269 2729 1386 2758; x_wconf 62' lang='lat' dir='ltr'><strong>haereses</strong></span> <span class='ocrx_word' id='word_1_688' title='bbox 1404 2730 1446 2758; x_wconf 90' lang='lat' dir='ltr'><strong>sui</strong></span> <span class='ocrx_word' id='word_1_689' title='bbox 1475 2730 1566 2757; x_wconf 80' lang='lat' dir='ltr'><strong>szeculi</strong></span> <span class='ocrx_word' id='word_1_690' title='bbox 1583 2737 1684 2765; x_wconf 83' lang='lat' dir='ltr'><strong>provo-</strong></span> 
     </span>
    </p>
   </div>
   <div class='ocr_carea' id='block_1_96' title="bbox 896 2775 1683 2812">
    <p class='ocr_par' dir='ltr' id='par_1_96' title="bbox 896 2775 1683 2812">
     <span class='ocr_line' id='line_1_97' title="bbox 896 2775 1683 2812; baseline 0.003 -10"><span class='ocrx_word' id='word_1_691' title='bbox 896 2775 1000 2803; x_wconf 83' lang='lat' dir='ltr'><strong>caverit</strong></span> <span class='ocrx_word' id='word_1_692' title='bbox 1015 2776 1208 2804; x_wconf 87' lang='lat' dir='ltr'><strong>sanctissimus</strong></span> <span class='ocrx_word' id='word_1_693' title='bbox 1223 2780 1326 2812; x_wconf 90' lang='lat' dir='ltr'><strong>martyr</strong></span> <span class='ocrx_word' id='word_1_694' title='bbox 1339 2776 1457 2804; x_wconf 73' lang='lat' dir='ltr'><strong>lrenaeus</strong></span> <span class='ocrx_word' id='word_1_695' title='bbox 1468 2777 1500 2803; x_wconf 72' lang='grc' dir='ltr'><strong>ι’.</strong></span> <span class='ocrx_word' id='word_1_696' title='bbox 1517 2776 1545 2803; x_wconf 90' lang='lat' dir='ltr'><strong>lu</strong></span> <span class='ocrx_word' id='word_1_697' title='bbox 1565 2781 1683 2812; x_wconf 86' lang='lat' dir='ltr'><strong>utraque</strong></span> 
     </span>
    </p>
   </div>
   <div class='ocr_carea' id='block_1_97' title="bbox 997 2864 1678 2902">
    <p class='ocr_par' dir='ltr' id='par_1_97' title="bbox 997 2864 1678 2902">
     <span class='ocr_line' id='line_1_98' title="bbox 997 2864 1678 2902; baseline -0.003 -9"><span class='ocrx_word' id='word_1_698' title='bbox 997 2866 1018 2881; x_wconf 85' lang='grc'><strong>¹¹²</strong></span> <span class='ocrx_word' id='word_1_699' title='bbox 1037 2865 1122 2902; x_wconf 84' lang='lat' dir='ltr'><strong>Epist.</strong></span> <span class='ocrx_word' id='word_1_700' title='bbox 1155 2874 1211 2900; x_wconf 74' lang='lat' dir='ltr'><strong>xu,</strong></span> <span class='ocrx_word' id='word_1_701' title='bbox 1240 2866 1278 2894; x_wconf 84' lang='lat' dir='ltr'><strong>ad</strong></span> <span class='ocrx_word' id='word_1_702' title='bbox 1290 2866 1364 2895; x_wconf 88' lang='lat' dir='ltr'><strong>Ilier.</strong></span> <span class='ocrx_word' id='word_1_703' title='bbox 1418 2866 1438 2882; x_wconf 86' lang='grc'><strong>¹¹</strong></span> <span class='ocrx_word' id='word_1_704' title='bbox 1453 2864 1539 2900; x_wconf 80' lang='lat' dir='ltr'><strong>Apoc.</strong></span> <span class='ocrx_word' id='word_1_705' title='bbox 1557 2872 1605 2899; x_wconf 81' lang='lat' dir='ltr'><strong>ut,</strong></span> <span class='ocrx_word' id='word_1_706' title='bbox 1632 2864 1678 2892; x_wconf 83' lang='lat' dir='ltr'><strong>‘lS.</strong></span> 
     </span>
    </p>
   </div>
   <div class='ocr_carea' id='block_1_98' title="bbox 153 2893 1022 2933">
    <p class='ocr_par' dir='ltr' id='par_1_98' title="bbox 153 2893 1022 2933">
     <span class='ocr_line' id='line_1_99' title="bbox 153 2893 1022 2933; baseline 0.012 -13"><span class='ocrx_word' id='word_1_707' title='bbox 153 2912 160 2920; x_wconf 93' lang='lat'><strong>.</strong></span> <span class='ocrx_word' id='word_1_708' title='bbox 175 2899 206 2921; x_wconf 88' lang='grc' dir='ltr'>ιιι</span> <span class='ocrx_word' id='word_1_709' title='bbox 233 2893 360 2928; x_wconf 67' lang='lat' dir='ltr'><strong>&quot;istan;</strong></span> <span class='ocrx_word' id='word_1_710' title='bbox 379 2894 440 2924; x_wconf 81' lang='lat' dir='ltr'><strong>Lib.</strong></span> <span class='ocrx_word' id='word_1_711' title='bbox 457 2898 487 2925; x_wconf 84' lang='lat' dir='ltr'><strong>de</strong></span> <span class='ocrx_word' id='word_1_712' title='bbox 504 2898 625 2931; x_wconf 76' lang='lat' dir='ltr'><strong>scriptor.</strong></span> <span class='ocrx_word' id='word_1_713' title='bbox 643 2898 734 2926; x_wconf 71' lang='lat' dir='ltr'><strong>cules.</strong></span> <span class='ocrx_word' id='word_1_714' title='bbox 775 2899 795 2915; x_wconf 85' lang='grc'><strong>¹³</strong></span> <span class='ocrx_word' id='word_1_715' title='bbox 811 2898 870 2929; x_wconf 84' lang='lat' dir='ltr'><strong>Lib.</strong></span> <span class='ocrx_word' id='word_1_716' title='bbox 893 2908 934 2933; x_wconf 85' lang='lat' dir='ltr'><strong>Ill,</strong></span> <span class='ocrx_word' id='word_1_717' title='bbox 956 2908 980 2928; x_wconf 91' lang='lat' dir='ltr'><strong>c.</strong></span> <span class='ocrx_word' id='word_1_718' title='bbox 996 2902 1022 2930; x_wconf 81' lang='lat'><strong>5.</strong></span> 
     </span>
    </p>
   </div>
  </div>
