1893 3101
191 169 222 197 51
767 166 812 194 AD
832 165 860 194 S.
880 165 982 194 CLEMI

1046 166 1092 193 EM
1111 167 1121 194 Ι
1140 165 1255 194 ΡΑΡΛΜ
1777 169 1811 196 5?.

192 231 282 253 autem
296 226 341 253 illa
351 225 515 261 publicanda
530 226 663 253 hactenus
673 227 748 251 tuam
762 232 872 260 operam
887 224 972 251 collo-
985 225 1008 253 Α
1022 223 1215 258 perant,plane
1227 223 1452 258 quemadmodum
1468 223 1614 258 Epistolam
1625 223 1698 250 illam
1716 224 1812 251 lauda-

190 272 272 304 casti,
288 272 405 306 primum
430 270 585 306 Polycarpi,
604 278 677 298 nunc
699 274 726 297 et
740 270 888 298 Clementis
910 278 975 297 san-

191 321 250 344 ctas
263 317 325 345 illas
342 317 446 344 litteras
458 317 552 344 edens.

228 362 321 397 Neque
340 370 405 390 vero
418 362 567 397 quidquam
583 362 662 390 video
675 369 774 395 caussa,
790 370 839 389 cur
853 362 976 396 suspice-

192 416 255 436 mur
274 408 343 435 alias
358 416 420 436 esse
443 408 504 435 illas
525 411 635 435 nostras
658 408 692 435 ab
711 408 745 434 iis
772 415 841 442 quas
858 410 933 434 tanto
948 407 976 433 in

192 453 280 488 pretio
306 453 397 488 prisca
423 452 546 481 Ecclesia
566 452 716 480 babuit.ln
741 452 884 488 Polycarpi
910 458 976 479 sane

191 499 307 534 epistola
332 499 535 534 deprehendere
561 502 603 525 est
629 498 716 533 ipsam
732 497 806 524 illam
823 497 856 525 de
881 496 936 524 Deo
949 501 976 524 et

193 543 309 571 Domino
323 548 417 571 nostro
433 542 497 570 Jesu
511 542 622 570 Christo
638 550 733 570 sanam
749 543 913 574 doctrinam,
927 550 976 569 cu-

193 591 239 625 jus
251 591 361 618 nomine
371 590 526 618 refellendis
539 590 582 618 sui
597 590 690 618 saeculi
705 589 866 621 liaaresibus,
880 590 977 616 ἱκανω-

194 636 279 671 τάτην
298 636 373 663 illam
394 636 582 671 pronuntiavit
597 636 854 670 commendavitque
871 634 900 662 S.
919 634 975 662 ire-

194 688 289 709 nsens:
305 681 509 716 deprehendere
544 685 586 709 est
610 682 702 708 locum
731 681 868 716 integrum
891 689 976 708 unum

193 727 376 762 alterumque,
394 735 473 762 quem
496 727 609 754 adducit
632 726 808 760 Eusebius“,
826 732 853 753 et
867 729 929 761 post
944 726 978 752 il-

195 772 251 799 lum
272 772 444 808 Nicephorus
457 772 598 805 Callistus,
613 776 640 800 et
655 772 764 807 quidem
781 772 818 799 ita
828 775 858 798 ut
873 771 978 806 liquido

194 822 332 853 appareat,
350 818 444 846 fraude
458 819 533 845 nulla
549 819 667 846 insertos
679 826 741 846 esse
755 828 761 845 :
774 818 978 853 deprehendere

193 869 234 892 est
248 872 281 892 ex
292 865 380 899 prima
395 864 467 892 Petri
480 864 600 899 Epistola
611 864 772 899 deprompta
785 864 859 891 haud
878 871 976 899 pauca,

194 919 256 946 quae
271 910 342 938 idem
362 909 498 938 Eusebius
510 913 653 938 notaverat
667 920 674 939 ι
686 909 889 945 deprehendere
901 909 978 936 deni-

193 964 247 991 que
262 959 305 983 est
328 955 395 983 illud
414 963 506 988 omne,
523 955 596 990 quod
613 954 738 987 Photius.
754 955 979 982 accuratissimus

194 1002 328 1029 librorum
351 1008 460 1033 censor,
482 1001 510 1028 in
537 1001 608 1028 lecta
623 1000 766 1036 Polycarpi
782 1001 897 1036 epistola
918 1000 979 1027 ani—

194 1047 387 1080 madverterat,
409 1047 502 1074 multis
524 1047 650 1074 nimirum
673 1047 797 1081 refertam
821 1047 980 1074 admonitio-

194 1093 283 1124 nibus,
313 1092 381 1128 μετὰ
408 1092 558 1128 σαφηνείας
586 1093 632 1119 καὶ
660 1093 810 1127 ἁπλότητος
839 1092 909 1119 κατὰ
935 1092 980 1119 τὸν

194 1137 417 1173 ἐκκλησιαστικὸν
460 1139 510 1174 τῆς
531 1139 677 1174 ἑρμηνείας
691 1139 785 1171 τύπον,
802 1140 929 1174 quodque
952 1139 980 1167 in

194 1191 229 1212 ea
248 1183 320 1211 dicat
338 1187 435 1210 auctor
450 1192 477 1210 se
499 1183 599 1218 Ignatii
626 1184 751 1217 epistolas
771 1184 805 1211 ad
827 1183 981 1219 Philippen—

195 1237 238 1257 κε
255 1229 368 1261 misisse,
383 1234 518 1264 petereque
536 1228 569 1255 ab
587 1229 642 1256 illis
658 1230 761 1256 edoceri
786 1230 810 1256 si
825 1230 888 1265 quid
903 1230 934 1257 de
951 1239 980 1258 eo

195 1275 346 1303 inaudiant.
379 1274 493 1307 Horum,
522 1275 643 1309 inquam,
669 1275 790 1302 omnium
812 1276 982 1304 desideratur

196 1320 276 1348 nihil.
300 1319 340 1347 Ad
353 1320 416 1353 hoc,
432 1320 521 1355 ipsum
543 1319 672 1355 Epistola:
686 1321 826 1348 exordium
849 1322 980 1353 ostendit,

197 1366 328 1400 scriptam
356 1365 440 1397 illam,
456 1372 510 1399 quo
533 1369 655 1399 tempore
681 1373 736 1392 non
761 1365 843 1393 unius
865 1366 982 1393 exsertis

196 1411 318 1446 episcopi
333 1411 361 1438 in
377 1419 459 1438 manu
473 1411 601 1439 Ecclesiae
626 1416 684 1438 erat
709 1411 918 1444 administratio,
935 1412 983 1439 sed

198 1457 338 1484 communi
367 1456 588 1492 presbyterorum
619 1457 737 1484 consilio
762 1460 788 1484 et
819 1457 984 1484 auctoritate

197 1502 291 1529 omnia
306 1506 466 1537 regerentur
481 1502 572 1537 :quod
587 1510 641 1529 non
655 1502 701 1529 diu
718 1506 779 1537 post
802 1502 982 1537 Polycarpum

1025 269 1064 296 vit
1083 268 1113 296 S.
1134 268 1294 296 Irenmus”.
1315 269 1380 302 Ome
1402 269 1528 297 Clemens
1556 269 1758 296 Alexandrinus
1782 274 1811 296 ιιι

1026 313 1185 350 Origenes"
1200 322 1233 341 ex
1256 315 1302 342 illa
1321 314 1442 349 Epistola
1464 314 1615 350 proferunt,
1630 315 1722 342 verbis
1744 315 1812 341 toti--

1025 360 1086 388 dem
1100 361 1128 387 in
1142 365 1237 387 nostra
1247 360 1431 395 reperiuntur,
1447 366 1473 387 et
1487 360 1595 396 quidem
1606 361 1643 387 ita
1651 366 1680 387 ut
1694 361 1730 387 ibi
1745 364 1812 388 nata

1025 405 1139 439 dixeris,
1155 414 1210 433 non
1236 410 1326 434 autem
1356 406 1449 434 dolosa
1475 415 1557 434 manu
1580 407 1702 434 inducta.
1723 406 1812 434 Euse-

1026 450 1232 486 bius”quoque
1246 451 1347 486 prodit,
1359 450 1473 479 dissidio
1486 451 1555 486 apud
1565 451 1722 478 Corinthios
1737 457 1810 483 orto,

1026 497 1157 533 scriptam
1172 505 1185 524 a
1200 497 1338 526 Clemente
1349 502 1445 525 nostro
1461 497 1608 533 Epistolam
1628 498 1666 529 ὡς
1691 497 1746 524 ἀπὸ
1759 498 1812 532 τῆς

1032 544 1176 579 Ῥωμαίων
1194 544 1371 579 Ἐκκλησιας,
1396 547 1443 570 aut
1471 547 1501 570 ut
1527 543 1591 570 alibi
1615 543 1746 578 loquitur,
1779 545 1813 570 ἐκ

1026 590 1171 626 προσώπου
1197 591 1247 626 τῆς
1266 590 1405 625 Ῥωμαίων
1426 589 1600 624 Ἐκκλησίας,
1632 597 1746 624 eamque
1769 590 1813 617 di-

1027 636 1127 663 ctionis
1145 635 1304 663 charactere
1323 639 1350 663 et
1372 635 1516 663 sententiis
1541 642 1602 662 cum
1629 633 1751 669 Epistola
1777 634 1812 660 ad

1029 681 1157 709 Hebraeos
1181 681 1329 716 plurimum
1345 681 1491 708 convenire
1506 689 1513 706 :
1529 688 1589 716 quae
1603 681 1694 707 omnia
1708 680 1753 706 hic
1770 681 1815 706 lu-

1028 728 1215 756 culentissime
1241 731 1382 762 apparent.
1398 726 1510 760 Qualem
1534 734 1599 754 vero
1613 726 1763 761 Epistoiam
1780 726 1814 752 il-

1027 774 1082 801 lam
1098 774 1245 806 Eusebius,
1261 774 1342 800 talem
1362 776 1388 800 et
1407 771 1435 799 S.
1452 771 1633 807 Hieronymus
1643 772 1663 787 ί⁹
1679 779 1738 798 eam
1758 779 1814 798 no-

1028 819 1070 847 bis
1083 819 1229 854 descripsit
1242 829 1247 846 :
1258 824 1287 845 ut
1301 817 1416 854 proinde
1439 821 1533 845 nostra
1559 817 1616 845 hazc
1629 818 1664 845 ab
1689 818 1736 844 illa
1751 825 1815 852 quae

1030 864 1195 900 Hieronymo
1208 864 1242 891 ad
1255 871 1365 891 manum
1382 863 1443 895 fuit,
1459 863 1527 890 nihil
1543 863 1631 891 abeat.
1649 863 1700 891 Sed
1710 867 1738 891 et
1752 871 1816 898 quae

1031 909 1101 937 idem
1113 909 1332 945 S.llieronymus
1340 910 1364 925 “
1377 910 1461 937 semel
1477 910 1629 944 iterumque
1642 917 1676 937 ex
1691 909 1815 945 Epistola

1029 955 1076 982 illa
1099 955 1127 982 in
1153 954 1272 982 medium
1299 954 1387 987 affert,
1410 955 1483 982 haud
1498 955 1526 982 in
1540 958 1635 982 nostra
1653 955 1816 982 desideran-

1030 1005 1076 1028 tur
1094 1008 1101 1026 :
1116 1001 1228 1036 perinde
1241 1005 1272 1028 ut
1287 1000 1331 1027 hic
1356 1001 1491 1036 reperitur
1514 1000 1596 1027 etiam
1616 1001 1663 1028 illa
1676 1000 1816 1034 phmnicis

1030 1047 1265 1078 commemoratio,
1278 1054 1360 1081 quam
1376 1054 1408 1074 ex
1422 1046 1570 1075 Clementis
1583 1046 1698 1081 epistola
1710 1045 1816 1081 produ-

1031 1093 1069 1120 cit
1088 1092 1206 1128 Cyrillus
1231 1092 1533 1128 Hierosolymitanus“.
1562 1092 1642 1120 Omni
1673 1099 1705 1119 ex
1737 1096 1817 1127 parte

1031 1147 1140 1174 quoque
1152 1142 1246 1166 nostra
1257 1139 1314 1166 haec
1324 1138 1469 1174 respondet
1482 1138 1519 1165 illi
1533 1138 1709 1172 descriptioni
1733 1146 1817 1172 quam

1031 1182 1144 1211 Photius
1160 1183 1188 1210 in
1213 1183 1375 1212 Bibliotheca
1396 1183 1487 1216 habet,
1503 1187 1663 1218 argumento
1677 1182 1815 1214 videlicet,

1032 1230 1150 1257 dictione
1164 1234 1191 1257 et
1205 1229 1329 1256 doctrina
1349 1229 1382 1256 de
1398 1228 1508 1256 mundis
1523 1233 1601 1257 trans
1620 1236 1766 1259 oceanum,
1784 1229 1818 1255 de

1031 1274 1161 1302 Phoenice
1179 1278 1206 1301 et
1221 1274 1254 1301 de
1270 1273 1373 1301 Christi
1399 1280 1525 1309 persona.
1539 1274 1655 1301 Tantum
1669 1273 1746 1301 deest
1761 1273 1818 1300 for-

1032 1321 1115 1348 tassis
1143 1321 1216 1355 quod
1238 1319 1267 1347 S.
1292 1319 1418 1347 Justinus
1442 1320 1583 1355 martyr",
1601 1319 1658 1346 sive
1672 1319 1735 1354 quis
1747 1319 1818 1346 alius

1032 1370 1129 1394 auctor
1143 1366 1313 1400 Responsian.
1326 1365 1360 1393 ad
1376 1365 1515 1392 orthodom.
1532 1373 1563 1392 ex
1576 1364 1697 1400 Epistola
1712 1365 1759 1392 illa
1776 1373 1818 1392 re-

1033 1410 1096 1444 fert,
1110 1411 1239 1446 quodque
1257 1418 1307 1437 ceu
1323 1410 1455 1438 Clementi
1468 1410 1572 1436 dictum
1590 1409 1683 1436 laudat
1699 1410 1818 1437 Basilius

1033 1456 1066 1484 ad
1081 1455 1310 1491 Amphilochium.
1323 1455 1424 1483 Verum
1451 1463 1505 1482 non
1529 1460 1570 1483 est
1585 1455 1657 1490 quod
1673 1460 1818 1490 propterea

1033 1504 1145 1537 sequius
1161 1503 1343 1537 suspicemur,
1359 1510 1421 1529 cum
1436 1506 1555 1537 quatuor
1568 1502 1671 1537 integra
1686 1502 1751 1529 folia
1769 1510 1818 1528 no-

199 1547 324 1574 mutavit.
342 1546 395 1574 Sed
409 1551 436 1574 et
449 1547 541 1574 videre
554 1551 596 1574 est
611 1547 738 1574 damnata
750 1547 848 1582 placita
864 1547 982 1574 Marcio-
996 1558 1019 1590 ρ
1035 1549 1077 1576 bis
1091 1548 1188 1576 deesse
1211 1552 1326 1576 testetur
1341 1548 1363 1575 is
1379 1548 1422 1575 cui
1437 1548 1583 1575 editionem
1608 1549 1722 1582 primam
1737 1548 1818 1575 debe-

199 1593 245 1620 nis
266 1592 300 1620 de
327 1599 409 1620 carne
435 1596 463 1620 et
484 1593 612 1627 passione
638 1592 752 1625 Christi,
783 1594 982 1621 resurrectione

199 1639 265 1665 item
292 1642 319 1665 et
340 1637 444 1673 judicio
457 1643 638 1670 mortuorum,
656 1639 783 1674 illamque
798 1639 865 1667 adeo
883 1639 983 1668 solem-

199 1691 262 1711 nem
278 1688 304 1710 et
319 1684 366 1710 uni
384 1683 423 1710 illi
453 1684 565 1719 martyri
595 1684 732 1719 propriam
762 1685 982 1718 detestationem,

199 1737 254 1765 qua
278 1728 386 1756 obviam
411 1728 464 1755 sibi
491 1727 700 1756 “cinefactum
724 1722 888 1758 Marcionem
904 1738 983 1758 exce-

201 1775 274 1810 pisse
291 1774 481 1810 Pol‘ycarpum,
497 1774 668 1809 πρωτοτόκου
685 1775 789 1803 scilicet
804 1776 851 1802 τοῦ
866 1777 983 1809 Σατανᾶ,

201 1826 333 1850 meruerat
360 1821 519 1849 tremens”.
536 1820 575 1848 Ex
600 1821 725 1855 adverso,
743 1823 843 1858 quibus
862 1823 983 1857 Flaeius,

200 1877 318 1904 eumque
331 1868 483 1900 sccutialii,
498 1868 609 1895 dubiam
625 1870 738 1898 reddere
746 1869 895 1905 Epistolam
911 1871 984 1897 illam

202 1919 354 1947 tentavere,
370 1915 437 1942 talia
456 1918 522 1943 sunt
547 1919 577 1942 ut
604 1916 632 1942 in
659 1915 833 1943 commodum
861 1915 985 1950 συλλογι-

203 1962 271 1998 σμρν
291 1962 395 1990 referre
421 1970 552 1998 nequeas,
569 1962 694 1997 quamvis
708 1963 828 1990 coneris.
847 1961 986 1997 Simplici-

203 2012 246 2035 tas
261 2012 335 2035 eerte
359 2007 487 2036 dictionis
502 2012 529 2035 et
542 2008 729 2036 inelaboratus
751 2015 852 2039 sermo.
871 2015 932 2042 qua:
947 2007 988 2036 illi

203 2058 363 2085 causantur,
381 2057 499 2088 arguunt
510 2054 601 2088 potius
610 2054 787 2088 apostolicam
801 2057 908 2080 aetatem
918 2054 988 2081 scri-

205 2099 391 2134 ptionemque,
406 2103 433 2125 ut
444 2106 503 2133 quae
515 2099 561 2125 uni
578 2098 617 2125 illi
629 2098 786 2133 tempestati
800 2101 827 2125 et
842 2097 909 2125 solis
921 2105 983 2132 apo-

204 2145 292 2178 stolis,
310 2152 459 2179 eorumque
471 2144 613 2178 discipulis
629 2143 772 2170 familiaria
788 2143 897 2171 fuerint.

240 2190 294 2217 Par
315 2190 385 2217 ratio
408 2194 450 2218 est
461 2189 639 2217 Clementina:
651 2189 726 2216 illius
741 2188 868 2224 Epistola:
883 2189 916 2216 ad
931 2188 986 2216 Co-

1033 1603 1106 1626 mus,
1119 1594 1255 1621 Patricius
1269 1593 1368 1622 Junius
1385 1604 1390 1620 :
1408 1598 1435 1622 et
1460 1593 1577 1621 Basilius
1592 1594 1661 1629 (sive
1674 1593 1745 1620 alius
1758 1593 1818 1619 libri

1033 1639 1106 1666 illius
1121 1639 1248 1674 scriptor)
1267 1638 1313 1665 illa
1340 1646 1388 1666 sua
1404 1647 1437 1665 ex
1452 1638 1504 1665 hac
1518 1637 1638 1672 Epistola
1667 1637 1738 1665 forte
1764 1646 1817 1665 non

1033 1686 1206 1721 prompserit.
1222 1685 1294 1712 Nihil
1321 1692 1386 1712 sane
1406 1692 1439 1712 ex
1465 1685 1538 1711 omni
1568 1684 1731 1718 antiquitate
1757 1692 1819 1718 pro-

1034 1731 1146 1759 duxeris
1169 1731 1203 1758 de
1228 1730 1377 1758 Clementis
1394 1729 1440 1756 illa
1453 1736 1583 1764 germana
1598 1729 1731 1764 Epistola,
1746 1727 1817 1763 quod

1034 1777 1132 1805 merito
1146 1784 1225 1812 quem
1241 1775 1334 1803 fecerit
1348 1775 1381 1802 de
1394 1778 1489 1801 nostra
1506 1773 1640 1801 dubitare.

1069 1822 1128 1850 Jam
1143 1829 1207 1849 vero
1218 1829 1280 1849 cum
1296 1828 1362 1848 cura
1386 1823 1508 1847 nostram
1537 1820 1608 1846 hanc
1629 1818 1730 1855 legenti
1751 1818 1818 1846 nihil

1035 1869 1157 1897 occurrit
1179 1868 1262 1895 fucati
1278 1870 1325 1894 aut
1346 1866 1471 1898 subdoli;
1485 1870 1512 1893 et
1527 1870 1618 1893 tamen
1631 1865 1724 1891 omnia
1742 1864 1813 1891 refe-

1037 1920 1101 1942 runt
1114 1915 1194 1950 plane
1209 1912 1359 1948 apostolica
1374 1916 1509 1946 tempora,
1520 1911 1680 1938 charactere
1694 1910 1818 1937 scriben—

1036 1961 1074 1993 di,
1099 1965 1125 1988 et
1145 1960 1271 1987 doctrina
1289 1959 1358 1993 ipsa.
1384 1957 1461 1990 Quod
1483 1957 1560 1984 firmo
1586 1961 1628 1983 est
1647 1961 1818 1991 argumento,

1037 2009 1134 2037 saltem
1149 2015 1182 2035 ex
1197 2007 1244 2033 illo
1262 2013 1321 2032 aevo
1339 2004 1373 2031 ad
1395 2011 1445 2030 nos
1461 2002 1611 2037 Epistolam
1635 2002 1709 2028 illam
1726 2009 1821 2036 perve-

1037 2054 1122 2085 nisse,
1136 2053 1188 2080 etsi
1203 2052 1237 2080 de
1254 2055 1366 2078 auctore
1386 2048 1456 2076 forte
1477 2055 1532 2075 non
1557 2051 1706 2074 constaret.
1727 2046 1821 2073 Sermo

1039 2107 1105 2126 sane
1123 2099 1147 2125 is
1162 2101 1215 2129 est,
1230 2096 1338 2131 qualem
1360 2102 1483 2123 summus
1498 2093 1611 2120 criticus
1626 2091 1822 2126 Photiusjudi-

1039 2145 1127 2176 cavit.
1150 2142 1251 2174 ἁπλοῦς
1274 2141 1343 2168 κατὰ
1364 2140 1412 2176 τὴν
1436 2140 1535 2174 φράσιν
1559 2139 1606 2165 καὶ
1641 2137 1748 2173 σαφὴς,
1778 2138 1822 2164 καὶ

1039 2190 1121 2224 ἐγγὺς
1134 2189 1181 2215 τοῦ
1206 2185 1429 2222 ἐκκλησιαστικοῦ
1444 2184 1616 2220 χαρακτῆρος
1626 2192 1633 2216 ;
1643 2189 1719 2210 extra
1734 2188 1823 2210 autem

205 2237 335 2268 rinthios,
351 2244 433 2271 quam
445 2244 478 2263 ex
493 2235 679 2263 vetustissimo
692 2234 878 2263 Alexandrino
893 2235 988 2263 codice
1003 2231 1025 2258 Ι)
1042 2236 1158 2271 primum
1175 2234 1240 2261 illud
1252 2232 1380 2261 Ecclesiae
1392 2238 1479 2258 arvum
1496 2230 1597 2258 frustra
1618 2229 1734 2257 formam
1750 2229 1822 2256 illam

206 2283 286 2310 nobis
296 2291 351 2310 non
368 2282 437 2310 adeo
453 2282 556 2316 pridem
571 2281 707 2309 Patricius
721 2280 818 2308 Junius
830 2282 872 2308 vir
881 2282 987 2309 clariss.

206 2329 431 2362 communicavit,
447 2333 474 2356 et
489 2333 518 2356 tu
527 2328 608 2356 hodie
622 2336 656 2356 ex
665 2327 833 2356 Londinensi
844 2328 987 2363 exprimis.

207 2375 296 2402 Etiam
310 2375 354 2401 bic
368 2374 441 2401 enim
453 2374 574 2401 invenire
588 2378 640 2404 est,
653 2381 714 2408 qua:
727 2381 789 2400 cum
807 2373 840 2400 de
858 2373 914 2406 illa,
931 2377 989 2400 tum

206 2429 241 2449 ex
268 2421 314 2448 illa
333 2423 439 2447 veteres
470 2427 565 2447 omnes
593 2419 781 2454 prodiderunt.
805 2418 990 2447 Observamus

206 2474 274 2495 sane
287 2470 314 2494 et
325 2465 418 2492 στάσιν
433 2466 483 2492 οὐκ
500 2464 592 2500 ὀλίγην
612 2464 737 2492 Corinthi
752 2468 840 2492 ortam
852 2466 922 2492 inter
933 2465 989 2492 fra-

207 2516 276 2543 tres,
289 2518 461 2546 progressam
489 2511 615 2538 nimirum
633 2509 667 2537 ad
688 2510 743 2537 vim
769 2515 795 2537 et
810 2510 919 2542 bellum,
932 2511 991 2538 sive

207 2558 298 2585 duella
313 2566 320 2583 :
334 2562 360 2585 et
371 2556 500 2584 Romanae
514 2555 652 2588 Ecclesiae,
666 2563 721 2583 non
734 2560 822 2583 autem
835 2556 917 2583 unius
929 2556 990 2583 Cle-

208 2603 309 2632 mentis
322 2604 432 2631 nomine
444 2607 570 2631 exaratas
584 2602 705 2635 litteras;
722 2610 824 2637 easque
843 2602 876 2630 atl
895 2610 989 2638 pacem

209 2655 237 2678 et
255 2650 430 2678 concordiam
452 2648 611 2677 Corinthios
627 2647 776 2681 ﬂectentes,
793 2652 991 2675 memorantes-

210 2704 263 2730 que
273 2703 367 2723 eorum
384 2695 473 2728 ﬁdem,
491 2702 571 2729 quam
583 2699 707 2722 reccnter
717 2693 751 2720 ab
767 2693 896 2728 apostolis
911 2701 988 2721 acce-

249 2796 270 2811 ¹¹⁸
283 2795 342 2822 Lib.
360 2803 389 2821 ιιι
414 2795 497 2826 liisL,
517 2803 542 2822 c.
558 2794 602 2825 56;
616 2794 634 2821 1.
650 2802 686 2825 ιν,
715 2802 740 2821 c.
759 2795 801 2821 Η.

219 2830 412 2865 ΙΙερὶάρχών.
428 2832 448 2845 “‘
460 2830 518 2857 Lib.
536 2837 564 2856 ιιι
593 2829 664 2856 Hist.
691 2837 720 2865 [ε.
751 2830 785 2856 1‘2
801 2833 827 2856 et
848 2830 900 2865 732.

214 2867 236 2882 "
253 2864 363 2894 Caici-It.
392 2866 434 2893 18.
474 2867 495 2881 ‘"
517 2865 596 2900 Resp.
626 2865 658 2892 7i
690 2864 785 2897 Basil.,
803 2873 826 2891 c.
844 2864 888 2891 29.

843 2795 863 2809 lli
880 2795 889 2809 ῐ
902 2801 934 2809 ,ιη
974 2795 996 2809 ιιῖ

880 2793 944 2822 Loc.
973 2795 1048 2822 citat.
1090 2794 1111 2809 ’⁵
1128 2793 1185 2820 Lib.
1209 2800 1250 2822 III.
1271 2799 1296 2818 c.
1328 2793 1370 2818 15.
1423 2793 1441 2806 ¹⁷
1462 2793 1518 2816 Lib.
1539 2797 1564 2816 iv
1588 2793 1698 2819 suam;
1734 2793 1779 2814 nn.
1801 2793 1816 2812 ιι

880 2830 900 2856 2.
942 2830 961 2844 ¹¹¹
973 2829 1011 2857 De
1041 2829 1162 2857 scriptor.
1201 2827 1266 2854 "in
1298 2834 1358 2861 cap.
1387 2834 1422 2854 l.ll
1454 2825 1516 2853 lsai.
1548 2829 1575 2852 et
1598 2832 1658 2859 cap.
1673 2831 1699 2851 IV
1723 2823 1817 2859 Ephes.

1041 2280 1179 2309 scribendi
1207 2278 1358 2314 quaesieris.
1386 2276 1432 2304 Sic
1455 2276 1528 2311 quod
1545 2276 1661 2311 epistola
1693 2274 1822 2302 Romamn

1043 2327 1181 2358 Ecclesiae,
1194 2333 1249 2352 non
1265 2331 1329 2351 vero
1343 2322 1466 2358 episcopi
1483 2326 1511 2350 et
1532 2322 1754 2357 presbyterorum
1779 2325 1822 2346 aut

1041 2372 1162 2408 episcopi
1189 2372 1274 2399 solius
1301 2369 1411 2396 nomine
1436 2372 1548 2395 exarata
1570 2372 1622 2399 est,
1645 2367 1724 2393 alteri
1751 2366 1821 2392 aetati

1042 2425 1124 2453 quam
1141 2417 1191 2445 soli
1212 2415 1368 2450 apostolica:
1382 2421 1436 2440 non
1451 2413 1596 2440 convenit:
1615 2411 1745 2447 paulatim
1765 2419 1822 2437 cre-

1043 2467 1136 2492 scente
1158 2462 1320 2490 auctoritate
1345 2459 1462 2494 primum
1488 2458 1592 2493 collegii
1618 2457 1819 2492 presbyteralis.

1040 2510 1105 2538 inde
1122 2509 1202 2536 unius
1216 2506 1348 2543 episcopi,
1375 2509 1402 2532 et
1427 2505 1528 2532 sensim
1543 2512 1557 2530 a
1570 2503 1712 2530 curatione
1737 2510 1822 2530 saera-

1041 2563 1102 2583 rum
1122 2562 1213 2582 rerum
1233 2557 1338 2581 remoto
1352 2552 1462 2587 populo.
1484 2550 1608 2584 Sequens
1629 2548 1711 2576 etiam
1738 2555 1823 2575 aevum

1043 2603 1122 2637 longe
1141 2601 1219 2627 aliter
1234 2599 1268 2626 de
1285 2606 1401 2633 persona
1417 2597 1521 2625 Christi
1541 2596 1661 2622 locutum
1685 2600 1727 2622 est
1741 2604 1747 2622 :
1762 2602 1822 2621 cum

1044 2649 1088 2675 hic
1104 2655 1158 2674 non
1176 2646 1233 2673 fere
1246 2645 1297 2671 alia
1310 2645 1532 2679 reperias,quam
1542 2642 1587 2669 illa
1602 2641 1701 2676 quibus
1716 2640 1745 2667 S.
1755 2640 1823 2667 Pau-

1047 2695 1089 2721 lus
1105 2697 1146 2720 est
1158 2699 1234 2720 usus.
1251 2690 1347 2718 Videre
1361 2690 1443 2717 etiam
1460 2689 1504 2715 hic
1515 2692 1557 2715 est
1572 2690 1599 2714 in
1614 2687 1710 2714 ordine
1721 2686 1814 2714 bicrar

1090 2794 1111 2809 ’⁵
1128 2793 1185 2820 Lib.
1209 2800 1250 2822 III.
1271 2799 1296 2818 c.
1328 2791 1370 2818 i3.
1423 2790 1442 2806 ¹⁷
1462 2789 1518 2816 Lib.
1539 2797 1564 2816 iv
1588 2788 1698 2819 Strom.,'
1733 2788 1779 2814 lib.
1801 2793 1816 2812 ιι
