1893 3101
55 201 87 228 53

686 198 858 227 ιηιῡοεθιιΑ
881 196 1078 226 VARIORUM.

1660 194 1693 221 Si

55 261 132 288 chico
147 259 294 287 numerari
307 266 363 286 non
379 259 448 286 alios
463 265 545 293 quam
558 258 704 293 episcopos
719 264 745 286 et
760 259 854 286 diaco-
868 263 892 288 Α
907 256 1098 292 deprehendas
1112 254 1184 290 quod
1201 254 1316 282 Photius
1345 254 1462 286 notavit,
1488 262 1586 289 nempe
1602 255 1686 282 νουθε-

53 315 112 337 nos,
129 306 256 341 episcopi
278 306 391 332 nomine
414 312 510 332 omnes
528 305 705 340 presbyteros
724 312 848 339 compre-

55 352 192 379 hendente
212 361 218 378 :
234 359 323 378 secus
339 358 421 386 quam
437 349 508 377 infra
528 349 680 384 apostolica
693 353 724 376 et
737 352 849 383 aposto-

52 399 113 425 licis
133 397 273 425 viciniora
299 401 423 432 tempora
445 396 575 423 obtinuit.
599 395 669 422 Huic
696 395 744 422 uni
773 395 847 422 aetati

53 444 133 472 ctiam
150 451 277 479 congrua
300 447 343 472 est
363 442 563 470 sacrificiorum
575 442 724 469 celebratio
740 442 769 469 in
783 441 848 470 llie-

36 490 253 525 ,rosolymitano
266 489 379 524 templo,
393 488 474 523 cujus
494 488 552 515 haec
568 487 690 522 Epistola
711 487 847 515 meminit.

53 535 134 562 Multa
147 535 202 561 alia
219 542 277 562 non
291 534 428 562 simulate
452 533 599 561 vetustatis
616 533 718 560 indicia
733 541 849 569 conges-

52 581 86 607 sit
96 579 175 614 Hugo
191 579 317 610 Grotius.
333 579 376 606 vir
391 586 527 610 summus,
545 578 661 613 epistola
677 578 797 613 quadam
814 579 848 606 ad

51 625 249 661 Hieronymum
272 625 447 661 Bignonium,
467 633 528 659 quae
550 625 577 652 in
607 625 677 651 libro
699 625 846 658 Epistolar.

51 671 83 697 ad
100 670 194 697 Gallos
215 674 258 698 est
282 678 343 698 cur
366 678 451 705 :qua:
471 678 525 697 non
557 677 672 705 possunt
701 678 755 698 non
783 679 848 706 pro-

51 718 134 744 bare:
150 717 204 744 nisi
222 717 250 743 in
272 724 306 744 eo
321 717 454 743 erraverit
470 717 516 744 ille
543 717 557 742 ὁ
572 716 654 747 πάνυ,
674 717 747 751 quod
768 722 848 752 neget

49 763 222 791 Clementem
238 763 343 798 aliquid
358 771 390 790 ex
409 762 575 798 Evangeliis,
588 770 649 797 qua:
663 763 845 798 appellamus,

49 808 212 840 adduxisse,
232 815 297 835 cum
313 811 404 835 tamen
419 815 453 834 ex
470 807 500 834 S.
517 806 598 834 Luca:
622 815 683 842 cap.
710 814 736 833 vi
765 807 846 834 verba

52 854 162 882 Domini
187 854 279 882 nostri
303 854 358 881 sint
380 854 505 888 repetita.
528 853 602 880 Satis
625 860 691 880 vero
707 853 749 880 vel
773 853 846 880 illaa

50 900 128 928 nobis
142 900 229 927 allata
240 904 305 927 sunt
321 899 397 935 paria
410 899 582 926 vindicanda:
594 907 651 927 sua:
667 899 794 934 dignitati
807 899 847 925 illi

49 951 152 974 nostra:
173 946 300 981 epistola:
315 954 321 971 :
339 953 427 980 eoque
446 945 514 972 nihil
530 946 629 973 attinet
642 946 721 982 plura
737 946 764 972 in
779 953 845 972 con-
863 941 883 967 Β

50 992 238 1019 ﬁrmationem
256 1000 330 1019 nunc
343 992 506 1027 producere.
527 991 560 1018 Et
576 999 643 1019 sane
657 991 705 1018 tibi
722 991 844 1026 quidem,

48 1038 82 1064 Ini
95 1037 221 1070 Madere,
238 1037 358 1065 fortasse
375 1037 442 1065 satis
461 1041 503 1065 est
519 1037 558 1069 id,
576 1036 650 1072 quod
674 1038 784 1064 nemine
798 1036 847 1063 ad-

47 1088 176 1111 versante
194 1091 294 1111 omnes
309 1083 431 1114 omnino,
447 1090 532 1118 penes
551 1091 622 1118 quos
647 1082 729 1110 hodie
743 1083 848 1110 critieze

47 1137 161 1164 regnum
177 1133 231 1159 cst,
250 1129 399 1164 Epistolam
416 1129 488 1156 hanc
503 1133 534 1156 ut
560 1137 717 1165 germanam
747 1129 848 1156 admit-

47 1181 116 1203 tant.
135 1176 243 1208 Quidni
260 1176 333 1203 enim
356 1179 416 1202 tuto
429 1177 557 1211 sequaris
573 1176 624 1203 hac
639 1176 666 1203 in
683 1184 712 1203 re
725 1175 846 1207 Grutios,

47 1221 213 1253 Salmasius,
235 1221 370 1253 Calixtos,
396 1221 541 1254 Horneios,
566 1221 691 1254 Vossios,
719 1221 844 1254 Rivetos,

47 1267 218 1300 Blondellos,
236 1262 381 1301 Seldenos,
398 1268 536 1300 Petavios,
554 1268 702 1299 Patricius.
723 1268 848 1304 aliosque

45 1322 178 1342 censores
195 1314 329 1341 librorum
340 1315 533 1342 exactissimos
541 1315 552 1341 ?
561 1314 717 1343 Praesertim
734 1315 756 1342 si
767 1323 848 1343 nemo

46 1361 157 1388 doctior
182 1360 343 1393 dissentiat,
364 1364 397 1388 ut
418 1361 461 1387 hic
479 1360 620 1393 dissentit,
647 1360 721 1396 quod
749 1360 846 1394 sciam,

45 1414 138 1434 nemo.

79 1451 195 1486 Loquor
214 1459 291 1483 vero,
311 1452 350 1480 uti
366 1452 479 1485 n0visti,
495 1456 600 1479 tantum
616 1452 649 1479 de
660 1452 784 1488 Epistola
802 1452 849 1479 illa

45 1498 198 1533 prolixiora
215 1498 251 1525 ad
263 1498 434 1529 Corinthios.
451 1506 506 1526 non
522 1499 556 1526 de
573 1499 659 1526 altera
679 1499 743 1530 ista,
766 1498 846 1533 cujus

46 1547 233 1580 fragmentum
248 1544 344 1572 itidem
361 1544 511 1579 publicavit
522 1543 658 1572 Patricius
675 1545 719 1571 ille
736 1544 846 1572 Junius.

45 1590 208 1625 Quanquam
219 1594 248 1617 et
263 1590 337 1616 hanc
353 1589 508 1617 existimem
522 1597 583 1617 esse
601 1590 676 1616 illam
690 1589 787 1616 Photio
811 1589 849 1616 le-

45 1641 126 1667 ctam,
140 1637 196 1664 imo
208 1636 283 1663 illam
297 1636 378 1670 cujus
392 1635 537 1668 Eusebius,
555 1635 747 1671 Hieronymus,
764 1641 790 1663 et
802 1636 847 1663 alii
862 1620 883 1649 Ο

45 1682 240 1715 meminerunt,
268 1686 301 1709 ut
323 1681 458 1710 Clementi
472 1682 582 1717 quidem
600 1682 704 1709 auctori
725 1682 844 1713 tribune.

46 1727 91 1754 sed
106 1736 262 1764 perperam.
281 1728 383 1764 Utique
395 1728 469 1755 enim
495 1729 522 1755 in
538 1729 590 1755 hoc
607 1728 667 1763 ipso
691 1727 844 1763 fragmento

903 301 965 327 σίαν
1000 301 1046 326 καὶ
1088 299 1250 335 παραίνεσιν
1292 299 1446 334 κρείττονος
1480 299 1550 334 βίον,
1593 300 1640 326 καὶ
1666 301 1690 327 ἐι

901 347 973 382 ἀρχῇ
1015 345 1045 371 τὸ
1078 345 1209 380 κήρυγμα
1237 343 1355 379 Χριστοῦ
1398 343 1445 369 τοῦ
1480 343 1556 370 Θεοῦ.
1590 343 1694 376 Solam,

901 392 1043 423 nimirum,
1075 391 1150 418 illam
1188 391 1304 426 primam
1334 397 1398 417 cum
1429 390 1504 417 omni
1531 390 1694 426 antiquitate

901 445 1060 474 germanam
1109 443 1228 472 agnosco
1259 446 1266 463 :
1292 436 1406 463 alteram
1434 444 1490 464 non
1527 437 1603 469 item,
1643 438 1695 465 etsi

902 484 938 511 sit
967 487 1086 514 vetusta,
1113 487 1140 509 et
1159 483 1238 517 longe
1263 483 1386 510 melioris
1413 487 1493 514 notae,
1518 485 1599 518 atque
1632 487 1697 510 sunt

900 530 1021 564 illaequte
1036 529 1118 564 vulgo
1133 529 1205 563 apud
1222 528 1334 555 Latinos
1352 527 1502 556 Clementis
1519 529 1629 556 nomine
1641 528 1696 555 cir-

901 574 1104 601 cumferuntur.
1128 573 1162 599 Et
1184 581 1249 600 vero
1274 573 1386 600 nonnisi
1403 573 1511 600 urticam
1527 582 1541 600 a
1556 573 1696 601 Clemente

899 621 1043 656 epistolam
1056 620 1213 655 profectam
1231 628 1303 652 esse,
1320 620 1425 655 reliqua
1441 629 1505 647 vero
1519 623 1622 652 omnia,
1636 629 1696 656 qua:

900 667 958 694 sive
969 666 1203 694 Constitutionqu
1219 665 1443 701 apostolicarum,
1451 666 1509 694 sive
1518 665 1694 701 RecOguitio-

900 721 977 745 num,
1003 713 1064 741 sive
1083 712 1267 747 Epistolarum
1297 712 1408 740 nomine
1433 713 1558 745 veniunt,
1584 714 1694 740 mentiri

900 765 1053 792 auctorem,
1069 761 1110 788 vel
1142 760 1209 787 illud
1227 768 1313 787 unum
1331 767 1381 795 pro
1395 759 1546 787 sufﬁciente
1557 765 1599 787 est
1612 768 1695 795 argu—

900 811 1005 840 mento,
1020 807 1094 842 quod
1109 806 1137 833 S.
1155 806 1275 834 lrenteus
1289 806 1400 834 nonnisi
1418 807 1527 833 unicam
1547 806 1621 832 illam
1640 807 1696 833 lau-

900 853 946 880 det
961 854 988 880 iu
1006 853 1131 881 veritatis
1155 853 1300 880 catholicae
1316 852 1517 881 testimonium.
1547 851 1612 879 dum
1634 856 1695 879 stu-

901 899 979 927 diose
992 904 1132 935 oppugnat
1152 899 1282 931 hmreses,
1299 900 1492 934 episcoporum
1506 897 1696 925 Romanorum

898 953 1046 973 consensu.
1076 946 1135 972 lmo
1162 945 1232 972 tanti
1247 948 1290 972 est
1312 944 1422 971 roboris
1439 944 1485 970 illa
1502 942 1595 970 Irenzei
1619 950 1697 970 com-

898 991 1046 1023 mendatio,
1063 994 1093 1017 ut
1107 998 1157 1026 par
1174 991 1211 1018 sit
1225 991 1392 1025 reliquorum
1406 990 1486 1017 etiam
1503 989 1696 1024 episcoporum

898 1037 1084 1064 Romanorum
1101 1037 1162 1072 ejus
1176 1036 1226 1064 atri
1244 1036 1380 1071 epistolis,
1397 1043 1466 1071 quas
1486 1035 1609 1062 Isidorus
1625 1034 1698 1061 Mer-

899 1088 977 1111 cator
991 1083 1085 1115 edidit,
1095 1083 1155 1110 falsi
1171 1082 1381 1110 convincendis.
1396 1081 1476 1115 Quod
1489 1081 1567 1108 ulcus
1585 1084 1697 1116 tangere

899 1136 956 1156 non
976 1134 1018 1157 est
1035 1129 1117 1164 hujus
1131 1129 1261 1156 instituti.

936 1175 970 1203 Ut
986 1176 1094 1203 redeam
1111 1176 1194 1210 igitur
1209 1175 1242 1203 ad
1258 1174 1381 1210 epistolae
1394 1173 1476 1209 hujus
1493 1181 1560 1200 mea:
1572 1172 1694 1203 initium,

899 1221 1066 1249 laudabilem
1084 1221 1207 1257 profecto
1226 1229 1338 1256 operam
1354 1224 1468 1256 praestas
1481 1220 1554 1247 bono
1570 1218 1693 1254 publico,

901 1267 944 1294 vir
958 1266 1133 1299 doctissime,
1145 1273 1229 1293 aurea
1254 1265 1300 1292 illa
1327 1265 1474 1300 primitiva:
1491 1263 1622 1291 Ecclesia:
1637 1270 1698 1290 mo-

900 1317 1044 1345 numenta,
1069 1312 1175 1339 rariora
1197 1312 1311 1339 inventu
1333 1311 1411 1338 hisce
1430 1311 1458 1337 in
1474 1310 1531 1338 oris
1553 1313 1580 1337 et
1601 1309 1697 1344 paucis

900 1359 980 1390 lecta,
997 1357 1101 1385 nostris
1122 1356 1193 1391 typis
1218 1355 1373 1390 publicans.
1403 1354 1463 1382 Non
1492 1361 1605 1390 possunt
1630 1361 1697 1380 sane

899 1411 951 1439 ego
966 1410 1020 1430 non
1037 1402 1084 1429 tibi
1103 1406 1201 1429 auctor
1222 1409 1294 1433 esse,
1319 1401 1347 1427 in
1369 1400 1416 1427 illo
1430 1401 1557 1427 instituto
1583 1403 1696 1426 strenue

900 1448 1042 1484 pergendi.
1063 1447 1205 1482 Ejusmodi
1231 1446 1325 1481 utique
1353 1446 1456 1481 scripta
1479 1447 1598 1475 volvere,
1616 1443 1697 1478 longe

901 1494 1087 1530 praestabilius
1103 1494 1253 1528 utiliusque
1264 1497 1318 1524 est,
1335 1500 1418 1527 quam
1431 1494 1543 1526 rixosis.
1559 1495 1613 1523 imo
1627 1504 1695 1522 con—

901 1540 1054 1568 tumeliosis
1081 1538 1182 1566 libellis
1210 1537 1333 1572 legendis
1356 1542 1465 1572 tempus
1485 1542 1584 1571 terere,
1601 1541 1697 1575 quales

901 1587 959 1613 hzec
976 1590 1070 1613 nostra
1084 1589 1152 1612 tetas
1169 1588 1271 1612 aeterna
1297 1592 1359 1611 cum
1375 1584 1488 1611 infamia
1511 1585 1567 1612 edit
1592 1586 1695 1620 passim

900 1632 1044 1667 plurimos.

938 1678 1014 1710 Vale,
1028 1678 1064 1705 mi
1079 1677 1200 1707 Madere.
1218 1681 1245 1704 ct
1261 1677 1337 1704 salve
1359 1677 1518 1712 plurimum.
1545 1676 1698 1707 lleluzcstaa

897 1726 934 1753 dii
949 1726 975 1752 in
988 1725 1070 1752 Acad.
1087 1724 1159 1751 Julia
1178 1723 1257 1756 1654,
1278 1731 1305 1750 vr
1321 1723 1381 1750 Kal.
1400 1722 1541 1750 Decembr.

377 1895 720 1953 JOACHIMI
758 1895 985 1953 JOANN
998 1895 1060 1951 lS
1099 1895 1374 1952 MADERI

457 2036 531 2080 AD
569 2035 890 2082 LECTOREM
935 2035 1281 2081 PIUEFATIO.

84 2170 214 2207 Properat
223 2169 258 2197 ad
269 2173 308 2202 te,
316 2168 418 2196 Lector
428 2168 570 2201 benevole,
580 2169 637 2196 inec
646 2168 796 2196 Clementis
811 2169 844 2195 ad

50 2215 204 2242 Corinthios
210 2215 330 2250 epistola
338 2214 491 2249 ἱκανωτάτη
499 2215 545 2241 καὶ
554 2213 703 2249 θαυμασίαν.ξ
708 2215 785 2249 juxta
795 2215 850 2242 lre-

52 2270 136 2288 meum
151 2266 178 2289 et
192 2260 357 2292 Eusebium,
374 2260 468 2288 multis
479 2260 535 2295 jam
551 2260 661 2288 saeculis
677 2261 844 2289 desiderata.
863 2272 885 2299 ι)

51 2307 115 2334 Luci
135 2307 212 2334 illam
225 2314 282 2334 non
294 2306 333 2333 ita
345 2305 453 2341 pridem
474 2306 586 2334 donavit
610 2315 722 2334 rursum
738 2308 780 2334 vir
791 2307 847 2334 cla-

51 2354 179 2382 rissimus
193 2353 333 2381 Patricius
357 2352 467 2384 Junius,
484 2353 664 2385 serenissimi.
688 2353 741 2381 heu
757 2361 847 2389 quon-

50 2399 125 2427 dam!
162 2399 372 2427 Britanniarum
407 2407 481 2434 regis
517 2399 766 2430 bibliotltecarius,
802 2399 847 2426 cui

52 2450 197 2482 propterea
212 2447 348 2473 maximas
363 2451 438 2473 certe
451 2446 554 2481 gratias
568 2445 710 2473 debemus.
733 2445 848 2478 Quanta:

51 2500 114 2520 vero
134 2491 209 2527 apud
221 2495 328 2519 veteres
342 2491 622 2522 fueritauctoritatis.
645 2495 686 2519 tot
710 2492 760 2519 tibi
787 2492 848 2519 illo-

50 2545 122 2570 rum,
151 2545 224 2573 quos
245 2536 377 2572 deinceps
394 2537 566 2570 exhibemus,
594 2542 745 2573 suggerunt
766 2538 847 2565 testi-

49 2583 162 2616 monia;
175 2591 238 2618 quae
250 2590 303 2610 una
320 2591 383 2610 cum
409 2583 470 2611 aliis
492 2583 660 2618 propheticis
672 2584 847 2618 apostolicis-

50 2637 103 2663 que
112 2629 229 2664 scriptis
253 2629 306 2664 legi
322 2629 386 2655 olim
405 2628 431 2655 in
452 2629 615 2663 quibusdam
632 2628 763 2656 Ecclesiis
779 2629 846 2655 soli-

51 2679 117 2706 tam,
137 2673 220 2702 ﬁdem
236 2673 353 2707 faciunt,
368 2674 518 2710 itidemque
528 2674 561 2702 de
582 2682 665 2702 causa
688 2674 845 2709 scriptionis

51 2723 76 2745 ct
86 2718 155 2755 styli
166 2727 266 2755 genere
281 2724 307 2748 te
315 2720 462 2747 certiorem
476 2720 607 2748 reddunt.
624 2720 684 2747 Non
698 2728 763 2755 ergo
774 2725 844 2751 erat,

52 2772 106 2798 quo
120 2769 152 2792 te
168 2766 287 2800 amplius
302 2773 435 2797 morarer,
461 2766 684 2802 quandoquidem
707 2774 847 2801 nunquam

54 2810 122 2838 satis
138 2809 267 2838 laudatus
278 2810 415 2839 Patricius
427 2818 477 2838 sua
491 2812 523 2839 ad
534 2811 674 2839 Lcctorcm
690 2812 848 2847 praefatione

55 2859 176 2888 veterum
192 2857 359 2885 testimoniis
379 2858 609 2893 suprasubncxa,
628 2859 655 2885 in
670 2859 783 2893 reliquis
798 2859 845 2886 tibi

55 2906 161 2936 poterat
184 2902 348 2932 satisfacere
377 2903 426 2931 :ui
440 2903 535 2933 fuisset
561 2904 608 2940 qui
630 2908 735 2932 laniant
759 2905 845 2933 lucem

901 2169 1000 2196 nebula
1024 2177 1111 2204 nuper
1136 2168 1269 2195 voluisset
1285 2168 1433 2200 obducere,
1448 2173 1475 2196 ct
1491 2169 1573 2204 hujus
1597 2169 1695 2206 scripti

901 2215 1067 2250 γνησιότητα
1094 2219 1197 2242 temere
1223 2214 1305 2242 nimis
1330 2219 1411 2250 atque
1431 2215 1633 2244 inconsiderate
1644 2224 1695 2244 ne-

899 2268 974 2296 gare.
1003 2260 1074 2288 Sane
1099 2261 1127 2288 in
1143 2261 1301 2289 verminoso
1316 2262 1387 2289 libro
1403 2269 1454 2289 suo
1473 2270 1554 2297 quem
1570 2263 1691 2294 interim,

899 2307 964 2334 dum
977 2307 1010 2334 de
1024 2307 1076 2334 hac
1092 2307 1213 2334 editione
1229 2308 1330 2342 cogito,
1350 2308 1377 2334 in
1392 2308 1489 2344 vulgus
1504 2309 1606 2341 emisit,
1634 2313 1691 2336 tam

900 2353 1030 2380 audacter
1053 2352 1153 2380 famam
1169 2353 1230 2388 ejus
1245 2354 1360 2385 arrodit,
1378 2358 1408 2381 ut
1424 2362 1458 2381 ne
1479 2355 1560 2382 tineis
1578 2355 1690 2390 quidem

898 2399 1080 2434 trucibusque
1105 2399 1210 2430 blattis,
1237 2407 1299 2434 quae
1321 2399 1452 2427 damnum
1477 2401 1527 2436 ipsi
1546 2401 1602 2436 jam
1627 2405 1691 2427 ante

899 2453 1036 2473 summum
1052 2444 1211 2477 intulerant,
1228 2446 1408 2474 mordaeilate
1423 2446 1511 2474 cedat.
1530 2446 1584 2474 Nec
1599 2451 1691 2474 tamen

899 2492 989 2519 virum
1008 2492 1089 2519 istum
1103 2491 1171 2519 alias
1186 2499 1326 2526 magnum,
1342 2492 1382 2519 vel
1398 2492 1469 2520 hanc
1482 2493 1637 2527 epistolam,
1649 2494 1692 2520 vel

898 2540 959 2566 loca
975 2542 1118 2566 auctorum
1139 2545 1154 2564 a
1170 2538 1272 2572 quibus
1289 2538 1449 2565 testimonia
1465 2539 1561 2571 sumit,
1587 2543 1692 2566 attente

901 2592 1020 2620 unquam
1037 2591 1099 2611 reor
1123 2583 1223 2621 legisse
1239 2588 1265 2610 et
1284 2583 1368 2618 probe
1381 2585 1563 2617 examinasse,
1581 2584 1627 2611 sed
1650 2585 1692 2610 fu-

901 2638 962 2657 cum
990 2628 1082 2664 potius
1107 2629 1322 2663 simplicioribus
1346 2637 1442 2664 parum
1467 2629 1502 2656 ab
1527 2629 1691 2664 antiquitate

899 2675 1041 2703 instructis
1064 2674 1155 2701 facere
1172 2675 1303 2702 voluisse.
1324 2674 1357 2701 Ut
1373 2675 1446 2702 enim
1469 2676 1579 2702 silentio
1601 2677 1691 2703 invol-

898 2729 959 2748 vam
975 2720 1072 2747 frivola
1088 2721 1139 2748 ista
1156 2719 1189 2746 de
1207 2720 1291 2747 minio
1306 2720 1399 2753 ruluro,
1412 2728 1468 2755 quo
1483 2721 1589 2748 lacuum
1603 2722 1629 2748 in
1643 2730 1690 2749 su-

899 2766 1006 2801 periore
1028 2766 1150 2794 editione
1174 2773 1272 2800 magna
1286 2766 1425 2800 diligentia
1444 2772 1508 2793 sunt
1534 2771 1642 2798 notatio,
1663 2771 1690 2793 et

899 2821 959 2848 qua:
975 2817 1105 2847 praeterea
1119 2811 1153 2838 de
1168 2811 1231 2846 styli
1248 2812 1423 2846 simplicitate
1433 2816 1460 2839 ct
1478 2812 1617 2839 incondita
1628 2813 1688 2846 ejus

900 2859 1070 2887 ronncxione
1086 2857 1201 2894 profert,
1220 2861 1248 2884 ut
1272 2858 1434 2891 jamdudum
1458 2859 1507 2892 ipsi
1525 2858 1620 2885 Photio
1637 2859 1687 2884 oh-

901 2910 1008 2936 scrvala
1026 2916 1031 2920 ν
1054 2906 1169 2941 primum
1188 2905 1374 2940 inquullcutcr
1392 2905 1458 2932 satis
1483 2905 1690 2933 causan-inam-
