1893 3101
199 212 235 240 55
762 210 808 236 AD
829 210 857 238 S.
877 209 1088 238 CLEMENTEM
1109 209 1119 236 l
1138 209 1254 236 PAPAM
1794 211 1825 238 56

199 278 257 299 rem
269 269 391 304 epistola;
416 268 466 303 (ita
478 276 596 303 namque
616 269 677 304 ejus
699 273 799 296 sonant
816 268 988 302 Germanica)
1004 271 1024 299 Α
1041 267 1116 294 bona:
1127 266 1188 302 ﬁdei
1203 266 1363 293 conscientia
1376 267 1417 293 illi
1432 267 1613 294 inseroierunt.
1628 267 1667 294 lta
1682 267 1713 294 D.
1725 266 1826 295 Paulus

199 315 285 343 multa
301 314 428 341 omisisse
442 314 491 346 ait,
507 322 568 349 quae
579 314 630 342 sub
643 313 791 342 Clementis
807 313 923 341 Romani
934 321 985 340 no-

200 362 273 388 mine
299 360 333 387 ab
353 360 414 388 aliis
431 359 560 387 Patribus
575 360 707 392 citentur,
733 360 808 387 velut
829 360 987 396 Ilieronymi

200 408 290 434 locum
306 407 334 433 in
347 413 406 440 cap.
435 413 454 432 ιι
476 406 509 433 ad
524 405 657 441 Ephesios
674 416 679 433 :
697 405 817 433 Oceanus
840 413 865 433 et
896 405 988 433 mundi

199 454 245 488 qui
272 458 346 480 trans
371 453 458 486 ipsum
476 458 553 483 sunt;
582 455 609 480 et
634 452 661 479 in
688 456 818 488 quartum
842 452 986 487 ejusdem:

205 499 345 525 Vinculum
360 499 498 525 charitatis
514 498 564 524 Dei
585 499 643 533 quis
657 502 741 532 potest
753 506 877 525 enarrare
888 501 987 532 ?quast

201 553 256 573 non
278 549 435 579 utrumque,
451 545 518 571 illud
538 544 644 572 scilicet
675 552 736 580 pag.
753 544 788 572 29
807 544 859 572 sub
886 543 986 576 linem,

202 592 253 619 hoc
268 599 329 627 pag.
345 590 380 618 65
401 591 474 618 clare
496 591 650 617 inveniatur
661 592 804 625 scriptum.
822 590 871 618 His
888 590 989 618 subne-

201 639 261 669 ctit,
279 638 362 665 etiam
387 637 586 664 centuriatores
601 636 737 672 Magdeb.,
752 630 857 664 centu'r.
867 645 886 668 ι,
898 637 945 664 lib.
958 636 986 668 2,

201 692 228 713 ι.
247 684 409 711 observasse
433 683 500 710 illud
515 682 589 718 quod
603 683 722 710 Basilius
734 682 849 719 Magnus
875 690 936 717 cap.
953 683 988 710 29

201 730 265 756 libri
282 729 319 756 De
333 728 437 763 Spiritu
452 728 481 756 S.
499 736 533 756 ex
555 728 607 756 hoc
629 728 770 756 Clemente
795 729 860 757 citat
882 729 910 756 in
931 729 989 756 haec

200 776 283 803 verba
308 775 461 809 scriptum:
477 774 528 802 Sed
545 779 570 802 et
596 774 716 802 Clemens
732 774 866 802 Romanus
883 783 892 802 :
910 784 919 800 ‹
940 775 989 802 Ve-

201 820 250 850 rtit,
264 819 357 853 inquit,
375 818 444 845 Deus
458 818 591 846 Dominus
605 818 684 846 Iesus
698 818 820 846 Christus
832 824 856 846 et
871 819 987 848 Spiritus

200 869 320 896 sanctus,
342 874 351 890 ›
368 864 395 891 in
411 871 442 891 ea
458 872 519 899 quae
534 870 592 892 tum
604 865 730 892 exstabat
743 865 862 892 editione
872 873 927 893 non
940 873 990 900 po-

200 910 287 937 tuisse
312 910 438 944 reperiri.
459 910 566 937 Mallem
594 918 659 938 vero
679 911 836 938 ostenderet
856 911 986 946 aliquam,

200 962 262 989 qua:
277 958 333 981 tum
350 955 497 988 exstiterit,
515 955 598 990 hujus
613 956 737 990 epistolae
751 944 911 984 editionem:
934 957 988 992 Ipsi
1002 944 1025 974 Β

200 1001 400 1029 tetllut‘iatores
416 1002 499 1036 paulo
518 1006 582 1030 ante
596 1002 691 1030 eodem
709 1002 756 1029 illo
770 1003 879 1037 capite:
892 1002 989 1030 Memi-
1008 999 1011 1002 ’

200 1052 304 1078 nerunt,
319 1047 456 1082 inquiunt,
471 1048 590 1082 epistolw
601 1048 740 1082 cujusdam
759 1048 816 1079 eius
835 1049 870 1075 ad
895 1049 991 1076 Corin-

201 1092 268 1119 thios
285 1091 414 1125 lrenteus,
439 1091 570 1120 Eusebius
586 1098 610 1120 et
636 1092 826 1127 Hieronymus,
841 1102 900 1128 (μιαν
914 1094 990 1121 hodie

199 1145 328 1172 nusquam
344 1142 442 1165 exstat.
455 1137 525 1165 Num
539 1146 603 1171 ergo
619 1138 750 1174 deinceps
765 1139 817 1167 sibi
840 1140 909 1175 ipsis
927 1147 991 1167 con-

199 1184 357 1211 tradicunt?
370 1183 430 1211 Non
445 1192 512 1212 sane
524 1194 530 1211 :
547 1186 595 1213 sed
607 1185 688 1220 longe
698 1186 753 1213 illis
768 1194 846 1214 mens
857 1187 911 1214 alia
925 1195 989 1215 ver-

198 1227 242 1254 bis
257 1234 271 1253 a
284 1227 366 1261 paulo
377 1231 441 1255 ante
453 1228 595 1262 productis
613 1238 620 1257 :
638 1229 783 1262 Incertum,
798 1231 885 1263 aiunt,
899 1236 989 1259 utrum

198 1279 231 1298 ex
244 1280 275 1298 ea
291 1271 422 1307 Epistola,
437 1282 471 1300 an
484 1282 517 1301 ea:
532 1274 585 1301 alio
609 1276 697 1310 aliquo
723 1276 864 1304 Clementis
879 1279 987 1312 scripto,

199 1318 318 1346 Basilius
350 1320 378 1346 in
399 1320 466 1347 libro
480 1320 518 1348 De
542 1321 646 1356 Spiritu
664 1321 692 1350 S.
706 1331 763 1357 cap.
786 1323 831 1356 29,
854 1324 909 1352 ha'c
933 1333 989 1352 ver-

199 1364 232 1390 ba
250 1365 388 1398 protulerit
415 1366 442 1393 in
477 1368 672 1395 enumeratione
694 1370 904 1397 testimoniorum
940 1371 990 1398 do-

198 1415 301 1437 ctorum
343 1415 456 1438 ceterum
482 1412 513 1439 de
544 1412 693 1446 Trinitate;
726 1414 771 1441 sed
803 1420 829 1442 et
861 1415 981 1444 Clemens

198 1455 237 1485 lto
248 1461 348 1489 u.,etc.
363 1457 403 1484 Ex
415 1458 516 1493 quibus
526 1459 631 1494 paucis,
644 1459 731 1488 amice
742 1460 852 1493 Lector,
863 1461 989 1496 judicare

200 1510 295 1536 posses
311 1511 403 1538 quam,
420 1504 535 1538 scilicet,
556 1505 586 1533 in
596 1506 709 1541 reliquis
720 1507 808 1534 oratio
818 1508 878 1543 ejus
887 1515 990 1536 merea.

198 1555 245 1577 tur
258 1550 348 1583 ﬁdem,
364 1551 487 1587 adeoque
505 1552 578 1587 quod
601 1553 747 1587 proverbio
770 1553 882 1587 dicitur,
895 1555 927 1581 ὲκ
941 1554 988 1581 τοῦ

199 1595 352 1631 κρασπέδου
360 1596 390 1622 τὸ
399 1595 512 1632 ὕφασμα
525 1597 680 1631 γινώσκειν,
690 1598 717 1625 ni
724 1599 803 1633 longe
813 1599 920 1634 turpius
929 1607 990 1628 sese

199 1642 228 1668 in
243 1642 422 1676 sequentibus
446 1643 523 1670 daret
545 1644 590 1671 ille
615 1644 650 1671 ab
673 1643 815 1672 allectibus
835 1651 988 1674 excaecatus

197 1687 292 1722 judex.
305 1688 374 1716 Cum
388 1689 496 1723 primis,
511 1690 610 1724 inquit,
622 1690 691 1717 illud
707 1690 741 1717 de
764 1691 892 1726 phtenice
912 1699 988 1719 com-

199 1737 322 1760 mentum
338 1734 430 1769 prodit
445 1739 584 1763 auctorem
602 1736 685 1771 hujus
699 1736 831 1771 epistolas,
856 1745 910 1764 non
926 1745 988 1765 esse

200 1786 262 1805 eum
285 1780 440 1814 adjutorcm
457 1781 486 1808 S.
500 1781 638 1813 Pauli.ad
647 1781 837 1818 Philippenses
859 1793 896 1815 IV,
914 1783 987 1818 quod

200 1832 264 1859 pag.
277 1825 311 1851 54
324 1829 350 1852 et
362 1825 396 1852 55
417 1832 459 1853 est
476 1826 606 1861 reperire.
622 1826 674 1853 Ubi
687 1826 813 1855 Clemens
834 1828 879 1855 ille
893 1836 989 1863 perso-

200 1875 282 1898 natus
310 1872 331 1898 it
359 1873 506 1907 probatum
533 1873 616 1908 (quod
638 1874 751 1902 minime
766 1883 861 1902 verum
876 1876 929 1912 est)
944 1883 989 1903 re-

200 1918 398 1945 surrectionem
415 1919 507 1947 carnis
521 1919 646 1953 quotidie
665 1920 736 1952 ﬁeri,
753 1921 988 1956 quemadmodum

200 1970 253 1990 nox
270 1964 362 1995 cubat,
376 1965 500 1999 exsurgit
518 1965 588 1997 dies,
602 1965 659 1992 abit
676 1966 747 1998 dies,
767 1974 823 1994 nox
838 1967 940 2002 ingruit
962 1971 989 1995 et

201 2009 366 2044 insequitur,
383 2013 436 2037 etc.
451 2009 502 2037 Hic
514 2011 651 2045 principio
661 2019 717 2038 non
733 2016 880 2040 contentus
894 2021 990 2040 vocem

201 2057 301 2087 carnis,
316 2062 377 2090 quae
395 2064 530 2091 nusquam
542 2057 569 2083 in
587 2061 717 2085 contextu
732 2063 884 2094 comparet,
900 2067 990 2088 causae

202 2109 259 2128 suae
274 2100 421 2134 probandae
436 2101 534 2136 gratia,
549 2102 718 2135 inseruisse;
734 2107 865 2137 praeterea
890 2112 990 2139 magna

203 2146 303 2172 iterum
319 2153 381 2172 cum
400 2146 569 2181 impudentia
584 2147 721 2176 haereseos
734 2156 796 2176 eum
818 2150 901 2177 audet
922 2150 991 2178 insi-

202 2192 326 2223 mulare,
360 2191 439 2226 quasi
467 2192 548 2219 alIine
582 2193 723 2228 quippiam
749 2194 868 2221 senserit
902 2195 991 2222 errori

203 2237 343 2272 llvluenaﬂ
370 2242 396 2264 et
421 2237 528 2270 l’bileti,
556 2245 674 2273 quorum
700 2239 798 2274 dogma
818 2239 870 2267 hoc
895 2239 988 2273 fuerit,

1037 312 1092 347 jam
1106 316 1168 340 ante
1189 316 1256 339 satm
1275 311 1361 347 frugis
1374 316 1537 347 argumento
1552 313 1783 341 resurrectionem
1800 314 1826 340 in

1038 357 1129 391 priore
1150 363 1199 383 sua
1215 355 1249 383 ad
1268 355 1426 384 Corinthios
1441 356 1575 391 Epistola,
1595 363 1657 391 cap.
1675 365 1720 389 xv,
1737 357 1826 384 evice-

1038 406 1090 435 rat,
1107 406 1277 437 utunturque
1299 402 1393 430 eadem
1418 401 1554 437 probandi
1566 403 1674 429 ratione
1690 407 1730 430 tot
1749 402 1829 430 dein-

1038 455 1103 483 ceps
1115 447 1291 482 sequentium
1316 447 1481 475 saeculorum
1505 447 1614 476 Patres.
1637 447 1706 475 Cum
1732 449 1828 483 primis

1037 492 1085 522 illa
1118 498 1227 521 natura:
1253 494 1416 521 dormientis
1451 498 1479 522 et
1508 495 1679 530 resurgentis
1702 494 1828 530 exempla

1040 539 1201 576 Septimiani
1216 541 1279 576 styli
1293 540 1435 576 diligentia
1449 541 1590 577 ingeniose
1612 541 1761 569 admodum
1781 550 1829 569 au-

1039 590 1084 623 get
1095 590 1122 614 et.
1138 587 1269 619 illustrat,
1288 587 1369 622 plane
1386 595 1418 614 ac
1434 587 1458 615 si
1471 587 1544 614 hunc
1565 587 1654 623 ipsum
1679 587 1829 616 Clementis

1039 633 1128 661 locum
1153 633 1187 660 de
1204 633 1339 660 industria
1364 633 1416 661 sibi
1438 634 1603 668 sumpsisset
1625 634 1827 663 exornandam.

1039 681 1142 715 Aspice,
1160 680 1257 715 inquit,
1272 680 1307 707 ad
1319 681 1376 715 ipsa
1391 689 1491 716 quoque
1517 681 1636 715 exempla
1648 681 1745 708 divinte
1759 686 1830 716 pote-

1039 727 1126 754 statis.
1144 725 1205 753 Dies
1221 726 1333 753 moritur
1347 727 1375 753 in
1389 731 1500 758 noctem,
1516 731 1541 754 et
1554 727 1665 754 tenebris
1679 735 1830 762 usquequau

1038 781 1086 807 que
1093 773 1226 807 sepelitur.
1237 772 1400 799 Funestatur
1408 773 1499 799 mundi
1507 776 1601 804 honor,
1611 774 1696 800 omnis
1704 773 1831 800 substan-

1039 820 1077 845 tia
1089 819 1253 854 denigratur.
1269 819 1393 851 Sordent,
1407 820 1498 852 silent,
1515 824 1618 854 stupent
1639 825 1738 848 cuncta
1751 828 1760 847 :
1771 821 1831 847 ubi-

1039 872 1087 899 que
1096 864 1233 897 justitium
1248 868 1298 893 est.
1314 863 1360 890 Ita
1381 863 1428 890 tua:
1450 864 1551 891 amissa
1566 864 1680 899 lugetur,
1696 869 1722 892 et
1743 870 1831 892 tamen

1039 918 1132 937 rursus
1147 918 1207 937 cum
1224 918 1272 937 suo
1285 910 1369 942 cultu,
1383 918 1441 937 cum
1458 910 1530 942 dote,
1543 918 1603 937 cum
1621 911 1688 943 sole,
1699 911 1794 938 eadem
1808 917 1832 938 et

1039 957 1142 991 integra
1155 959 1180 982 et
1197 959 1254 983 tota
1268 956 1390 983 universo
1413 956 1471 983 orbi
1492 957 1641 988 reviviscit;
1666 957 1830 992 interﬁciens

1041 1006 1152 1028 mortem
1165 1010 1253 1034 suam,
1266 1006 1380 1034 noctem,
1396 1001 1546 1029 rescindens
1560 1002 1725 1036 sepulturam
1741 1011 1830 1035 suam,

1040 1047 1159 1074 tenebras
1170 1055 1179 1079 ;
1191 1047 1273 1074 Iucres
1287 1047 1391 1074 sibimet
1404 1047 1530 1077 existens.
1546 1046 1637 1074 ’donec
1647 1052 1672 1074 et
1688 1055 1743 1074 nam
1765 1048 1832 1074 revi-

1039 1094 1132 1124 viscat,
1148 1101 1207 1120 cum
1222 1101 1270 1119 suo
1286 1093 1333 1120 illo
1350 1097 1482 1128 suggestu.
1503 1092 1741 1120 Redaccenduntur
1762 1093 1832 1120 enim

1039 1143 1064 1166 et
1075 1139 1214 1166 stellarum
1227 1139 1309 1171 radii,
1323 1147 1387 1174 quos
1403 1139 1535 1166 matutina
1550 1139 1685 1166 succensio
1696 1139 1833 1166 exstinxe-

1040 1188 1092 1214 rat,
1105 1183 1267 1211 reducuntur
1283 1189 1308 1211 et
1320 1184 1437 1211 siderum
1449 1183 1586 1215 absentite,
1596 1191 1663 1218 quas
1674 1183 1832 1218 temporalis

1040 1230 1174 1257 distinctio
1196 1234 1344 1261 exemerat;
1373 1227 1550 1256 redornantur
1568 1233 1593 1255 et
1617 1230 1724 1263 specula
1747 1229 1830 1261 tune,

1039 1284 1098 1311 quae
1128 1280 1278 1304 menstruus
1307 1283 1433 1303 numerus
1469 1275 1625 1306 attriverat;
1662 1275 1832 1302 revolvuntur

1039 1322 1136 1350 hiemes
1144 1327 1169 1350 et
1181 1326 1298 1354 aestates,
1311 1329 1390 1348 verna
1402 1325 1426 1348 et
1438 1325 1578 1352 autumno,
1592 1321 1646 1347 suis
1658 1320 1772 1352 viribus,
1780 1329 1834 1348 rno-

1039 1368 1125 1400 ribus,
1141 1368 1281 1403 fructibus.
1298 1367 1330 1394 Et
1344 1367 1426 1402 paulo
1438 1370 1500 1402 post
1515 1366 1549 1394 de
1566 1366 1717 1401 phmnice:
1736 1366 1769 1393 Si
1785 1375 1834 1401 pa-

1038 1422 1098 1440 rum
1113 1414 1271 1441 universitas
1286 1413 1505 1440 resurrectionem
1519 1413 1635 1447 ﬁgurat;
1648 1413 1671 1439 si
1686 1412 1755 1439 nihil
1781 1412 1832 1439 tale

1040 1460 1156 1487 conditio
1179 1461 1278 1495 signat,
1303 1459 1366 1494 quia
1388 1458 1495 1494 singula
1516 1459 1573 1493 ejus
1595 1466 1647 1486 non
1670 1463 1725 1485 tam
1750 1459 1832 1486 moris

1039 1515 1118 1542 quam
1131 1506 1250 1533 desinere
1267 1505 1411 1537 dicantur;
1429 1513 1475 1532 nec
1494 1504 1670 1535 redanimari.
1685 1503 1730 1531 sed
1746 1505 1833 1539 refor-

1041 1554 1110 1580 mari
1120 1553 1313 1584 existimentur,
1325 1552 1412 1586 accipe
1422 1551 1606 1585 plenissimum
1617 1555 1694 1585 atque
1705 1551 1832 1585 ﬁrmissi-

1041 1607 1113 1625 mum
1123 1597 1201 1632 hujus
1215 1597 1269 1632 spei
1285 1597 1425 1631 specimen.
1435 1595 1569 1632 Siquidem
1581 1596 1707 1623 animalis
1731 1601 1773 1623 est
1793 1605 1832 1623 res

1040 1648 1065 1672 et
1077 1644 1139 1670 vitae
1161 1643 1275 1670 obnoxia
1289 1647 1314 1670 et
1327 1643 1427 1674 morti;
1443 1642 1520 1669 illum
1533 1641 1591 1668 dico
1608 1642 1698 1669 alitem
1715 1641 1832 1669 Orientis

1040 1690 1210 1725 peculiarem,
1228 1688 1260 1716 de
1278 1688 1466 1723 singularitate
1474 1688 1618 1722 famosum,
1631 1687 1663 1714 de
1676 1688 1833 1721 posteritate

1040 1740 1249 1767 monstruosum,
1274 1735 1319 1770 qui
1334 1734 1502 1769 semetipsum
1517 1733 1634 1760 lubenter
1646 1733 1773 1767 funeram
1787 1740 1832 1759 re-

1040 1786 1129 1814 novat,
1144 1781 1231 1808 natali
1245 1781 1297 1815 ﬁne
1316 1779 1443 1807 decedens
1460 1784 1537 1814 atque
1552 1778 1715 1808 succedens;
1736 1778 1833 1804 iterum

1037 1827 1152 1862 phenix,
1168 1827 1213 1854 ubi
1232 1827 1293 1861 jam
1307 1833 1400 1858 nemo;
1420 1826 1514 1852 iterum
1533 1826 1597 1860 ipse,
1618 1825 1664 1860 qui
1689 1832 1741 1850 non
1752 1823 1832 1858 jam;

1041 1873 1111 1901 alius
1127 1873 1206 1900 idem.
1226 1872 1297 1906 Quid
1314 1873 1465 1907 expressius
1481 1876 1558 1906 atque
1575 1871 1707 1906 signatius
1722 1870 1750 1896 in
1763 1868 1834 1896 hanc

1041 1920 1169 1946 causam?
1196 1922 1242 1945 aut
1263 1919 1306 1945 cui
1335 1917 1383 1944 alii
1404 1917 1443 1944 rei
1463 1917 1516 1944 tale
1538 1916 1746 1943 documentum?
1759 1914 1833 1941 Deus

1040 1966 1120 1992 etiam
1133 1964 1278 1999 Scripturis
1289 1964 1344 1991 suis
1357 1971 1366 1990 :
1382 1973 1391 1989 ‹
1410 1963 1444 1989 Et
1456 1962 1559 1997 ﬂarebit
1575 1963 1655 1993 enim,
1675 1961 1774 1996 inquit,
1788 1969 1832 1988 ve-

1042 2013 1081 2038 lut
1101 2011 1221 2046 phaznizc;
1236 2020 1245 2035 ι
1263 2009 1289 2036 id
1301 2014 1340 2037 est
1356 2010 1388 2036 de
1403 2014 1497 2042 morte,
1512 2008 1543 2034 de
1559 2008 1665 2042 funere;
1682 2007 1722 2033 uti
1737 2006 1830 2033 credas

1041 2057 1073 2084 de
1083 2056 1186 2091 ignibus
1202 2064 1301 2092 quoque
1312 2055 1490 2082 substantiam
1512 2054 1629 2088 corporis
1649 2053 1718 2088 exigi
1744 2061 1831 2088 posse.

1042 2103 1137 2130 Multis
1149 2101 1301 2137 passeribus
1312 2110 1360 2129 nos
1374 2101 1504 2129 antistare
1529 2100 1660 2127 Dominus
1672 2099 1833 2133 pronuntia-

1042 2148 1095 2178 vit;
1111 2147 1134 2174 si
1145 2155 1196 2174 non
1206 2151 1229 2173 et
1237 2145 1475 2181 phaenicibusmihil
1503 2152 1638 2179 magnum.
1649 2143 1702 2170 Sed
1713 2143 1832 2170 homines

1042 2193 1122 2220 sentel
1136 2192 1290 2225 interibunt,
1306 2192 1397 2219 avibus
1409 2190 1517 2218 Arabia:
1529 2190 1561 2217 de
1581 2190 1773 2217 resurrectione
1791 2197 1834 2216 se-

1043 2240 1133 2267 curis?
1146 2238 1192 2266 Sic
1212 2246 1294 2274 quam
1308 2237 1512 2273 elegantissime
1530 2234 1713 2263 Tcrtullianus
1731 2236 1833 2263 smculo

202 2283 276 2318 quod
289 2283 518 2311 resurrectionem
534 2284 630 2312 eodem
646 2285 738 2316 modo,
758 2285 990 2320 quemadmodum
1007 2291 1029 2319 ι)
1042 2288 1104 2320 post
1119 2289 1213 2312 natum
1229 2284 1369 2312 Christum
1386 2283 1478 2314 tertio,
1492 2282 1555 2310 libri
1567 2282 1605 2309 De
1616 2286 1758 2309 resurrect.
1771 2290 1836 2308 car-

203 2329 247 2357 hic
265 2329 392 2356 Clemens
413 2330 595 2364 explicarint;
614 2338 722 2365 nempe,
746 2339 830 2358 unum
851 2332 990 2360 hominem

203 2375 304 2410 perire,
322 2375 438 2404 alterum
463 2376 527 2403 huic
540 2377 656 2403 similem
672 2378 797 2411 renasci;
813 2378 894 2413 idque
905 2379 938 2406 ad
959 2378 992 2406 li-

202 2429 266 2448 nem
282 2430 370 2457 usque
385 2423 479 2450 mundi
493 2423 666 2450 duraturum.
687 2422 774 2450 Sicuti
796 2424 841 2450 hic
861 2423 992 2452 Clemens

166 2459 175 2469 ’
204 2473 321 2501 asserat,
341 2470 451 2504 quando
463 2474 592 2504 parentes
612 2470 713 2496 liberos
727 2470 853 2504 gignunt,
875 2470 927 2497 hoc
943 2479 992 2498 vo-

203 2515 261 2541 cari
293 2515 525 2542 resurrectionem
551 2520 735 2541 mortuorum.
761 2513 908 2541 Pcrvolvas
928 2523 993 2542 vero

203 2564 301 2590 totam,
318 2568 422 2594 quasso,
439 2561 596 2595 epistolam,
607 2560 758 2594 vidensque
783 2567 848 2586 num
868 2561 911 2588 vel
929 2569 993 2588 sen-

204 2614 266 2633 sum
278 2606 376 2637 solum.
393 2614 427 2633 ne
450 2607 538 2633 dicam
558 2606 641 2633 verba
656 2609 805 2640 postrema.
820 2606 918 2635 exinde
933 2615 994 2642 pos-

205 2651 244 2678 sis
257 2652 428 2686 exsculpere.
445 2652 659 2687 Argumentatur
673 2651 800 2679 Clemens
815 2652 868 2679 hoc
884 2652 965 2679 modo
984 2662 990 2680 :

206 2697 234 2724 Si
248 2698 320 2724 diem
337 2702 503 2732 noctemque
518 2698 630 2724 videant
650 2698 725 2724 abire
736 2702 763 2724 et
781 2697 887 2730 redire;
901 2698 924 2725 si
950 2706 994 2726 sc-

204 2744 280 2770 mina
296 2744 323 2770 in
339 2747 440 2771 terram
462 2744 538 2778 jacta
560 2748 793 2778 compulrescere,
810 2748 838 2771 et
855 2745 994 2772 nihilomi-

205 2798 258 2818 nus
270 2790 367 2818 deinde
381 2790 488 2818 fructus
501 2790 573 2818 ferre
588 2801 594 2818 :
608 2791 632 2818 si
648 2791 801 2825 phmnicem
824 2791 937 2819 credant
955 2799 995 2819 se-

205 2838 302 2872 pulcro
318 2837 370 2864 sibi
382 2841 524 2864 exstructo
541 2837 608 2864 mori
621 2841 648 2864 et
663 2844 697 2863 ex
713 2837 804 2871 seipso
816 2837 942 2870 renasci;
959 2846 993 2864 an

206 2892 330 2918 magnum
344 2888 368 2910 et
383 2883 504 2910 mirabile
511 2883 546 2909 sit
561 2883 727 2916 censendum,
741 2884 764 2910 si
776 2891 864 2910 rerum
879 2884 995 2910 omnium

207 2930 304 2964 opifex.
324 2933 352 2957 ut
370 2929 427 2965 ipse
440 2930 572 2965 loquitur,
587 2937 720 2964 resurgere
741 2938 782 2956 eos
797 2929 890 2963 faciat,
907 2930 950 2964 qui
966 2929 994 2956 in

1043 2331 1083 2358 nis
1096 2338 1158 2365 cap.
1171 2329 1205 2357 i2
1216 2333 1243 2357 et
1254 2330 1298 2362 l5,
1312 2337 1345 2356 ne
1361 2330 1450 2356 solum
1461 2328 1630 2356 Clementem
1641 2328 1777 2362 ejusmodi
1792 2335 1834 2354 ar-

1044 2376 1183 2412 gumentis
1212 2383 1295 2402 usum
1317 2375 1468 2403 existimes.
1495 2374 1565 2404 Nam
1590 2377 1617 2401 et
1645 2373 1833 2408 Epiphanius,

1042 2422 1212 2450 Constantius
1225 2421 1308 2457 Cypri
1321 2420 1478 2455 episcopus,
1493 2422 1521 2447 in
1535 2420 1671 2446 Ancorato
1698 2427 1750 2446 suo
1775 2419 1834 2446 sive

1044 2469 1105 2495 lldei
1128 2467 1292 2495 Christiana:
1309 2466 1491 2501 expositione,
1517 2470 1545 2493 et
1565 2465 1684 2501 Cyrillus
1704 2464 1835 2492 Hieroso-

1043 2514 1203 2549 lymitanus,
1214 2512 1348 2540 Catechesi
1358 2519 1437 2544 xvut,
1445 2515 1502 2538 tum
1510 2510 1674 2539 Dracontius
1685 2511 1713 2537 in
1724 2510 1835 2538 Hexae-

1044 2567 1115 2595 ἠενρ
1142 2559 1170 2586 in
1188 2558 1311 2586 eamdem
1336 2558 1463 2585 scribunt
1493 2557 1669 2589 sententiam,
1698 2561 1728 2584 ut
1763 2557 1834 2585 alios

1044 2607 1168 2634 omittam
1181 2606 1229 2640 qui
1240 2605 1274 2632 de
1286 2605 1412 2639 phmnice
1424 2608 1554 2639 tanquam
1568 2603 1781 2630 resurrectionis
1796 2604 1835 2631 si-

1045 2659 1098 2686 ςηο
1119 2650 1297 2685 singulariter
1321 2650 1483 2685 loquuntur.
1504 2647 1543 2676 De
1561 2656 1593 2676 ea
1613 2655 1732 2683 namque
1743 2648 1771 2675 in
1786 2656 1836 2675 ore

1044 2698 1109 2725 olim
1123 2701 1206 2732 atque
1224 2697 1252 2724 in
1266 2704 1395 2724 sermone
1417 2695 1540 2723 omnium
1559 2698 1618 2723 erat
1635 2694 1729 2722 fabula
1749 2704 1755 2722 :
1769 2694 1835 2722 lam

1046 2745 1079 2772 ad
1096 2753 1173 2772 aures
1188 2744 1333 2771 multorum
1349 2744 1466 2779 pervenit
1490 2743 1650 2770 credentium
1665 2747 1689 2769 et
1704 2751 1757 2769 non
1777 2750 1835 2769 cre-

1045 2789 1173 2823 dentium,
1187 2791 1277 2825 inquit
1290 2789 1460 2825 Epiphanius
1475 2789 1549 2817 dicto
1563 2789 1622 2816 loco
1635 2797 1641 2822 ;
1656 2787 1731 2815 unde
1743 2792 1769 2815 et
1778 2791 1835 2815 tam

1047 2836 1176 2871 frequens
1196 2836 1258 2870 ejus
1271 2843 1333 2862 cum
1348 2835 1420 2870 apud
1444 2835 1570 2869 gentiles,
1584 2838 1641 2860 tum
1655 2833 1832 2860 Christianos

1047 2883 1160 2913 mentio,
1185 2882 1249 2909 licet
1268 2882 1295 2908 in
1320 2882 1429 2909 illorum
1450 2880 1656 2908 narrationibus
1677 2886 1734 2906 non
1751 2886 1834 2914 parva

1047 2928 1203 2964 rcpcrialur
1214 2928 1341 2956 varietas.
1354 2927 1484 2956 Vidcatur
1500 2926 1600 2962 cx_il|is
1614 2925 1774 2955 Herodotus
1787 2925 1831 2954 lib-
