1893 3101
61 197 88 225 57
657 197 827 225 PROOEMIA
849 196 1040 225 VARIORUH.
1635 201 1669 229 58

36 271 40 275 -
62 267 87 289 ll,
100 265 153 292 :ap.
168 255 215 289 73;
227 255 317 288 0vid.,
345 264 380 283 xv
402 255 578 288 Metamorph.
593 263 663 283 vers.
683 256 752 287 592;
776 255 828 282 Pli-
845 257 868 285 Α
882 262 977 282 ansam
998 263 1012 281 a
1033 254 1152 282 Patricio
1167 254 1359 287 dissentiendi,
1374 259 1513 291 totamque
1525 255 1670 291 epistolam

61 305 124 336 nius,
139 302 181 330 lib.
193 310 211 328 x
227 301 330 329 (liuor.
343 302 476 330 naturalis
489 310 549 337 cap.
573 301 605 334 2;
624 301 761 336 Mcla,_lih.
778 309 807 328 ιιι
820 311 827 334 ;

62 349 155 376 Solinus
166 347 307 384 Polyhist.,
323 356 384 383 cap.
395 356 469 381 vai;
487 347 624 375 Aristides
638 348 666 374 in
686 347 828 375 Palinodia

61 395 197 430 chmyrna
212 398 373 428 restaurata,
384 398 452 422 tom.
462 394 482 426 1,
492 393 724 429 ρ.470;ίΕΙίιιιιιιε
747 394 828 421 lib.Vi

63 439 275 472 Histor.animal..
287 448 349 475 cap.
359 440 404 473 58;
416 440 564 472 Lucianus,
577 440 689 475 Dialogo
704 440 768 475 περὶ
781 439 828 466 τοῦ

60 487 203 522 Περεγρίνου
210 485 336 521 τελευτῆς
343 495 350 518 ;
358 485 536 519 Claudianus,
544 485 677 521 Eidyllion
684 486 781 521 primo.
790 484 830 513 Ex

60 533 204 560 Christianis
219 539 296 565 vero.
314 540 369 560 una
385 540 446 560 cum
467 532 597 568 superius
618 533 787 564 memoratis.
802 536 829 559 et

60 587 116 614 quos
138 578 312 606 doctissimus
340 578 474 606 Weitzius
501 578 536 606 ad
562 578 751 610 Dracontium,
781 577 829 605 Ju-

60 624 195 659 niusquein
208 625 281 652 notis
298 624 363 652 huic
379 624 503 660 epistolae
519 624 652 659 subjectis
677 625 754 655 citat,
775 624 830 650 Eu-

60 671 146 702 sebius,
168 678 192 697 iv
207 670 244 698 De
256 671 312 697 vita
333 670 513 703 Constantini,
534 678 596 705 cap.
614 670 658 702 7‘2,
684 669 784 698 Suidas
801 670 828 696 in

59 716 140 748 Φοῖνιξ.
156 715 212 743 Non
236 724 306 751 ergo
318 716 419 744 mirum
434 720 504 748 erat,
523 717 546 744 si
561 716 766 744 Christianismi
779 717 829 745 do-

59 766 134 789 ctores
152 762 182 789 ad
205 769 263 789 rem
280 762 362 797 vulgo
377 762 508 790 creditam
527 766 727 797 provocarent;
741 770 824 798 quan-

59 807 184 842 doquidem
192 811 218 835 et
230 807 280 835 Dio
291 815 417 836 asserere
434 808 515 835 audet
531 809 577 836 lib.
588 817 667 840 Lvui,
680 808 764 836 Sexto
777 809 828 836 Pa-

59 853 119 887 pinio
131 858 155 881 et
168 853 198 886 Ο.
211 853 322 881 Plautio
339 861 412 882 coss.
429 855 512 890 paulo
522 859 585 882 ante
596 855 699 883 Tiberii
721 856 827 883 obitum

58 899 79 924 in
100 898 207 934 Egypto
226 900 384 934 phcenicem
407 901 579 935 apparuisse,
609 901 636 928 id
654 901 727 936 quod
742 902 824 929 etiam

58 944 145 972 Plinius
159 951 310 973 memorato
321 946 383 974 loco
392 954 424 974 ex
436 946 564 974 Cornelio
575 946 721 974 Valeriano
732 947 825 975 refert.

58 988 150 1017 Tacitus
162 998 234 1022 vero,
248 999 277 1018 vt
288 990 452 1024 Annal.,28,
472 992 544 1020 idem
561 992 595 1019 ad
606 991 684 1019 Pauli
698 993 786 1024 Fabii.
801 997 828 1020 et

58 1034 81 1063 L.
103 1035 195 1063 Vitellii
221 1041 350 1073 tempora
379 1037 496 1070 reducit,
524 1046 641 1073 quorum
666 1039 828 1067 consulatus

55 1082 117 1115 juxta
129 1081 256 1117 Onuphrii
281 1082 380 1110 Fastos
393 1084 422 1110 iu
436 1092 538 1111 annum
557 1083 590 1111 U.
607 1084 637 1112 C.
654 1092 826 1118 nccuxxvn,

57 1128 143 1155 Christi
166 1129 199 1156 55
226 1129 352 1157 incidit:
377 1138 439 1166 qua:
465 1130 538 1158 fatua
564 1132 653 1158 nostri
678 1131 827 1159 Clementis

57 1177 162 1208 tempore
175 1174 264 1202 adhuc
292 1180 353 1202 erat
370 1184 477 1208 recens,
490 1180 585 1211 utpote
599 1177 645 1211 qui
658 1177 736 1210 juxta
753 1177 827 1204 Ana-

55 1221 151 1247 stasium
165 1220 408 1249 Bibliothecarium
426 1229 500 1250 anno
526 1223 587 1257 ejus
603 1224 696 1250 saeculi
716 1223 761 1256 95,
780 1232 826 1251 se-

55 1264 156 1292 cundum
183 1266 252 1294 alios
284 1274 350 1294 vero
374 1267 468 1301 citius,
496 1268 670 1304 episcopatui
702 1269 828 1297 Romano

55 1319 154 1346 praeesse
175 1313 267 1348 carpit.
290 1313 362 1346 Quid
383 1314 455 1349 quod
481 1314 654 1344 Christianos
680 1316 736 1343 illis
759 1320 828 1344 tem-

54 1358 148 1391 poribus
162 1359 317 1392 phamicem
332 1361 546 1388 resurrectionis
563 1363 718 1398 symbolum
729 1371 827 1391 ciente-

54 1405 174 1432 tx'rialibus
186 1406 300 1433 tumulis
315 1406 387 1433 inter
401 1406 453 1433 alia
465 1407 654 1443 insculpsisse,
667 1417 702 1436 cx
716 1409 749 1437 Β.
765 1409 826 1437 Cte-

54 1448 110 1476 cilio:
126 1450 193 1477 Actis
211 1450 306 1478 discas
324 1460 332 1478 :
347 1460 407 1486 qua:
432 1453 550 1488 idipsum
573 1453 605 1482 Β.
626 1454 736 1482 Maximi
754 1463 827 1482 mar-

36 1527 43 1533 ,
55 1496 109 1530 tyn's
119 1497 285 1533 sarcophago
302 1499 413 1526 curavit
429 1499 652 1535 insculpendum.
667 1501 758 1530 Verba
773 1502 827 1529 Ac-

54 1548 135 1574 torum,
149 1548 176 1571 ut
187 1552 218 1571 ex
231 1544 294 1572 cod.
312 1552 366 1572 ms.
389 1545 477 1573 Vatic.
494 1546 592 1574 Vallic.
617 1548 645 1575 in
668 1548 755 1576 Roma
765 1550 828 1576 sub-

882 301 1041 335 rejieiendi;
1064 308 1127 327 cum
1139 308 1189 327 nec
1204 299 1355 332 Scultetus,
1365 308 1416 328 nec
1427 300 1528 332 Cocus,
1544 309 1666 336 unquam

881 348 1015 379 eamdem,
1033 353 1062 374 ut
1075 347 1196 374 nondum
1217 354 1232 374 a
1242 347 1361 374 Patricio
1375 347 1444 375 forte
1454 348 1552 379 visam,
1567 348 1670 374 nedum

879 393 1044 427 evulgatam,
1058 393 1186 426 viderint,
1198 393 1322 428 adeoque
1337 393 1371 420 de
1386 401 1415 420 re
1427 393 1518 428 ignota
1532 392 1668 427 judicium

880 447 960 466 suum
973 447 1026 466 non
1040 440 1179 474 potuerint
1193 440 1378 475 interponere.
1394 439 1510 474 lpsemet
1521 440 1573 466 hoc
1585 442 1670 466 testa-

880 489 926 511 tur
935 485 1107 513 Abraharnus
1121 485 1271 514 Scullelus.
1287 485 1425 520 quondam
1449 485 1590 520 professor
1605 484 1670 512 lici-

881 532 1068 566 dclbergensis
1094 532 1220 560 Medulla:
1247 538 1304 559 sua:
1318 534 1341 549 ’³
1359 541 1420 568 pag.
1436 533 1485 560 571
1503 537 1531 560 et
1546 533 1609 564 579,
1634 532 1670 561 de

881 579 963 613 hujus
977 579 1124 607 Clementis
1142 579 1252 614 scriptis
1267 583 1338 606 Inter
1363 581 1416 606 alia
1441 580 1568 615 inquiens
1581 590 1587 607 :
1602 579 1668 615 Epi-

880 625 976 651 stolam
1000 623 1043 651 hic
1059 625 1192 660 quondam
1211 624 1245 651 ad
1273 624 1425 653 Corinthios
1451 626 1568 660 scripsit,
1591 625 1667 660 cujus

880 672 997 698 meminit
1016 671 1158 707 Dionysius
1174 671 1330 699 Corinthius
1350 672 1420 706 apud
1443 672 1538 700 Euseb.
1555 670 1612 704 (lib.
1628 680 1665 704 Iv,

879 725 939 751 cap.
952 717 1004 750 ‘25;
1021 718 1068 745 lib.
1079 726 1120 750 ιιι,
1132 725 1193 753 cap.
1203 718 1259 752 38.)
1272 719 1355 746 Periit
1364 718 1470 746 celebris
1478 719 1529 744 ista
1537 717 1647 753 epistola
1657 736 1666 748 ,

879 763 924 790 sed
939 765 967 790 in
978 764 1065 790 locum
1080 764 1138 798 ejus
1159 764 1311 791 substitutte
1322 768 1384 790 sunt
1400 763 1512 798 quinque
1541 763 1612 794 alite,
1641 767 1667 790 et

878 809 1089 843 Recognitionum
1101 811 1163 838 libri
1173 810 1272 841 decem,
1285 811 1331 845 qui
1351 809 1428 836 hodie
1451 808 1594 837 Clementis
1616 817 1665 835 no-

879 857 948 883 mine
967 856 1200 891 circumferuntur.
1231 856 1357 890 Epistola:
1379 860 1483 883 exstant
1496 860 1566 882 tomo
1581 855 1667 890 primo

877 900 1133 936 C0nciliorum,qua’
1145 902 1257 936 singulis
1269 902 1322 936 fere
1335 902 1410 928 lineis
1424 901 1582 928 Clementem
1593 901 1669 927 adul-

880 949 993 975 terinum
1007 947 1159 982 loquuntur.
1192 947 1356 974 Earumdem
1383 947 1505 982 quinque
1521 946 1665 974 Clementi-

880 1003 985 1027 narum,
1003 1002 1064 1029 quae
1087 994 1236 1021 Decretales
1264 994 1356 1029 vulgo,
1373 1001 1430 1020 non
1447 1001 1510 1020 vero
1525 993 1608 1028 hujus
1633 994 1668 1020 ad

879 1040 1165 1072 Corinthios,examen
1176 1040 1294 1068 instituit
1306 1039 1444 1067 Robertus
1458 1039 1549 1066 Cocus
1564 1039 1669 1074 Anglus

880 1086 907 1113 in
931 1093 981 1113 sua
993 1085 1111 1112 Censura
1121 1085 1144 1100 “
1162 1092 1222 1120 pag.
1240 1085 1272 1112 Al
1291 1090 1317 1112 et
1334 1091 1411 1119 seqq.
1428 1083 1588 1111 Blondellus
1602 1084 1668 1110 item

879 1142 1012 1176 singulari
1027 1141 1098 1168 libro
1115 1141 1249 1168 adversus
1264 1139 1364 1168 lsidori
1383 1139 1545 1167 Mercatoris
1559 1140 1670 1175 ﬁgmen-

880 1192 917 1220 ta,
935 1186 1050 1215 Gencvze
1076 1194 1121 1214 an.
1147 1186 1250 1214 Christi
1283 1186 1352 1213 1628
1377 1194 1496 1219 excuso,
1521 1185 1567 1213 ubi
1586 1185 1670 1213 simul

878 1233 1000 1260 ostendit
1019 1241 1052 1260 ex
1068 1233 1168 1268 quibus
1196 1233 1360 1260 centonibus
1371 1240 1410 1260 ea:
1429 1236 1551 1260 consutm
1566 1231 1670 1260 fuerint

878 1285 905 1308 et
918 1280 1059 1308 confecto.
1082 1280 1191 1312 Quanto
1205 1287 1270 1306 vero
1285 1279 1312 1306 in
1327 1279 1414 1314 pretio
1428 1279 1500 1306 hanc
1513 1278 1601 1313 ipsam
1616 1279 1669 1306 ha~

879 1327 969 1354 buerit
992 1325 1152 1360 Epistulam,
1181 1325 1311 1360 Apologia
1339 1325 1399 1358 ejus
1427 1324 1584 1360 pererudita
1614 1333 1663 1359 pro

879 1372 1035 1407 Hieronymi
1043 1371 1170 1398 sententia
1179 1371 1211 1398 de
1225 1371 1350 1405 episcopis
1357 1370 1545 1405 etprcsbyteris
1559 1370 1668 1405 probat,

881 1419 909 1446 in
919 1426 973 1454 qua
990 1426 1044 1445 non
1057 1422 1170 1445 veretur
1180 1417 1209 1443 Β.
1220 1416 1310 1444 Patris
1323 1416 1487 1444 sententiam
1501 1415 1668 1444 testimoniis

877 1472 910 1492 ex
925 1472 956 1492 ea
975 1463 1127 1498 dcsumptis
1149 1461 1312 1489 conﬁrmare
1335 1466 1362 1488 et
1378 1468 1511 1489 asserere.
1532 1459 1667 1493 Quemad-

878 1510 989 1537 modum
1006 1509 1087 1536 etiam
1112 1517 1145 1536 ex
1160 1507 1258 1535 Voetio
1281 1511 1308 1534 et
1323 1506 1431 1539 Riveto,
1444 1507 1492 1542 qui
1510 1513 1573 1533 cum
1586 1505 1666 1532 Blon-

878 1555 950 1582 dello
963 1562 1022 1582 eam
1038 1559 1064 1581 et
1078 1554 1203 1580 viderunt
1214 1557 1241 1580 et
1258 1553 1396 1588 legerunt,
1407 1551 1478 1578 haud
1493 1550 1573 1578 facile
1583 1558 1669 1586 queas

53 1589 168 1636 'f"“"“f_
187 1591 332 1618 πθυίδδίηλα
356 1591 508 1627 Arinshius
532 1593 599 1620 Chal
612 1613 619 1626 ν
644 1594 702 1622 Ῐιὶἓε
730 1599 794 1622 sunt
818 1606 824 1623 τ
840 1597 861 1626 C
879 1601 1036 1636 perspicere
1050 1605 1077 1628 et
1098 1599 1262 1634 dijudicare,
1281 1606 1345 1625 num
1357 1597 1398 1625 vel
1408 1597 1611 1632 recipientium,
1626 1597 1669 1624 vcl

53 1634 132 1666 Qut-iu,
147 1634 291 1663 Maximum
311 1637 429 1669 scilicet,
447 1637 476 1666 S.
494 1638 606 1666 Ctecilia
620 1640 693 1675 virgo
708 1641 827 1675 sepeliuit

52 1679 74 1705 in
87 1688 144 1707 nouo
156 1682 331 1716 sarcophago.
349 1689 372 1709 et
382 1683 467 1718 jussit
494 1690 524 1711 ut
542 1686 569 1712 in
590 1686 754 1722 sarcophago
769 1688 826 1723 ejus

53 1725 194 1759 sculpentur
214 1728 334 1760 phoenix,
352 1729 386 1755 ad
406 1730 535 1757 indicium
551 1732 614 1766 ﬁdei
628 1732 696 1765 eius,
721 1734 767 1768 qui
786 1743 827 1761 re-

53 1771 219 1798 surrectionem
229 1781 257 1800 se
266 1774 435 1802 inventurum
455 1777 574 1811 exemplo
587 1778 714 1812 phmnicis
728 1787 761 1805 ea:
772 1784 826 1806 toto

53 1816 116 1843 corde
131 1819 252 1853 suscepit.
266 1818 352 1848 Vides
367 1828 445 1856 ergo,
462 1830 544 1857 quam
561 1823 637 1857 justo
653 1825 680 1851 in
695 1824 753 1852 haec
766 1829 826 1852 tan-

53 1861 102 1888 dem
114 1864 190 1890 verba
203 1870 333 1901 erumpat
347 1867 442 1903 κριτὴς
457 1869 501 1896 ille
515 1871 641 1905 egregius
660 1880 666 1898 :
684 1871 768 1899 Estne
782 1872 826 1900 hic

54 1908 181 1943 (Clemens,
193 1912 315 1948 scilicet)
329 1913 430 1946 bonus,
447 1914 554 1950 ﬁdeque
570 1916 671 1951 dignus
685 1918 825 1952 apostolus

54 1957 74 1979 et
84 1955 181 1989 adjutor
192 1955 221 1984 S.
233 1957 326 1989 Pauli,
335 1959 383 1993 qui
398 1962 628 1989 resurrectionem
641 1963 733 1990 carnis
747 1963 825 1990 fabu-

53 1999 80 2025 lis
92 2004 141 2027 tam
162 2002 240 2030 bellis
255 2007 348 2038 potest
363 2006 506 2034 astruere?
529 2011 556 2034 et
568 2015 659 2034 annon
673 2009 760 2036 multo
784 2016 827 2036 re-

53 2046 247 2081 ctiusjudiearit
271 2049 342 2077 illud
365 2050 450 2087 Belgii
480 2053 569 2085 sidus,
598 2053 677 2089 llugo
702 2054 824 2088 Grotius,

54 2090 110 2120 falso
123 2095 211 2123 itidem
230 2096 279 2124 illo
295 2097 356 2132 ipso
382 2098 487 2133 scripto
515 2100 608 2127 verbis
636 2108 700 2128 mox
727 2102 826 2129 subse-

54 2141 189 2175 quentibus,
204 2146 235 2170 ut
250 2143 291 2171 rei
307 2144 434 2172 absurdae
457 2150 565 2178 auctor,
589 2147 746 2182 sugillatus,
766 2150 825 2184 epi-

54 2186 110 2213 stola
121 2188 235 2222 quadam
256 2190 290 2217 ad
306 2189 472 2226 Bignonium
486 2192 620 2220 hactenus
643 2194 745 2222 inedita
764 2205 770 2222 :
789 2195 826 2222 De

53 2232 149 2264 plianice
162 2243 215 2261 rem
233 2235 359 2270 fuisse‘eo
373 2242 487 2272 tempore
502 2240 614 2267 eruditis
627 2242 766 2273 creditam,
779 2250 825 2268 nec

879 1647 1067 1682 respuentium
1094 1650 1247 1680 sequantur
1265 1649 1358 1680 partes
1373 1644 1474 1678 :hujus
1490 1651 1608 1678 namque
1634 1651 1668 1670 ex

881 1695 1001 1722 editione
1014 1693 1108 1720 ultima
1124 1692 1277 1720 Genevcnsi
1289 1691 1354 1717 anni
1367 1690 1446 1722 1652,
1459 1689 1517 1716 hinc
1533 1692 1597 1716 sunt
1608 1697 1668 1716 ver-

882 1741 915 1768 ba
929 1750 936 1767 :
951 1739 1063 1773 Scripsit
1076 1737 1205 1767 Clemens.
1224 1742 1287 1764 teste
1300 1736 1463 1771 Hieronymo
1485 1735 1512 1762 in
1524 1735 1664 1770 Catalogo.

877 1793 910 1812 ea:
929 1794 1041 1820 persona
1053 1785 1179 1812 Ecclesia:
1191 1783 1318 1811 Romante
1331 1783 1365 1810 ad
1386 1782 1530 1809 Ecclesium
1545 1779 1667 1808 Corinthi

877 1831 953 1858 valde
969 1831 1060 1857 utilem
1084 1829 1243 1864 Epistulam,
1260 1837 1318 1863 qua:
1329 1827 1463 1855 nonnullis
1490 1827 1517 1854 in
1539 1826 1603 1852 locis
1614 1833 1666 1860 pu-

878 1877 942 1905 blice
968 1882 1023 1903 tum
1057 1876 1200 1911 legebatur.
1226 1874 1351 1901 ——-Hanc
1370 1878 1459 1900 autent
1484 1871 1665 1899 desideratura

879 1923 1012 1950 Patricius
1033 1922 1131 1950 Junius
1148 1923 1186 1949 vir
1207 1921 1384 1952 clarissimus,
1403 1919 1471 1954 regis
1488 1926 1590 1953 magna:
1604 1917 1669 1944 Bri-

878 1969 976 1997 tannia:
993 1968 1215 1999 bibliothecarius,
1232 1975 1265 1994 ea:
1279 1966 1375 1993 laceris
1390 1965 1510 2000 reliquiis
1523 1963 1668 1990 vetustissi-

878 2025 915 2044 mi
929 2015 1087 2050 exemplaris
1110 2015 1176 2050 regii
1189 2015 1268 2046 eruit,
1298 2013 1410 2040 (acutius
1433 2011 1558 2045 etplevit,
1573 2008 1668 2036 Latine

878 2062 964 2093 vertit,
979 2066 1004 2088 et
1031 2060 1149 2087 brevibus
1166 2059 1236 2086 notis
1264 2058 1421 2090 illustravit,
1448 2063 1556 2091 eamque
1569 2054 1664 2086 edidit,

878 2116 936 2135 cum
949 2107 1096 2142 fragmento
1112 2105 1233 2132 secunda:
1244 2104 1363 2139 epistola:
1378 2103 1412 2130 ad
1422 2103 1537 2134 eosdem,
1552 2101 1666 2129 Omnia:

877 2161 947 2180 anno
967 2153 1046 2180 1655.
1068 2151 1102 2178 In
1117 2160 1148 2178 ea
1163 2151 1328 2185 reperiuntur
1339 2157 1397 2185 qua:
1409 2158 1426 2176 a
1452 2147 1586 2176 nonnullis
1599 2152 1667 2174 vete-

883 2198 955 2225 ribus
974 2198 1102 2228 citantur,
1118 2201 1146 2222 ut
1160 2196 1187 2222 in
1199 2195 1268 2222 notis
1291 2195 1357 2228 suis,
1371 2202 1404 2221 ea:
1415 2193 1566 2225 collatione,
1580 2198 1668 2219 ostena

884 2244 923 2270 dit
939 2243 1135 2270 eruditissimus
1156 2241 1251 2273 editor,
1265 2242 1309 2276 qui
1324 2249 1410 2268 veram
1422 2245 1446 2267 et
1460 2240 1599 2275 genuinam
1610 2248 1667 2267 esse

53 2287 76 2304 «⁷ο
88 2287 229 2315 argumento
244 2284 286 2309 uti
301 2283 459 2311 Clementem
475 2290 505 2312 ut
531 2286 620 2319 probet
635 2287 689 2313 τῶν
716 2288 821 2323 νεκρῶν
842 2281 863 2308 D
879 2288 1018 2316 Clementis
1035 2287 1182 2322 Epistolam
1203 2287 1349 2318 existimat,
1364 2294 1415 2312 non
1442 2284 1562 2312 obstante
1573 2284 1667 2319 fabula

54 2324 242 2358 avitaatvaed
258 2334 289 2355 ut
301 2329 422 2356 ostendat
435 2338 468 2357 ea:
482 2339 509 2357 re
521 2331 621 2358 credita
636 2341 688 2360 non
699 2341 755 2360 esse
768 2342 826 2360 eam

53 2371 96 2397 τῶν
104 2372 243 2401 ἀδυνάτων.
260 2374 371 2403 lnscitia
383 2376 505 2411 profecto
517 2386 623 2405 summa
644 2383 696 2411 est,
710 2380 747 2407 illi
764 2389 827 2416 pro-

55 2423 132 2451 [nerea
169 2419 242 2448 hanc
277 2422 425 2456 epistolam
458 2423 622 2458 ahjudicare
639 2445 646 2457 ,
688 2427 825 2462 praecipue

54 2472 103 2491 cum
133 2465 187 2500 jam
216 2467 276 2494 suis
305 2469 473 2503 temporibus
512 2469 632 2505 Cyrillus
664 2471 823 2508 Hierosoly-

54 2509 177 2545 mitanus,
214 2511 386 2548 Photiusque
417 2514 754 2551 Constantinopolitanus,
780 2519 824 2546 hic

53 2555 138 2583 seculo
170 2565 265 2591 nono,
300 2558 346 2585 ille
386 2563 501 2594 quarto,
540 2566 723 2590 commentum
756 2564 823 2592 illud

53 2603 170 2631 ineadem
186 2604 314 2640 legerint,
333 2609 360 2632 et
379 2606 477 2633 exinde
490 2606 518 2633 in
551 2608 661 2642 scriptis
677 2609 735 2636 suis
748 2610 816 2636 cita—

54 2648 110 2683 rint,
122 2653 152 2676 ut
163 2657 195 2678 ex
204 2650 316 2678 illorum
327 2652 492 2680 testimoniis
505 2653 633 2688 superius
647 2655 822 2683 manitcstum

54 2692 106 2720 iuit.
128 2692 182 2722 Nec
213 2695 333 2724 minoris
344 2700 388 2724 est
401 2697 535 2729 audaciae,
565 2700 730 2733 persuadere
755 2701 824 2729 velle

52 2739 163 2774 eruditis,
177 2739 344 2775 Scultetum,
359 2742 666 2777 Coeum,Blondellum,
684 2745 822 2780 Rivetum,

54 2782 164 2814 vnetiun‘.
181 2788 309 2825 partibus
318 2788 539 2823 reformatorum,
550 2794 580 2817 ut
606 2791 662 2825 jam
675 2793 755 2827 vulgo
770 2793 825 2821 dici

55 2834 510 2868 mmt,rmaaddictosdoctores,ex
517 2835 567 2864 hac
577 2836 667 2864 fabula
676 2839 826 2874 arripuisse

880 2334 912 2361 de
929 2334 1054 2367 p'iwnice,
1075 2341 1152 2367 quam
1168 2332 1202 2358 ad
1218 2332 1426 2359 illustrationem
1437 2331 1567 2358 doctrinw
1575 2330 1607 2357 de
1624 2339 1667 2357 re-

879 2379 1038 2405 surrectione
1051 2378 1169 2405 adducit.
1198 2377 1276 2411 Quod
1286 2383 1377 2412 postea
1393 2377 1507 2412 fecerunt
1519 2377 1567 2403 alii
1577 2377 1665 2410 plures

876 2434 909 2453 ea:
920 2425 1226 2460 veteribus.Argumcnta
1240 2424 1289 2451 viri
1304 2423 1451 2451 doctissimi
1464 2422 1607 2457 expendere
1617 2429 1665 2456 po-

879 2471 940 2498 terit
954 2470 1034 2497 lector
1047 2469 1176 2496 eruditus.
1190 2468 1311 2503 Epistula
1325 2473 1379 2495 tota
1393 2468 1492 2502 alioqui
1505 2468 1571 2494 satis
1585 2466 1664 2500 refert

877 2517 1072 2551 simplicitatem
1093 2516 1256 2550 priman'am,
1275 2520 1300 2542 et
1313 2523 1370 2549 quia
1393 2515 1419 2541 in
1439 2523 1470 2541 ea
1485 2514 1608 2549 legantpr
1629 2513 1665 2540 ad

878 2568 1062 2598 argumentum
1078 2562 1146 2591 quod
1157 2563 1185 2589 in
1203 2570 1233 2589 ea
1245 2566 1387 2592 tractatur,
1402 2560 1468 2588 satis
1483 2565 1545 2587 sunt
1561 2568 1665 2586 accom-

877 2608 998 2636 modata.
1017 2607 1054 2634 Id
1075 2615 1138 2634 sane
1153 2607 1297 2634 notandum
1313 2605 1382 2640 quod
1399 2613 1459 2640 pag.
1479 2605 1509 2632 4i
1537 2605 1569 2632 de
1578 2605 1664 2640 justi-

878 2655 1001 2689 [icatione
1015 2653 1140 2681 scribitur
1158 2661 1167 2680 :
1189 2651 1245 2679 Nos
1259 2660 1291 2679 ea:
1308 2652 1440 2679 voluntate
1456 2651 1503 2678 Dei
1517 2651 1544 2677 in
1559 2650 1664 2678 Christo

872 2699 937 2727 Iesu
950 2705 1065 2732 vocatos,
1080 2704 1133 2728 etc.
1152 2699 1294 2726 Gisbertus
1311 2698 1424 2725 Voctius
1436 2705 1501 2724 vero
1517 2697 1662 2732 theologim

873 2747 900 2774 in
929 2746 1068 2774 academia
1086 2745 1263 2780 Ultrajectina
1287 2745 1366 2778 proh,
1381 2743 1409 2771 in
1426 2744 1542 2778 Dispult.
1559 2743 1661 2770 selectis

875 2792 1035 2828 theologicis,
1051 2799 1111 2827 pag.
1128 2791 1180 2818 105
1204 2789 1287 2826 partis
1303 2789 1410 2824 primae,
1440 2796 1502 2816 cum
1529 2787 1662 2823 quaestio-

875 2848 936 2867 nem
951 2840 1086 2867 attulisset
1098 2839 1167 2866 hanc
1185 2847 1189 2864 :
1213 2836 1283 2871 Quid
1306 2835 1337 2863 de
1346 2835 1458 2870 cpistola
1471 2834 1613 2863 Clementis
1623 2833 1662 2861 ad

85 2921 104 2939 ⁵³
121 2922 191 2955 ﬁdit.
219 2923 394 2956 Francoturt.
422 2926 499 2955 1634.
539 2927 561 2944 ⁸⁸
573 2926 643 2956 Edit.
666 2928 828 2965 llclmstad,
846 2929 1006 2959 annottiil.
