1893 3101
197 183 232 212 39
766 187 811 214 AD
832 186 861 215 S.
883 188 974 216 CLEM

1049 188 1094 215 sn
1116 188 1126 214 ι
1146 188 1262 215 PAPAM
1790 192 1826 220 50

199 242 350 271 Corinthios
366 250 448 277 nuper
459 243 590 279 colligata,
604 244 648 270 sed
664 253 714 271 non
730 245 785 272 sine
800 246 890 273 multis
904 247 987 273 maxi-
1001 250 1024 277 Α
1038 247 1088 273 bus
1100 253 1183 280 supra
1195 245 1297 272 mentio
1312 245 1412 279 injecta
1436 249 1487 277 est,
1506 245 1692 273 decretalibus
1706 246 1826 274 confun-

199 289 298 323 misque
314 289 416 316 lacunis
432 291 444 317 ξ’
463 289 546 317 dubie
560 290 663 324 pariter
674 291 821 325 respondet
837 302 843 318 :
859 292 984 319 Admira-

198 343 259 361 ntur
279 335 440 370 singularem
452 336 568 362 divinant
578 335 787 369 Providentiam,
799 346 858 372 qute
872 339 974 365 curavit

199 384 228 406 ut
242 380 274 406 ab
293 381 473 415 apostolorum
502 380 641 414 discipulis
658 382 770 418 uirisque
792 383 943 417 apostolicis
961 387 985 409 ct

199 427 382 461 apostolorum
395 427 493 453 swculo
509 428 649 461 proximis,
666 433 713 455 aut
737 429 802 456 nihil
818 429 985 460 scriberetur,

199 477 246 499 aut
267 472 332 499 nihil
348 477 547 499 conservaretur
566 477 591 499 et
601 473 635 498 ad
648 479 765 507 posteros
783 479 924 506 manaret;
940 477 987 500 aut

198 517 294 544 saltent
306 517 371 544 nihil
391 517 423 544 ab
443 518 518 544 initio
537 517 664 545 Ecclesia:
683 527 766 554 usque
786 520 812 546 in
826 519 894 546 Italic
916 519 986 545 diem

198 568 354 598 superesset,
371 563 402 590 de
426 572 476 598 quo
505 572 558 591 non
579 563 758 597 dubitaretur,
784 569 830 591 aut
849 565 917 600 quod
940 573 987 600 per

199 610 284 636 tineas
310 608 468 643 blattasque,
486 613 532 635 aut
548 609 631 636 alium
642 610 755 644 quemvis
780 609 829 636 Dei
844 611 988 637 exercitum

200 654 352 680 mutilatum
367 662 418 681 non
435 659 500 680 esset
516 662 524 680 :
552 659 581 680 ut
602 654 652 680 soli
667 654 812 688 Scriptura:
833 659 906 681 tanto
930 656 986 681 evi—

198 699 304 726 dentius
319 707 368 726 sua
389 703 519 725 constaret
547 700 704 729 auctoritas,
725 699 815 734 illique
839 699 890 725 soli
920 704 988 726 esset

198 745 306 778 propria
321 743 558 777 incorruptibilitas
571 749 595 770 et
608 745 752 771 aeternitas.
775 744 853 776 Quod
870 744 893 772 si
905 744 988 780 igitur

199 791 244 818 ille
255 790 418 826 ἐπικρίσεως
431 795 525 817 auctor
540 790 635 818 saltem
649 798 695 825 per
710 794 897 823 transennam,
914 790 988 826 quod

200 837 288 868 aiunt,
307 845 353 864 eos
365 844 434 871 quos
449 836 559 863 adducit
574 836 724 870 scriptorcs
740 836 915 871 inspexisset,
932 844 989 863 non

200 883 335 918 potuisset
351 883 476 917 ignorare
491 883 582 909 omnia
595 882 640 908 illa
656 882 825 914 testimonia,
842 890 903 917 quze
918 889 987 908 con-

198 934 240 955 tra
256 928 326 955 hanc
338 927 487 963 Epistolam
504 927 642 962 producit,
657 928 748 961 potius
765 928 907 955 adversari
922 927 986 960 sibi,

197 982 279 1008 quam
297 974 437 1008 prodesse.
457 973 513 1001 Nec
525 973 598 1001 enim
618 974 734 1001 ulterius
746 981 808 1000 eum
832 974 986 1008 quidquam

195 1020 273 1055 juvat
295 1019 441 1052 Eusebius,
458 1027 538 1055 quem
554 1019 631 1055 ﬁngit
642 1020 690 1046 lib.
706 1028 744 1052 v1,
761 1028 786 1047 c.
806 1020 839 1046 15
854 1020 986 1053 scribere,

195 1067 252 1102 jam
269 1073 318 1093 suo
333 1071 465 1101 tempore,
485 1066 558 1093 circa
583 1074 685 1093 annum
705 1066 832 1093 videlicet
848 1066 912 1098 5‘24,
926 1066 988 1094 Cle-

199 1113 299 1140 mentis
315 1112 464 1148 Epistolam
478 1119 531 1140 non
551 1119 601 1147 pro
622 1112 741 1147 genuina
763 1112 881 1147 amplius
906 1112 986 1139 habi-

199 1163 274 1190 tant,
293 1159 399 1186 etiamsi
413 1159 460 1186 lib.
485 1166 527 1191 III,
552 1166 577 1185 c.
607 1157 641 1185 16
666 1158 723 1193 ipse
743 1157 832 1185 fuerat
856 1161 987 1190 testatus,

202 1204 355 1239 adjutorem
373 1203 450 1231 Pauli
469 1203 637 1231 Clementem
657 1203 807 1238 Epistulam
827 1202 859 1230 ad
888 1202 989 1230 Coriu-

200 1251 273 1278 tliios
286 1250 443 1285 scripsisse,
453 1257 514 1285 quae
529 1250 610 1277 etiam
632 1249 659 1276 in
675 1249 841 1284 quibusdam
863 1249 988 1276 ecclesiis

199 1298 236 1322 sit
260 1296 339 1323 lecta.
375 1295 443 1322 Nam
461 1295 512 1323 isla
533 1303 643 1330 quoque
667 1295 750 1323 verba
775 1303 807 1323 eo
824 1295 905 1322 modo
918 1295 990 1329 apud

200 1340 347 1368 Eusebium
357 1348 412 1367 non
423 1340 562 1376 leguntur,
572 1341 620 1368 sed
631 1348 692 1368 cum
704 1344 762 1368 toto
772 1340 804 1367 12
816 1345 843 1368 et
856 1341 889 1367 15
900 1341 990 1375 capite

200 1387 277 1414 illius
293 1387 355 1414 libri
367 1387 401 1414 de
413 1386 553 1414 Clemente
568 1386 755 1414 Alexandrino
767 1392 793 1414 et
806 1387 866 1421 ejus
879 1387 990 1421 scriptis

200 1437 284 1469 agat:
302 1433 379 1460 llunc
394 1434 444 1466 uti,
463 1433 512 1466 ait,
537 1434 565 1460 in
587 1432 642 1459 illis
657 1433 738 1459 etiam
758 1441 849 1459 earnm
867 1432 990 1467 Scriptu-

200 1487 293 1507 rm‘um
307 1479 465 1506 testimoniis
481 1478 575 1514 quibus
597 1478 803 1510 contradicitur,
820 1483 844 1505 et
859 1478 916 1513 ejus
931 1487 990 1513 qua:

199 1531 238 1554 est
253 1525 318 1553 Jesu
349 1525 455 1556 Sirach,
470 1529 495 1552 et
516 1524 643 1559 Epistolw
658 1524 692 1551 ad
718 1524 855 1557 Ilebneos,
881 1525 991 1560 denique

200 1578 225 1600 et
243 1571 373 1600 Barnabte
385 1577 409 1598 et
421 1571 563 1598 Clementis
575 1576 601 1598 et
615 1570 695 1598 Iuda:
707 1579 717 1602 ;
743 1571 782 1598 uti
797 1571 878 1598 verba
891 1575 990 1599 sonant

198 1623 275 1654 juxta
290 1618 356 1646 edit.
371 1617 496 1645 Latinam
506 1617 622 1653 Grynaai.
638 1617 672 1644 Ut
687 1624 753 1645 vero
772 1616 888 1644 Ruﬁnus
897 1617 988 1649 vertit,
1004 1609 1025 1638 (ἶ

202 1665 274 1700 apud
291 1672 372 1699 quem
386 1667 428 1691 est
439 1664 492 1690 alia
507 1664 626 1698 capitum
642 1663 760 1690 divisio:
777 1662 877 1694 Utitur,
902 1661 991 1696 inquit

200 1719 262 1746 cap.
281 1711 310 1743 2,
325 1711 450 1745 exemplis
461 1711 541 1737 etiam
552 1718 584 1736 ex
599 1710 639 1737 his
658 1710 744 1742 libris,
762 1712 836 1744 quia
856 1709 989 1736 nonnullis

200 1757 308 1784 minime
321 1756 461 1791 recipiendi
480 1757 612 1788 videntur,
631 1756 657 1782 id
674 1761 723 1788 est,
735 1763 768 1783 ex
780 1755 918 1790 Sapientia
931 1763 990 1790 quia

201 1803 298 1830 dicitur
311 1802 475 1836 Salomonis,
489 1807 513 1829 et
537 1810 570 1830 ex
583 1801 720 1836 Sapientia
740 1801 847 1832 Sirach,
860 1810 919 1836 qua;
943 1809 990 1836 ap—

200 1850 315 1884 pellatur
330 1849 535 1876 Ecclesiastiens
556 1848 624 1883 apud
642 1848 763 1875 Latinos.
776 1848 828 1874 Sed
835 1853 859 1874 et
873 1847 905 1875 de
920 1848 990 1874 Bar-

201 1896 277 1923 nabw
291 1901 316 1923 et
328 1895 469 1924 Clementis
491 1895 611 1930 Epistola
621 1896 693 1929 ponit
710 1894 837 1922 Romanis
858 1895 987 1929 ereiupla,

200 1947 226 1970 et
248 1942 280 1970 de
299 1942 418 1977 Epistola
437 1941 525 1969 Judw.
551 1941 618 1974 Quae
636 1941 728 1973 verba,
753 1940 776 1967 si
794 1940 824 1966 τὸ
832 1940 988 1971 contradici,

201 1989 246 2016 vel
269 1997 321 2016 non
346 1988 436 2022 recipi,
451 1988 532 2015 etiam
553 1987 586 2014 ad
602 1986 751 2016 Clementis
767 1986 916 2020 Epistulam
946 1995 990 2014 rc-

203 2034 363 2070 stringenda
382 2038 472 2069 putes,
485 2041 539 2060 non
554 2033 588 2060 de
609 2033 683 2059 ouiui
699 2032 916 2059 contradictione
933 2033 991 2061 sive

203 2088 258 2108 non
279 2079 436 2114 receptione
450 2078 624 2114 simpliciter,
644 2078 692 2106 sed
706 2082 810 2104 tantum
833 2077 866 2104 de
879 2085 932 2104 non
948 2086 991 2105 re~

203 2126 328 2162 ceptione
343 2126 371 2152 in
387 2133 522 2153 canonem
539 2124 744 2160 Scripturarum
755 2123 924 2158 loquuntur:
943 2132 991 2151 ea~

203 2173 320 2207 demque
332 2173 439 2199 ratione
455 2171 549 2198 multis
566 2171 628 2197 aliis
639 2177 693 2205 qua
710 2168 829 2200 Veteris,
845 2178 898 2204 qua
911 2170 942 2196 N.
957 2169 989 2197 Τ.

202 2218 282 2246 libris
307 2217 508 2245 contradictum
520 2223 570 2249 est,
586 2217 647 2243 aliis
664 2216 732 2242 alios
749 2223 822 2242 ntuic
847 2217 990 2250 probanti-

203 2265 268 2296 bus,
287 2271 361 2291 nunc
386 2262 608 2298 reprobantibus.
645 2262 756 2289 interim
776 2263 912 2297 posterius
940 2262 992 2289 hoc

202 2317 258 2336 non
280 2309 351 2336 tollit
362 2310 448 2344 prius,
464 2308 514 2343 legi
535 2316 593 2334 eam
606 2308 632 2334 in
642 2307 799 2343 quibusdam
819 2308 936 2335 ecclesiis
949 2317 992 2335 so—

203 2357 296 2388 litam;
311 2363 374 2383 cum
394 2356 421 2382 in
438 2355 578 2390 primitiva
605 2354 730 2382 ECclesia
745 2355 910 2383 Christianis
936 2365 991 2384 non

202 2406 308 2429 tantum
320 2402 446 2430 canonici
461 2401 558 2429 stricte
570 2403 606 2428 ita
627 2402 767 2436 appellati,
781 2401 829 2428 sed
848 2402 931 2429 etiam
944 2403 991 2429 alii

203 2449 266 2475 libri
282 2448 316 2475 ab
339 2448 504 2483 antiquitate
519 2455 569 2475 sua
584 2451 611 2475 et
625 2447 742 2475 utilitate
758 2448 991 2479 commendati,ad

204 2494 407 2528 wdiﬁcationem
429 2493 522 2528 plebis,
552 2501 604 2521 non
619 2501 680 2520 vero
696 2493 730 2519 ad
746 2495 933 2521 auctoritatem
950 2504 992 2522 ec-

203 2543 414 2570 clesiasticarum
441 2542 596 2578 dogmatum
620 2541 842 2576 conﬁrmandam,
864 2543 994 2577 praelege-

207 2593 305 2616 rentur
322 2596 396 2624 :qua
412 2589 441 2616 in
452 2596 481 2616 re
491 2589 553 2617 licet
562 2588 690 2616 similiter
707 2588 865 2623 discrepare
882 2592 993 2622 possent

204 2637 276 2664 inter
291 2644 321 2663 se
337 2636 470 2666 ecclesia,
487 2638 514 2663 et
535 2635 594 2662 alia
614 2635 730 2661 aliorum
753 2634 897 2662 lectionem
924 2641 994 2668 prm-

204 2685 287 2717 ferre,
302 2687 394 2710 tamen
408 2682 454 2709 illa
480 2682 657 2718 particularis
677 2682 833 2716 reprobatio
848 2682 881 2708 ah
899 2682 992 2709 Eccle-

205 2730 246 2759 sia
269 2729 389 2766 quadam
412 2732 460 2756 aut
480 2729 541 2764 ejus
564 2728 676 2755 doctore
707 2727 796 2760 facta,
821 2735 874 2755 non
899 2727 992 2754 statim

205 2780 314 2812 poterat
327 2775 380 2811 ipsi
408 2775 513 2810 Scripto
535 2776 609 2803 omni
638 2783 671 2802 ex
687 2779 764 2810 parte
790 2775 933 2810 derogare,
946 2778 994 2801 aut

205 2824 265 2857 ejus
281 2822 360 2850 ﬁdem
376 2822 539 2858 infringere.
560 2821 672 2849 Demum
688 2828 781 2848 crassa
801 2825 843 2848 est
864 2821 995 2856 ignoran-

208 2871 257 2900 tia,
282 2870 363 2904 inque
383 2869 525 2904 theologia:
543 2869 664 2900 dectore,
679 2868 825 2904 etquidem
838 2873 925 2900 tanto,
939 2875 994 2895 non

207 2915 329 2944 tci'enda.
346 2915 416 2943 hanc
427 2915 530 2943 scilicet
546 2914 705 2950 Epistulam,
725 2922 787 2942 cum
801 2913 872 2947 istis,
888 2914 921 2942 de
934 2913 994 2948 qui-

1037 290 1101 317 dere
1112 300 1117 317 :
1127 291 1198 324 quod
1211 291 1298 324 ipsum
1313 297 1373 316 cum
1384 297 1438 316 non
1450 298 1503 317 uno
1514 290 1574 317 loco
1586 291 1613 317 in
1626 290 1678 317 ista
1689 291 1827 327 ἐπικρίσει

1037 345 1086 364 sua
1116 336 1190 368 facit,
1213 342 1269 362 tum
1293 336 1432 364 evidenter
1454 337 1481 363 in
1504 337 1683 371 sequentibus
1709 338 1802 365 verbis
1817 358 1825 370 ,

1036 382 1135 416 quibus
1162 381 1240 416 quasi
1268 381 1401 409 hactenus
1423 382 1456 409 dt'
1479 381 1618 409 Clemente
1643 382 1725 410 dictis
1749 383 1828 410 colo-

1037 428 1154 462 phonem
1166 428 1262 456 addit:
1283 427 1315 454 Et
1334 428 1405 462 quod
1424 429 1510 462 magis
1531 432 1584 459 est,
1606 428 1745 462 inquiens,
1761 437 1826 456 cum

1037 482 1159 509 nuperus
1190 475 1337 510 cpiscopus
1361 474 1493 509 Yprensis
1515 475 1662 503 Cornelius
1675 476 1827 505 Janscnius

1037 521 1179 554 Augustini
1191 522 1232 548 sui
1246 525 1312 548 tom.
1324 521 1369 553 111,
1380 521 1426 548 lib.
1442 529 1478 553 vt,
1491 530 1551 557 cap.
1566 522 1610 554 12,
1622 530 1655 550 ex
1675 523 1828 551 Clementis

1037 568 1152 603 epistola
1173 568 1358 595 testimonium
1375 568 1498 600 citasset,
1512 569 1616 598 deridet
1637 579 1699 597 eum
1719 570 1827 598 Jesuita

1037 613 1242 640 Aurelianensis
1253 612 1399 648 Dionysius
1415 613 1617 642 Petaviustom.
1627 615 1662 642 Ill
1672 615 1708 642 De
1723 615 1826 646 Eccles.

1037 660 1123 695 dogm.
1138 659 1185 686 lib.
1201 667 1243 691 Ill,
1259 659 1294 686 De
1311 659 1405 694 Opiﬁc.
1419 668 1479 695 cap.
1494 661 1521 692 8,
1534 669 1611 688 num.
1623 661 1650 693 5,
1671 661 1745 696 quod
1771 670 1828 689 non

1037 705 1190 740 distinguat
1215 705 1286 732 inter
1315 705 1439 732 sinceros
1461 710 1488 733 et
1501 706 1692 741 supposititios
1708 708 1830 742 scripto-

1038 759 1093 778 res.
1113 750 1229 785 Dignum
1242 758 1308 778 sane
1323 751 1422 786 patella
1432 752 1604 786 operculum,
1620 752 1654 779 de
1665 760 1721 787 quo
1733 756 1831 781 tamen

1038 805 1109 832 aagre

1129 843 1281 878 Spectatum
1295 843 1413 878 admissi,
1421 844 1503 871 risum
1519 844 1734 877 teneatis,amici.

1040 890 1141 925 Ecquis
1152 891 1224 918 enim
1241 891 1350 918 nescire
1371 895 1471 926 potest,
1484 891 1601 927 ipsemet
1611 899 1674 919 cum
1685 891 1826 926 Jansenii,

1039 941 1095 964 tum
1111 937 1212 964 Petavii
1225 937 1305 964 verba
1317 938 1477 972 inspiciens,
1490 938 1523 965 de
1544 938 1624 973 longe
1646 938 1700 965 alia
1712 939 1824 973 episto-

1039 982 1075 1014 la,
1085 987 1113 1009 et
1130 983 1239 1017 quidem
1251 982 1309 1017 ipsa
1324 982 1401 1010 tertia
1413 982 1554 1013 decu-tali,
1572 989 1632 1017 quae
1653 982 1748 1009 tomol
1765 982 1833 1010 Con-

1039 1029 1161 1056 ciliorum
1180 1028 1252 1056 Surii
1272 1036 1333 1064 pag.
1347 1028 1408 1060 148,
1422 1029 1449 1055 in
1470 1028 1604 1055 Blondelli
1626 1035 1690 1055 vero
1708 1027 1832 1056 Censura

1039 1081 1100 1109 pag.
1117 1074 1150 1100 7‘2
1164 1077 1263 1106 exstat,
1277 1079 1301 1100 et
1317 1074 1350 1100 ad
1366 1082 1454 1100 omnes
1466 1074 1641 1108 coepiscopos,
1651 1073 1830 1108 presbyteros,

1040 1121 1178 1153 diaconos,
1206 1129 1236 1147 ac
1247 1120 1362 1156 reliquos
1377 1121 1497 1151 clericos,
1520 1124 1544 1146 et
1567 1125 1675 1147 cunctos
1698 1120 1831 1154 principes

1040 1167 1154 1201 majores
1175 1166 1329 1197 minoresve,
1340 1165 1450 1191 titulum
1468 1165 1611 1196 mentitur,
1627 1169 1780 1199 utrumque
1794 1164 1832 1190 lo-

1040 1219 1144 1241 culum.
1173 1213 1238 1240 Post
1257 1213 1286 1241 S.
1299 1213 1468 1248 Dionysium,
1482 1213 1572 1248 inquit
1591 1212 1748 1244 Jausenius,
1771 1212 1832 1240 Cle-

1041 1268 1113 1287 mens
1125 1267 1204 1294 papa,
1221 1260 1247 1286 in
1258 1259 1370 1293 cpistola
1386 1259 1487 1290 tertia;
1505 1258 1550 1284 ubi
1566 1257 1650 1292 primo
1667 1257 1742 1289 dicit,
1761 1258 1832 1293 quod

1041 1307 1204 1341 Augustinus
1217 1306 1292 1332 toties
1304 1305 1426 1337 tradidit,
1435 1313 1483 1332 nos
1492 1313 1547 1331 esse
1559 1303 1635 1330 liberi
1648 1303 1836 1337 arbitrii,quia

1043 1352 1106 1379 relle
1118 1356 1143 1378 et
1168 1351 1238 1378 nolle
1256 1350 1382 1377 habemus
1408 1351 1435 1376 in
1462 1354 1601 1384 potestate.
1627 1348 1667 1375 Ad
1692 1349 1752 1376 haec
1771 1349 1836 1376 Dio-

1043 1399 1138 1434 nysius
1150 1397 1278 1425 Petavius
1296 1408 1301 1424 :
1319 1397 1378 1424 Hoc
1392 1405 1481 1427 sensu.
1495 1397 1542 1428 ait,
1559 1397 1610 1422 vim
1621 1396 1722 1430 accepit
1737 1400 1834 1422 auctor

1043 1445 1099 1475 ille,
1129 1445 1172 1479 qui
1187 1444 1234 1471 sub
1261 1443 1404 1471 Clementis
1428 1443 1532 1470 nomine
1553 1442 1693 1477 epistolam
1724 1442 1833 1468 tertiam

1041 1491 1206 1518 concinnat-it
1221 1498 1253 1517 ea:
1265 1490 1338 1516 libris
1353 1488 1587 1523 Recognitionum.
1601 1487 1662 1520 Qua
1673 1495 1706 1514 ea:
1717 1487 1836 1521 epistola

1043 1545 1114 1564 nova
1130 1541 1208 1563 secta:
1223 1541 1352 1570 patronus
1373 1534 1550 1561 testimonium
1572 1533 1716 1560 secundum
1731 1534 1830 1564 posuit,

1044 1582 1108 1609 adeo
1123 1582 1150 1608 in
1167 1583 1271 1608 testium
1284 1581 1385 1607 delectu
1399 1579 1557 1609 incuriosus,
1570 1584 1598 1605 ut
1614 1579 1766 1612 promiscue
1778 1579 1831 1605 sin-

1041 1636 1115 1655 ceros
1127 1637 1157 1655 ac
1175 1627 1356 1662 supposititios
1371 1626 1475 1653 habeat.
1492 1625 1567 1653 Unde
1588 1633 1649 1653 cum
1666 1625 1742 1652 nullo
1755 1630 1832 1660 pacto

1043 1674 1163 1701 adducar
1194 1677 1224 1700 ut
1249 1673 1358 1700 credam
1376 1679 1504 1707 magnum
1529 1672 1648 1706 aliquem
1671 1671 1830 1705 theologum

1043 1720 1070 1746 in
1089 1719 1225 1754 ejusmodi
1254 1718 1380 1745 minutiis
1405 1721 1511 1744 tantum
1530 1725 1562 1744 ex
1575 1717 1730 1752 ignorantia
1742 1724 1832 1744 errare

1042 1773 1162 1793 errorem
1176 1765 1293 1798 ;viderit
1305 1764 1360 1795 ille.
1373 1772 1428 1799 quo
1444 1764 1546 1795 animo,
1558 1771 1611 1797 qua
1625 1763 1797 1790 conscientia
1807 1763 1831 1789 id

1043 1812 1148 1840 fecerit.
1174 1811 1231 1846 Ego
1258 1811 1321 1843 hoc,
1339 1810 1394 1837 Deo
1413 1815 1493 1842 teste,
1513 1817 1563 1844 pro
1588 1813 1664 1837 certo
1694 1809 1831 1836 afﬁrmare

1043 1866 1124 1894 queo,
1141 1866 1184 1885 me
1197 1857 1300 1884 nullius
1316 1857 1404 1892 partis
1419 1856 1521 1889 studio,
1539 1856 1586 1883 sed
1607 1856 1694 1883 solius
1709 1856 1831 1883 veritatis

1043 1913 1136 1932 amore
1146 1905 1315 1932 ductumhoc
1326 1904 1516 1939 qualecunque
1527 1903 1586 1937 ejus
1593 1903 1761 1938 ἐπικρίσεως
1770 1910 1831 1930 exa-

1043 1961 1105 1979 men
1121 1951 1287 1981 instituisse,
1302 1959 1335 1978 ne
1352 1950 1459 1978 scilicet
1473 1950 1675 1977 incantioribus
1700 1950 1753 1977 sub
1777 1950 1830 1977 veri

1043 1998 1153 2024 nomine
1164 2000 1258 2032 posset
1273 1997 1423 2032 imponere,
1436 2002 1539 2030 eosque
1551 1995 1585 2022 ab
1594 1995 1741 2022 utilissima
1751 1995 1830 2029 hujus

1043 2043 1171 2077 Epistola:
1183 2043 1299 2069 lectione
1310 2041 1475 2069 absterrere.
1503 2040 1572 2067 Tum
1586 2045 1615 2068 ut
1631 2040 1661 2068 B.
1680 2045 1830 2076 praecepto-

1043 2095 1099 2114 rem
1112 2095 1201 2114 meum
1212 2087 1246 2114 ab
1268 2086 1369 2121 injuria
1386 2085 1554 2113 vindicarem
1571 2094 1578 2111 ε
1593 2093 1675 2121 quem
1691 2086 1765 2113 idem
1777 2087 1829 2118 ille,

1043 2132 1078 2160 ob
1101 2132 1267 2160 Clementem
1295 2132 1369 2158 hunc
1390 2131 1515 2166 Apostoli
1535 2135 1744 2166 cooperatorem
1768 2139 1829 2167 pro-

1043 2183 1210 2209 nuntiatum,
1221 2177 1413 2212 imprudentia:
1425 2177 1525 2211 arguit,
1538 2176 1597 2211 ipse
1611 2176 1704 2210 potius
1721 2177 1758 2203 ita
1775 2176 1830 2204 for-

1043 2226 1125 2254 tassis
1145 2224 1346 2259 coarguendus.
1376 2222 1446 2258 Opto
1460 2231 1535 2255 vero,
1565 2227 1595 2250 ut
1615 2223 1832 2258 uniuscujusque

1008 2283 1031 2311 ο
1044 2272 1193 2300 Christiani
1216 2271 1301 2298 menti
1318 2270 1431 2297 ﬁrmiter
1448 2269 1579 2297 inbmreat
1596 2269 1663 2296 illud
1681 2268 1832 2296 Clementis

1044 2318 1143 2351 nostri,
1159 2325 1225 2344 auro
1237 2316 1334 2351 quovis
1354 2315 1514 2351 pretiosius,
1527 2315 1661 2341 monitum
1676 2321 1682 2339 τ
1695 2312 1752 2341 Cur
1766 2314 1832 2340 inter

1044 2373 1090 2391 nos
1100 2365 1153 2391 sint
1167 2363 1357 2394 contentiones,
1375 2362 1434 2393 iraa.
1452 2361 1613 2392 simultates,
1637 2360 1788 2387 schismata
1806 2362 1829 2385 et

1044 2410 1140 2437 bellant
1156 2411 1168 2437 ?
1193 2408 1288 2435 Nonne
1299 2416 1381 2434 unum
1403 2407 1485 2434 Deum
1497 2411 1521 2434 et
1537 2414 1617 2433 unum
1634 2405 1773 2432 Christum
1786 2404 1832 2430 ha-

1044 2456 1154 2482 bemus?
1169 2463 1253 2481 nonne
1268 2462 1334 2480 unus
1347 2457 1385 2480 est
1407 2452 1524 2487 Spiritus
1549 2451 1657 2486 gratia,
1677 2450 1723 2485 qui
1753 2457 1832 2484 super

1044 2509 1090 2528 nos
1113 2501 1212 2534 effusus
1240 2504 1289 2531 est,
1314 2503 1338 2525 et
1363 2507 1417 2525 una
1442 2498 1545 2525 vacatio
1575 2497 1603 2523 in
1630 2493 1832 2523 Christo?Cnr

1045 2545 1146 2573 Christi
1163 2545 1280 2572 membra
1300 2543 1450 2571 divellimus
1463 2547 1487 2569 et
1499 2542 1685 2576 discerpimus,
1699 2545 1724 2567 et
1741 2545 1831 2568 contra

1044 2592 1179 2626 prOprium
1195 2599 1288 2625 corpus
1308 2590 1461 2618 seditionem
1478 2595 1710 2622 ntovemus,eoque
1721 2586 1830 2614 vesania,-

1044 2637 1204 2670 devenimus,
1219 2641 1247 2662 ut
1257 2636 1373 2662 aliorum
1387 2644 1434 2662 nos
1451 2635 1566 2661 membra
1575 2642 1630 2661 esse
1639 2633 1767 2659 oblivioni
1779 2638 1832 2658 tra-

1044 2683 1151 2710 damus.
1171 2681 1249 2715 Quod
1265 2685 1401 2716 superest,
1418 2681 1517 2708 Leetor
1528 2679 1670 2711 benevole,
1688 2678 1760 2705 hanc
1772 2677 1832 2712 Epi-

1045 2729 1153 2759 Stolam,
1164 2736 1195 2755 ea
1208 2735 1261 2762 qua
1274 2727 1412 2762 potuimus
1424 2726 1475 2753 ﬁde
1486 2730 1512 2753 et
1525 2725 1665 2760 diligentia
1675 2724 1832 2751 curavimus

1045 2773 1262 2810 exprimendam,
1279 2777 1309 2800 ut
1324 2773 1392 2800 nihil
1407 2773 1524 2808 amplius
1539 2771 1595 2799 fere
1612 2771 1657 2798 hic
1675 2770 1832 2798 desiderare

1044 2821 1146 2856 possis,
1161 2828 1242 2855 quam
1258 2820 1331 2855 quod
1347 2820 1452 2847 lacunre
1470 2827 1525 2846 non
1540 2818 1626 2845 minio
1638 2817 1734 2849 rubro,
1748 2821 1778 2843 ut
1802 2816 1826 2842 in

1046 2867 1166 2894 editione
1181 2866 1330 2901 Anglicana
1351 2866 1463 2897 factum,
1494 2865 1541 2893 sed
1567 2864 1722 2891 minoribus
1737 2862 1831 2889 litteris

1047 2913 1100 2942 sint
1115 2917 1226 2941 notatae.
1243 2911 1335 2947 Nequa
1351 2912 1434 2945 enim,
1461 2911 1569 2939 etiamsi
1589 2908 1658 2938 illud
1673 2910 1756 2938 nobis
1782 2916 1830 2935 non
