1893 3101
47 167 74 195 61
670 173 839 202 PROtEMlA
857 174 1049 203 VARIORUM.
1628 179 1663 207 6!

47 229 147 260 liceret,
169 227 310 256 voluimus
327 233 469 264 propterea
484 231 770 265 totumintermittere,
786 232 835 259 sed
850 235 873 263 Α
886 233 995 260 drinum
1011 237 1133 269 repertae,
1157 235 1214 262 suis
1229 242 1344 270 qumque
1360 235 1484 270 pagellis,
1501 243 1534 263 ex
1549 235 1670 263 editione

47 274 84 301 vel
97 281 130 300 eo
146 273 229 301 modo
252 278 359 301 textum
375 275 523 310 genuinum
541 283 556 303 a
572 276 761 311 supplemento
776 276 834 304 dis-

45 320 178 354 tinguere,
191 327 248 354 quo
276 323 304 347 et
323 324 386 353 tum,
413 321 436 348 si
459 321 497 348 ita
513 321 661 354 videretur,
691 321 833 350 industriae

45 366 247 400 relinqueretur
258 367 386 402 palaestra
397 368 439 395 vel
457 369 491 396 ad
510 367 732 403 coniectandum,
745 368 787 395 vel
799 368 833 395 ad

43 411 232 446 iudicandum.
257 414 336 442 Alias
347 414 503 442 testimonia
517 415 618 450 passim
631 422 646 441 a
661 414 741 442 nobis
753 419 832 442 aucta

44 460 115 489 sunt,
141 457 238 485 addita
253 459 337 485 etiam
366 458 468 487 Graecis
494 460 621 488 versione
640 459 755 493 Latina;
773 463 831 487 tum

46 503 99 530 loca
107 507 135 531 et
150 504 294 532 variantes
303 505 436 533 lectiones
453 505 525 541 apud
533 505 701 534 Clementem
713 505 832 533 Alexan-

886 277 1034 305 Parisiensi
1047 285 1072 304 a.
1085 278 1151 306 Chr.
1164 280 1230 306 16M
1254 280 1406 308 novissima
1417 280 1554 307 indicatae.
1567 280 1597 307 In
1608 288 1668 308 om-

886 323 969 351 nibus
985 324 1008 351 si
1023 332 1078 351 non
1094 326 1185 352 omnia
1202 326 1271 353 forte
1297 326 1389 361 palato
1416 330 1464 353 tuo
1476 326 1668 361 respondeant,

884 370 912 397 id
929 371 1030 405 partim
1045 371 1220 399 scholasticis
1232 372 1461 407 occupationibus
1482 372 1561 403 meis,
1571 372 1670 406 partim

886 415 1018 443 absentim
1040 424 1106 443 mea:
1124 416 1159 443 ab
1169 417 1299 452 operibus
1325 417 1529 453 typographicis
1554 417 1668 449 tribues,

885 464 913 488 et
925 460 998 496 quod
1011 461 1037 487 in
1053 461 1135 488 simili
1159 470 1258 496 genere
1275 465 1395 498 optares,
1414 462 1485 498 mqui
1496 462 1615 497 bonique
1630 462 1671 490 fa—

887 507 956 533 cies.
975 505 1065 538 Salve,
1079 514 1111 533 ac
1125 506 1194 534 bene
1216 506 1285 534 vale.

511 646 854 694 GODEFREDI
894 647 1228 694 VENDELINI

310 753 356 780 DE
374 752 570 782 CLEMENTIS
588 752 635 780 ET
654 752 738 781 EJUS
755 752 1007 781 EPISTOLARUM
1027 752 1193 781 TEMPORE
1212 751 1399 781 DWINATIO.

70 875 200 904 Clemens
210 874 498 907 Romanus,Faustini
513 876 585 904 ﬁlius
601 876 693 912 (quem
722 881 833 912 aposto-
847 881 869 908 Β
883 878 1019 905 certiorem
1034 877 1066 904 de
1087 878 1164 904 annis
1187 878 1315 904 invenerit
1339 877 1585 912 chronograplziam,
1614 885 1667 912 qua

41 922 78 948 lus
91 920 211 955 Paulus,
228 921 265 949 ad
280 921 470 956 Philippenses
497 923 632 956 scribens,
651 931 730 950 suum
749 928 829 950 vocat

39 970 246 1002 cooperatorem
270 967 342 994 inter
356 971 480 999 caeteros,
497 975 615 1003 quorum
630 968 741 995 nomina
758 968 828 995 scri-

39 1017 81 1047 pta
95 1016 159 1039 sunt
177 1013 210 1039 in
237 1011 310 1039 libro
322 1012 394 1048 vitae)
425 1012 498 1040 Petri
525 1013 642 1048 apostoli
671 1020 826 1045 successor,

38 1059 177 1093 apostolus
202 1058 277 1086 idem
300 1059 359 1093 ipse
378 1063 490 1086 vocatur
516 1067 531 1086 a
551 1059 692 1086 Clemente
710 1059 830 1086 Alexan-

39 1105 117 1132 drino
133 1105 183 1133 lib.
212 1113 240 1132 1v
271 1104 437 1132 Stromatum
452 1113 462 1132 :
484 1105 621 1141 quomodo
637 1109 665 1133 et
688 1105 828 1132 Barnabas

41 1152 140 1186 aliique
154 1158 324 1186 magnorum
339 1151 524 1185 apostolorum
539 1151 653 1179 comites
663 1156 690 1179 et
700 1150 827 1185 discipuli

37 1199 96 1233 peri
107 1198 220 1225 nomine
232 1198 350 1233 apostoli
362 1198 493 1232 (minores
501 1197 603 1233 tamen)
616 1198 701 1225 habiti
716 1197 828 1224 fuerunt

35 1247 63 1270 et
85 1243 226 1278 appellati.
245 1242 374 1270 Clemens
393 1243 437 1270 hic
452 1246 514 1278 post
539 1242 649 1270 Petrum
673 1241 827 1269 Romanam

36 1290 103 1316 rexit
114 1289 282 1322 Ecclesiam,
300 1289 421 1324 vixitque
434 1289 466 1315 ad
484 1293 608 1324 tempora
624 1288 759 1323 Traiani;
775 1296 826 1315 cu-

33 1335 78 1370 jus
89 1343 162 1362 anno
173 1335 325 1370 tertio,qui
342 1334 392 1362 fuit
404 1335 515 1369 epochaa
529 1339 631 1362 nostrae
643 1334 824 1366 centesimus,

34 1380 147 1408 Joannis
159 1388 272 1416 quoque
287 1381 460 1415 evangelista
475 1384 562 1407 morte
574 1380 684 1412 nobilis,
704 1379 826 1407 Cherso-

34 1435 76 1454 n3
92 1428 119 1454 in
131 1427 235 1459 Ponto,
251 1430 313 1461 post
338 1426 427 1454 exsilii
454 1426 495 1453 sui
511 1426 741 1461 quinquennium,
755 1426 827 1453 occi-

33 1474 115 1501 ditur.
129 1473 156 1502 ls
170 1477 233 1501 erat
248 1481 337 1500 annus
345 1478 407 1507 post
421 1472 524 1500 Christi
538 1473 737 1501 Ascensionem
748 1480 826 1500 sexa-

32 1520 152 1555 gesimus
164 1524 194 1548 et
213 1523 341 1551 octavus,
357 1523 438 1554 prout
450 1519 582 1546 habemus
593 1518 734 1545 traditum.
752 1517 827 1551 Quot

32 1574 96 1593 vero
112 1571 181 1593 tunc
199 1562 290 1593 annos
307 1565 437 1592 habuerit
450 1565 589 1598 Clemens,
610 1565 662 1593 etsi
680 1572 734 1592 non
755 1565 823 1599 legi-
839 1557 860 1586 (ἶ

32 1619 91 1638 mus
107 1612 252 1647 proditum
265 1631 273 1643 ,
286 1615 394 1638 constat
412 1615 503 1639 tamen
516 1619 571 1638 non
591 1611 676 1638 multo
687 1611 822 1638 minorem

34 1658 117 1686 ruisse
131 1657 307 1689 centenario,
328 1656 406 1685 valde
419 1665 512 1685 senem
528 1657 623 1692 utique
641 1656 727 1684 fuisse
741 1664 823 1694 opor-

33 1710 85 1738 tet,
112 1705 137 1732 si
157 1703 245 1740 (quod
260 1703 362 1730 habent
381 1703 595 1739 Recognitionum
619 1703 690 1736 libri,
717 1712 772 1731 non
795 1704 823 1731 in

33 1754 117 1776 totum
132 1749 292 1784 dramatici)
318 1749 351 1776 ad
367 1749 484 1784 primam
502 1748 604 1775 famam
629 1748 732 1776 Christi
763 1748 821 1783 jam

32 1797 57 1823 in
73 1796 178 1824 caelum
194 1795 311 1830 recepti,
328 1795 434 1822 vivente
456 1795 546 1822 adhuc
567 1794 689 1828 Tiberio,
712 1794 822 1829 juvenis

33 1844 81 1870 fuit
97 1842 225 1870 florentis
241 1841 341 1874 aetatis,
351 1841 447 1876 judicii
462 1840 560 1873 limati,
579 1840 824 1876 doctrinarumque

31 1890 226 1917 rublimiorum
243 1887 335 1920 avidi;
353 1888 433 1922 plane
450 1891 480 1915 ut
501 1895 591 1914 annos
615 1887 695 1914 facile
724 1887 821 1922 viginti

30 1937 152 1973 quinque
167 1935 331 1966 excesserit,
349 1935 392 1962 vel
410 1934 444 1962 ad
454 1934 628 1967 trigesimum
644 1934 759 1969 propius
775 1941 821 1960 ac-

30 1982 156 2013 cesserit,
170 1984 308 2015 natusque
318 1979 443 2007 videatur
468 1987 516 2014 per
540 1979 620 2006 initia
635 1979 747 2006 circiter
769 1986 821 2006 no-

32 2034 94 2056 stra»,
100 2027 227 2063 epochae,
240 2025 338 2054 Joanni
350 2025 524 2061 evangelista:
535 2025 614 2061 quasi
625 2028 780 2052 cozetaneus
789 2032 822 2052 ac

32 2076 110 2110 plane
122 2081 246 2102 coaevus.

66 2121 139 2148 Intra
155 2120 210 2147 hoc
232 2119 349 2154 primum
371 2117 500 2145 saeculum
511 2116 699 2153 pontiﬁcatum
715 2115 820 2144 Roma-

33 2174 96 2192 num
113 2165 202 2201 gessit
213 2165 361 2200 episcopus
375 2163 511 2196 Clemens,
528 2163 608 2190 annis
619 2162 660 2196 (ut
676 2162 746 2189 inter
763 2170 822 2190 om-

33 2220 91 2243 nes,
106 2212 236 2247 quamvis
250 2210 439 2238 diversissima
453 2209 603 2242 tradentes,
634 2207 818 2243 consentitur)
836 2225 858 2253 Β

33 2266 129 2285 novem
145 2264 211 2284 cum
227 2255 405 2283 mensibuset
419 2254 516 2282 diebus
530 2254 645 2289 aliquot.
658 2253 732 2280 Intra
747 2254 820 2281 idem

32 2304 162 2331 seculum
177 2301 299 2336 episcopi
315 2300 431 2328 Romani
442 2303 620 2327 recensentur
638 2300 725 2328 Linus
737 2320 744 2331 .
757 2299 820 2328 Cle-

31 2353 75 2375 tus
87 2352 116 2375 et
131 2347 285 2374 Anacletus
297 2356 304 2380 ;
323 2353 481 2381 quanquam
495 2345 581 2373 Graeci
588 2345 674 2373 ferme
689 2354 722 2373 ex
736 2345 814 2373 Cleto

31 2393 199 2420 etAnacleto
214 2399 298 2419 unum
311 2391 491 2426 eumdemque
499 2391 643 2419 videantur
655 2391 816 2426 intelligere,

32 2438 113 2466 nimis
127 2438 293 2469 oscitanter,
308 2441 419 2471 propter
430 2435 589 2465 aiﬁnitatem
604 2437 760 2469 nominum,
772 2445 817 2465 so-

30 2483 138 2511 Cordes.

64 2529 134 2562 Quis
161 2535 228 2556 vero
242 2527 285 2555 vel
297 2531 361 2554 ante
378 2527 440 2559 hos,
458 2527 501 2554 vel
516 2526 587 2554 inter
605 2526 678 2559 illos,
697 2527 741 2554 vel
757 2529 819 2561 post

30 2576 91 2606 lius,
103 2574 238 2603 Clementi
250 2574 339 2605 locus,
349 2573 421 2608 quod
432 2577 542 2607 tempus
550 2573 693 2605 debeatur,
704 2573 821 2608 scripto-

30 2629 73 2648 res
81 2620 264 2655 eertant,jam
276 2619 312 2646 ab
323 2619 436 2653 antiquo
450 2619 691 2653 proximoqueillis
707 2619 816 2646 saeculo.

29 2667 122 2702 Itaque
136 2670 164 2694 et
178 2666 207 2694 in
217 2665 368 2694 Breviariis
395 2665 498 2693 nostris
519 2665 640 2700 priorum
667 2664 817 2692 editionum

28 2721 42 2738 a
68 2713 269 2748 posterioribus
280 2711 421 2739 discordia
441 2714 493 2743 est,
507 2715 534 2738 et
549 2711 667 2746 ἀπορίαν
687 2718 764 2737 suam
789 2710 817 2737 in

30 2759 166 2792 omnibus,
174 2767 265 2794 usque
274 2757 311 2785 ad
323 2765 426 2785 annum
439 2757 502 2788 179,
519 2757 661 2792 proﬁtetur
682 2756 818 2783 Baronius

36 2804 192 2838 identidem,
203 2805 296 2832 donec
316 2803 450 2834 ita,tidem
468 2810 546 2830 suam
561 2803 659 2830 liberat
677 2813 682 2830 :
709 2802 737 2830 Si
755 2802 814 2837 quis

65 2892 86 2907 "
97 2890 155 2921 Act.
173 2901 226 2923 xu.
242 2892 272 2921 2.

881 930 967 951 tanien
981 933 1033 951 non
1048 923 1184 958 rejiciatur
1198 931 1211 949 e
1226 932 1334 950 numero
1361 924 1514 958 pontiﬁcum
1535 923 1667 950 Romano—

880 979 938 996 rum
951 969 1050 1002 Cletus,
1070 978 1115 996 nec
1142 975 1290 1004 martyrum
1305 969 1519 1004 Lugdunensium
1534 970 1666 997 sincerum

879 1016 1057 1042 testimonium
1072 1008 1269 1047 condemnetur,
1285 1015 1356 1042 haud
1378 1017 1453 1043 inviti
1479 1016 1663 1043 assentiemur.

879 1061 935 1096 Ego
947 1062 1038 1097 itaque
1062 1062 1149 1088 multa
1180 1061 1344 1096 curiosaque
1359 1061 1499 1096 indagine,
1517 1068 1665 1096 postquam

879 1109 1000 1135 rationes
1029 1115 1125 1134 omnes
1149 1107 1288 1133 variorum
1318 1108 1483 1142 scriptorum
1511 1107 1654 1142 diligenter

879 1154 1000 1185 excussi,
1015 1153 1111 1180 videor
1130 1153 1196 1180 mihi
1212 1153 1268 1180 veri
1280 1153 1360 1180 (idem
1371 1154 1584 1189 deprehendisse
1595 1153 1664 1179 hanc

879 1200 1074 1228 certissimam.

912 1247 992 1275 Anno
1013 1248 1124 1282 epochae
1142 1252 1245 1276 nostra:
1258 1248 1304 1280 M,
1321 1247 1365 1275 die
1374 1247 1410 1273 25
1423 1245 1559 1277 Januarii,
1572 1244 1665 1272 occiso

878 1292 956 1325 Caio,
970 1295 1106 1322 successit
1116 1295 1145 1322 in
1160 1295 1306 1329 imperium
1317 1293 1459 1325 Claudius,
1474 1292 1520 1327 qui
1530 1291 1662 1318 Herodem

878 1338 1027 1374 Agrippam
1043 1340 1137 1367 statim
1164 1340 1270 1367 dimisit
1298 1340 1326 1366 in
1347 1347 1427 1366 suum
1444 1345 1568 1373 regnum,
1586 1337 1664 1371 isque

877 1393 977 1420 magna
989 1385 1129 1413 celeritate
1140 1393 1266 1413 reversus
1281 1389 1323 1412 est
1337 1385 1365 1412 in
1380 1383 1502 1411 Judaeam
1517 1390 1565 1417 per
1586 1390 1664 1409 men-

878 1437 936 1458 sem
948 1430 1014 1466 (fac)
1029 1430 1208 1457 Februarium
1225 1434 1323 1461 totum,
1339 1429 1381 1457 vel
1394 1429 1471 1456 initia
1488 1427 1588 1454 Martii.
1608 1426 1664 1454 E1-

878 1479 975 1511 ceptus
992 1484 1007 1503 a
1030 1476 1096 1510 suis.
1108 1476 1288 1511 popularibus
1308 1475 1475 1507 honoriﬁce;
1491 1473 1593 1509 quibus
1609 1473 1659 1500 de-

878 1522 1016 1550 merendis
1033 1527 1074 1558 (ut
1089 1531 1119 1550 se
1129 1523 1279 1558 gratiosum
1295 1530 1327 1550 ac
1343 1522 1501 1558 popularem
1517 1521 1661 1556 pneberet)

877 1566 1000 1594 odiosam
1024 1567 1080 1594 illis
1106 1567 1335 1598 Christianorum,
1361 1567 1443 1594 nimis
1471 1565 1660 1596 invalentium,

875 1611 1076 1639 multitudinem
1090 1613 1254 1647 opprimere,
1279 1612 1459 1646 hominesque
1483 1611 1544 1638 illos
1562 1619 1660 1642 novos,

875 1656 1033 1689 seditiosos,
1056 1657 1169 1684 nefaria:
1195 1657 1345 1692 impietatis
1370 1658 1397 1684 in
1421 1657 1517 1688 Deum,
1532 1657 1661 1691 legesque

874 1701 1009 1730 Mosaicas
1026 1702 1198 1730 insimulatus
1207 1703 1239 1729 ad
1251 1702 1385 1736 supplicia
1398 1709 1493 1735 rapere
1506 1709 1655 1736 aggressus

873 1752 926 1780 est,
939 1755 955 1774 a
967 1748 1112 1782 praecipuis
1122 1755 1217 1775 eorum
1228 1747 1365 1782 capitibus
1374 1746 1506 1781 apostolis
1517 1745 1660 1780 grassandi

873 1794 946 1822 facto
960 1794 1048 1822 initio.
1058 1794 1151 1829 Itaque
1162 1793 1255 1820 occidit
1263 1793 1404 1825 Jacobum,
1414 1792 1524 1826 lratrem
1531 1791 1657 1822 Joannis,

873 1839 964 1874 gladio
974 1839 1008 1866 ".

909 1884 985 1912 Hanc
1001 1889 1118 1912 mortem
1132 1885 1263 1912 habemus
1276 1885 1433 1912 adnotatam
1446 1881 1573 1910 Kalendis
1583 1881 1659 1916 Apri-

876 1931 922 1962 lis,
947 1938 1008 1966 qua:
1025 1930 1078 1958 hoc
1103 1938 1174 1958 anno
1188 1931 1219 1958 41
1235 1931 1390 1958 inciderunt
1403 1929 1428 1956 in
1447 1929 1609 1960 Sabbatutn;
1629 1931 1659 1953 ut

872 1973 996 2002 videatur
1006 1973 1135 2006 Iacobus,
1149 1974 1182 2001 de
1197 1973 1434 2008 occasioneipsius
1445 1972 1569 2002 Sabbati,
1578 1971 1658 2005 quasi

872 2022 961 2055 Iacto,
975 2023 1084 2050 dictove
1098 2022 1190 2058 aliquo
1212 2021 1306 2049 violati
1331 2021 1500 2048 tumultuose
1514 2022 1658 2053 correptus

872 2076 888 2095 a
904 2068 1072 2101 furentibus,
1087 2069 1237 2103 statimque
1251 2069 1292 2103 (ut
1307 2067 1335 2094 [it
1346 2067 1373 2094 in
1396 2066 1501 2093 delictis
1519 2064 1659 2100 ﬂagranti-

871 2113 934 2149 bus)
950 2114 1046 2148 plexus
1065 2114 1163 2149 capite,
1180 2114 1278 2141 saltem
1294 2116 1356 2148 post
1370 2119 1497 2139 occasum
1512 2111 1591 2144 solis;
1604 2119 1658 2146 quo

872 2163 1012 2186 momento
1037 2158 1182 2186 Judaicttm
1215 2158 1384 2190 Sabbatum,
1406 2158 1520 2191 diesque
1543 2155 1655 2183 Kalend.

872 2204 973 2239 Aprilis
994 2204 1152 2237 desinebat,
1167 2204 1306 2239 inibatque
1319 2203 1404 2238 prima
1417 2202 1550 2234 Sabbati;
1563 2201 1657 2228 eadem

871 2251 972 2286 Aprilis
992 2252 1094 2278 mensis
1118 2250 1171 2277 illis
1187 2250 1386 2277 numerabatur
1407 2248 1538 2276 secunda.
1567 2247 1657 2282 Atque

872 2297 925 2324 hoc
938 2301 981 2324 est
994 2296 1068 2332 quod
1095 2295 1279 2331 Hieronymus
1295 2296 1321 2322 in
1335 2295 1430 2322 Ezech.
1445 2301 1587 2329 cap.xun,
1599 2298 1658 2320 tra—

871 2342 959 2370 ditum
972 2350 988 2368 a
998 2342 1149 2377 majoribus
1163 2349 1216 2368 non
1229 2342 1296 2368 satis
1310 2340 1441 2368 intellexit
1454 2349 1461 2374 ;
1478 2340 1543 2367 dum
1559 2340 1655 2367 scribit

871 2386 1040 2413 immolatum
1050 2385 1193 2418 Jacobum,
1207 2385 1250 2412 die
1259 2385 1378 2412 Secunda
1394 2385 1538 2412 Paschatis
1550 2393 1557 2417 ;
1577 2385 1651 2419 quod

870 2435 998 2459 constare
1010 2431 1082 2458 haud
1099 2438 1181 2466 posse
1191 2431 1324 2459 Baronius
1339 2438 1447 2465 quoque
1470 2429 1597 2465 pervidit.
1619 2429 1651 2456 Et

872 2481 946 2506 certe
961 2477 1067 2505 Pascha
1091 2476 1233 2505 Judaicum
1254 2477 1306 2505 isto
1330 2485 1401 2504 anno
1429 2476 1524 2503 incidit
1540 2477 1567 2502 in
1581 2476 1654 2503 diem

872 2529 997 2559 quartam
1012 2523 1122 2559 Aprilis,
1138 2524 1171 2551 ad
1185 2531 1336 2558 vesperam.
1349 2523 1407 2550 Non
1420 2531 1485 2558 ergo
1501 2522 1545 2549 die
1555 2530 1655 2550 secun-

870 2571 904 2598 da
916 2571 1058 2599 Paschalis
1070 2571 1180 2598 occisus
1193 2574 1234 2598 est
1244 2569 1374 2601 Jacobus,
1384 2569 1431 2596 sed
1443 2569 1564 2596 secunda
1576 2577 1652 2596 men-

871 2614 919 2645 sis,
938 2615 964 2641 in
980 2622 1060 2650 quam
1072 2614 1176 2641 Pascha
1192 2614 1238 2642 illo
1251 2622 1323 2641 anno
1334 2613 1439 2640 incidit.

906 2662 972 2689 Post
995 2662 1115 2689 occisum
1140 2670 1214 2697 ergo,
1238 2670 1284 2689 seu
1309 2661 1376 2696 ipsis
1403 2661 1493 2687 adhuc
1523 2659 1652 2686 Kalendis

872 2708 1021 2743 Aprilibus,
1046 2716 1093 2736 seu
1118 2708 1249 2743 postridie
1273 2715 1363 2739 mane,
1386 2706 1529 2737 Jacobum,
1556 2705 1651 2732 videns

873 2755 993 2782 llerodcs
1010 2755 1061 2782 hoc
1075 2755 1211 2790 placuisse
1225 2753 1337 2786 Judzeis,
1351 2753 1479 2788 apposuit
1500 2751 1650 2786 apprchen-

873 2802 936 2829 dere
954 2806 979 2829 et
997 2801 1126 2835 Petrum;
1147 2809 1200 2828 non
1222 2800 1330 2835 quidem
1358 2799 1464 2831 eodem,
1480 2797 1572 2830 credo,
1594 2795 1649 2827 die,
