1893 3101
212 149 247 176 43
799 146 844 172 AD
859 145 887 174 S.
908 145 1003 174 CLEM

1100 147 1125 174 M
1145 147 1154 174 ι
1174 146 1293 174 PAPAM
1819 149 1851 176 «Η

211 206 264 232 οὐδ’
286 206 303 241 ὴ
326 205 421 241 πρώτη
438 205 595 241 ἀπήλλακτο
616 205 763 236 παντελῶς.
788 206 843 231 Καὶ
864 205 1006 241 ἑρμηνείας

1097 215 1126 234 :m
1142 207 1257 242 epistola
1272 207 1384 234 omnino
1401 209 1488 234 vacat.
1510 205 1542 232 Et
1560 206 1803 241 interpretationes
1815 206 1852 232 lo-

210 251 238 280 δὲ
254 252 343 288 ῥητῶν
357 261 437 280 τινων
451 252 611 284 ἀλλοκότους
627 252 682 288 ἔχει
695 261 701 266 ·
718 252 804 283 ἄλλως
817 261 847 278 τε
870 252 897 279 δὲ
915 253 962 279 καὶ
976 253 1009 279 τὰ

210 299 240 324 ἐν
254 299 351 331 αὐταῖς
371 300 495 335 νοήματα
517 299 671 336 ἐρριμμένα
693 308 761 331 πως,
786 299 832 326 καὶ
855 299 884 325 οὐ
909 299 1006 334 συνεχῆ

209 343 258 379 τὴν
274 344 433 372 ἀκολουθίαν
451 345 556 381 ὑπῆρχε
571 345 747 380 φυλάττοντα,

1064 261 1160 280 corum
1191 252 1375 288 quorumdam
1402 252 1549 280 alieniores
1577 252 1691 288 profert.
1724 252 1852 289 Alioquin

1062 299 1120 333 ipsa
1137 307 1198 333 quae
1214 299 1242 325 in
1254 298 1297 325 his
1312 298 1437 332 epistolis
1449 298 1543 326 insunt
1558 305 1651 330 sensa.
1664 298 1793 325 nonnihil
1806 298 1852 325 ab-

1060 343 1132 377 jecta
1149 347 1224 375 sunt.
1251 351 1340 378 neque
1360 344 1545 371 continentem
1569 344 1667 372 seriem
1689 351 1722 370 ac
1747 351 1851 372 conse-

1059 390 1199 424 quentiam
1215 393 1334 417 servant.

1004 444 1061 472 Xll.

546 504 716 530 ANASTASIUS
731 503 968 536 llibliolhccarius,
989 503 1060 532 Hist.
1088 506 1195 536 εει-[ει.
1212 503 1277 531 edit.
1290 503 1394 536 Paris,
1407 511 1472 538 pag.
1490 504 1533 530 l7.

250 549 337 584 Hujus
353 549 526 587 (Clementis)
554 550 674 586 Epistola
689 550 776 577 fertur
804 550 838 577 ad
856 551 1015 579 Corinthios
1042 553 1144 583 missa,
1163 559 1244 586 quam
1260 555 1318 579 tota
1345 551 1450 586 recipit.
1480 557 1509 578 ut
1538 550 1850 586 llegesippus'lestatur,

215 595 351 625 Ecclesia.

997 644 1065 672 Xll‘l.

691 692 776 719 ΝιοοΝ
791 693 953 725 monachus,
971 693 998 719 in
1017 692 1144 720 Pandect.
1171 699 1254 720 serm.
1276 691 1320 719 18.

242 745 417 781 Κλήμεντος
438 745 559 782 Ῥώμης.
577 748 686 774 Δίκαιον
700 746 747 774 οὖν
770 748 817 775 καὶ
831 749 936 775 ὅσιον...
960 750 1006 775 καὶ

208 793 316 825 στάσεις
331 792 378 819 τοῦ
392 792 611 829 ἀπαλλοτριῶσαι
626 794 700 829 ἡμᾶς
713 793 761 820 τοῦ
781 794 871 826 καλῶς
887 794 1003 829 ἔχοντος.

207 838 302 865 Τοίνυν
316 838 542 874 ἀκολουθήσωμεν
556 841 613 871 τοῖς
630 840 688 874 μετ’
710 840 882 872 εὐσεῆείας...
907 840 1005 876 Πόρρω

1097 747 1239 775 Clementis
1256 746 1377 775 Romani.
1394 747 1502 775 Justum
1518 755 1583 783 ergo
1602 752 1628 775 et
1642 752 1808 779 sanctum...
1824 751 1850 778 in

1060 794 1176 822 dissidia
1187 799 1214 822 et
1230 793 1380 822 seditiones
1401 793 1538 829 (homines
1555 794 1738 830 collimantes)
1756 801 1789 823 ut
1804 803 1852 822 nos

1059 848 1073 867 a
1089 844 1166 868 recto
1188 844 1215 867 et
1238 840 1355 868 honesto
1371 843 1506 868 avertant.
1534 839 1587 868 Eos
1609 848 1676 875 ergo
1687 848 1850 876 sequamur.

206 884 302 920 ἀπέχει
321 885 368 911 ἀπ’
394 885 495 920 ἐμοῦ...
514 886 697 922 Κολληθῶμεν
714 884 761 912 οὖν
775 888 832 918 τοῖς
845 887 945 918 ἀθώοις
958 887 1005 913 καὶ

1097 887 1180 914 icum
1196 886 1296 922 pietate
1314 907 1320 913 .
1340 907 1346 913 .
1365 907 1372 914 .
1386 885 1514 914 Procula
1529 895 1572 914 me
1586 886 1663 914 abest
1681 907 1688 914 .
1706 908 1713 915 .
1733 909 1739 914 .
1752 887 1851 915 Adhae-

205 930 321 962 δικαίοις
331 939 337 945 ·
354 931 407 957 εἰσὶ
421 931 449 958 δὲ
464 927 537 958 οὗτοι
552 932 676 960 ἐκλεκτοὶ
689 932 737 959 τοῦ
752 932 830 959 Θεοῦ.
847 932 1004 969 Γέγραπται

205 976 276 1012 γάρ·
293 976 467 1004 Κονίλᾶσθαι
490 978 553 1011 τοῖς
574 979 679 1013 ἁγίοις,
707 976 752 1006 ὅτι
772 981 799 1006 οὶ
821 979 1005 1013 κολλώμενοι

197 1022 317 1056 αὐτοῖς,
331 1023 577 1058 ἅγιαι-θήσονται.
600 1025 655 1051 Καὶ
675 1025 689 1051 ὁ
714 1025 816 1061 Κύριος
837 1025 921 1059 λέγει·
949 1026 1004 1052 Τὸν

206 1068 437 1103 όμολογήσαντά
448 1078 519 1104 με...
536 1071 588 1097 τοῦ
600 1071 714 1104 Πατρός
724 1080 793 1105 μου.
816 1071 859 1097 Ἑν
873 1071 924 1097 τίνι
940 1071 1001 1098 δὲ...

205 1114 259 1140 τῶν
273 1114 395 1141 ἐντολῶν.
415 1115 476 1142 ΙΙωο
490 1123 523 1142 ex
536 1117 613 1144 codd.
627 1116 717 1151 llegiis
727 1116 809 1147 2418.
822 1117 903 1147 9.423.
919 1116 1001 1150 2424,

206 1159 353 1194 descripsit
367 1160 529 1194 Cotelerius,
553 1161 693 1196 ediditque
723 1162 751 1188 in
777 1168 833 1189 not.
858 1162 892 1189 ad
915 1162 996 1196 epist.

205 1204 292 1233 Clem.
310 1214 370 1241 cap.
388 1207 432 1238 M,
449 1207 521 1234 unde
544 1206 597 1234 huc
613 1207 748 1235 translata
764 1212 837 1235 sunt.

1058 939 1168 960 reamus
1180 939 1245 967 ergo
1261 932 1328 959 viris
1355 932 1478 960 honestis
1493 936 1520 959 et
1533 933 1630 967 justis:
1648 932 1676 959 hi
1701 941 1769 960 vero
1788 938 1850 961 sunt

1058 978 1137 1005 electi
1149 977 1208 1005 Dei.
1227 976 1366 1012 Scriptum
1382 982 1425 1005 est
1448 977 1542 1005 enim:
1571 978 1665 1005 Facite
1689 984 1722 1005 ιιι
1749 981 1848 1006 sanctis

1057 1024 1228 1057 adhereatis,
1237 1025 1301 1058 quia
1314 1025 1358 1059 qui
1372 1024 1427 1052 illis
1437 1024 1583 1056 adhaerent,
1597 1025 1847 1060 sancti/imbuatur.

1056 1069 1090 1096 Et
1105 1069 1240 1097 Dominus
1255 1070 1320 1097 dicit
1334 1079 1340 1097 :
1354 1069 1411 1103 Qui
1425 1078 1464 1096 me
1475 1069 1609 1104 confessus
1621 1070 1702 1104 fuerit
1718 1091 1727 1100 .
1744 1091 1753 1100 .
1773 1092 1780 1098 .
1798 1071 1849 1097 Pa-

1057 1117 1105 1143 tri:
1141 1116 1201 1143 mei.
1226 1115 1255 1142 in
1280 1123 1401 1151 quonam
1431 1120 1522 1143 autem
1539 1137 1546 1144 .
1564 1137 1570 1143 .
1588 1137 1594 1143 .
1615 1116 1746 1143 manda-ta
1777 1117 1850 1145 illius

1054 1162 1121 1195 (non
1133 1160 1404 1197 spernendo).Epist.
1415 1161 1442 1194 1,
1457 1169 1518 1196 cap.
1528 1162 1571 1195 M,
1588 1161 1622 1189 15
1635 1167 1662 1189 et
1682 1163 1732 1194 46;
1758 1162 1846 1198 Epist.

1052 1207 1080 1240 2,
1098 1215 1158 1243 cap.
1175 1209 1201 1235 5.

600 1370 885 1428 JUDICIA
925 1369 1057 1428 REC
1067 1369 1442 1428 ENTIORUM

885 1490 919 1510 ετ
936 1490 1040 1510 ιιιιιιιυιι
1054 1483 1155 1515 quine:

596 1568 871 1614 'PATBICII
910 1570 1080 1614 JUNII
1122 1567 1469 1614 PIL/EFATIO.

241 1705 270 1733 Si
285 1706 393 1741 plenius
418 1705 452 1732 de
470 1706 614 1733 Clemente
629 1711 722 1733 nostro
747 1710 775 1733 et
797 1706 858 1740 ejus
874 1706 995 1741 scriptis,
1011 1709 1032 1737 c
1049 1706 1255 1734 ornatissimum
1267 1710 1294 1734 et
1308 1706 1491 1733 clarissimum
1510 1705 1598 1733 virum
1614 1705 1755 1733 dominum
1772 1705 1843 1734 Tho-

203 1753 290 1780 amice
304 1752 412 1783 Lector,
429 1752 500 1779 scire
518 1751 668 1784 desidems,
680 1750 840 1787 Gregorium
856 1751 998 1779 Turonen—

205 1807 262 1825 scin
281 1798 318 1825 De
331 1802 477 1833 martyrum
490 1798 587 1832 gloria,
610 1796 763 1825 Simeonem
776 1797 995 1832 Metaphrastenl,

202 1843 365 1872 Pontificum
381 1843 566 1871 Romanorum
588 1843 761 1880 βιογράφους,
774 1843 932 1876 Baronium,
948 1851 997 1870 an-

203 1891 307 1918 nalium
329 1890 511 1924 conditorem,
534 1889 640 1917 Sixtum
668 1889 828 1922 Senensem,
855 1889 997 1917 Bellarmi-

201 1945 267 1964 num
279 1940 305 1964 et
320 1937 398 1968 alios,
413 1937 460 1971 qui
476 1936 680 1964 ecclesiasticos
694 1935 844 1970 scriptores
855 1938 883 1962 et
899 1942 995 1962 eorum

201 1982 305 2017 scripta
325 1981 405 2009 nobis
429 1980 612 2011 tradiderunt,
629 1988 677 2014 per
701 1980 786 2007 otium
803 1985 879 2014 poles
895 1987 994 2006 consu-

202 2027 268 2053 lere.
284 2025 339 2053 Nos
354 2026 427 2052 nuhe
441 2025 492 2051 hac
509 2029 565 2051 tam
580 2024 726 2051 illustrium
740 2024 863 2056 testium,
881 2031 951 2058 quos
967 2023 994 2049 in

201 2077 373 2099 antecessum
396 2071 598 2106 prmmisimus,
627 2070 759 2102 contenti,
785 2070 874 2096 oculis
897 2069 950 2096 tuis
967 2073 995 2096 et

200 2117 331 2153 patientia
347 2116 450 2144 diutius
466 2116 540 2143 abuti
560 2116 723 2146 desinimus,
738 2119 765 2142 et
784 2115 818 2142 de
835 2115 887 2142 ﬁde
901 2118 928 2142 et
943 2122 993 2142 au-

200 2164 328 2190 ctoritate
336 2163 417 2198 hujus
426 2164 517 2198 operis
528 2162 639 2197 γνησίου
650 2162 697 2188 καὶ
710 2161 906 2196 ἀναμφιϐόλου,
917 2161 994 2195 plura

200 2209 234 2236 de
256 2213 351 2236 nostro
376 2208 495 2242 adjicere
524 2206 743 2242 supersedemus,
767 2213 802 2234 ne
827 2206 878 2233 soli
905 2206 994 2233 lucem

200 2254 329 2286 fenerari,
356 2258 383 2281 et
404 2254 520 2281 faculam
540 2253 685 2280 obscuram
710 2252 824 2281 meridie
844 2252 994 2279 accendere

199 2301 271 2328 velle
289 2301 441 2327 videamur.
464 2300 617 2334 Antequam
633 2304 724 2327 autem
742 2299 776 2326 ad
789 2299 935 2327 lectionem
952 2299 994 2326 di-

201 2346 255 2372 vini
272 2346 354 2380 hujus
375 2351 402 2373 et
424 2346 503 2380 plane
526 2345 668 2388 apostolici
694 2346 789 2381 scripti
805 2349 831 2373 te
851 2345 991 2381 accingas,

1050 1760 1120 1778 mam
1146 1751 1213 1784 Roe,
1234 1752 1352 1787 equitem
1381 1755 1517 1783 auratum,
1542 1755 1569 1779 et
1594 1744 1666 1786 apud
1690 1751 1841 1779 Turcarum

1050 1798 1133 1833 impp.
1160 1799 1327 1827 scrcnissimi
1345 1799 1417 1834 regis
1433 1799 1520 1826 nostri
1540 1802 1694 1827 oratorem,
1718 1804 1782 1823 cum
1809 1804 1841 1823 ex

1049 1845 1159 1872 Oriente
1178 1846 1294 1878 rediret,
1316 1845 1388 1872 dono
1406 1845 1439 1871 ad
1457 1845 1662 1872 serenissimum
1679 1849 1772 1877 regem
1793 1850 1842 1868 no»

1048 1895 1135 1919 strum
1146 1892 1310 1919 transmisit.
1320 1891 1360 1918 Ad
1371 1891 1473 1918 calcem
1484 1891 1631 1918 venerandi
1643 1888 1725 1923 hujus
1736 1888 1841 1918 codicis

1049 1941 1075 1964 et
1090 1937 1232 1973 κειμηλιου
1252 1937 1481 1972 τιμαλφεστάτου,
1496 1936 1523 1963 in
1540 1935 1707 1964 membranis
1728 1933 1838 1964 laceris,

1049 1983 1151 2017 adjecta
1165 1986 1224 2009 erat
1238 1982 1384 2010 Clementis
1399 1981 1432 2009 ad
1443 1981 1601 2009 Corinthios
1610 1979 1732 2015 Epistola
1742 1979 1839 2007 eadem

1047 2036 1128 2054 manu
1142 2028 1254 2062 scripta,
1270 2035 1351 2063 quam
1365 2035 1437 2054 nunc
1456 2027 1527 2054 bono
1541 2025 1651 2060 publico
1664 2029 1692 2052 et
1706 2029 1754 2052 tuo
1777 2025 1838 2052 usei

1047 2072 1074 2099 in
1090 2073 1177 2099 lucem
1189 2072 1297 2102 damus.
1318 2072 1385 2107 legis
1397 2070 1584 2106 Pythagoricae
1593 2077 1647 2096 non
1664 2069 1840 2096 immemores

1047 2119 1128 2154 (quae,
1146 2118 1319 2154 ut‘Synesius
1346 2118 1373 2144 in
1392 2117 1472 2145 Dione
1496 2120 1593 2143 auctor
1606 2119 1658 2148 cst,
1671 2115 1722 2142 οὐκ
1737 2116 1772 2151 ὲᾷ
1785 2116 1841 2146 τοῖς

1048 2165 1163 2200 βιϐλίοις
1177 2166 1324 2195 ἑπιποιεῐν,
1336 2163 1403 2190 ἀλλὰ
1413 2163 1536 2198 βούλεται
1545 2163 1634 2198 μένειν
1649 2161 1719 2188 αὐτὰ
1734 2162 1782 2188 ἐπὶ
1792 2161 1842 2196 τῆς

1045 2209 1157 2244 πρώτης
1169 2208 1268 2243 χειρὸς,
1277 2207 1351 2239 ὅπως
1363 2207 1427 2233 ποτὲ
1438 2207 1500 2242 ἔσχε
1506 2207 1600 2242 τύχης,
1614 2206 1630 2242 ἢ
1641 2206 1761 2241 τέχνης),
1775 2206 1842 2233 nihil

1045 2254 1195 2288 dementes,
1211 2254 1278 2281 nihil
1298 2254 1331 2281 de
1355 2258 1450 2282 nostro
1465 2253 1608 2285 addentes,
1625 2260 1679 2279 non
1695 2252 1840 2287 syllabam,

1044 2308 1099 2327 non
1111 2301 1239 2331 litteram,
1252 2308 1306 2327 non
1320 2299 1425 2334 apicem
1439 2303 1486 2326 aut
1501 2298 1556 2326 iota
1573 2305 1668 2330 unum,
1682 2297 1841 2325 ﬁdelissimo

1044 2351 1177 2382 quantum
1191 2346 1280 2381 potuit
1301 2346 1360 2373 fieri
1373 2346 1570 2380 expressimus.
1587 2343 1674 2371 Voces
1687 2347 1778 2370 autem
1791 2343 1839 2367 de-

199 2396 303 2427 pulere,
318 2399 421 2427 quaeso,
450 2397 480 2420 ut
504 2392 538 2420 de
549 2383 725 2427 ‘antiquitate
741 2391 906 2427 exemplaris
935 2399 990 2426 quo
1007 2383 1030 2410 Ι)
1045 2392 1167 2427 perditas
1182 2395 1210 2419 et
1226 2392 1332 2419 litteras
1347 2395 1482 2419 vetustate
1505 2397 1613 2422 exesas,
1637 2389 1730 2424 spatiis
1747 2391 1776 2413 et
1797 2386 1840 2413 in-

197 2445 249 2464 nos
265 2438 306 2465 usi
318 2445 424 2471 sumus,
439 2442 465 2465 et
480 2437 513 2465 de
528 2437 655 2465 versione
671 2441 764 2465 nostra
777 2438 858 2472 plana
872 2441 899 2465 et
914 2437 987 2469 rudi,

196 2483 293 2519 paucis
309 2487 336 2511 te
352 2491 521 2511 moneamus.
539 2483 668 2519 Cyrillus,
685 2485 732 2519 qui
759 2483 839 2511 hodie
855 2484 991 2511 Conslan-

196 2529 311 2564 tinopoli
328 2529 543 2564 patriarchatum
559 2530 675 2562 obtinet,
691 2530 733 2556 vir
748 2529 848 2564 pietate
858 2533 885 2557 et
897 2529 990 2557 erudi-

196 2576 272 2603 tione
287 2575 413 2610 insignis,
429 2583 460 2603 ex
479 2575 606 2612 Egyptn,
625 2583 687 2602 cum
711 2576 803 2603 sedem
829 2575 991 2603 Alexandri-

196 2629 260 2648 nam
287 2622 463 2656 relinqueret,
483 2631 609 2658 magnam
636 2623 766 2649 librorum
793 2623 987 2658 supellectilem

196 2675 291 2695 secum
306 2667 425 2699 advexit.
444 2669 513 2696 inter
535 2676 604 2703 quos
628 2669 750 2696 codicem
772 2669 894 2696 omnium
909 2673 987 2696 vetu—

196 2714 350 2741 stissimum
372 2717 398 2740 et
415 2714 493 2749 longe
510 2714 740 2748 pretiosissimum
765 2715 803 2747 (in
814 2723 869 2750 quo
888 2715 988 2742 veteris

196 2766 223 2786 et
247 2760 310 2788 novi
335 2760 446 2788 fmderis
469 2761 530 2788 libri
557 2762 655 2789 litteris
680 2761 882 2796 grandioribus.
904 2770 987 2789 manu

197 2807 305 2834 Thecla:
330 2808 429 2835 nobilis
451 2807 557 2836 feminae
575 2807 719 2843 (Egyptian,
737 2809 809 2835 circa
825 2809 904 2844 primi
921 2817 988 2836 con-

202 2854 251 2882 lilii
268 2853 368 2882 Niemni
394 2858 526 2889 tempora,
546 2855 694 2883 bellissime
717 2855 818 2883 exarati
845 2856 918 2891 sunt)
941 2863 988 2890 per

1043 2438 1169 2466 terstitiis
1185 2438 1392 2465 accuratissime
1402 2437 1531 2467 dimensi,
1546 2444 1594 2471 pro
1606 2432 1734 2468 ingeltioli
1750 2433 1838 2460 nostri

1042 2486 1176 2513 tenuitate
1191 2485 1378 2520 supplevimus
1402 2489 1430 2512 et
1449 2484 1534 2511 minio
1547 2481 1629 2508 rubro
1644 2480 1727 2514 (novo
1742 2479 1795 2506 hoc
1811 2484 1838 2506 et

1041 2532 1174 2559 inusitato
1195 2532 1369 2566 imprimendi
1391 2528 1513 2566 genere),
1529 2527 1706 2558 notavimus;
1728 2525 1802 2560 quod
1822 2533 1836 2551 a

1042 2579 1122 2606 nobis
1138 2578 1265 2606 consulto
1283 2578 1383 2604 factum
1396 2580 1448 2609 est,
1466 2582 1500 2602 ne
1518 2573 1674 2607 rejicientes
1693 2575 1721 2598 te
1735 2571 1837 2606 saepius

1043 2626 1075 2652 ad
1092 2629 1182 2656 notas,
1203 2624 1357 2652 molestiam
1382 2623 1432 2650 tibi
1456 2619 1579 2648 inutilem
1603 2625 1772 2650 crearemus,
1794 2618 1834 2645 Vel

1042 2679 1117 2698 oram
1139 2671 1202 2698 libri
1216 2670 1411 2705 supplementis
1431 2671 1458 2694 ct
1478 2664 1717 2694 emendatiouibus
1731 2664 1835 2692 crebris

1042 2718 1154 2744 nimium
1172 2717 1350 2746 faularemus,
1367 2714 1485 2749 denique
1498 2721 1533 2741 ne
1547 2711 1692 2740 industriis
1711 2710 1834 2738 feliciori-

1042 2764 1093 2791 bus
1116 2767 1142 2790 et
1163 2762 1280 2797 ingeniis
1291 2760 1551 2796 στοχαστικωτέροις
1566 2758 1753 2793 conjecturam
1768 2756 1835 2783 libe-

1041 2817 1100 2835 ram
1115 2809 1147 2835 ad
1158 2807 1293 2842 judicium
1311 2806 1424 2833 liberius
1439 2805 1655 2840 prmriperemus.
1680 2801 1708 2828 In
1730 2801 1834 2835 reliquo

1042 2856 1121 2883 etiam
1137 2862 1228 2889 opere,
1243 2857 1333 2881 errata
1348 2851 1549 2888 quamplurima
1562 2857 1756 2886 cxpunxunus,
1766 2852 1791 2875 ct
1806 2855 1833 2874 ιιι
