1893 3101
69 162 97 188 85
673 155 845 184 PROOEMIA

68 217 147 245 omnia
171 223 253 251 quam
273 215 494 243 cmendatissima
517 216 668 251 prodirem.
686 223 735 250 pro
755 215 841 242 iacul-

69 267 115 289 tate
126 266 216 289 nostra
230 265 258 289 et
271 262 381 289 modulo
396 262 485 290 adnisi
499 270 603 290 sumus.
617 261 718 289 Verum
738 262 789 289 hoc
801 262 841 289 sic

68 308 142 343 accipi
155 308 291 339 volumus,
304 316 359 336 non
373 311 503 343 tanquam
518 313 660 336 assecutos
675 315 726 335 nos
745 307 841 335 creda-

68 361 129 384 mus,
145 352 191 380 sed
211 356 342 388 tanquam
367 352 476 388 assequi
497 352 722 384 laboraverimus,
739 356 766 379 et
787 351 844 379 for-

67 403 128 425 tasse
141 405 193 424 non
210 397 330 430 frustra;
346 398 368 425 si
382 398 464 425 modo
481 401 510 424 tu
525 397 670 425 candidum
686 401 712 424 te
723 398 842 424 aestima-

68 449 141 471 torem
155 443 277 471 laborum
298 449 466 477 nostrorum,
479 448 506 471 et
517 443 662 479 diligentim
681 443 841 478 qualiscun-

66 498 110 525 que
123 490 265 524 benignum
282 491 455 525 interpretem
470 490 628 525 praabueiis,
643 490 729 525 stylus
747 493 842 516 aucto-

66 537 98 564 ris
111 541 134 564 et
145 536 279 563 scribendi
298 544 385 571 genus
400 537 557 571 primaevam
579 537 780 571 simplicitatem
797 543 842 563 sa—

66 582 104 616 pit,
117 586 142 609 et
155 585 247 609 tenera
264 581 355 609 adhuc
369 582 508 610 nascentis
520 581 648 609 Ecclesiae
663 581 838 612 incunabula.

66 628 152 662 quibus
173 632 279 656 veteres
300 627 395 656 Patres
414 632 441 655 ct
462 627 591 655 Ecclesiae
614 627 694 662 primi
721 627 837 658 nutritii,

65 674 121 700 nihil
133 674 267 701 excelsum
285 678 333 700 aut
347 674 460 706 elatum,
481 681 532 701 nec
546 674 578 700 ad
595 674 738 701 audientiae
753 681 839 708 popu-

66 720 119 747 laris
133 720 272 747 illecebras
294 720 367 746 culto
381 728 506 748 sermone
525 719 657 752 fucatum,
678 720 704 746 in
719 719 838 748 medium

66 766 220 800 proferebant
237 776 244 800 ;
259 767 308 795 sed
329 767 362 794 ad
387 768 507 795 divinam
523 768 717 804 indulgentiam
740 769 835 805 prtedi-

866 155 1060 185 VARIORUM.
1649 157 1684 186 46

855 216 878 244 Α
893 214 1019 246 candam,
1036 217 1063 241 et
1080 214 1194 249 gratiam
1216 221 1248 240 ac
1269 214 1383 242 salutem
1399 215 1514 242 auditori
1534 223 1685 250 procurran-

893 259 955 286 dam
972 259 1013 294 (ut
1026 258 1181 294 Cyprianus
1199 259 1232 286 ad
1251 258 1395 294 Donatum)
1412 260 1501 287 verbis
1524 269 1580 289 non
1597 261 1685 289 discr-
1726 256 1730 261 ’

892 306 929 333 tis
943 306 990 334 sed
1008 306 1136 339 fortibus,
1147 310 1175 334 et
1187 306 1247 333 rudi
1262 306 1378 334 veritate
1388 306 1560 341 simplicibus
1570 309 1684 336 uteban-

893 357 948 380 tur.
964 352 1055 385 Quare
1077 353 1101 380 si
1123 353 1150 380 in
1175 353 1301 380 versione
1320 357 1414 380 nostra
1437 353 1539 388 eloquii
1557 359 1685 382 venusta-

892 402 946 424 tem
963 401 1010 425 aut
1024 398 1153 426 rhetorici
1173 398 1311 426 sermonis
1329 398 1443 425 nitorem
1458 403 1611 433 exspectas,
1626 399 1686 426 i'ru-

893 448 950 470 stra
962 443 1061 474 lueris;
1077 443 1155 476 lldes,
1171 451 1225 471 non
1251 447 1364 472 ornatus
1398 448 1445 470 aut
1466 445 1611 472 verborum
1627 445 1685 472 ele-

894 491 996 525 gantia,
1014 490 1092 518 nobis
1105 498 1159 525 pm
1175 490 1262 518 oeulis
1288 490 1314 517 in
1332 490 1383 517 hoc
1398 491 1508 526 negotio
1521 495 1590 518 erat.
1606 491 1685 525 Quod

893 536 1029 571 reliquum
1047 539 1099 568 est,
1115 536 1261 564 conatibus
1280 536 1384 564 nostris
1408 536 1478 570 fave,
1490 542 1517 564 et
1536 538 1686 572 pleniorem

893 591 972 618 opem
988 583 1052 610 huic
1066 588 1162 610 nostro
1174 583 1274 612 tribue.
1291 583 1414 618 aliosque
1433 588 1550 615 veteres,
1566 584 1612 620 qui
1628 592 1685 611 me-

894 629 1008 657 moriam
1025 637 1102 657 suam
1116 630 1165 656 tibi
1182 629 1385 661 commendant,
1402 629 1436 656 ab
1448 630 1595 658 oblivionis
1613 630 1685 665 inju-

893 677 934 703 ria
958 684 1069 710 assere;
1094 683 1211 712 quorum
1241 676 1439 703 immortalitati
1460 676 1526 703 dum
1549 678 1683 708 consulis,

892 723 994 758 pariter
1011 726 1039 750 et
1061 726 1113 749 tua:
1131 721 1291 756 prospicies.
1310 720 1385 752 Vale,
1402 727 1427 748 et
1442 721 1622 749 :eternitatem
1637 729 1684 749 co-

892 770 957 805 gita.
975 770 1073 798 Oxonii
1088 769 1174 804 pridie
1188 769 1248 796 Kal.
1261 768 1329 796 Nov.
1346 768 1424 796 i652.

527 898 580 938 EJ
587 899 757 938 USDEM
795 897 1220 942 ΠΡΟΣΗΜΕΙΩΣΙΣ.

96 976 185 1003 Veteres
199 978 342 1012 primitiva'
367 977 493 1005 Ecclesite
516 979 641 1013 episcopi,
663 988 714 1007 non
738 985 841 1007 tantum

63 1023 164 1056 gregibus
180 1024 230 1050 sibi
243 1024 404 1055 commissis,
419 1031 448 1051 ut
463 1029 549 1052 monet
564 1024 679 1057 Paulus,
691 1026 782 1053 sedulo
800 1032 839 1053 at-

63 1067 190 1099 tendebant,
204 1077 268 1103 quos
287 1069 363 1096 verbo
376 1075 400 1096 et
414 1078 543 1102 sermone,
559 1076 702 1106 sanctaque
712 1077 736 1098 et
751 1073 837 1099 incul-

63 1118 113 1145 pata
127 1115 321 1142 conversatione
336 1116 515 1149 instruebant;
527 1125 614 1144 verum
623 1118 716 1150 etiam,
732 1123 760 1145 ut
774 1119 839 1146 dile-

63 1159 155 1185 ctionth
179 1159 309 1194 Spiritus,
331 1160 488 1188 charitatem
511 1162 687 1194 individuam,
703 1171 783 1190 artant
802 1164 836 1198 ﬁ-

63 1204 117 1236 dent,
130 1214 204 1232 unam
218 1205 378 1239 Ecclesium,
390 1212 415 1234 et
429 1208 607 1242 episcopatum
622 1217 703 1236 unum
719 1210 837 1237 ostende-

62 1255 116 1281 rent,
126 1259 211 1278 curam
234 1261 314 1279 suam
329 1258 354 1280 et
369 1253 574 1281 sollicitudinem
589 1255 624 1281 ad
638 1255 713 1290 longe
728 1256 836 1283 dissitas

62 1297 222 1330 extendebant,
238 1304 262 1326 et
286 1307 350 1333 quos
362 1300 418 1327 viva
447 1309 516 1333 voce,
541 1307 645 1336 propter
661 1302 776 1329 locorum
793 1303 835 1330 di-

63 1344 181 1376 stantiam,
199 1346 226 1371 in
242 1345 320 1372 verbo
337 1346 443 1374 Domini
468 1352 494 1374 et
515 1356 575 1374 vera
599 1349 697 1384 pietate
731 1349 836 1376 erudire

62 1397 102 1415 non
113 1394 234 1423 poterant,
249 1400 298 1423 per
311 1392 437 1426 epistolas
451 1401 565 1425 monere,
581 1394 726 1426 consulere,
741 1395 833 1430 objur-

61 1442 112 1468 gare
131 1436 268 1468 interdum,
291 1442 316 1464 et
340 1439 489 1465 universam
505 1439 701 1473 fraternitatem
722 1440 762 1476 (ut
780 1441 834 1476 Cy-

61 1480 153 1513 prianus
168 1483 198 1509 de
219 1483 340 1517 epistolis
359 1485 415 1511 suis
430 1484 464 1511 ad
479 1485 577 1512 clerum
597 1484 744 1513 Romanum
766 1488 834 1514 scri-

61 1527 102 1559 ptis
124 1527 243 1564 loquitur)
260 1529 295 1556 ad
324 1529 516 1565 deprecandum
538 1531 585 1558 Dei
613 1533 833 1566 misericordiam,

62 1574 144 1609 alloqui
164 1580 186 1602 et
210 1576 314 1602 hortari
341 1585 393 1603 non
417 1577 595 1604 desinebant:
612 1578 762 1614 duplicique
786 1579 835 1606 hac

61 1621 148 1647 ratione
170 1620 267 1648 Christi
284 1621 458 1657 Ecanyelium
472 1624 663 1657 praedicabant.
684 1625 760 1658 Quod
775 1626 837 1653 Cle—

61 1666 307 1694 ntentiAlezandrino
315 1668 325 1683 ⁷
337 1673 375 1695 est
387 1668 534 1704 ἐγγράφως
543 1669 590 1696 καὶ
600 1671 732 1706 ἀγράφως
737 1671 782 1698 τὸν
792 1671 834 1698 λό-

62 1717 100 1740 γον
113 1713 258 1747 κηρύττειν,
270 1721 330 1740 voce
343 1713 442 1740 scilicet
455 1719 479 1741 et
496 1715 659 1749 scripto;ubi
667 1717 762 1749 probat
774 1718 835 1744 ἐπι-

63 1756 153 1792 στήμην
165 1759 211 1794 τὴν
232 1759 276 1786 διὰ
290 1759 340 1794 τῆς
359 1760 461 1795 χειρὸς,
484 1769 563 1795 quam
579 1767 654 1789 vocat
671 1762 832 1799 ἀγγελικὴν,

61 1809 103 1828 non
117 1804 195 1832 minus
206 1806 338 1833 commodi
352 1812 376 1834 et
389 1807 513 1834 utilitatis
529 1807 654 1835 Ecclesim
666 1809 714 1835 Dei
726 1810 833 1844 a/ferre,

62 1855 126 1879 quam
145 1850 215 1877 illan:
240 1852 367 1884 alterum,
389 1861 448 1887 qua-
479 1854 522 1882 διὰ
534 1854 584 1890 τῆς
601 1852 723 1889 γλώττης
742 1861 790 1887 est,
808 1861 834 1883 et

61 1895 176 1930 κηρυκιχὴ
186 1898 341 1931 appellatur.
350 1897 418 1925 Hinc
431 1904 481 1931 est,
494 1899 563 1934 quod
576 1899 645 1926 inter
655 1899 792 1935 Cypriani,
808 1908 833 1929 et

62 1937 157 1965 aliorum
176 1940 287 1969 Patrum
304 1944 414 1978 scripta,
430 1945 576 1980 frequentes
598 1947 717 1979 epistolis
731 1947 766 1974 ad
782 1948 835 1975 cle-

62 1991 110 2010 rum
122 1991 143 2011 et
159 1987 252 2019 plebem
268 1988 434 2016 diversarum
448 1989 640 2023 Ecclesiarum,
656 1993 832 2026 reperiantur.

62 2028 171 2065 hujasque
185 2035 284 2068 generis
312 2040 373 2062 sunt
395 2044 453 2070 quae
475 2035 626 2071 Encyclicte
650 2039 832 2072 nominantur,

63 2077 133 2108 qualis
140 2084 161 2105 et
172 2080 234 2112 Ιιαιε,
249 2090 308 2116 qua:
321 2082 348 2108 in
363 2083 484 2110 manibus
498 2088 547 2115 est,
563 2092 614 2110 non
627 2085 757 2112 immerito
773 2095 833 2114 cen-

63 2123 128 2150 senda
142 2130 186 2157 est,
202 2135 258 2153 cum
275 2127 378 2162 publica
392 2129 418 2154 in
433 2129 553 2156 omnibus
576 2131 693 2158 ecclesiis
708 2133 831 2166 primitus

63 2167 179 2203 legeretur,
194 2173 251 2199 licet
269 2173 304 2199 ad
328 2182 409 2200 unam
434 2174 543 2208 scripta,
560 2184 591 2202 ac
616 2176 665 2203 hoc
681 2178 784 2205 nomine
798 2178 831 2205 ab

64 2213 190 2248 Epiphanio
204 2219 281 2246 etiam
300 2219 469 2255 insigniatur.
497 2221 622 2257 Magnam
655 2229 743 2250 autem
767 2224 830 2252 olim

64 2257 119 2285 inter
132 2259 269 2290 Ecclesium
290 2263 437 2292 Romanam
456 2270 480 2292 et
501 2266 699 2295 Corinthiacum
718 2272 830 2297 necessi-

66 2303 170 2349 tudinem,
184 2312 208 2334 et
230 2309 378 2336 animorum
403 2311 611 2344 conjunctionem
627 2314 718 2348 fuisse,
734 2321 830 2349 prtctcr

66 2346 118 2397 "alii
138 2356 325 2388 responsoriam
351 2356 503 2390 Clementis,
520 2364 649 2387 testantur
672 2362 753 2389 etiam
775 2364 829 2397 epi-

66 2393 126 2440 stola-
140 2395 250 2432 Dionysii
273 2402 469 2430 Corinthiorum
490 2405 612 2440 episcopi,
629 2415 741 2441 quarunt
756 2416 829 2435 mon-

66 2442 144 2489 ttopem
159 2442 219 2476 facit
235 2445 360 2476 Eusebius
376 2449 504 2478 Historia:
518 2460 573 2478 sua:
588 2452 634 2478 lib.
652 2460 688 2484 tv,
705 2461 765 2488 cap.
781 2453 827 2484 2'2.

63 2490 140 2519 φιφρε
151 2496 205 2522 (tua!
217 2491 320 2518 endem
333 2496 463 2526 apostolos
478 2497 582 2523 Petrum
594 2502 617 2524 et
634 2497 758 2529 Paulum.
774 2500 829 2533 pri-

66 2535 111 2557 mos
120 2532 262 2578 fundatores
275 2538 410 2567 haberent.
425 2547 449 2567 et
461 2541 487 2567 in
502 2541 592 2569 eadem
607 2542 659 2576 ﬁde
674 2532 827 2578 conspiran-

65 2577 230 2607 let.doctrime
249 2586 476 2619 consanguinitate
493 2587 532 2622 (ut
555 2588 638 2615 verbis
669 2589 827 2617 Tertulliani

64 2621 133 2670 ul").
145 2627 213 2660 pacis
233 2631 484 2665 communicatione,
512 2633 687 2664 fraternitatis
712 2637 829 2670 appella-

66 2667 162 2717 "auqt
181 2673 366 2708 hospitalitatis
391 2681 619 2712 contesserationc,
641 2667 764 2717 tanquam
781 2682 828 2716 [ἵνα

65 2714 164 2744 Minimo
176 2719 282 2755 glutino,
298 2722 366 2749 inter
385 2731 412 2750 se
431 2724 538 2751 invicem
554 2714 751 2760 copularentur.
772 2714 825 2753 Ec-

65 2759 136 2808 ςιιιίω
146 2770 226 2793 autem
238 2767 362 2797 Romamn
391 2778 442 2797 non
458 2779 532 2797 suum
544 2780 636 2799 nomen
662 2773 744 2808 fronti
756 2782 825 2808 prte-

66 2804 164 2838 βῑίιὶιι
186 2812 315 2842 modestia
336 2821 360 2843 et
385 2815 541 2844 humilitatis
564 2804 674 2852 posteris
702 2804 824 2848 a'tatibus

114 2875 167 2906 Lib.
183 2888 192 2908 ι
210 2882 307 2913 Strom.

856 984 878 1012 Β
891 979 1026 1012 exentplar
1040 977 1198 1006 imitandum
1213 981 1387 1012 proponeret:
1403 982 1426 1004 et
1442 976 1604 1007 Corinthios,
1621 985 1685 1012 quos

890 1026 925 1053 ad
945 1026 1092 1060 fraternam
1115 1023 1284 1051 concordiam
1311 1028 1335 1050 et
1355 1023 1532 1050 humilitatem
1556 1028 1612 1050 tota
1636 1023 1686 1049 hac

888 1072 1000 1105 epistola
1018 1071 1151 1102 hortatur,
1167 1079 1218 1097 non
1245 1073 1347 1096 tantum
1375 1070 1484 1104 scripto,
1500 1069 1546 1096 sed
1567 1069 1686 1103 exemplo

889 1119 973 1144 etiam
989 1125 1047 1149 suo,
1064 1125 1152 1144 rerum
1165 1121 1189 1143 et
1218 1124 1270 1143 non
1293 1116 1410 1150 fucatam
1435 1115 1686 1151 ταπεινοφροσύνην

888 1162 1002 1192 doceret,
1013 1170 1082 1197 qua‘,
1095 1160 1198 1188 Basilio
1215 1166 1288 1194 teste,
1297 1162 1350 1188 τῶν
1361 1161 1446 1189 ἄλλων
1463 1161 1568 1197 ἀρετῶν
1582 1160 1685 1196 Θησαυ-

889 1207 1053 1244 ροφυλάκιον
1061 1212 1109 1234 est.
1118 1209 1251 1240 Quoanno
1262 1213 1348 1234 autem
1356 1208 1522 1242 episcopatus
1531 1207 1589 1242 ejus
1604 1208 1686 1234 missa

888 1256 922 1281 sit
937 1253 992 1282 lucc
1002 1254 1125 1288 epistola,
1141 1258 1167 1281 et
1181 1263 1216 1281 an
1233 1253 1322 1281 Romo:
1332 1259 1399 1281 esset
1411 1252 1530 1280 Clemens
1544 1261 1602 1280 cum
1617 1253 1686 1280 hanc

888 1299 1022 1331 scriberet,
1044 1300 1113 1334 apud
1137 1301 1261 1335 antiquos
1282 1300 1386 1326 nullum
1410 1299 1547 1334 resliginm
1562 1307 1571 1326 :
1586 1299 1685 1334 proba-

888 1344 938 1372 bile
953 1350 1058 1372 estnon
1074 1346 1149 1381 prius
1169 1347 1293 1380 scriptam
1314 1347 1397 1381 fuisse
1418 1354 1497 1381 quam
1517 1346 1543 1372 in
1562 1346 1686 1373 exsilium

887 1392 1057 1427 relegaretur,
1073 1391 1141 1426 quod
1157 1391 1257 1426 factum
1270 1397 1308 1418 est
1331 1391 1434 1419 biennio
1455 1396 1596 1426 antequam
1612 1400 1687 1419 mar-

888 1438 956 1472 tyrio
971 1438 1052 1465 vitam
1068 1439 1174 1472 ﬁniret;
1188 1437 1257 1472 quod
1271 1445 1303 1464 ex
1318 1438 1400 1471 ipsius
1411 1437 1493 1464 verbis
1509 1446 1561 1464 non
1578 1438 1687 1465 obscura

886 1483 976 1518 colligi
989 1488 1085 1518 potest,
1104 1483 1149 1509 ubi
1169 1483 1200 1510 de
1217 1482 1298 1510 Pauli
1319 1483 1464 1515 laboribus,
1483 1483 1515 1510 de
1532 1484 1625 1511 mortis
1641 1492 1686 1519 ge-

887 1537 958 1561 nere,
975 1534 998 1556 et
1024 1530 1148 1565 martyrii
1170 1529 1227 1556 loco
1243 1529 1387 1562 disserens,
1403 1530 1451 1562 ait,
1470 1539 1528 1557 eum
1543 1531 1570 1557 in
1586 1531 1685 1565 finibus

892 1575 1042 1603 Occidentis
1053 1584 1162 1611 passum
1175 1584 1240 1603 esse.
1255 1576 1402 1603 Verisimile
1414 1581 1463 1607 est,
1478 1577 1501 1603 si
1512 1577 1538 1603 in
1551 1576 1614 1604 urbe
1629 1583 1686 1604 tum

890 1621 994 1656 fuisset,
1011 1622 1040 1648 ἐν
1054 1621 1141 1657 ταύτῃ
1155 1623 1188 1657 τῇ
1207 1621 1320 1657 βασιλίδι
1336 1621 1423 1653 πόλει,
1443 1622 1482 1649 vel
1497 1622 1599 1657 aliquid
1613 1623 1686 1657 ejns-

847 1660 870 1690 (ἶ
886 1667 968 1699 modi,
994 1668 1106 1695 voluisse
1125 1667 1199 1694 illum
1221 1668 1344 1696 scribere.
1364 1668 1438 1695 Adde
1460 1669 1529 1703 quod
1549 1670 1641 1696 statim
1656 1670 1686 1696 in

885 1713 973 1744 initio,
981 1721 1040 1740 cum
1050 1713 1202 1740 tarditatem
1213 1721 1289 1740 suam
1299 1714 1325 1740 in
1334 1714 1499 1740 rescribendo
1508 1720 1628 1746 excusat,
1638 1723 1685 1742 ca-

885 1761 1038 1788 lamitatum
1049 1769 1160 1788 suarum
1169 1766 1194 1787 et
1207 1760 1401 1796 περιπτώσεων
1416 1762 1573 1788 mentionem
1583 1762 1684 1796 faciat:

888 1807 945 1833 ἀλλ’
961 1807 1052 1842 ἐπέχω
1068 1808 1115 1834 καὶ
1130 1807 1204 1833 οὐδὲν
1212 1807 1305 1842 ὁρίζω,
1316 1811 1377 1833 etet
1386 1807 1426 1834 ria
1434 1807 1483 1834 hac
1491 1808 1594 1843 ἀϐάτῳ,
1603 1816 1683 1843 quam

885 1861 961 1880 nemo
975 1858 1036 1880 ante
1051 1853 1173 1885 calcavit,
1186 1853 1277 1887 pedem
1293 1853 1388 1887 refero.
1404 1853 1468 1880 Post
1482 1855 1682 1887 salutationem,

884 1905 943 1932 qua
962 1897 1044 1925 verbis
1070 1897 1194 1924 Paulinis
1216 1898 1373 1932 concipitur,
1400 1896 1554 1925 Corinthios
1577 1903 1683 1933 propter

885 1943 1032 1969 constantis
1050 1942 1112 1977 fidei
1131 1943 1321 1974 sinceritatem,
1335 1949 1442 1978 propter
1452 1952 1553 1971 morum
1563 1945 1683 1979 probita-

885 1992 947 2019 tem,
966 1993 988 2015 et
1000 1989 1129 2023 insignem
1145 1989 1172 2014 in
1187 1987 1309 2015 omnibus
1317 1989 1465 2024 εὐκοσμίαν
1480 1991 1526 2016 καὶ
1539 1989 1681 2022 εὐταξίαν,

884 2033 1046 2060 vehementer
1062 2034 1166 2065 laudat,
1182 2039 1206 2061 et
1221 2034 1247 2060 in
1263 2033 1310 2061 hoc
1329 2036 1410 2062 etiam
1426 2035 1507 2062 Pauli
1522 2036 1681 2071 discipulum

883 2088 911 2106 se
925 2079 1029 2113 probat,
1043 2080 1088 2115 qui
1103 2079 1237 2114 Epistolas
1249 2089 1312 2108 suas
1325 2090 1341 2107 η
1357 2081 1481 2109 laudibus
1496 2082 1581 2109 ordiri
1596 2089 1678 2111 amat.

883 2124 927 2152 Sic
940 2126 1009 2152 enim
1021 2126 1056 2153 ad
1064 2126 1215 2154 Romanos:
1229 2127 1260 2152 'H
1271 2127 1362 2159 πίστις
1377 2127 1453 2162 ὑμῶν
1467 2129 1680 2163 καταγγέλλεται

883 2171 912 2197 ὲν
927 2171 979 2207 ὅλῳ
991 2171 1030 2207 τῷ
1042 2172 1147 2208 κόσμῳ,
1158 2173 1196 2200 sic
1205 2173 1239 2199 ad
1249 2171 1416 2201 Corinthios:
1427 2173 1633 2210 Ἑπλουτίσθητε
1650 2176 1683 2203 ἐν

883 2218 1004 2253 αὑτ‹ξ›,ἐν
1019 2220 1103 2246 παντὶ
1110 2218 1236 2254 λόγῳκαὶ
1245 2219 1320 2256 πάσῃ
1337 2219 1447 2254 γνώσει,
1457 2219 1527 2247 ὥστε
1549 2221 1621 2256 ὑμᾶς
1641 2221 1681 2258 μὴ

883 2263 1055 2299 ὑστερεῖσθαι
1065 2265 1095 2290 ὲν
1111 2265 1205 2299 μηδενὶ
1213 2266 1375 2301 χαρίσματι.
1385 2264 1437 2293 Sed
1449 2275 1499 2292 non
1510 2272 1548 2295 est
1559 2267 1679 2300 proposi-

882 2315 937 2336 tum
953 2315 1072 2336 nostrum
1084 2316 1237 2337 accuratam
1253 2312 1385 2346 analysin,
1401 2316 1447 2338 aut
1461 2313 1590 2346 longiores
1607 2321 1683 2339 com-.

884 2357 1026 2383 mentarios
1042 2357 1176 2384 scribere:
1191 2366 1270 2392 neque
1292 2366 1376 2392 opcra'
1401 2358 1604 2393 typographictn,
1619 2367 1683 2395 quae

883 2408 1011 2429 connatas
1028 2403 1075 2430 has
1090 2408 1115 2430 et
1129 2404 1281 2439 congenitos
1302 2405 1444 2431 stricturas
1458 2405 1588 2439 pra'cipiti
1601 2406 1678 2440 festi-

883 2449 989 2475 natione
1007 2449 1162 2480 extrudunt,
1177 2450 1348 2476 immaturum
1369 2450 1450 2484 fetum
1470 2451 1596 2478 teneriore
1611 2460 1677 2478 cura

884 2495 1008 2527 lambere,
1025 2500 1049 2522 et
1063 2496 1167 2530 paterni
1181 2496 1290 2530 affectus
1306 2496 1485 2531 γνωρίσματα
1499 2498 1580 2524 simul
1597 2506 1676 2532 crpo-

883 2550 954 2573 nere,
970 2543 1118 2575 patiuntur.
1132 2542 1221 2574 Quare
1239 2548 1334 2575 prtvtcr
1349 2543 1397 2569 illa
1414 2551 1472 2578 qute
1494 2543 1578 2578 magis
1599 2544 1675 2571 obvia

882 2593 968 2619 erant,
984 2592 1008 2615 et
1030 2596 1110 2622 supra
1125 2597 1141 2614 a
1156 2589 1230 2614 nobis
1246 2589 1301 2615 suis
1316 2588 1380 2616 locis
1398 2590 1425 2614 in
1451 2590 1570 2624 margine
1586 2598 1675 2616 emcn-

879 2634 944 2660 data
962 2639 1034 2666 sunt,
1057 2634 1178 2669 quwdam
1203 2635 1444 2668 inpra'sentiarum,
1460 2643 1519 2670 quw
1544 2635 1671 2662 mcdicnm

880 2689 988 2707 manum
1005 2680 1168 2713 desiderant,
1185 2681 1224 2708 rel
1246 2685 1338 2708 natatu
1357 2681 1480 2717 digniora
1503 2682 1671 2714 videbuntur,

878 2726 1085 2759 observabimus,
1114 2727 1214 2762 reliqua
1246 2735 1306 2754 cum
1336 2727 1439 2755 Gracia
1464 2734 1509 2755 ant
1539 2727 1670 2763 eligi/ptas

877 2773 1012 2808 exemplar
1022 2774 1197 2801 ernaculatius
1210 2779 1233 2801 et
1246 2775 1385 2809 perfectius
1398 2775 1472 2802 nobis
1484 2775 1671 2802 subministra-

877 2820 941 2852 rint,
957 2820 995 2847 vel
1018 2821 1044 2847 in
1068 2819 1222 2855 Hieronymi
1250 2821 1393 2848 versionem
1407 2821 1530 2848 Latinam
1557 2820 1670 2848 incidere
