1893 3101
179 179 212 206 ιτ
763 171 810 198 ΛΠ
829 169 859 198 S.
880 168 984 197 CLEMl

1024 168 1091 196 TEM
1112 167 1122 195 l
1139 165 1256 195 PAPAM
1774 161 1812 189 ιδ

177 234 323 270 contigerit,
338 241 418 268 quam
436 232 463 259 in
479 231 641 259 bibliothecis
662 229 759 256 alicubi
781 229 880 259 lati-rc,
903 235 973 261 spem
989 230 1010 258 Α
1025 227 1122 253 calcem
1130 225 1244 260 Operam
1256 222 1407 258 Fulgentii;
1421 226 1497 256 atque
1510 220 1612 247 utinam
1627 219 1655 246 id
1669 219 1813 254 aliquando

177 281 252 308 nobis
268 280 332 315 facit
347 279 485 314 catalogus
504 278 624 305 codicum
641 277 760 311 fratrum
785 274 971 304 Lo-biensium,

176 334 250 361 quem
265 325 337 353 domi
363 325 487 352 habemus
510 323 637 358 scriptum
660 326 725 349 ante
740 321 792 348 ιοο
818 327 917 351 annos,
937 318 972 345 ad

1024 272 1134 302 eveniat,
1147 275 1171 297 et
1188 278 1243 305 spes
1258 273 1354 296 nostrae
1366 275 1418 294 non
1432 267 1522 294 inanes
1534 261 1777 300 deprehendantur!

375 444 425 474 Ex
442 443 579 482 epistola
590 441 715 472 Callica
731 441 770 471 ν.
784 441 823 470 Α.
840 438 1036 478 Hieronymi
1052 435 1203 476 Bignonii
1219 434 1258 465 ad
1273 434 1446 473 Hugonem
1465 430 1626 467 Grotium,

685 494 755 524 data
771 491 906 522 Lutetiae
935 503 962 522 a.
993 493 1021 521 d.
1041 490 1060 520 7
1075 487 1212 527 Augusti
1229 486 1316 516 1633.

215 554 303 582 Velim
325 551 396 580 scire
417 548 554 585 quodnam
568 546 604 574 sit
619 550 696 572 tuum
709 543 843 578 judicium
859 541 893 568 de
913 540 974 575 epi-

178 602 252 630 stola
266 597 416 628 Clementis
429 602 516 630 nuper
538 593 566 620 in
580 591 676 627 Anglia
697 589 782 618 edita.
799 587 879 614 Fides
897 586 974 614 codi-

181 651 221 677 cis
237 645 426 680 manuscripti,
443 642 491 676 qui
506 649 540 669 ex
555 639 666 667 Oriente
684 637 814 664 advectus
830 634 933 662 dicitur
944 636 973 660 et

183 697 218 723 Μ.
232 691 380 721 Britanniae
388 690 446 725 regi
459 689 589 716 donatus,
601 683 746 713 sinceritas
756 681 870 708 Patricii
884 679 971 710 Junii,

182 742 226 777 qui
240 748 299 768 eam
315 738 410 769 edidit,
420 734 579 764 testimonia
588 741 603 759 a
618 730 756 758 veteribus
768 735 800 755 ex
811 735 842 754 ea
856 725 972 761 cpistola

181 765 353 822 deprompta,
373 790 434 818 qum
445 782 472 808 in
487 780 538 807 hac
545 779 693 806 etiamnum
705 775 841 810 leguntur,
854 765 972 806 primum

182 839 275 860 veram
287 834 316 857 ut
341 828 481 856 crederem
506 823 655 852 Clementis
669 820 811 855 epistolam
827 825 872 845 me
887 816 974 844 addu-

182 881 294 906 xerunt.
319 875 418 902 Postea
441 871 503 907 styli
532 869 657 905 quaedam
674 866 745 894 ratio
759 868 786 892 et
801 864 926 899 spiritus,
944 866 974 889 ut

183 926 222 952 ita
235 924 335 954 dicam,
357 918 450 948 δωριιῆ
483 917 520 944 ita
535 916 560 943 ei
573 916 663 942 inesse
687 911 860 940 videbantur.
876 913 906 936 ut
929 908 974 934 vix

181 952 333 996 dubitandi
344 968 418 993 esset
437 964 522 991 locus.
538 961 676 990 Attamen,
688 958 753 986 dum
768 963 828 984 eam
845 955 914 989 lego,
934 952 976 979 fa-

183 1021 243 1043 teor
256 1014 321 1041 mihi
333 1010 457 1047 quaedam
471 1009 498 1035 in
513 1015 545 1035 ea
556 1012 702 1034 occurrere
712 1011 727 1030 a
739 1003 812 1038 stylu
822 999 975 1035 apostolico

184 1062 283 1089 aliena.
299 1044 396 1086 lus-unt
421 1053 606 1090 frequentiora
630 1051 760 1087 epitheta,
777 1044 975 1082 ampliﬁcandi-

181 1115 238 1143 que
258 1105 389 1137 formulae,
410 1109 471 1138 quae
487 1106 574 1128 aevum
601 1096 759 1132 posterius,
784 1091 976 1126 Liturgiasque

182 1137 213 1181 et
239 1137 586 1185 EuchologiarGr-zecorum
611 1149 708 1178 sapere
730 1139 866 1168 videntur.
892 1137 977 1170 Argu.

187 1207 308 1229 mentum
334 1206 350 1225 e
380 1196 505 1231 phoenice
534 1194 662 1223 ductum,
687 1190 803 1225 ejusque
831 1183 980 1219 descriptio

183 1249 286 1278 aliena,
303 1251 365 1272 meo
379 1242 488 1278 quidem
502 1239 618 1276 judicio,
630 1240 697 1266 sunt
713 1242 728 1262 a
743 1234 893 1264 Clemente,
914 1236 979 1265 pro-

1025 540 1100 566 ximo
1113 538 1297 573 apostolorum
1312 535 1463 570 discipulo;
1479 534 1604 569 quamvis
1618 533 1665 568 qui
1689 539 1751 560 cum
1772 539 1819 560 se-

1026 586 1082 613 cuti
1099 589 1173 616 sunt,
1190 591 1223 611 eo
1234 586 1393 618 argumento
1405 582 1448 608 usi
1465 581 1532 612 sint,
1548 580 1596 607 sed
1614 583 1710 607 contra
1722 578 1818 606 ethni-

1026 639 1074 658 cos
1093 635 1120 658 et
1143 629 1330 664 philosophos,
1355 628 1438 662 inque
1465 626 1576 660 scriptis
1600 624 1671 652 alius
1695 623 1817 658 generis,

1026 683 1107 711 quam
1125 679 1167 702 est
1191 673 1307 708 epistola
1321 672 1354 699 ad
1373 672 1521 699 Ecclesiam
1543 670 1719 705 apostolicam
1738 669 1819 701 data,

1025 728 1141 757 qumque
1167 718 1326 755 aliquandiu
1347 725 1398 753 pro
1418 717 1552 744 canonica
1577 715 1669 742 habita
1683 718 1735 742 est.
1761 713 1819 742 0c-

1026 768 1113 794 currit
1137 766 1220 794 ctiam
1242 765 1330 795 locus.
1357 764 1384 790 in
1406 771 1461 798 quo
1484 762 1637 789 oblationes
1659 761 1718 789 vult
1744 760 1818 793 loco,

1025 817 1148 848 tempore
1156 816 1182 839 et
1194 811 1270 838 horis
1280 810 1363 837 certis
1372 808 1533 843 oll‘erri,pag.
1545 807 1578 835 52
1584 811 1611 834 et
1622 807 1666 839 53,
1676 806 1722 833 ubi
1734 806 1820 832 etiam

1027 859 1128 894 legitur
1142 857 1241 884 vocula
1257 857 1352 885 laicus,
1375 862 1436 890 qua:
1459 853 1527 880 mihi
1546 856 1672 887 suspecta
1687 855 1740 879 est.
1764 850 1820 877 Pa-

1027 906 1090 941 gina
1105 905 1187 932 etiam
1202 903 1238 931 62
1248 901 1396 930 Eeclesiam
1416 900 1583 927 Corinthiam
1595 898 1712 934 ἀρχαίαν
1726 901 1819 929 vocat,

995 946 1016 973 Β
1029 949 1103 985 quod
1116 949 1160 976 vix
1174 948 1307 976 Clementi
1320 946 1468 974 convenire
1482 949 1572 981 queat.
1597 943 1731 978 Denique,
1754 950 1821 970 eum

1031 995 1164 1030 scriptum
1193 993 1341 1029 genuinum
1368 998 1514 1022 censeam,
1539 989 1701 1017 crediderim
1728 993 1823 1014 tamen

1031 1042 1123 1077 plures
1135 1040 1272 1068 clausulas
1284 1043 1310 1067 et
1325 1046 1407 1066 voces
1422 1038 1448 1064 ei
1459 1036 1567 1064 additas
1580 1035 1614 1062 ah
1626 1035 1661 1062 iis
1686 1041 1701 1060 a
1718 1033 1826 1069 quibus

1031 1091 1126 1123 postea
1141 1086 1279 1121 exscripta
1292 1089 1352 1118 est;
1369 1083 1442 1119 quod
1457 1083 1540 1110 etiam
1554 1082 1620 1109 aliis
1633 1080 1757 1115 ejusdem
1777 1087 1825 1105 an-

1030 1132 1167 1168 tiquitatis
1184 1131 1307 1167 scriptis,
1325 1131 1433 1166 ipsique
1452 1128 1521 1156 adeo
1542 1126 1677 1155 Clementi
1692 1125 1823 1160 contigit.

1034 1179 1163 1207 Libenter
1178 1177 1330 1206 audiverim
1352 1176 1417 1212 quid
1431 1176 1466 1203 de
1479 1183 1510 1202 re
1533 1174 1636 1202 sentias
1651 1177 1691 1204 tu,
1708 1172 1752 1198 cui
1766 1179 1823 1198 non

1032 1226 1121 1258 facile,
1134 1225 1168 1253 ad
1185 1225 1250 1252 talia
1264 1224 1370 1259 egregie
1383 1221 1510 1257 sapienti,
1523 1219 1626 1255 imponi
1643 1221 1736 1254 queat.

187 1345 282 1381 ungo
298 1337 429 1370 Grotius
446 1332 573 1374 epistol.
590 1330 629 1361 ad
645 1327 753 1360 Gallos
772 1333 854 1360 οων,
869 1322 908 1354 ad
925 1318 1165 1359 amplissimum
1187 1316 1295 1347 virum
1304 1314 1541 1352 Hieronymum
1557 1309 1767 1349 Bignonium,
1787 1305 1823 1336 in

569 1376 720 1381 κη-ηηλ
744 1367 861 1381 cum...
881 1360 1052 1381 υημςείοηεί
1077 1359 1271 1381 Advnnalnm
1287 1354 1438 1381 Regium.

565 1376 721 1409 supremo

224 1440 374 1477 Epistulam
388 1444 449 1473 quae
464 1433 612 1462 Clementis
627 1430 661 1458 ad
676 1428 834 1457 Corinthios
848 1425 976 1454 inscribi-

188 1495 245 1521 tur,
268 1487 311 1514 vir
329 1482 512 1519 amplissimo,
535 1479 569 1506 ab
593 1477 686 1512 Anglis
715 1474 878 1510 promissam
910 1471 976 1498 mihi

187 1519 243 1570 jam
260 1531 375 1568 pridem,
396 1535 459 1555 eum
479 1523 628 1558 Hamburgi
647 1521 749 1549 frustra
761 1519 808 1546 diu
823 1521 978 1552 exspectas-

190 1589 258 1612 sem,
275 1585 349 1605 nunc
371 1576 491 1605 demum,
509 1575 654 1607 postquam
669 1565 880 1595 Francofurtum
903 1562 976 1594 veni,

189 1627 243 1654 viri
258 1622 380 1655 maximi,
406 1621 556 1648 Succorum
580 1615 648 1651 regii
664 1611 822 1642 canecllarii
837 1614 948 1639 vocatu,
962 1616 977 1635 a

190 1671 295 1701 familia
309 1666 453 1703 Anglicani
468 1663 548 1700 legati
562 1661 678 1698 accipio.
695 1659 777 1686 Nolui
795 1664 858 1684 vero
872 1654 907 1682 ad
923 1661 978 1681 mo-

189 1727 250 1747 ram
260 1718 343 1748 hanc,
361 1715 421 1742 sine
435 1719 494 1739 mea
510 1710 589 1744 culpa
606 1712 708 1737 natam,
722 1704 803 1731 aliam
820 1702 978 1736 adjungere,

190 1762 317 1799 quamvis
327 1746 378 1788 nec
392 1760 489 1786 littera:
503 1760 556 1784 tute
571 1754 672 1790 quibus
686 1756 848 1785 responsum
863 1751 919 1774 tam
933 1746 981 1773 diu

190 1810 288 1841 debeo,
315 1810 407 1835 essent
433 1804 468 1831 ad
491 1809 614 1833 manum,
642 1805 730 1832 neque
749 1795 894 1825 librorum,
912 1798 982 1827 quos

192 1858 331 1891 inspectos
347 1853 455 1883 vellem,
472 1849 562 1884 copia.
579 1845 657 1880 Quod
671 1850 755 1871 unum
770 1840 857 1877 potui,
880 1839 983 1874 episto-

193 1885 248 1930 laui
270 1902 344 1928 illam
366 1898 420 1934 legi
448 1895 587 1932 relegique
615 1890 778 1926 aliquoties,
803 1891 830 1914 et
856 1885 984 1913 omnibus

194 1953 328 1986 quantum
350 1952 473 1974 mearum
495 1946 538 1971 est
559 1940 659 1968 virium
678 1935 818 1972 expensis,
838 1933 916 1960 aliter
930 1930 985 1958 exi-

197 1976 222 1986 τ

195 1997 308 2023 stimare
323 2000 378 2020 non
393 1991 480 2026 potui,
496 1988 564 2024 quin
579 1987 638 2013 hzec
652 1984 689 2012 sit
703 1982 797 2010 eadem
821 1986 902 2014 quam
919 1976 985 2012 legit

194 2041 320 2071 Pholius,
336 2037 418 2072 cujus
437 2040 558 2069 tempore
577 2039 639 2059 cum
655 2027 803 2058 exstiterit,
818 2032 873 2052 non
886 2023 985 2050 mirum

194 2092 247 2117 est.
263 2085 286 2112 si
303 2083 337 2110 ad
354 2085 449 2110 nostra
461 2084 584 2114 tempora
595 2077 624 2103 in
637 2072 825 2103 sanctioribus
840 2069 918 2096 libris
932 2075 988 2095 ser-

195 2134 258 2157 vata
274 2127 366 2155 fuerit.
382 2125 476 2160 Neque
497 2130 560 2151 vero
573 2128 664 2148 causae
677 2118 826 2154 quidquam
838 2115 928 2146 video,
939 2120 988 2140 cur

197 2180 244 2203 aut
258 2175 303 2203 illa
318 2180 400 2209 quam
419 2171 533 2198 Photius
549 2167 624 2203 legit,
640 2174 697 2193 non
710 2164 804 2192 eadem
817 2163 853 2190 sit
869 2168 932 2188 cum
957 2166 989 2186 ea

196 2227 279 2255 quam
295 2218 476 2252 Hieronymus
497 2219 524 2242 et
545 2216 608 2239 ante
629 2218 692 2238 eum
721 2209 848 2236 Clemens
872 2205 990 2232 Alexan-

197 2265 305 2297 drinus,
322 2249 490 2298 propiusque
503 2256 652 2286 Clementis
674 2253 789 2281 Romani
802 2257 923 2285 tempora
936 2249 992 2276 Ire-

199 2319 286 2343 nasus,
302 2311 455 2340 habuerunt
467 2317 473 2334 :
487 2310 534 2333 aut
548 2311 597 2332 cur
607 2303 647 2330 illi
657 2302 727 2329 alius
743 2299 851 2326 dandus
865 2298 901 2324 sit
918 2296 987 2323 scri-

199 2363 272 2393 ptor,
292 2363 374 2391 quam
395 2355 419 2381 is
435 2354 492 2388 ipse
507 2351 633 2378 Clemens
656 2347 808 2376 Romanus,
824 2342 897 2378 quod
912 2344 989 2368 tanto

200 2410 339 2431 consensu
354 2402 389 2428 ab
402 2398 529 2427 omnibus
545 2394 684 2431 proditum
705 2395 755 2420 est.
771 2390 830 2417 Non
855 2390 913 2416 loca
927 2393 989 2415 tan-

203 2456 260 2477 tum
274 2448 377 2479 omnia,
392 2453 453 2481 qua:
467 2444 500 2470 ab
515 2440 636 2476 antiquis
649 2439 833 2467 adducuntur,
847 2435 892 2462 hic
905 2441 990 2469 appa-

203 2500 275 2527 rent,
291 2494 339 2522 sed
350 2497 377 2521 et
388 2480 432 2520 res
447 2491 593 2526 ipsa3,quas
604 2487 732 2514 observat
744 2484 869 2514 Photius,
878 2485 904 2510 et
917 2480 991 2516 quod

204 2541 370 2571 maximum,
391 2537 534 2564 character
553 2533 718 2568 Hieronymo
741 2530 846 2562 dictus,
863 2527 897 2555 ad
914 2527 992 2554 illum

204 2589 252 2624 qui
272 2590 315 2615 est
338 2586 366 2613 in
389 2583 509 2619 Epistola
524 2582 559 2610 ad
585 2580 714 2608 Hebraeos
740 2576 878 2604 accedere.
905 2573 991 2608 Cujus

204 2642 289 2664 causa
301 2641 356 2661 non
377 2631 430 2658 alia
441 2635 491 2662 est,
508 2636 590 2664 quam
605 2626 678 2663 quod
698 2625 743 2652 hic
760 2624 898 2653 Clemens,
913 2624 943 2647 ut
965 2622 992 2646 et

206 2684 305 2714 Lucas,
317 2684 345 2709 et
358 2678 482 2715 quisquis
497 2677 542 2704 ille
555 2679 598 2703 est
614 2673 730 2708 scriptor
742 2671 775 2698 ad
791 2669 918 2697 llehrazos
929 2665 992 2700 Epi-

206 2730 294 2762 stolas,
323 2731 468 2762 antequam
491 2722 641 2752 Christiani
665 2721 770 2750 tierent,
790 2717 914 2744 Grmcum
936 2720 988 2740 ser-

208 2783 315 2803 monem
327 2782 359 2802 ex
375 2772 491 2802 eruditis
506 2768 663 2797 auctoribus
677 2767 836 2796 hauserant,
852 2762 932 2796 cujus
951 2760 993 2787 ni-

208 2827 262 2854 tor,
277 2821 323 2848 ubi
334 2827 388 2847 non
404 2819 492 2846 aliena
511 2816 595 2847 dicta,
609 2817 655 2841 aut
667 2821 701 2840 ex
722 2811 809 2839 sacris
830 2808 928 2836 litteris
943 2806 992 2834 de-

208 2871 332 2904 prompta
345 2865 428 2893 verba
440 2864 498 2891 sdis
519 2863 656 2892 inserunt,
672 2858 719 2886 sed
735 2855 855 2884 liberiori
872 2853 994 2881 dictione

210 2903 333 2947 utuntur,
350 2911 428 2940 facile
443 2908 626 2945 Cognoscitur.
645 2904 713 2932 llinc
729 2903 781 2930 illa:
796 2909 886 2930 voces.
910 2907 993 2935 μεγα-

744 1354 865 1397 Senatu
879 1354 1052 1393 Parisiensi
1071 1359 1273 1389 Advocatum
1287 1354 1438 1393 Regium.

1028 1420 1175 1457 λοπρεπές,
1190 1415 1450 1454 ἀπροσωπολήπτως
1466 1411 1674 1449 ῥιψοκινδύνως,
1690 1407 1824 1435 αὐτεπαί-

1028 1454 1113 1499 νετάς,
1122 1465 1339 1502 ὲργοπαρέκτης,
1362 1461 1559 1495 ἀξιαγάπητος,
1569 1454 1824 1493 μωμοσκοπεῐσθαι,

1029 1513 1208 1552 ἑτεροκλινές,
1237 1508 1443 1546 ἑτερογνώμων,
1473 1510 1511 1538 et,
1533 1512 1588 1540 quo
1616 1504 1704 1530 Lucas
1723 1502 1824 1533 utitur,

1029 1560 1238 1597 ἀντοφθαλμεῖν,
1250 1558 1358 1591 aliaque
1371 1554 1482 1583 similia.
1496 1553 1530 1579 Et
1542 1553 1600 1587 ipse
1611 1557 1711 1581 sermo,
1724 1557 1782 1576 non
1795 1553 1826 1576 ut

1030 1608 1205 1645 ἑϐραϊζουσιν
1216 1605 1243 1632 in
1256 1602 1387 1631 minutias
1399 1601 1540 1630 concisus,
1552 1597 1599 1625 sed
1609 1597 1711 1632 largius
1723 1595 1825 1622 fluens.

1029 1641 1098 1682 Nam
1123 1657 1150 1681 ct
1165 1653 1264 1679 lectum
1283 1649 1319 1676 ab
1343 1648 1390 1675 illo
1419 1645 1578 1680 Euripidem
1603 1647 1630 1670 et
1658 1641 1825 1676 Sophoclem

1029 1699 1179 1729 ostendunt
1195 1695 1335 1725 sententiae
1350 1702 1384 1722 ex
1399 1693 1472 1720 illius
1487 1687 1736 1723 Phanisais,hujus
1743 1686 1829 1721 Ajarlr

1032 1746 1181 1774 translatae.
1194 1741 1335 1770 Accedunt
1353 1738 1453 1766 indicia
1474 1744 1530 1764 non
1545 1735 1682 1763 simulatze
1701 1736 1825 1759 vetusta-

1032 1793 1068 1819 tis
1082 1801 1088 1818 :
1100 1790 1179 1824 Quod
1195 1789 1229 1816 de
1243 1786 1354 1814 Christo
1376 1791 1484 1819 semper
1500 1781 1634 1817 loquitur,
1656 1786 1711 1806 non
1733 1779 1761 1803 ut
1775 1782 1826 1810 po-

1032 1838 1162 1866 steriores
1181 1831 1430 1866 πλατωνικώτερον,
1446 1828 1493 1856 sed
1508 1826 1668 1861 simpliciter
1684 1823 1774 1858 plane,
1797 1825 1827 1848 ct

1033 1890 1064 1912 ut
1079 1882 1181 1910 Paulus
1194 1879 1335 1915 apostolus
1351 1877 1430 1905 solet.
1445 1873 1505 1900 Alia
1516 1878 1625 1907 quoque
1636 1869 1763 1904 dogmata
1775 1873 1826 1901 po-

1034 1934 1093 1958 stca
1107 1926 1235 1956 subtilius
1249 1923 1384 1958 explicata
1409 1922 1508 1947 tractat
1524 1916 1715 1951 ἀφελέστερον,
1729 1915 1757 1939 et
1777 1917 1828 1938 vo—

1036 1976 1115 2003 cibus
1145 1973 1278 2008 κλήσεως,
1315 1966 1432 2003 κλητῶν,
1467 1962 1612 1994 ἐκλεκτῶν,
1639 1967 1721 1988 sensu
1744 1958 1828 1993 plane

1036 2021 1151 2049 Paulino
1171 2004 1273 2050 utitur;
1302 2015 1375 2051 quod
1389 2015 1419 2041 iu
1432 2011 1537 2040 Veteris
1560 2006 1737 2036 lnstrumenti
1757 2004 1828 2031 locis

1038 2067 1214 2104 purissimam
1240 2070 1328 2097 neque
1357 2059 1447 2087 adhuc
1477 2055 1668 2091 interpolatam
1701 2051 1829 2086 sequitur

1040 2097 1217 2148 Septuaginta
1229 2116 1324 2137 senum
1337 2106 1502 2134 versionem.
1519 2102 1572 2130 Sed
1583 2108 1634 2128 nec
1649 2099 1711 2126 illos
1723 2097 1830 2132 spernit

1039 2159 1216 2188 llebrmorum
1233 2155 1329 2185 libros,
1346 2153 1392 2188 qui
1408 2148 1648 2178 secundumVetus
1661 2145 1830 2172 Instrumen-

1042 2212 1099 2235 tum
1114 2203 1186 2240 apud
1201 2201 1422 2230 Christianorum
1445 2193 1652 2230 antiquissimos
1675 2190 1829 2218 auctorita-

1042 2258 1097 2281 tem
1116 2236 1252 2281 h-abuere;
1267 2246 1340 2282 quod
1360 2244 1452 2273 verbis
1467 2242 1604 2275 rebusque
1615 2238 1702 2265 utitur
1718 2236 1831 2263 desum-

1002 2301 1025 2329 D
1040 2300 1095 2336 ptis
1109 2306 1143 2326 ex
1166 2296 1199 2324 iis
1226 2301 1285 2330 qua:
1299 2292 1410 2322 Paulus,
1425 2289 1524 2317 Petrus
1535 2290 1561 2314 et
1582 2285 1629 2312 alii
1645 2284 1678 2311 ad
1701 2282 1831 2309 Hebraeus

1042 2326 1054 2336 r
1236 2326 1242 2330 .

1042 2345 1188 2379 scripsere,
1201 2348 1256 2368 non
1280 2339 1362 2366 etiam
1384 2344 1418 2364 ex
1435 2335 1488 2362 illis
1504 2333 1583 2360 libris
1598 2338 1658 2366 qua:
1683 2326 1830 2362 Evangelia

1042 2373 1249 2418 nos-vocamus,
1270 2390 1385 2420 quaeque
1408 2385 1470 2416 post
1493 2377 1629 2414 Epistolas
1649 2373 1830 2410 prodierunt;

1043 2435 1117 2472 quod
1134 2434 1208 2462 dicta
1235 2417 1361 2467 quietiam
1382 2430 1498 2462 usurpat
1521 2432 1578 2452 non
1601 2422 1712 2454 scripta,
1734 2417 1783 2445 sed
1803 2420 1831 2442 ut

1043 2482 1175 2511 memoria
1191 2482 1301 2507 recente
1316 2483 1364 2511 per
1372 2481 1471 2501 manus
1483 2470 1584 2498 tradita
1594 2477 1601 2500 ς
1611 2465 1683 2501 quod
1692 2469 1831 2498 nusquam

1044 2528 1170 2558 meminit
1194 2523 1313 2554 exsortis
1337 2521 1412 2549 illius
1438 2519 1629 2554 episcoporum
1645 2509 1831 2538 auctoritatis,

1043 2583 1103 2611 qua:
1126 2571 1255 2601 Ecclesia:
1278 2566 1486 2597 consuetudine,
1511 2565 1573 2596 post
1591 2557 1675 2585 Marci
1700 2559 1830 2583 mortem.

1043 2602 1224 2648 Alexandriae,
1237 2620 1318 2650 atque
1337 2621 1369 2641 eo
1389 2609 1512 2643 exemplo
1524 2605 1600 2636 alibi,
1613 2602 1751 2630 introduci
1775 2608 1832 2628 cm-

1045 2667 1094 2702 pit,
1110 2664 1158 2693 sed
1175 2646 1254 2699 pla-ne
1270 2646 1299 2687 ut
1310 2658 1412 2686 Paulus
1423 2652 1575 2689 apostolus.
1592 2648 1714 2677 ostendit
1739 2646 1831 2674 cccle—

1046 2714 1102 2740 sias
1121 2707 1258 2738 communi
1277 2705 1514 2741 presbyterorum,
1530 2697 1576 2733 qui
1595 2696 1676 2722 iidem
1693 2699 1789 2720 omnes
1807 2695 1833 2718 et

1046 2737 1168 2793 episcopi
1181 2754 1232 2789 ipsi
1246 2737 1332 2779 Paulo
1346 2737 1485 2777 dicuntur,
1504 2741 1620 2771 consilio
1636 2739 1721 2766 fuisse
1735 2737 1834 2772 guber-

1470 2792 1474 2793 ν
1534 2789 1541 2793 -
1585 2788 1590 2793 .
1675 2788 1693 2793 ,.
1722 2782 1810 2793 tam,
1824 2790 1834 2793 Α

1048 2782 1150 2831 nat—as:
1167 2782 1235 2827 Nam
1264 2795 1338 2832 quod
1365 2792 1507 2830 ἀρχιερέα,
1534 2788 1641 2818 λευίτας
1669 2788 1697 2812 et
1722 2782 1834 2812 λαῖκοὺς

1048 2848 1180 2878 nominat,
1196 2844 1289 2873 omnia
1304 2843 1356 2870 ista
1368 2839 1479 2867 nomina
1495 2844 1550 2864 non
1565 2833 1599 2861 ad
1613 2829 1777 2859 Ecclesiam,
1787 2827 1834 2855 sed

1048 2897 1081 2924 ad
1097 2893 1227 2928 templum
1247 2886 1515 2918 llierosolvmiticum
1535 2881 1691 2918 pertinent;
1706 2875 1781 2905 unde
1791 2875 1834 2902 iu-
