1893 3101
78 176 116 204 ιθ

77 237 132 263 {ert
155 234 248 262 omnia
263 238 342 262 certo
368 235 464 262 ordine
485 235 599 271 agenda,
617 236 639 263 si
660 235 771 266 .ludmis.
796 239 872 261 tanto
887 237 910 265 Α

76 282 166 317 magis
192 281 375 309 Christianis.
397 281 517 317 Tempus
539 283 627 317 ipsum
648 290 703 318 quo
715 282 816 317 scripta
832 285 874 309 est

77 329 137 356 haec
152 327 283 363 cpistola,
310 335 360 362 ego
376 329 409 355 ad
430 328 510 355 linem
535 328 662 360 Neronis.
690 332 737 355 aut
751 331 826 354 certe
840 327 874 354 ad

50 372 54 375 ’
75 382 125 402 eos
138 381 228 401 annos
256 374 304 409 qui
317 373 479 409 Vespasiani
492 375 636 409 imperium
649 376 873 405 antecesserunt,

75 420 206 448 referam.
223 419 294 446 Nam
309 420 478 447 oblationum
494 420 628 453 meminit,
642 428 703 456 quae
722 420 749 447 in
773 419 876 454 templo

74 475 109 494 ex
121 467 182 502 lege
196 467 306 499 ﬂerent,
329 468 401 494 sicut
419 471 446 495 et
461 467 495 494 ad
510 466 639 495 Hebraeos
661 467 792 501 scriptor,
813 468 874 501 post

74 513 157 547 cujus
187 512 336 548 epistolam
373 513 445 540 hanc
475 513 558 541 credo
588 514 719 548 scriptam
748 521 755 539 :
787 518 874 546 eoque

75 560 135 586 ηρτί
154 564 185 587 ιιι
201 560 295 595 aliqua
310 559 372 587 inde
389 564 497 595 sumpta
514 567 570 587 suze
587 558 734 586 iutexuerit
752 557 875 592 epistola:

74 606 217 633 Clemens.
238 606 338 632 Mirum
359 606 444 633 videri
464 606 550 642 possit
569 605 684 633 dissidia
709 605 761 632 ista
776 602 874 630 Corin-

74 652 199 679 thiorum
225 651 447 679 Christianorum
464 652 498 680 ad
515 652 568 680 vim
584 659 683 686 usque,
698 655 724 678 et
740 654 769 677 ut
785 649 874 684 loqui-

75 703 131 729 tur,
146 698 261 730 bellum,
275 698 300 725 id
307 702 361 731 est,
376 698 475 730 rixam,
488 705 643 733 progressa,
657 696 712 724 nisi
726 700 753 724 et
766 695 799 723 de
812 695 873 722 aliis

73 753 108 772 ex
122 744 239 772 llebrma
255 749 336 780 gente
350 744 516 772 Christianis
529 744 629 772 similia
644 745 874 771 commemoraret

74 792 102 818 in
118 791 245 826 Epistola
257 791 388 819 Iacobus.
403 791 442 818 Ex
458 792 492 819 iis
506 797 607 823 autem,
629 797 746 826 quorum
767 789 802 816 ad
817 788 872 815 vim

73 844 167 871 usque
183 844 332 872 progressa
351 842 410 865 erat
425 838 508 865 animi
523 837 692 873 impotentia,
709 835 842 871 quosdam
857 842 872 861 a

73 882 288 918 magistratibus
307 884 334 911 in
350 891 488 912 carcerem
500 884 590 916 datos,
605 891 660 912 non
675 887 718 911 est
733 882 805 918 quod
821 881 873 908 mi-

706 176 877 204 PROtEMlA
898 175 1091 204 VABIORUM.
1169 144 1186 225 ι

1694 175 1730 202 50

924 238 1027 265 monet.
1045 233 1082 268 μὴ
1111 227 1241 267 γάρ’τις
1257 229 1333 264 ὑμῶν
1360 230 1488 265 πασχέτω
1512 231 1550 263 ὡς
1577 233 1684 266 φονεὺς,
1711 233 1728 267 ἢ

926 279 1055 314 κλέπτης,
1080 278 1096 314 ἢ
1123 287 1177 304 κακ
1187 276 1288 308 υποιός.
1315 275 1361 303 llte
1388 281 1452 303 sunt
1481 284 1582 308 eausm,
1608 285 1659 305 cur
1676 286 1729 312 ego

926 326 998 352 hanc
1011 325 1158 360 epistolam
1176 329 1238 351 non
1252 322 1333 350 modo
1357 322 1504 358 genuinam
1529 324 1657 355 arbitrer,
1678 323 1728 352 sed

924 376 952 400 et
968 372 1044 399 nulla
1061 371 1089 398 in
1111 379 1143 398 ea
1162 379 1207 398 ma
1215 377 1269 397 nus
1284 369 1416 397 adultera:
1435 370 1550 406 vestigia
1566 379 1727 406 agnoscam.

925 419 1046 447 Alteram
1062 418 1218 454 epistolam,
1235 416 1319 450 cujus
1335 416 1517 452 fragmentum
1533 416 1656 444 additum
1671 423 1727 450 est,

925 473 1083 501 quanquam
1115 462 1271 492 Clemcul‘a's
1295 466 1323 489 et
1347 462 1407 497 ipsa
1429 462 1455 489 in
1482 462 1561 490 libris
1584 463 1728 490 nonnullis

925 521 1024 540 nomen
1051 512 1187 547 praetulit,
1213 517 1275 538 nun
1296 516 1358 536 esse
1381 512 1471 536 tamen
1493 509 1518 536 ei
1540 508 1724 543 tribuendam,

924 560 1007 586 etiam
1022 557 1303 591 vetcresjudicarunt
1317 562 1323 580 :
1340 562 1457 589 quorum
1473 554 1630 581 auctoritati
1646 562 1726 581 acce-

925 604 967 631 dit
993 604 1162 631 characteris
1187 601 1353 630 diversitas.
1384 600 1478 635 Neque
1501 604 1592 627 tamen
1615 600 1723 631 dubito,

924 651 991 686 quin
1007 651 1087 686 primi
1115 649 1208 677 szeculi
1235 649 1274 676 sit;
1293 655 1374 683 opus,
1390 647 1524 681 scriptum
1541 651 1604 674 ante
1619 648 1724 674 consti-

925 700 1014 722 tutum
1038 695 1219 723 ecclesiarum
1233 700 1377 721 conSensu
1393 699 1539 724 canonem,
1554 696 1581 719 et
1597 690 1667 719 forte
1683 692 1724 718 al-

925 743 1012 770 terius
1027 741 1147 777 alicujus
1163 740 1330 769 Clementzis.
1355 738 1418 766 llaec
1432 745 1494 773 qua:
1508 737 1574 764 mihi
1591 737 1660 770 visa,
1677 745 1724 764 ea-

924 789 985 816 dem
1000 789 1124 816 libertate
1137 795 1190 823 qua
1206 785 1331 822 colloqui
1345 789 1436 812 tecum
1452 784 1517 811 mihi
1532 791 1721 815 concesseras,

924 835 957 862 ad
969 835 1176 862 exactissimum
1191 834 1224 861 de
1239 833 1326 861 rebus
1341 829 1618 864 omnibusjudicium
1632 833 1720 860 tuum,

924 883 967 909 vir
981 882 1054 909 omni
1068 889 1100 909 ex
1115 877 1440 916 parteincomparabilis,
1453 877 1559 909 defero,
1569 879 1622 903 etc.
1636 875 1723 903 Fran-

71 912 179 956 reniur.
203 929 298 965 Neque
321 930 394 957 enim
417 931 450 958 de
471 931 558 958 nihilo
577 912 631 962 est,
654 929 726 966 quod
742 912 871 956 IPouticis
887 912 910 940 Β
925 928 1024 957 cofurti
1041 912 1241 955 i71uliil634.

71 974 244 1005 Christianis
274 976 399 1004 scribens
424 977 522 1006 Petrus
536 978 558 992 ⁷⁸
586 981 640 1004 tam
679 975 796 1004 sollicite
820 981 869 1002 eos

1715 1028 1725 1047 Ν

317 1087 365 1117 Ex
379 1085 442 1117 alia
457 1086 594 1126 epistola
611 1086 758 1126 ejusdem
781 1085 951 1126 Bignonii,
973 1096 999 1115 τι.
1033 1089 1060 1117 d.
1083 1085 1123 1114 28
1139 1081 1276 1122 Augusti
1296 1080 1374 1112 1635
1393 1079 1475 1110 dala-

106 1147 223 1175 Gratias
236 1147 284 1174 tibi
301 1154 368 1183 ago,
383 1147 484 1174 eruditi
508 1151 535 1175 et
552 1147 631 1175 solidi
653 1148 694 1175 tui
713 1147 820 1182 judicii,
836 1148 869 1175 de

70 1193 227 1225 Clemente,
245 1201 340 1221 causa.
359 1193 440 1221 Solus
455 1193 537 1221 hodie
551 1193 626 1221 horae
645 1197 783 1221 momento
794 1193 869 1227 ejus-

69 1239 147 1266 modi
165 1247 214 1266 res
228 1239 360 1266 dirimere
387 1244 476 1273 potes,
504 1239 586 1274 idque
613 1238 702 1266 cuivis
727 1238 829 1266 saeculo
843 1242 870 1265 et

70 1285 217 1321 scriptori,
235 1285 309 1321 quod
322 1285 347 1313 ei
358 1285 483 1318 debetur,
496 1285 622 1317 reddere,
635 1289 662 1312 et
678 1285 810 1317 fructum,
821 1284 869 1319 qui

68 1340 103 1360 ex
119 1339 155 1360 eo
173 1331 236 1367 capi
263 1331 364 1367 possit,
378 1332 534 1360 ostendere.
551 1331 716 1360 Rationibus
731 1331 786 1359 tuis
802 1331 869 1358 nihil

68 1383 113 1406 est
125 1378 202 1414 quod
218 1378 379 1414 objieiatur,
393 1378 546 1414 iudiciique
560 1379 601 1407 tui
622 1378 814 1406 auctoritatem
831 1378 871 1404 ir-

68 1423 270 1459 refragabilem
295 1431 358 1452 esse
379 1431 429 1459 par
443 1429 494 1452 est.
515 1423 671 1452 Genuinum
684 1423 792 1460 quidem
807 1431 867 1450 om-

68 1469 137 1496 nino
152 1473 366 1497 monumentum
382 1470 433 1498 hoc
450 1479 511 1498 esse
527 1475 698 1506 putaveram,
717 1470 765 1499 sed
777 1469 868 1504 suspi-

68 1516 156 1544 cabar
175 1516 201 1543 ei
217 1516 350 1551 periodos
364 1522 412 1544 aut
424 1525 506 1545 voces
528 1518 633 1553 aliquot
652 1526 667 1544 a
687 1517 807 1545 librariis
821 1524 868 1544 as-

68 1567 159 1591 sutas.
178 1562 221 1590 Tu
245 1571 309 1591 vero
324 1563 496 1592 dubitatione
513 1565 558 1592 illa
573 1573 616 1593 me
628 1565 713 1596 levas,
726 1565 779 1591 nisi
795 1563 867 1599 quod
882 1553 904 1582 (ἶ

68 1609 194 1636 narratio
204 1609 241 1637 de
256 1609 385 1642 phmnice
396 1618 438 1638 me
449 1611 598 1639 etiamnum
608 1611 734 1639 nonnihil
745 1610 868 1641 otTcndit;

68 1655 170 1691 quippe
178 1663 242 1690 qua:
247 1656 389 1691 copiosior
397 1661 439 1685 est
447 1662 473 1684 et
481 1658 708 1694 σοφιστικωτέρα,
720 1665 802 1693 quam
811 1662 870 1694 sty-

68 1700 112 1728 lus
127 1701 301 1736 apostolicus
313 1702 444 1738 patiatur.
462 1703 499 1730 Ea
515 1703 617 1737 fabula,
633 1704 759 1739 quamvis
769 1711 784 1730 a
798 1704 869 1730 scri-

926 1147 1054 1183 ptoribus
1071 1144 1238 1173 Christianis
1254 1147 1349 1179 postea
1361 1142 1495 1173 adhibita,
1512 1138 1624 1175 scriptis
1636 1138 1719 1174 primi

925 1193 1096 1224 successoris
1122 1190 1312 1226 apostolorum
1329 1187 1467 1223 Principis
1499 1190 1554 1214 no'n
1571 1189 1613 1212 sat
1633 1185 1720 1220 digna!

925 1242 1047 1273 videtur,
1068 1238 1220 1274 prmsertim
1235 1240 1276 1263 tot
1289 1235 1380 1263 verbis
1396 1235 1531 1269 exposita.
1545 1231 1654 1266 Alioqui
1665 1230 1718 1257 mi-

924 1296 987 1317 rum
1018 1287 1106 1314 videri
1140 1293 1195 1312 non
1217 1284 1304 1319 possit
1320 1289 1382 1310 eum
1402 1288 1464 1308 esse
1482 1287 1563 1307 usum
1586 1277 1716 1314 opinione

924 1340 992 1362 tunc
1015 1333 1146 1368 temporis
1167 1334 1289 1366 recepta,
1316 1333 1345 1356 ut
1367 1327 1493 1355 ethnicos
1518 1326 1553 1353 ad
1572 1324 1716 1353 veritatem

923 1381 1054 1408 doctrinae
1065 1378 1227 1406 Christiana:
1239 1376 1348 1412 plenius
1357 1373 1553 1402 admittendam
1569 1371 1715 1400 invitaret;
1763 1384 1765 1387 ‹

923 1426 1062 1463 quomodo
1071 1429 1098 1453 et
1108 1425 1208 1451 l’aulus
1218 1431 1284 1450 usus
1298 1426 1340 1450 est
1352 1420 1533 1456 inscriptione
1545 1418 1592 1445 Dei
1603 1417 1685 1452 ignoti
1693 1417 1715 1447 ',

923 1462 1051 1508 quamvis
1076 1471 1210 1499 sententia
1225 1469 1334 1496 diversa
1346 1467 1381 1494 ab
1397 1466 1526 1501 opinione
1545 1462 1650 1498 vulgari
1674 1465 1717 1488 at-

923 1527 978 1554 que
987 1517 1174 1552 inscriptionis
1189 1515 1247 1543 basi
1263 1522 1317 1542 ara:
1332 1513 1486 1547 insculptaz.
1505 1510 1638 1537 Putabam
1650 1515 1718 1542 ergo

923 1564 1137 1600 descriptionem
1152 1560 1287 1598 phtenicis
1302 1559 1437 1594 adjectam
1449 1557 1484 1584 ab
1496 1557 1549 1583 alio
1562 1555 1647 1582 fuisse
1661 1561 1716 1580 nu~

923 1612 965 1639 da!
979 1611 1039 1646 ejus
1055 1609 1197 1642 mentioni,
1209 1617 1225 1636 a
1237 1607 1377 1635 Clemente
1390 1605 1478 1633 obiter
1488 1604 1611 1639 injectaz;
1627 1601 1677 1629 sed
1688 1601 1717 1627 in

923 1658 1036 1686 meliore
1051 1663 1097 1684 tua
1109 1655 1246 1684 sententia
1261 1654 1419 1690 acquiesco,
1442 1660 1493 1679 nec
1509 1658 1599 1679 meum
1615 1653 1658 1677 est
1674 1652 1716 1676 te-

924 1712 986 1732 cum
1002 1703 1180 1731 contendere.

61 1778 203 1815 (Euerpta
220 1782 278 1809 Ιιίιιε
290 1789 354 1810 sunt
370 1791 385 1810 e
399 1783 555 1810 testimoniis
566 1783 598 1811 de
612 1783 741 1819 Bignom‘o
753 1804 761 1817 ,
775 1792 834 1819 qua:
844 1784 922 1854 alte;
940 1785 1049 1856 ed)ilioui
1061 1784 1195 1812 Parisina:
1209 1783 1402 1812 Formularum
1415 1780 1541 1815 Marculﬁ
1555 1779 1619 1806 anni
1644 1776 1716 1805 1665

767 1824 828 1846 sunt
841 1827 897 1854 prw
919 1827 964 1847 πα.

767 1824 828 1846 sunt
841 1824 964 1854 prw/iata.

490 1950 569 1994 HE
580 1950 866 1997 RMANNUS
903 1949 1282 1997 CONBINGIUS

325 2046 534 2078 JOACHIMO
562 2047 708 2078 JOANNI
729 2047 915 2084 MADERO,

934 2047 1034 2078 V1110
1049 2045 1296 2078 DOCTISSIMO
1313 2046 1343 2077 S.
1369 2047 1402 2076 P.
1421 2046 1456 2076 D.

107 2172 243 2200 Pneclare
256 2172 291 2199 de
302 2171 415 2207 publico
427 2180 552 2203 mereris,
569 2171 730 2199 doctissime
747 2171 865 2204 Madere,
883 2175 906 2202 D
920 2173 1009 2204 nium,
1034 2172 1123 2199 induti
1145 2172 1202 2206 jam
1231 2170 1345 2206 proinde
1373 2171 1449 2199 stolis
1461 2171 1594 2204 candidis,
1611 2176 1636 2199 et
1651 2178 1712 2200 ante

72 2219 134 2246 illas
149 2219 245 2249 horas.
259 2225 329 2252 quas
345 2217 487 2245 succidere
499 2217 547 2244 tibi
560 2217 623 2244 licet
643 2218 783 2245 ordinario
805 2226 866 2245 mu-

72 2265 143 2297 neri,
161 2265 189 2291 in
208 2263 236 2291 id
251 2264 425 2299 impendens,
447 2267 476 2291 ut
494 2263 653 2292 hominibus
670 2264 774 2292 nostris
790 2264 867 2292 exhi-

72 2312 140 2339 beas
157 2311 253 2346 prima:
269 2311 344 2339 illius
358 2319 448 2338 aurea:
467 2311 638 2346 tempestatis
657 2319 718 2346 quae
737 2317 867 2346 superant

72 2359 264 2383 monumenta.
294 2355 352 2384 Etsi
377 2356 621 2391 enim'perfectus
651 2357 685 2384 sit
710 2357 866 2384 divinarum

73 2401 277 2435 Stripturarum
299 2410 394 2434 canon,
418 2406 445 2430 et
461 2402 622 2437 jamdudum
644 2411 707 2430 cum
730 2403 759 2430 S.
777 2403 866 2439 Augu-

74 2447 180 2475 stino"
195 2447 378 2483 didicerimus,
393 2449 457 2476 solis
474 2449 528 2477 illis
550 2449 625 2477 libris
650 2450 719 2477 hunc
742 2450 866 2478 honorem

74 2495 248 2530 timoremque
263 2495 376 2529 deferre,
389 2501 418 2522 ut
433 2495 537 2522 nullum
557 2504 649 2523 eorum
663 2496 800 2524 scribendo
812 2497 867 2524 ali-

71 2540 138 2576 quid
157 2549 272 2572 errasse,
287 2540 440 2575 ﬁrmissime
455 2541 594 2569 credamus
606 2550 615 2568 :
640 2550 689 2577 per
708 2547 798 2570 tamen
827 2545 866 2571 si-

72 2585 131 2612 mul
145 2590 189 2614 est
201 2585 354 2620 jucundum
368 2591 449 2622 atque
462 2587 536 2619 utile,
555 2588 742 2623 apostolorum
758 2596 866 2624 quoque

70 2630 228 2667 discipulos
243 2632 438 2667 auditoresque
453 2633 609 2666 consulere,
625 2634 691 2669 quid
707 2634 746 2661 illi
761 2634 866 2662 scilicet

72 2686 88 2705 a
100 2679 188 2707 tantis
202 2678 344 2714 magistris
359 2679 527 2713 acceperint,
545 2683 591 2707 aut
606 2684 681 2707 certe
695 2684 796 2716 quanta
814 2680 865 2708 [ide

72 2723 228 2751 doctrinam
245 2727 388 2759 acceptam
404 2725 552 2758 servarint,
567 2725 613 2760 qui
633 2733 688 2752 non
704 2726 866 2754 dubitavere

72 2768 235 2804 sanguinem
260 2775 342 2797 suum
370 2768 537 2804 prolundet'e
560 2770 588 2797 in
613 2770 714 2798 Christi
743 2772 866 2799 testimo-

106 2859 129 2875 "
145 2857 155 2885 Ι
170 2857 247 2887 Petr.
264 2866 304 2891 Iv,
324 2858 369 2886 15.
427 2859 438 2874 ⁸
453 2858 513 2887 Act.
529 2868 595 2891 xvii,
611 2860 657 2889 25.

76 2892 170 2923 κων.
187 2902 221 2923 ιιι
252 2893 383 2926 Histor.,'
402 2893 462 2922 Lib.
479 2897 509 2924 dc
526 2897 647 2930 scriptor.
665 2897 757 2925 crtlcs.
798 2897 818 2913 "
834 2897 893 2927 Lib.

709 2862 719 2877 ⁸
735 2861 813 2889 Vinc.
828 2862 967 2891 Lirinens.

922 2218 1045 2244 thronum
1066 2217 1115 2244 Dei
1129 2218 1268 2244 constituti
1282 2218 1399 2244 serviunt
1416 2218 1458 2244 illi
1479 2217 1522 2245 die
1539 2226 1570 2244 an
1593 2223 1668 2245 nocte
1684 2219 1712 2245 in

921 2264 1019 2299 templo
1033 2264 1102 2299 ejus,
1118 2264 1165 2290 illo
1178 2265 1223 2299 qui
1242 2264 1313 2291 sedet
1334 2265 1362 2291 in
1379 2263 1471 2291 throno
1486 2263 1621 2291 habitante
1633 2272 1712 2299 super

921 2311 982 2338 illos
993 2311 1026 2342 “,
1039 2318 1094 2345 quo
1109 2311 1198 2346 elogio
1213 2315 1347 2347 martyres
1371 2310 1490 2345 Spiritus
1507 2315 1619 2339 sanctus
1647 2319 1711 2346 pro-
1725 2308 1728 2314 ’

923 2361 1035 2384 secutus
1049 2360 1099 2384 est.
1119 2355 1222 2384 Saltem
1247 2357 1292 2383 illa
1304 2356 1383 2384 nefas
1398 2360 1441 2384 est
1451 2360 1637 2390 contemnere,
1650 2365 1711 2393 quae

922 2403 1031 2439 publica
1053 2403 1193 2430 auditione
1208 2403 1266 2438 ipsa
1284 2406 1362 2430 vetus
1378 2406 1405 2430 et
1419 2406 1514 2430 sancta
1530 2402 1651 2430 Ecclesia
1668 2403 1711 2429 di-

919 2455 1000 2486 gnata
1023 2453 1065 2477 est
1078 2454 1124 2477 :ut
1139 2448 1282 2485 Polycarpi
1299 2450 1443 2484 epistolam
1468 2450 1495 2476 in
1513 2450 1584 2476 Asia:
1600 2457 1710 2477 conuen-

920 2496 1002 2528 tibus,
1012 2496 1144 2524 Clementis
1152 2495 1177 2522 in
1198 2496 1335 2523 nonnullis
1351 2496 1415 2523 locis
1430 2496 1541 2530 publice
1555 2495 1708 2523 lectitatam
1732 2502 1736 2509 '

918 2550 991 2573 esse,
1008 2547 1034 2569 et
1057 2541 1166 2570 Eusebii
1183 2546 1210 2569 et
1229 2541 1259 2570 S.
1274 2542 1433 2578 Hieronymi
1448 2542 1606 2570 testimonio
1629 2543 1708 2570 novi-

918 2589 1020 2616 mus".
1039 2587 1116 2616 Hanc
1131 2593 1204 2616 certe
1220 2593 1363 2624 utramque
1377 2588 1527 2624 Epistolam
1548 2589 1638 2624 magni
1667 2588 1708 2616 fa-

917 2642 980 2663 cere
995 2642 1046 2669 par
1058 2639 1110 2666 est,
1128 2635 1169 2662 vel
1188 2635 1249 2663 ideo
1276 2635 1405 2668 quoniam
1428 2635 1462 2661 ad
1485 2641 1640 2670 utramque,
1655 2643 1706 2663 ceu

917 2681 950 2709 ad
973 2681 1165 2709 secundarium
1185 2681 1329 2717 quemdam
1350 2682 1465 2709 sincerae
1480 2681 1541 2709 fidei
1557 2689 1704 2714 canonem,

915 2726 972 2762 jam
987 2731 1044 2755 tum
1061 2728 1126 2755 olim
1144 2728 1276 2756 adversus
1291 2728 1408 2756 haereses
1426 2728 1469 2756 sui
1497 2728 1588 2756 stimuli
1606 2736 1706 2763 provo-

919 2774 1022 2802 caverit
1038 2775 1230 2803 sanctissimus
1245 2779 1350 2811 martyr
1362 2775 1480 2803 [renatus
1491 2775 1522 2802 ¹⁸.
1539 2774 1567 2801 lu
1588 2779 1705 2810 utraque

1020 2865 1041 2879 ¹⁰
1059 2864 1144 2900 Epist.
1177 2873 1233 2899 xu,
1263 2864 1300 2892 ad
1313 2864 1386 2893 llier.
1441 2865 1461 2881 "
1476 2863 1561 2899 Apoc.
1579 2871 1627 2897 vn,
1655 2863 1700 2890 15.

915 2907 957 2932 ιιι,
979 2907 1003 2926 c.
1019 2900 1044 2928 3.
