1893 3101
186 192 218 221 51
763 190 806 218 AD
827 190 855 218 S.
875 189 1087 219 CLEMENTEM
1106 191 1116 218 l
1135 190 1250 218 PAPAM
1769 194 1804 222 ΒΞ

187 254 277 277 autem
291 249 337 277 illa
346 249 510 285 publicanda
525 250 658 277 hactenus
668 252 744 276 tuam
757 256 867 284 operam
882 249 966 276 collo-
981 250 1003 277 Α
1017 252 1122 282 perant,
1132 248 1210 282 plane
1222 248 1447 283 quemadmodum
1463 248 1610 283 Epistulam
1620 248 1692 275 illam
1710 249 1806 276 lauda-

185 296 267 327 casti,
283 295 401 329 primum
425 294 580 330 Polycarpi,
599 302 673 322 nunc
694 298 721 322 et
735 294 883 322 Clementis
905 302 970 322 san-

186 345 246 368 ctas
259 341 321 368 illas
337 341 442 368 litteras
453 341 548 368 edens.

223 385 316 421 Neque
335 394 400 414 vero
413 386 563 422 quidquam
578 386 657 414 video
670 393 770 419 causae,
786 394 834 413 cur
848 386 971 421 suspice-

187 440 250 460 mur
270 432 338 459 alias
353 440 415 459 esse
438 433 499 459 illas
520 435 630 459 nostras
653 432 686 459 ab
706 432 740 459 iis
767 439 836 466 quas
853 435 928 458 tanto
943 431 970 458 in

187 477 276 512 pretio
301 477 392 512 prisca
419 476 541 505 Ecclesia
561 476 666 504 habuit.
681 477 711 504 ln
735 476 879 512 Polycarpi
904 483 971 503 sane

186 523 302 557 epistola
327 522 530 558 deprehendere
556 527 598 549 est
623 522 710 557 ipsam
727 521 800 548 illam
817 521 850 549 de
875 520 931 548 Deo
944 525 971 548 et

188 567 304 594 Domino
319 572 412 595 nostro
428 566 492 594 Jesu
506 566 617 594 Christo
632 574 728 594 sanam
744 567 908 599 doctrinam,
921 574 971 593 cu-

187 614 234 649 jus
246 614 356 642 nomine
366 614 521 642 refellendis
534 614 577 642 sui
592 614 685 642 δείξουιί
700 613 860 645 haeresibus,
874 614 971 640 ἱκανω-

189 660 274 694 τάτην
293 660 367 686 illam
389 660 576 695 pronuntiavit
591 660 849 694 commendavitque
865 658 894 687 S.
913 658 969 686 lre-

189 712 284 732 naeus:
300 705 504 739 deprehendere
538 709 581 733 est
605 706 696 732 locum
725 705 862 740 integrum
885 713 971 732 unum

188 751 371 785 alterumque,
388 758 468 785 quem
491 750 603 778 adducit
627 750 802 784 Eusebius“,
821 756 848 777 et
862 754 923 785 post
939 750 972 776 il-

189 795 246 822 lum
267 795 438 831 Nicephorus
451 796 592 828 Callistus,
607 799 635 823 et
649 796 759 831 quidem
775 796 812 822 ita
823 799 852 822 ut
868 795 972 830 liquido

188 846 327 876 appareat,
344 842 439 869 fraude
453 842 528 869 nulla
543 842 661 870 insertos
674 850 735 870 esse
749 851 756 869 :
769 842 972 877 deprehendere

187 893 229 916 est
242 896 276 916 ex
287 889 374 923 prima
389 887 461 915 Petri
474 887 594 923 Epistola
605 888 767 923 deprompta
780 888 853 915 haud
872 895 970 922 pauca,

188 942 250 969 quae
266 934 336 962 idem
357 933 493 962 Eusebius
504 937 647 962 notaverat
662 945 668 963 :
681 933 883 969 deprehendere
895 933 972 960 deni-

188 987 242 1014 que
257 983 299 1007 est
323 979 390 1006 illud
409 987 500 1012 omne,
518 979 590 1014 quod
608 978 732 1010 Photius,
749 979 973 1006 accuratissimus

188 1025 322 1052 librorum
346 1032 454 1057 censor,
476 1024 504 1052 in
532 1025 602 1052 lecta
617 1024 760 1060 Polycarpi
775 1025 891 1060 epistola
912 1025 973 1051 ani—

188 1071 382 1104 madverterat,
404 1071 496 1098 multis
518 1071 644 1098 nimirum
668 1071 791 1105 refertam
815 1070 974 1097 admonitio-

188 1115 277 1148 nibus,
307 1116 375 1152 μετὰ
402 1116 552 1151 σαφηνείας
579 1116 627 1143 καὶ
655 1116 804 1151 ἁπλότητος
832 1116 902 1143 κατὰ
929 1117 974 1143 τὸν

189 1161 411 1196 ἐκκλησιαστικὸν
454 1162 504 1197 τῆς
525 1163 671 1198 ἑρμηνείας
685 1163 780 1195 τύπον,
796 1164 922 1198 quodque
946 1164 974 1191 in

188 1214 222 1235 ea
242 1207 314 1234 dicat
332 1210 429 1234 auctor
444 1215 471 1234 se
493 1206 593 1242 Ignatii
620 1207 744 1241 epistolas
765 1207 799 1235 ad
821 1208 975 1243 Philippen-

189 1261 232 1280 κε
249 1253 362 1285 misisse,
377 1257 512 1291 peteretque
530 1252 563 1279 ab
581 1253 637 1280 illis
652 1254 755 1280 edoceri
779 1255 803 1281 si
820 1254 882 1289 quid
896 1254 928 1281 de
945 1263 974 1282 eo

189 1298 340 1326 inaudiant.
373 1297 487 1330 Horum,
516 1299 636 1333 inquam,
663 1299 784 1326 omnium
806 1300 976 1328 desideratur

190 1344 270 1371 nihil.
294 1343 334 1370 Ad
347 1343 409 1376 boc,
426 1343 516 1378 ipsum
537 1343 665 1378 Epistolas
679 1345 820 1372 exordium
843 1346 974 1378 ostendit,

191 1389 322 1423 scriptam
350 1389 434 1420 illam,
450 1396 504 1423 quo
527 1393 649 1423 tempore
675 1397 730 1416 non
755 1389 836 1417 unius
859 1390 975 1417 exsortis

190 1435 311 1469 episcopi
327 1435 355 1461 in
371 1442 453 1461 manu
467 1435 594 1463 Ecclesiae
620 1440 678 1462 erat
702 1435 911 1468 administratio,
928 1436 976 1463 sed

191 1480 331 1507 communi
361 1480 582 1516 presbyterorum
613 1480 730 1508 consilio
755 1484 782 1508 et
811 1481 977 1509 auctoritate

191 1526 284 1552 omnia
300 1529 459 1560 regerentur
475 1534 481 1552 :
494 1526 565 1560 quod
581 1533 635 1553 non
649 1526 695 1553 diu
711 1530 772 1561 post
796 1525 976 1561 Polycarpum

1020 293 1059 320 vit
1078 293 1108 321 S.
1129 292 1289 321 Irenreus".
1310 294 1375 326 Quae
1397 294 1523 322 Clemens
1550 295 1752 322 Alexandrinus
1775 300 1805 321 et

1021 338 1152 374 Origenes
1160 340 1180 354 ”
1195 347 1228 366 ex
1251 339 1297 366 illa
1316 339 1436 374 Epistola
1458 339 1610 375 proferunt,
1625 340 1716 367 verbis
1738 340 1806 367 toti,-

1020 385 1081 412 dem
1095 385 1123 412 in
1138 389 1232 412 nostra
1242 385 1426 420 reperiuntur,
1441 391 1468 412 et
1481 385 1589 420 quidem
1601 386 1637 412 ita
1646 391 1675 412 ut
1688 386 1723 412 ibi
1738 389 1806 413 nata

1020 430 1134 464 dixeris,
1150 439 1205 458 non
1231 435 1320 458 autem
1351 431 1444 459 dolosa
1470 439 1551 459 manu
1575 432 1697 459 inducta.
1717 431 1806 459 Euse—

1020 474 1227 510 bius'sqnoque
1241 476 1341 511 prodit,
1353 475 1467 503 dissidio
1481 476 1550 511 apud
1560 476 1716 504 Corinthios
1731 482 1804 508 orto,

1022 522 1152 558 scriptam
1166 530 1180 549 a
1195 522 1333 551 Clemente
1344 527 1439 550 nostro
1455 522 1602 558 Epistolam
1623 523 1661 554 ὠς
1686 523 1740 549 ἀπὸ
1754 523 1806 557 τῆς

1027 569 1171 603 Ῥωμαίων
1189 568 1366 604 Ἐκκλησίας,
1390 572 1437 595 aut
1466 572 1495 595 ut
1522 569 1585 595 alibi
1610 569 1740 603 loquitur,
1772 570 1807 595 ὲκ

1021 615 1165 651 προσώπου
1192 616 1242 650 τῆς
1260 615 1399 650 Ῥωμαίων
1421 614 1595 650 Ἐκκλησίας,
1626 623 1740 650 eamque
1763 615 1807 642 di-

1021 660 1121 688 ctionis
1140 660 1298 688 charactere
1317 664 1345 688 et
1366 660 1510 688 sententiis
1536 667 1598 687 cum
1625 659 1746 695 Epistola
1770 660 1806 686 ad

1024 705 1152 734 Hebraeos
1176 706 1324 740 plurimum
1339 706 1486 733 convenire
1501 714 1507 731 :
1523 713 1583 741 quae
1597 707 1688 733 omnia
1702 705 1748 732 hic
1764 706 1808 732 lu-

1022 753 1209 780 culentissime
1235 756 1377 787 apparent.
1392 752 1505 785 Qualem
1529 759 1593 779 vero
1608 751 1757 786 Epistolam
1773 751 1808 778 il-

1021 798 1076 825 lam
1092 798 1239 830 Eusebius,
1255 798 1336 825 talcm
1356 801 1383 825 et
1401 796 1429 824 S.
1447 797 1628 832 Hieronymus
1638 797 1658 812 "
1673 804 1733 824 eam
1752 804 1808 823 n0-

1022 843 1065 871 his
1078 843 1223 878 descripsit
1237 848 1281 870 :ut
1296 842 1410 878 proinde
1433 847 1528 870 nostra
1553 843 1611 870 hate
1625 843 1659 870 ab
1684 843 1729 870 illa
1744 850 1810 878 qua:

1024 888 1189 924 Hieronymo
1202 888 1236 915 ad
1250 896 1359 915 manum
1377 888 1437 920 fuit,
1454 888 1521 915 nihil
1537 888 1625 916 abeat.
1643 888 1694 916 Sed
1705 892 1731 916 et
1746 897 1810 924 quae

1024 934 1095 962 idem
1107 933 1326 969 S.Hieronymus
1335 934 1358 950 “
1371 935 1455 962 semel
1471 935 1624 969 iterumque
1637 942 1671 962 ex
1685 935 1810 970 Epistola

1024 979 1070 1006 illa
1093 980 1121 1006 in
1147 979 1267 1006 medium
1293 978 1382 1012 affert,
1404 979 1478 1007 haud
1493 980 1520 1007 in
1535 983 1630 1008 nostra
1647 980 1811 1007 desideran-

1024 1029 1070 1052 tur
1088 1033 1095 1051 :
1110 1025 1222 1060 perinde
1236 1029 1266 1052 ut
1281 1025 1326 1052 hic
1351 1026 1485 1060 reperitur
1509 1025 1591 1052 etiam
1611 1026 1656 1053 illa
1670 1025 1810 1059 plitenicis

1024 1072 1258 1102 commemoratio,
1272 1079 1354 1106 quam
1370 1079 1403 1098 ex
1416 1071 1564 1100 Clementis
1577 1071 1692 1106 cpistola
1704 1071 1811 1106 produ-

1025 1118 1062 1145 cit
1082 1117 1200 1152 Cyrillus
1224 1117 1527 1153 Hierosolymitanus“.
1556 1117 1636 1145 Omni
1668 1125 1699 1144 ex
1730 1121 1811 1152 parte

1025 1171 1133 1198 quoque
1146 1166 1240 1191 nostra
1251 1163 1308 1190 haec
1318 1163 1463 1198 respondet
1475 1163 1514 1190 illi
1528 1163 1703 1197 descriptioni
1726 1171 1811 1197 quam

1025 1206 1138 1235 Photius
1154 1207 1182 1234 in
1207 1208 1369 1236 Bibliotheca
1389 1207 1481 1241 habet,
1498 1212 1658 1243 argumento
1671 1207 1810 1238 videlicet,

1025 1254 1145 1281 dictione
1158 1259 1185 1281 et
1199 1254 1322 1281 doctrina
1342 1254 1376 1281 de
1391 1253 1502 1281 mundis
1517 1257 1595 1281 trans
1614 1261 1759 1284 oceanum,
1778 1253 1813 1280 de

1025 1299 1155 1326 Pbmnice
1173 1302 1200 1326 et
1215 1298 1248 1326 de
1264 1298 1367 1326 Christi
1392 1305 1519 1333 persona.
1533 1298 1649 1325 Tantum
1663 1298 1739 1325 deest
1754 1298 1813 1325 for-

1026 1345 1109 1372 tassis
1137 1345 1209 1380 quod
1232 1344 1260 1372 S.
1286 1344 1412 1372 Justinus
1436 1345 1578 1379 martyr",
1595 1344 1652 1371 sive
1666 1344 1728 1379 quis
1740 1343 1813 1371 alius

1026 1395 1122 1418 auctor
1136 1390 1306 1425 Responsio".
1320 1390 1354 1417 ad
1370 1390 1509 1417 orthodox.
1526 1398 1557 1417 ex
1570 1389 1691 1424 Epistola
1705 1390 1751 1416 illa
1769 1398 1813 1417 rc-

1026 1435 1089 1469 fcrt,
1104 1435 1232 1470 quodque
1251 1442 1301 1462 ceu
1317 1435 1449 1462 Clementi
1462 1435 1566 1461 dictum
1584 1434 1676 1461 laudat
1691 1435 1813 1462 Basilius

1027 1481 1060 1508 ad
1075 1480 1304 1516 Amphilochium.
1317 1480 1418 1508 Verum
1445 1488 1499 1507 non
1522 1484 1564 1508 est
1579 1480 1651 1515 quod
1666 1485 1814 1515 propterea

1027 1528 1139 1562 sequius
1155 1527 1337 1562 suspicemur,
1352 1534 1414 1554 cum
1430 1531 1548 1562 quatuor
1562 1527 1665 1561 integra
1680 1527 1743 1554 folia
1761 1535 1813 1553 no-

192 1571 318 1598 mutavit.
336 1569 389 1597 Sed
402 1574 429 1597 et
442 1570 534 1597 videre
547 1575 589 1598 est
604 1571 732 1598 damnata
743 1571 841 1606 placita
857 1571 976 1598 Marcio-
989 1583 1013 1614 ε
1028 1573 1070 1600 bis
1085 1572 1181 1600 deesse
1204 1577 1319 1600 testetur
1334 1573 1357 1600 is
1373 1573 1415 1600 cui
1431 1573 1576 1600 editionem
1601 1574 1715 1607 primam
1730 1573 1814 1600 debe-

193 1616 238 1643 nis
259 1616 293 1643 de
321 1623 402 1643 carne
429 1620 456 1644 et
478 1617 605 1651 passione
631 1616 745 1648 Christi.
775 1618 975 1645 resurrectione

193 1662 258 1688 item
285 1665 312 1689 et
333 1661 437 1696 judicio
450 1666 630 1694 mortuorum,
649 1663 776 1698 illamque
791 1663 858 1691 adeo
876 1664 977 1692 solem-

193 1715 255 1734 nem
271 1711 298 1734 et
312 1707 360 1734 uni
377 1707 416 1734 illi
446 1708 558 1743 martyri
588 1708 726 1743 propriam
755 1710 976 1742 detestationem,

193 1760 246 1788 qua
272 1752 379 1779 obviam
404 1751 457 1779 sibi
484 1751 576 1779 Romae
592 1752 693 1779 factum
717 1746 882 1782 Marcionem
897 1763 977 1782 exce-

194 1799 267 1834 pisse
284 1798 474 1834 Polycarpum,
490 1798 661 1832 πρωτοτόκου
678 1799 782 1827 scilicet
798 1800 844 1826 τοῦ
859 1801 976 1833 Σατανᾶ,

194 1849 327 1873 memorat
353 1845 512 1872 Irenaeus".
529 1844 568 1872 Ex
593 1846 718 1879 adverso,
736 1848 836 1882 quibus
856 1847 976 1881 Flacius,

194 1901 312 1928 eumque
325 1892 410 1920 secuti
420 1891 477 1924 alii,
491 1892 602 1919 dubiam
618 1893 731 1922 reddere
739 1894 888 1929 Epistolam
904 1895 977 1922 illam

196 1942 347 1970 tentavere,
364 1939 430 1965 talia
449 1942 515 1966 sunt
540 1942 570 1966 ut
597 1939 625 1966 in
652 1939 826 1967 commodum
854 1939 978 1974 συλλογι-

196 1985 265 2020 σμὸν
285 1985 388 2013 referre
414 1994 545 2021 nequeas,
563 1986 687 2022 quamvis
701 1986 821 2014 coneris.
840 1986 979 2021 Simplici-

196 2035 239 2058 tas
254 2036 328 2058 certe
352 2031 480 2059 dictionis
495 2036 522 2059 et
534 2032 722 2060 inelaboratus
744 2039 845 2063 sermo,
864 2039 925 2066 qua:
940 2031 981 2060 illi

196 2081 357 2109 causantur,
374 2082 492 2113 arguunt
503 2078 594 2112 potius
603 2078 780 2113 apostolicam
794 2081 900 2104 {etatem
911 2078 981 2105 scri-

197 2123 384 2158 ptionemque,
399 2127 426 2149 ut
436 2130 496 2158 quae
508 2123 554 2149 uni
571 2122 610 2149 illi
621 2122 778 2157 tempestati
793 2126 820 2149 et
835 2121 902 2149 solis
914 2129 975 2156 apo-

198 2169 286 2202 stolis,
302 2176 452 2204 eorumque
463 2168 605 2203 discipulis
621 2167 765 2194 familiaria
781 2167 891 2194 fuerint.

233 2214 286 2242 Par
307 2215 377 2241 ratio
400 2219 442 2242 est
453 2214 631 2242 Clementina:
644 2213 718 2240 illius
733 2212 861 2248 Epistolas
876 2213 909 2240 ad
924 2212 979 2240 Co-

1027 1627 1099 1650 mus,
1113 1618 1249 1646 Patricius
1263 1618 1362 1646 Junius
1378 1629 1384 1645 :
1402 1623 1428 1646 et
1453 1618 1570 1646 Basilius
1585 1619 1654 1654 (sive
1667 1618 1738 1645 alius
1751 1618 1814 1644 libri

1026 1664 1099 1690 illius
1114 1663 1242 1698 scriptor)
1260 1663 1306 1690 illa
1334 1671 1381 1690 sua
1397 1671 1430 1690 ex
1446 1663 1497 1689 hac
1512 1662 1631 1697 Epistula
1660 1662 1730 1690 forte
1756 1671 1814 1690 non

1027 1710 1199 1745 prompserit.
1215 1709 1287 1736 Nihil
1315 1717 1380 1736 sane
1400 1716 1432 1736 ex
1458 1709 1531 1735 omni
1562 1708 1724 1743 antiquitate
1749 1717 1815 1743 pro-

1027 1756 1140 1783 duxeris
1162 1755 1196 1782 de
1221 1754 1370 1782 Clementis
1388 1754 1433 1780 illa
1447 1761 1577 1789 germana
1592 1753 1724 1790 Epistola,
1739 1753 1813 1788 quod

1027 1802 1124 1829 merito
1138 1808 1219 1836 quem
1233 1799 1327 1828 fecerit
1341 1799 1374 1826 de
1387 1803 1482 1826 nostra
1499 1798 1634 1826 dubitare.

1062 1847 1121 1874 Jam
1136 1854 1200 1874 vero
1211 1853 1274 1873 cum
1289 1853 1355 1873 cura
1379 1849 1501 1872 nostram
1530 1844 1601 1871 hanc
1623 1843 1723 1880 legenti
1744 1843 1815 1871 nihil

1028 1893 1151 1921 occurrit
1172 1892 1255 1920 fucati
1271 1894 1318 1918 aut
1339 1890 1464 1923 subdoli;
1478 1895 1505 1917 et
1520 1894 1611 1918 tamen
1624 1890 1717 1916 omnia
1735 1889 1809 1916 refe-

1029 1944 1094 1967 runt
1107 1939 1187 1974 plane
1201 1937 1352 1973 apostolica
1367 1941 1503 1971 tempora,
1513 1936 1673 1963 charactere
1688 1935 1814 1962 scriben-

1028 1985 1067 2017 di,
1091 1989 1118 2012 et
1138 1984 1264 2011 doctrina
1282 1983 1351 2018 ipsa.
1377 1982 1454 2015 Quod
1476 1982 1553 2008 firmo
1579 1986 1621 2008 est
1640 1985 1814 2016 argumento,

1030 2033 1127 2061 saltem
1142 2039 1175 2059 ex
1190 2031 1236 2057 illo
1256 2037 1313 2057 aevo
1332 2029 1366 2055 ad
1389 2036 1439 2055 nos
1454 2027 1604 2062 Epistulam
1627 2027 1702 2053 illam
1719 2034 1817 2061 perve-

1030 2078 1115 2109 nisse,
1129 2077 1180 2104 etsi
1196 2076 1230 2104 de
1247 2079 1358 2102 auctore
1378 2073 1449 2100 forte
1470 2080 1524 2100 non
1550 2076 1699 2099 constaret.
1720 2071 1816 2098 Sermo

1032 2131 1098 2151 sane
1116 2123 1140 2149 is
1155 2126 1208 2153 est,
1223 2121 1331 2156 qualem
1353 2127 1477 2147 summus
1491 2118 1603 2145 criticus
1618 2117 1818 2151 Photiusjudi-

1031 2169 1120 2200 cavit,
1143 2167 1244 2198 ἁπλοῦς
1266 2166 1336 2193 κατὰ
1358 2165 1405 2200 τὴν
1429 2165 1528 2199 φράσιν
1552 2163 1599 2190 καὶ
1635 2163 1740 2198 σαφὴς,
1771 2163 1818 2189 καὶ

1031 2215 1113 2248 ἐγγὺς
1127 2212 1174 2239 τοῦ
1198 2210 1421 2246 ὲκκλησιαστικοῡ
1437 2209 1712 2245 χαρακτῆρος;θιιι³
1727 2213 1819 2235 autem

198 2261 326 2293 rinthios,
343 2268 425 2295 quam
437 2268 471 2288 ex
486 2259 672 2288 vetustissimo
685 2259 871 2286 Alexandrino
885 2259 980 2287 codice
996 2255 1018 2282 1)
1035 2260 1151 2295 primum
1167 2258 1233 2285 illud
1244 2257 1373 2285 Ecclesia:
1384 2263 1472 2283 aevum
1488 2255 1590 2282 frustra
1610 2254 1726 2282 formam
1743 2255 1818 2281 illam

198 2307 278 2334 nobis
289 2315 343 2334 non
361 2306 429 2334 adeo
445 2307 549 2341 pridem
563 2306 699 2333 Patricius
713 2304 811 2333 Junius
823 2306 865 2332 vir
873 2305 980 2333 clariss.

199 2353 424 2386 communicavit,
439 2357 466 2381 et
481 2357 510 2384 tu
520 2353 601 2380 hodie
615 2361 648 2380 ex
658 2352 826 2379 Londinensi
837 2352 980 2387 exprimis.

200 2399 289 2426 Etiam
302 2399 347 2425 hic
360 2398 433 2425 enim
445 2398 566 2425 invenire
581 2402 633 2428 cst,
645 2405 707 2432 qua:
719 2404 781 2424 cum
799 2396 833 2424 de
850 2397 907 2430 illa,
923 2401 981 2424 tum

198 2453 234 2473 ex
260 2445 307 2472 illa
326 2447 432 2472 veteres
462 2451 557 2470 omnes
585 2443 773 2478 prodiderunt.
798 2442 983 2471 Observamus

199 2498 267 2518 sane
279 2494 306 2517 et
318 2489 411 2516 στάσιν
426 2489 476 2515 οὑκ
492 2489 585 2524 ὀλίγην
605 2488 729 2516 Corinthi
745 2492 833 2516 ortam
844 2489 914 2516 inter
926 2489 981 2516 fra-

199 2540 268 2566 tres,
282 2542 454 2570 progressam
481 2534 608 2561 nimirum
625 2533 659 2560 ad
680 2534 735 2560 vim
761 2538 787 2561 et
802 2534 912 2566 bellum,
925 2534 983 2562 sive

200 2581 291 2610 duella
306 2589 313 2607 :
326 2586 353 2608 et
364 2579 493 2607 Romanae
506 2579 644 2612 Ecclesiae,
659 2587 713 2606 non
726 2584 815 2606 autem
827 2580 910 2607 unius
921 2580 982 2607 Cle-

201 2627 301 2656 mentis
314 2628 425 2655 nomine
436 2630 563 2655 exaratas
576 2626 697 2659 litteras;
715 2634 816 2661 easque
835 2626 868 2654 ad
887 2634 981 2662 pacem

201 2679 229 2702 et
247 2673 422 2701 concordiam
445 2672 604 2700 Corinthios
619 2671 768 2705 flectentes,
786 2676 984 2699 memorantes-

203 2728 255 2754 quc
265 2726 359 2746 eorum
377 2718 465 2752 fidem,
483 2726 564 2754 quam
575 2723 699 2746 recenter
710 2717 743 2744 ab
759 2717 888 2752 apostolis
903 2725 981 2745 acce~

242 2820 262 2834 ¹”⁶
275 2819 334 2846 Lib.
353 2827 381 2845 ιιι
407 2819 490 2850 "£31.,
509 2827 534 2846 c.
550 2818 626 2848 36:1.
642 2826 678 2848 Iv.
708 2825 732 2844 (ν.
751 2819 793 2845 M.

211 2855 280 2888 Περὶ
293 2853 404 2889 ἀρχῶν.
420 2855 440 2869 ι’*
452 2854 510 2881 Lib.
528 2862 557 2880 ιιι
586 2853 656 2880 llist.
683 2861 712 2889 fc.
743 2853 777 2880 1‘2
794 2857 820 2880 et
841 2854 892 2889 7372.

207 2891 228 2905 “
245 2890 355 2918 Catcch.
386 2890 425 2917 18.
466 2891 487 2905 ³³
509 2889 588 2924 Resp.
618 2889 650 2916 Ἠ»
682 2888 777 2921 Basil.,
795 2897 818 2915 ι’.
836 2888 880 2915 29.

835 2819 855 2834 lli
872 2819 881 2834 l
894 2826 925 2834 nn
966 2819 988 2834 ni

872 2818 936 2846 Loc.
966 2827 975 2845 (

872 2854 892 2880 2.
934 2854 975 2881 “’l

1035 2840 1041 2846 .
1083 2818 1103 2834 "
1121 2818 1177 2845 Lib.
1201 2825 1242 2847 III,
1264 2824 1289 2843 (κ
1321 2818 1362 2843 l3.
1415 2818 1434 2831 *⁷
1454 2818 1511 2841 Lib.
1531 2822 1557 2841 tv
1580 2818 1690 2844 stram;
1726 2818 1774 2839 ιιι).
1797 2819 1814 2838 ιι

1033 2854 1155 2882 scrinlur.
1194 2852 1259 2879 "In
1291 2859 1351 2886 cap.
1379 2859 1414 2878 LII
1445 2850 1508 2878 lsai.
1541 2855 1567 2877 et
1591 2856 1691 2884 cap.iv
1716 2847 1814 2884 Ephes.

1034 2303 1171 2333 scribendi
1199 2303 1350 2338 quaesieris.
1379 2301 1425 2329 Sic
1447 2301 1521 2336 quod
1538 2301 1654 2336 epistola
1686 2300 1819 2327 Romana:

1035 2351 1174 2382 Ecclesiaz,
1187 2357 1242 2376 non
1258 2356 1322 2376 vero
1336 2347 1458 2382 episcopi
1476 2351 1503 2374 et
1525 2347 1747 2382 presbyterorum
1772 2350 1818 2372 aut

1034 2396 1154 2432 episcopi
1181 2396 1267 2423 solius
1293 2394 1404 2421 nomine
1429 2396 1541 2420 exarata
1563 2396 1615 2424 est,
1638 2393 1718 2419 alteri
1744 2392 1818 2418 artati

1035 2450 1117 2477 quam
1133 2441 1183 2469 soli
1205 2440 1361 2475 apostolicae
1375 2446 1429 2465 non
1444 2438 1589 2466 convenit:
1607 2437 1738 2472 paulatim
1757 2444 1819 2463 cre~

1035 2491 1129 2516 scente
1151 2486 1313 2514 auctoritate
1338 2483 1455 2519 primum
1480 2484 1584 2518 collegii
1611 2482 1816 2518 prcsbyteralis.

1033 2534 1097 2562 inde
1114 2533 1195 2560 unius
1209 2531 1341 2567 episcopi,
1368 2533 1394 2557 et
1419 2530 1521 2557 sensim
1536 2537 1550 2555 a
1563 2529 1705 2556 curatione
1729 2536 1820 2555 sacra-

1034 2588 1095 2607 rum
1114 2587 1206 2607 rerum
1226 2581 1330 2605 remoto
1345 2577 1455 2612 populo.
1477 2575 1601 2610 Sequens
1622 2574 1704 2601 etiam
1730 2581 1820 2600 :evum

1036 2627 1115 2661 longe
1133 2625 1211 2652 aliter
1226 2624 1260 2651 de
1278 2631 1393 2658 persona
1410 2622 1513 2650 Christi
1534 2621 1654 2648 locutum
1677 2624 1740 2647 est:
1756 2628 1820 2646 cum

1036 2673 1081 2699 hic
1096 2679 1150 2698 non
1169 2670 1225 2698 fere
1239 2670 1290 2696 alia
1303 2670 1434 2704 reperias,
1444 2676 1525 2703 quam
1535 2667 1579 2694 illa
1595 2667 1693 2701 quibus
1708 2665 1738 2693 S.
1749 2666 1820 2693 Pau-

1040 2719 1081 2745 lus
1097 2721 1138 2745 est
1151 2724 1227 2744 usus.
1243 2715 1339 2743 Videre
1353 2715 1435 2742 etiam
1453 2714 1496 2740 hic
1508 2717 1550 2740 est
1565 2715 1591 2739 in
1606 2712 1702 2739 ordine
1714 2711 1808 2738 bicrar

1725 2813 1774 2839 lib.
1797 2819 1814 2838 ιι

1083 2818 1103 2834 ³⁸
1121 2818 1177 2845 Lib.
1201 2825 1242 2847 III,
1264 2824 1289 2843 c.
1321 2816 1362 2843 l3.
1415 2816 1434 2831 ”
1454 2814 1511 2841 Lib.
1531 2822 1557 2841 tv
1580 2813 1690 2844 Sirone;
