1893 3101
57 193 93 220 53

695 190 867 219 ΡΙζῡαΞΜΙΛ
890 188 1045 217 VARIORU
1052 188 1086 216 M.

1668 186 1701 214 δι

58 253 140 280 cbico
155 251 301 279 numerari
315 258 371 278 non
388 251 456 278 alios
471 257 553 285 quam
566 250 711 285 episcopos
727 256 754 277 et
768 250 861 277 diaeo-
877 255 900 280 Α
916 248 1106 283 deprehendas
1120 247 1192 282 quod
1209 246 1323 273 Photius
1353 246 1469 278 notavit,
1496 255 1594 282 nempe
1610 247 1694 274 νωθε-

57 306 119 329 nos.
136 298 263 333 episcopi
286 298 399 324 nomine
422 304 518 324 omnes
537 296 712 331 presbyteros
732 303 857 331 compre-

58 343 199 371 hendente
219 353 226 370 :
242 351 332 370 secus
347 350 428 378 quam
445 341 517 369 infra
535 341 687 376 apostolica
702 345 733 368 et-
745 344 857 375 aposto-

56 391 121 417 licis
141 389 282 417 viciniora
307 393 431 424 tempora
453 388 583 415 obtinuit.
608 387 677 414 lluic
704 386 752 414 uni
781 387 855 414 :etati

56 436 140 464 etiam
156 443 285 470 congrum
308 439 352 463 est
371 434 570 462 sacrificiorum
583 434 732 461 celebratio
748 433 777 460 in
791 433 856 461 Ilie-

40 482 260 516 _rosolymitano
274 481 387 516 templo,
401 480 482 515 cujus
502 480 559 507 haec
576 479 698 514 Epistola
719 479 855 507 meminit.

57 527 141 554 Multa
155 527 210 553 alia
227 534 284 553 non
299 526 436 554 simulatae
460 525 606 552 vetustatis
624 525 726 552 indicia
741 533 857 561 congcs-

57 573 92 598 sit
102 571 183 606 llugo
199 570 325 602 Grotius,
341 571 384 598 vir
398 578 535 602 summus,
553 570 670 605 epistola
685 570 805 605 quadam
821 570 856 597 ad

55 617 257 653 Hieronymum
280 616 455 652 Bignonium,
475 624 536 652 qua;
557 616 585 643 in
614 616 685 643 libro
707 616 854 650 Epistolar.

55 663 89 689 ad
106 662 202 689 Gallos
223 666 266 689 est
290 670 351 690 cuv
373 670 458 697 :quae
479 669 533 689 non
565 669 680 697 possunt
709 670 764 689 non
791 670 856 698 pro-

56 709 140 736 bare:
157 709 212 736 nisi
229 709 257 735 in
279 715 313 735 eo
328 709 462 735 erraverit
478 709 524 736 ille
551 708 565 734 ὁ
579 708 662 739 πάνυ,
682 709 755 743 quod
776 713 857 744 neget

54 755 230 783 Clementem
245 755 351 790 aliquid
366 762 398 782 ex
416 754 583 790 Evangeliis,
596 762 657 790 qum
671 755 853 790 appellamus.

54 800 220 832 adduxisse,
240 807 304 827 cum
320 804 411 826 tamen
427 805 463 826 ex‘
478 798 507 826 S.
525 798 606 826 Luca:
629 806 691 833 cap.
718 806 744 825 vl
773 798 854 826 verba

57 846 170 873 Domini
195 846 287 874 nostri
310 845 366 873 sint
387 845 513 880 repetita.
536 844 609 872 Satis
633 852 699 872 vero
716 845 757 872 vel
780 845 854 872 illaa

54 892 134 920 nobis
151 892 236 919 allata
248 896 313 919 sunt
329 891 405 926 paria
418 890 590 918 vindicanda:
602 899 659 919 sua:
675 891 802 926 dignitati
815 890 854 917 illi

54 943 158 965 nostra!
181 937 308 972 epistola:
323 946 328 963 :
347 945 435 972 coque
453 937 522 964 nihil
538 938 637 965 attinet
650 938 728 973 plura
744 937 771 964 in
787 946 854 964 con-
871 932 891 959 Β

55 983 245 1011 ﬁrmationem
263 991 338 1010 nunc
351 983 514 1018 producere.
535 983 568 1010 Et
583 991 651 1011 sane
665 983 714 1010 tibi
730 983 853 1017 quidem,

54 1030 89 1056 mi
102 1029 229 1061 Madere,
245 1029 366 1057 fortasse
383 1029 450 1057 satis
469 1032 511 1056 est
528 1029 566 1061 id,
583 1028 658 1063 quod
682 1029 792 1056 nemine
807 1028 854 1054 ad-

52 1079 184 1103 versante
201 1082 302 1103 omnes
316 1075 439 1106 omnino,
455 1082 540 1109 penes
559 1083 630 1109 quos
655 1074 737 1102 hodie
751 1075 855 1102 (ιτὶῑίοω

53 1129 169 1156 regnum
185 1124 238 1150 est.
258 1121 406 1156 Epistolam
424 1121 496 1148 hanc
511 1125 542 1148 ut
568 1129 725 1156 germanam
755 1121 855 1148 admit-

53 1172 125 1195 tant.
143 1167 251 1200 Quidni
268 1167 341 1194 enim
364 1171 424 1194 toto
437 1168 565 1202 sequaris
580 1168 632 1195 hac
647 1168 674 1195 in
690 1175 720 1195 re
733 1167 853 1199 Grotius,

53 1213 220 1244 Salmasios,
243 1213 378 1245 Calixtos,
403 1213 549 1246 Horneios,
574 1213 699 1246 Vossius,
727 1214 851 1246 Rivctos,

52 1259 225 1292 Blondellos,
243 1254 389 1293 Seldenos,
406 1260 544 1292 Petavios,
562 1259 710 1291 l’atricios.
731 1261 856 1296 aliosque

51 1314 186 1334 censores
203 1306 337 1333 librorum
348 1307 541 1334 exactissimos
549 1307 560 1333 ?
569 1306 726 1334 Prmsertim
742 1307 764 1334 si
775 1315 856 1335 nemo

53 1353 164 1380 doctior
189 1352 350 1385 dissentiat,
371 1355 404 1379 ut
425 1352 469 1379 hic
487 1352 628 1385 dissentit,
655 1352 728 1388 quod
757 1352 854 1385 sciam,

51 1405 145 1426 nemo.

87 1443 203 1478 Loquor
222 1451 299 1475 vero,
319 1443 358 1471 uti
374 1444 487 1476 novisti,
502 1447 608 1471 tantum
623 1444 656 1471 de
668 1444 792 1480 Epistola
810 1444 857 1471 illa

52 1490 206 1525 prolixiore
223 1489 259 1516 ad
271 1490 442 1521 Corinthios,
458 1498 514 1518 non
530 1490 564 1518 de
581 1491 667 1518 altera
687 1491 751 1522 ista,
774 1490 854 1525 cujus

53 1538 242 1572 fragmentum
256 1535 351 1563 itidem
368 1536 518 1571 publicavit
529 1535 667 1564 Patricius
682 1537 727 1564 ille
744 1535 853 1564 Junius.

51 1582 217 1617 Quanquam
228 1585 257 1608 et
271 1581 345 1608 lianc
360 1581 515 1608 existimem
529 1589 591 1609 esse
609 1582 683 1608 illam
698 1581 795 1608 Photio
819 1581 857 1608 le-

51 1633 134 1658 ctam,
147 1629 204 1655 imo
217 1628 293 1655 illam
305 1627 385 1662 cujus
400 1626 545 1659 Eusebius,
563 1627 755 1663 Hieronymus,
772 1633 798 1655 et
810 1628 855 1654 alii
870 1612 891 1641 ϐ

52 1673 250 1706 meminerunt,
278 1678 309 1700 ut
331 1673 465 1701 Clementi
480 1673 590 1709 quidem
607 1674 712 1701 auctori
734 1674 852 1704 tributae,

52 1719 97 1746 sed
111 1727 272 1756 perperam.
291 1719 390 1755 Utique
403 1720 476 1747 enim
502 1720 530 1747 in
545 1721 597 1747 hoc
614 1720 674 1755 ipso
698 1719 852 1755 fragmento

911 293 973 318 σίαν
1008 292 1055 319 καὶ
1097 291 1258 326 παραίνεσιν
1300 291 1454 326 κρείττῡνος
1488 291 1558 326 βίου,
1600 292 1648 318 καὶ
1673 293 1698 318 ἐι

909 338 981 373 ἀρχῇ
1023 337 1053 363 τὺ
1086 337 1217 372 κήρυγμα
1245 335 1364 372 Χριστοῦ
1406 335 1454 362 τοῦ
1488 336 1564 362 Θεοῦ.
1598 335 1702 368 Solam,

909 384 1051 415 nimirum,
1083 383 1159 410 illam
1196 382 1312 418 primam
1342 389 1407 409 cum
1437 382 1512 409 omni
1539 382 1702 418 antiquitate

909 437 1068 466 germanam
1117 436 1236 464 agnosco
1267 438 1274 455 :
1300 428 1414 455 alteram
1442 437 1498 456 non
1535 430 1610 460 item,
1651 431 1702 457 etsi

910 476 946 503 sit
975 479 1094 506 vetusta,
1121 479 1148 502 et
1166 475 1246 509 longe
1271 474 1394 502 melioris
1421 479 1502 506 notae,
1525 478 1607 510 atque
1640 479 1705 502 sunt

908 522 1029 556 illzequaa
1044 521 1126 555 vulgo
1141 521 1213 555 apud
1230 520 1341 548 Latinos
1360 519 1510 548 Clementis
1527 521 1637 548 nomine
1649 521 1704 548 cir-

909 565 1113 593 cumferuntur.
1136 565 1170 591 Et
1192 573 1257 592 vero
1283 565 1394 592 nonnisi
1410 566 1519 592 unicam
1535 574 1549 592 a
1564 566 1704 593 Clemente

907 613 1051 648 epistolam
1065 612 1221 647 profectam
1239 620 1311 644 esse,
1328 612 1432 647 reliqua
1449 621 1513 639 vero
1528 615 1630 644 omnia,
1644 621 1704 648 quae

908 659 966 687 sive
977 658 1211 686 Constitutionum
1227 658 1451 693 apostolicarum,
1459 658 1517 686 sive
1526 658 1702 694 RecOgnitio-

908 713 985 736 num,
1011 705 1072 732 sive
1091 705 1275 740 Epistolarum
1304 704 1416 732 nomine
1441 705 1566 737 veniunt,
1592 706 1702 732 mentiri

908 757 1061 784 auctorem,
1077 753 1118 779 vel
1150 752 1218 779 illud
1235 760 1321 779 unum
1339 760 1390 787 pro
1403 752 1554 780 suﬂieicnte
1565 757 1607 779 est
1620 760 1703 787 argu-

908 803 1013 832 mento,
1028 799 1102 834 quod
1118 798 1146 826 S.
1164 798 1283 826 lrenmus
1298 799 1408 826 nonnisi
1426 799 1534 825 unicam
1556 798 1629 825 illam
1648 799 1703 825 lau-

908 845 954 873 det
969 846 996 872 in
1014 845 1139 873 veritatis
1163 845 1308 872 catholica:
1325 844 1525 874 testimonium.
1555 843 1620 871 dum
1643 849 1703 872 stu-

910 891 987 919 diose
1000 895 1140 927 oppugnat
1160 891 1290 924 lnereses,
1307 892 1500 926 episcoporum
1514 889 1703 917 Romanorum

906 945 1054 965 consensu.
1084 937 1144 964 lmo
1170 937 1241 964 tanti
1255 940 1298 964 est
1320 936 1430 964 roboris
1447 935 1492 962 illa
1510 935 1603 962 lrcnzei
1627 943 1704 962 com-

906 983 1054 1015 mendatio,
1071 986 1101 1009 ut
1115 990 1165 1017 par
1182 982 1219 1010 sit
1233 982 1400 1017 reliquorum
1414 982 1494 1009 etiam
1511 981 1704 1016 episcoporum

907 1029 1093 1056 Romanorum
1110 1029 1171 1064 ejus
1185 1029 1234 1056 aevi
1252 1028 1388 1064 epistolis,
1405 1035 1474 1062 quas
1494 1027 1616 1054 Isidorus
1633 1025 1706 1053 Mer-

907 1080 985 1103 cator
998 1075 1093 1107 edidit,
1104 1075 1164 1102 falsi
1180 1075 1389 1102 convincendis.
1404 1073 1484 1107 Quod
1497 1073 1575 1100 ulcus
1593 1077 1705 1108 tangere

907 1129 964 1148 non
984 1126 1026 1148 est
1043 1121 1126 1155 hujus
1139 1121 1269 1148 instituti.

944 1167 978 1194 Ut
993 1168 1102 1196 redeam
1119 1167 1202 1202 igitur
1217 1167 1250 1194 ad
1266 1166 1389 1202 epistola:
1402 1165 1484 1201 hujus
1501 1173 1568 1192 mea:
1581 1164 1702 1196 initium,

907 1213 1073 1241 laudabilem
1092 1213 1215 1249 profecto
1235 1221 1346 1248 operam
1362 1216 1476 1248 prmstas
1490 1212 1562 1239 bono
1577 1211 1701 1246 publico.

909 1259 952 1286 vir
966 1258 1140 1291 doctissime,
1153 1265 1236 1285 aurea
1261 1257 1307 1284 illa
1336 1257 1481 1292 primitivm
1499 1255 1630 1283 Ecclesim
1645 1262 1706 1282 mo-

908 1309 1052 1337 numenta,
1077 1304 1183 1331 rariora
1205 1304 1319 1331 inventu
1341 1303 1419 1330 hisce
1438 1302 1466 1329 in
1482 1302 1539 1330 oris
1561 1305 1587 1329 et
1608 1301 1704 1335 paucis

907 1351 988 1381 lecta,
1005 1349 1109 1377 nostris
1129 1348 1201 1384 typis
1226 1347 1381 1382 publicans.
1412 1346 1470 1374 Non
1499 1353 1612 1382 possum
1638 1353 1705 1372 sane

907 1403 958 1431 ego
974 1403 1028 1422 non
1044 1394 1092 1422 tibi
1111 1398 1208 1422 auctor
1230 1400 1302 1425 esse,
1327 1393 1354 1420 in
1377 1392 1424 1418 illo
1438 1393 1564 1419 instituto
1590 1395 1704 1418 strenue

908 1440 1050 1476 pergendi.
1071 1438 1213 1474 Ejusmodi
1239 1438 1332 1473 utique
1361 1438 1463 1473 scripta
1487 1440 1606 1467 volvere,
1624 1436 1705 1470 longe

908 1486 1095 1522 praestabilius
1111 1486 1261 1520 utiliusque
1272 1488 1326 1516 est.
1343 1493 1426 1519 quam
1439 1486 1551 1518 rixosis,
1566 1487 1620 1514 imo
1634 1495 1703 1515 con-

908 1531 1062 1560 lnmeliosis
1088 1531 1190 1558 libellis
1217 1529 1341 1565 legendis
1364 1534 1473 1564 tempus
1492 1535 1592 1563 terere,
1609 1533 1704 1567 quales

909 1579 968 1605 haec
984 1582 1078 1605 nostra
1092 1581 1159 1604 aetas
1176 1580 1278 1604 aeterna
1304 1584 1367 1603 cum
1382 1576 1496 1603 infantia
1519 1577 1575 1604 edit
1600 1579 1703 1612 passim

907 1624 1052 1659 plurimos.

946 1670 1022 1702 Vale,
1036 1670 1072 1697 mi
1087 1669 1208 1699 Madere.
1226 1673 1253 1696 et
1269 1669 1344 1696 salve
1366 1669 1525 1704 plurimum.
1552 1669 1705 1698 llelmesta-

905 1718 942 1745 dii
957 1718 983 1744 in
995 1717 1078 1744 Acad.
1094 1716 1167 1743 Julia
1186 1715 1265 1748 1654,
1286 1723 1312 1742 vr
1328 1715 1388 1742 Kal.
1408 1714 1548 1742 Decembr.

385 1887 727 1945 JOACHIMI
766 1886 1068 1945 JOANNIS
1107 1887 1382 1944 MADERI

464 2028 540 2072 AD
576 2027 897 2074 LECTOREM
942 2027 1288 2074 PBIEFATIO.

92 2161 225 2198 Properat
234 2161 267 2188 ad
279 2165 317 2194 te,
326 2160 424 2188 Lector
434 2160 577 2193 benevole,
587 2161 644 2188 haec
653 2160 804 2188 Clementis
819 2160 851 2187 ad

57 2206 215 2234 Corinthios
221 2206 338 2241 epistola
346 2206 498 2241 ἱκανωτάτη
507 2206 552 2232 καὶ
561 2205 711 2241 θαυμασία,
715 2207 793 2241 juxta
802 2207 857 2233 Ire-

909 2160 1007 2188 nebula
1032 2168 1119 2195 nuper
1143 2160 1277 2187 voluisset
1292 2160 1440 2192 obducere,
1455 2165 1482 2188 ct
1498 2161 1580 2196 hujus
1605 2161 1699 2198 scripti

908 2207 1074 2241 γνησιότητα
1101 2211 1205 2234 temere
1231 2206 1312 2234 nimis
1337 2211 1418 2242 atque
1438 2207 1641 2236 inconsiderate
1652 2216 1703 2237 ηερ

59 2261 146 2280 incum
160 2257 189 2280 et
202 2251 365 2284 Eusebium,
382 2252 476 2280 multis
486 2251 542 2286 jam
558 2253 668 2280 sazculis
684 2252 851 2281 desiderata.
870 2264 892 2291 υ
907 2260 982 2288 gare.
1010 2252 1082 2280 Sane
1107 2253 1134 2280 in
1151 2253 1309 2280 verminoso
1323 2254 1395 2280 libro
1410 2261 1461 2280 suo
1480 2262 1562 2288 quem
1578 2255 1698 2286 interim,

59 2299 124 2326 Luci
146 2298 223 2325 illam
235 2306 291 2325 non
303 2298 341 2324 ita
353 2297 460 2332 pridem
481 2298 594 2326 donavit
618 2306 729 2327 rursum
745 2300 787 2327 vir
798 2299 854 2326 cla-

59 2346 188 2374 rissimus
203 2345 341 2372 Patricius
365 2344 474 2377 Junius,
491 2345 672 2377 serenissimi,
695 2345 748 2373 heu
765 2353 854 2381 quon—

58 2391 136 2419 dam!
171 2391 379 2419 Britanniarum
414 2399 488 2426 regis
523 2391 773 2422 bibliothecarius.
809 2392 854 2418 cui

59 2441 206 2473 propterea
222 2438 356 2465 maximas
370 2444 445 2465 certe
458 2437 561 2472 gratias
575 2437 718 2465 debemus.
741 2437 855 2470 Quanta:

59 2491 125 2512 vero
145 2483 218 2518 apud
229 2487 336 2511 veteres
349 2483 430 2510 fuerit
442 2483 629 2515 auctoritatis.
652 2486 693 2511 tot
718 2484 768 2511 tibi
794 2484 855 2511 illo-

58 2537 133 2561 rum,
159 2536 231 2564 quos
253 2528 384 2564 deinceps
401 2529 573 2562 exhibemus,
601 2533 752 2565 suggerunt
775 2530 854 2557 testi-

58 2574 169 2608 monia;
184 2582 246 2610 qua:
258 2582 312 2601 una
327 2582 390 2602 cum
416 2575 478 2602 aliis
499 2575 667 2610 propheticis
680 2576 854 2610 apostolicis-

58 2629 113 2655 que
124 2620 237 2656 scriptis
262 2620 314 2656 legi
329 2620 393 2647 olim
412 2620 439 2647 in
459 2621 622 2655 quibusdam
640 2620 770 2649 Ecclesiis
785 2622 854 2648 soli-

59 2671 129 2697 tam,
146 2665 227 2694 ﬂdem
245 2665 360 2699 faciunt,
375 2666 525 2702 itidemque
535 2666 569 2694 de
589 2674 672 2694 causa
695 2667 852 2703 scriptionis

60 2715 86 2737 et
97 2711 162 2746 styli
173 2719 274 2747 genere
289 2716 314 2739 te
324 2712 470 2739 certiorem
484 2713 614 2741 reddunt.
632 2712 691 2739 Non
706 2720 770 2747 ergo
781 2716 851 2743 erat,

61 2764 116 2790 quo
131 2760 158 2784 te
175 2757 295 2792 amplius
310 2765 443 2789 morarer,
469 2758 691 2794 quandoquidem
713 2766 854 2793 nunquam

63 2802 131 2830 satis
145 2802 274 2830 laudatus
286 2802 423 2831 Patricius
435 2811 483 2830 sua
498 2804 530 2831 ad
541 2803 682 2831 Lectorem
697 2803 854 2838 przefatione

64 2851 183 2876 veterum
199 2849 369 2878 testimoniis
388 2850 616 2886 supratsubncxa,
635 2850 662 2877 in
678 2850 790 2885 reliquis
805 2850 852 2878 tibi

64 2898 167 2928 poterat
191 2895 358 2925 satisfacere
386 2895 543 2924 :uifuissct
569 2896 615 2931 qui
637 2900 742 2924 tantam
766 2896 852 2924 lucem

907 2299 972 2326 dum
985 2298 1018 2326 de
1032 2299 1083 2326 hac
1099 2299 1221 2326 editione
1236 2299 1337 2334 cogito,
1358 2300 1384 2326 in
1398 2300 1496 2335 vulgus
1511 2301 1614 2332 emisit,
1642 2305 1699 2328 tum

907 2345 1038 2372 audacter
1060 2344 1160 2372 famam
1177 2345 1238 2380 ejus
1252 2345 1367 2378 arrodit,
1386 2349 1416 2372 ut
1432 2354 1465 2373 ne
1486 2347 1568 2374 tineis
1585 2347 1698 2381 quidem

906 2391 1087 2426 trucibusque
1112 2391 1217 2422 blattis,
1245 2399 1306 2426 qure
1327 2391 1460 2418 damnum
1484 2392 1534 2427 ipsi
1553 2392 1610 2427 jam
1635 2397 1698 2419 ante

907 2445 1043 2465 summum
1060 2435 1218 2469 intulerant;
1235 2437 1415 2465 mordacitate
1430 2438 1518 2465 cedat.
1537 2438 1592 2465 Nec
1606 2443 1699 2466 tamen

906 2484 997 2511 virum
1015 2483 1096 2511 istum
1110 2483 1178 2511 alias
1193 2491 1333 2518 magnum,
1349 2484 1390 2510 vel
1405 2484 1476 2511 hanc
1489 2484 1645 2519 epistolam,
1657 2485 1699 2512 vel

905 2532 966 2558 loca
983 2534 1126 2558 auctorum
1146 2537 1161 2556 a
1177 2530 1279 2564 quibus
1296 2530 1456 2557 testimonia
1473 2530 1568 2563 sumit,
1595 2535 1700 2558 attente

908 2584 1028 2612 unquam
1045 2583 1107 2604 reor
1130 2575 1230 2613 legisse
1246 2579 1272 2602 ct
1291 2576 1376 2610 probe
1388 2577 1570 2608 examinasse,
1588 2576 1635 2603 sed
1657 2576 1699 2602 fu-

908 2630 969 2649 cum
998 2621 1089 2656 potius
1114 2621 1330 2655 simplicioribus
1353 2628 1449 2655 parum
1474 2621 1509 2648 ab
1534 2622 1699 2655 antiquitate

905 2667 1048 2695 instructis
1071 2666 1162 2693 facere
1179 2666 1310 2693 voluisse.
1331 2665 1364 2693 Ut
1381 2667 1454 2693 enim
1476 2667 1586 2694 silentio
1609 2668 1698 2694 invol-

905 2721 966 2740 Vam
983 2712 1079 2739 frivola
1095 2713 1146 2739 ista
1163 2711 1196 2738 de
1214 2712 1299 2738 minio
1313 2712 1407 2745 rubro,
1420 2720 1476 2747 quo
1491 2713 1596 2740 lacunae
1610 2714 1636 2740 in
1650 2722 1697 2741 su-

907 2758 1014 2793 periore
1035 2757 1157 2785 editione
1181 2765 1279 2792 magna
1294 2757 1434 2792 diligentia
1452 2764 1515 2785 sunt
1540 2763 1650 2790 notaue,
1670 2764 1697 2785 ct

906 2813 966 2840 quze
982 2808 1112 2839 praeterea
1126 2803 1160 2830 de
1175 2803 1238 2838 styli
1255 2803 1431 2838 simplicitate
1441 2808 1468 2831 et
1485 2804 1624 2831 incomlita
1635 2805 1696 2838 ejus

907 2851 1077 2878 connexionc
1094 2849 1209 2885 profert,
1227 2853 1256 2876 ut
1279 2850 1442 2883 jamdudum
1465 2851 1515 2884 ipsi
1532 2850 1627 2877 Photio
1645 2852 1695 2876 (Ii)-

908 2902 1016 2927 servala
1034 2907 1037 2911 ·
1061 2897 1176 2932 primum
1195 2896 1382 2932 imprudenter
1400 2897 1466 2925 satis
1490 2898 1696 2925 consarcinaio-
