1893 3101
204 201 239 228 55
767 200 813 226 AD
833 200 861 228 S.
882 200 987 229 CLEMI

1047 199 1092 227 ΕΜ
1113 199 1123 226 Ι
1142 199 1258 226 ΡΑΡΑΜ
1803 201 1840 228 56

203 267 261 288 rem
274 258 396 294 epistolas
421 258 470 293 (ita
482 265 600 293 namque
621 258 681 293 ejus
704 263 803 285 sonant
821 258 992 293 Germanica)
1008 261 1028 289 Α
1046 258 1120 284 bonte
1131 257 1193 292 ﬁdei
1207 257 1367 284 conscientia
1380 257 1420 284 illi
1436 258 1618 286 insanierunt.
1633 257 1671 285 Ita
1687 257 1718 285 Ι).
1730 258 1840 286 Paulus

204 304 290 332 multa
305 304 432 331 omisisse
447 303 495 335 ait,
511 311 572 338 qua:
583 304 634 331 sub
648 303 795 331 Clementis
811 303 927 331 Romani
938 311 990 330 no-

204 351 278 377 mine
303 350 337 377 ab
357 349 419 377 aliis
434 348 564 377 Patribus
580 350 711 382 citentur,
737 350 813 377 velut
833 349 991 385 Hieronymi

204 397 294 423 locum
311 396 338 423 in
351 403 410 429 cap.
439 402 458 422 ιι
480 395 513 422 ad
529 395 661 430 Ephesios
678 405 684 422 :
701 395 822 423 Oceanus
844 402 869 423 et
900 395 992 423 mundi

203 443 249 478 qui
276 447 350 469 trans
375 442 462 476 ipsum
481 447 558 473 sunt;
586 444 614 469 et
638 441 665 470 in
692 446 822 477 quartum
846 441 990 476 ejusdem:

211 488 349 514 Vinculum
364 488 503 514 charitatis
519 487 568 514 Dei
588 488 647 522 quis
661 492 744 522 potest
756 491 991 522 enarrarc?quaSI

205 543 260 562 non
282 538 439 569 utrumque,
455 534 522 561 illud
543 534 648 561 scilicet
679 542 740 569 pag.
757 533 792 561 29
811 534 862 562 sub
890 533 970 561 ﬁnem
982 554 990 566 ,

206 581 257 608 hoc
272 588 333 616 pag.
349 580 384 607 65
405 580 478 607 clare
500 580 654 607 inveniatur
665 582 808 615 scriptum.
826 579 875 608 His
892 580 993 608 subne-

204 627 265 658 ctit,
283 627 366 654 etiam
391 627 590 654 centuriatores
605 626 740 662 Magdeb.,
755 620 890 658 centu'm,
901 626 948 654 lib.
962 626 990 658 2,

206 681 232 702 x.
250 668 413 700 observasse
437 672 504 699 illud
519 671 593 707 quod
607 672 726 700 Basilius
739 672 853 709 Magnus
879 679 940 707 cap.
956 673 992 700 29

205 719 268 745 libri
285 717 323 745 De
337 718 441 752 Spiritu
456 718 485 745 S.
503 725 536 745 ex
559 717 610 745 hoc
633 718 773 746 Clemente
798 719 864 746 citat
885 719 914 746 in
934 719 992 746 haec

204 765 287 791 verba
312 764 444 798 scriptum
458 773 464 791 :
480 763 532 791 Sed
548 768 574 791 et
600 763 719 791 Clemens
736 763 870 791 Romanus
887 773 896 792 :
914 774 922 790 ι
943 765 992 792 Ve-

204 809 254 839 nit,
267 808 360 842 inquit,
379 807 448 834 Deus
462 807 594 835 Dominus
609 807 688 836 Iesus
702 807 823 836 Christus
835 814 860 836 et
875 809 991 838 Spiritus

203 858 323 885 sanctus,
345 863 354 879 ι
372 853 398 880 in
414 861 446 881 ea
461 861 523 889 qua:
537 859 595 881 tum
608 855 734 882 exstabat
747 854 866 882 editione
876 863 930 882 non
943 863 993 890 po-

203 899 291 926 tuisse
315 899 441 934 reperiri.
462 899 569 926 Mallem
597 907 662 928 vero
682 900 840 928 ostenderet
859 900 990 936 aliquam,

204 951 265 978 qme
280 947 336 970 tum
353 944 500 977 exstiterit,
519 944 601 979 hujus
616 946 740 980 epistolae
754 934 914 974 editionem:
936 946 991 981 Ipsi
1005 934 1029 965 Β

203 990 404 1018 centuriatores
419 991 502 1026 paulo
522 996 585 1018 ante
599 991 695 1019 eodem
712 992 759 1019 illo
773 992 882 1027 capite:
896 992 993 1020 Memi-
1012 989 1015 992 ’

203 1041 308 1067 nerunt,
323 1036 460 1072 inquiunt,
474 1037 593 1071 epistola:
604 1037 743 1072 cujusdam
761 1039 819 1069 eius
838 1039 873 1066 ad
898 1039 994 1066 Corin-

204 1081 271 1108 thius
288 1080 417 1115 lrenwus,
443 1081 574 1109 Eusebius
589 1088 613 1109 et
639 1082 829 1117 Hieronymus,
844 1092 903 1118 qua:
917 1084 993 1111 hodie

203 1135 332 1161 nusquam
348 1131 445 1154 exstat.
458 1126 528 1154 Num
542 1135 606 1161 ergo
622 1128 753 1164 deinceps
768 1129 820 1157 sibi
843 1130 912 1165 ipsis
930 1137 994 1157 con-

201 1173 360 1200 tradicunt?
374 1173 433 1200 Non
448 1181 514 1202 sane
527 1184 533 1201 :
549 1175 598 1202 sed
611 1175 690 1210 longe
701 1176 756 1203 illis
771 1184 849 1204 mens
860 1177 914 1204 alia
928 1185 992 1204 ver-

202 1216 245 1243 bis
260 1224 274 1242 a
287 1217 368 1250 paulo
380 1221 444 1244 ante
456 1217 598 1252 productis
616 1228 623 1246 :
641 1218 785 1252 Incertum,
801 1221 888 1253 aiunt,
901 1226 992 1249 utrum

201 1269 234 1287 ex
247 1269 278 1288 ea
294 1261 425 1296 Epistola,
439 1272 473 1290 an
488 1272 520 1290 ex
535 1264 588 1291 alio
612 1265 700 1300 aliquo
725 1266 866 1294 Clementis
882 1269 990 1303 scripto,

202 1308 322 1335 Basilius
353 1309 381 1336 in
402 1309 468 1337 libro
483 1310 520 1338 De
544 1310 648 1346 Spiritu
667 1311 695 1340 S.
709 1321 766 1347 cap.
789 1313 834 1346 29,
857 1314 912 1342 ha'c
935 1323 992 1342 cer—

202 1353 235 1380 ba
252 1354 390 1387 protulerit
418 1356 444 1382 in
478 1358 675 1385 enumeratione
697 1360 907 1387 testimoniorum
942 1361 992 1389 do-

201 1404 304 1426 ctorum
345 1405 458 1427 ueterum
484 1401 516 1428 de
546 1402 696 1436 Trinitate;
728 1405 773 1431 sed
805 1409 831 1432 et
864 1404 983 1434 Clemens

201 1445 240 1473 lto
251 1451 351 1479 u.,etc.
366 1447 405 1474 Ex
418 1447 518 1482 quibus
528 1449 634 1484 paucis,
646 1449 733 1478 amice
745 1450 855 1483 Lector,
865 1451 992 1486 judicare

202 1499 298 1526 posses
313 1500 406 1527 quam,
423 1493 538 1527 scilicet,
558 1495 588 1523 in
599 1495 712 1531 reliquis
722 1497 811 1524 oratio
820 1497 881 1532 ejus
890 1505 992 1525 merea-

201 1544 247 1567 tur
261 1539 351 1572 ﬁdem,
366 1541 489 1576 adeoque
507 1541 580 1576 quod
603 1543 749 1577 proverbio
773 1543 884 1576 dicitur,
897 1545 930 1571 ὲκ
943 1544 990 1571 τοῦ

201 1585 355 1620 κρασπέδου
363 1585 392 1611 τὸ
401 1585 514 1621 ὕφασμα
527 1587 682 1621 γινώσκειν,
692 1588 719 1614 1ιὶ
727 1589 805 1624 longe
815 1589 922 1624 turpius
931 1597 992 1618 sese

202 1631 230 1657 in
246 1632 424 1666 sequentibus
448 1633 525 1660 daret
546 1634 592 1661 ille
617 1634 652 1661 ab
675 1633 818 1662 aﬁectibus
837 1641 990 1664 excmcatus

199 1676 294 1710 judcx.
308 1677 376 1704 Cum
390 1678 498 1712 primis,
513 1679 612 1714 inquit,
624 1680 693 1707 illud
709 1679 743 1707 de
767 1681 894 1716 phumice
914 1689 991 1709 com-

202 1727 324 1749 mentum
341 1724 432 1758 prodit
447 1729 586 1752 auctorem
604 1726 687 1760 hujus
701 1726 834 1761 epistola,
858 1735 913 1754 non
928 1735 990 1755 esse

202 1775 264 1794 eum
287 1769 442 1803 adjutorem
460 1770 488 1797 S.
502 1770 640 1802 Pauli,ad
649 1771 839 1808 Philippenses
861 1783 898 1805 ιν,
917 1774 990 1808 quod

202 1820 266 1848 pag.
279 1813 313 1840 54
326 1818 353 1841 et
364 1814 399 1842 55
419 1821 461 1842 est
478 1815 607 1850 reperire.
624 1815 677 1843 Ubi
689 1817 816 1845 Clemens
836 1818 881 1845 ille
895 1826 991 1853 perso—

202 1864 284 1887 natus
312 1861 333 1887 it
361 1861 508 1896 probatum
535 1862 618 1898 (quod
641 1864 753 1892 minime
768 1873 862 1892 verum
878 1866 931 1902 est)
946 1873 991 1894 re-

202 1907 400 1934 surrectionem
417 1908 509 1937 carnis
523 1909 649 1943 quotidie
668 1910 738 1942 ﬁeri,
755 1911 990 1946 quemadmodum

202 1959 255 1978 nox
271 1953 364 1984 cubat,
378 1954 502 1988 exsurgit
520 1953 590 1986 dies,
604 1955 661 1982 abit
678 1956 748 1988 dies,
770 1964 825 1984 nox
840 1957 942 1992 ingruit
964 1962 991 1986 et

203 1998 368 2032 insequitur,
385 2002 437 2026 etc.
453 1999 504 2026 Hic
516 2000 653 2035 principio
664 2009 719 2029 non
735 2006 882 2030 contentus
897 2011 991 2031 vocem

203 2045 302 2076 carnis,
318 2052 378 2079 qure
396 2053 532 2080 nusquam
544 2047 571 2073 in
589 2051 718 2075 contextu
734 2053 886 2084 comparet,
901 2057 992 2078 causte

204 2097 261 2117 sua:
276 2090 423 2124 probanda:
438 2091 536 2125 gratia,
550 2091 720 2125 inseruisse;
736 2097 866 2127 praeterea
892 2102 991 2130 magna

204 2135 305 2162 iterum
320 2142 382 2162 cum
401 2135 570 2171 impudentia
585 2137 722 2166 haereseos
736 2146 798 2166 eum
820 2140 902 2167 audet
924 2141 992 2168 insi—

203 2181 327 2212 mulare,
362 2181 441 2216 quasi
470 2181 550 2209 aliine
584 2183 725 2218 quippiam
751 2184 869 2212 senserit
904 2186 992 2213 errori

204 2226 344 2260 Hymenaei
372 2232 398 2253 et
423 2226 530 2259 Philcti,
558 2236 676 2263 quorum
701 2229 799 2264 dogma
819 2229 871 2257 hoc
896 2230 989 2264 fuerit,

1041 303 1097 337 jam
1110 307 1173 330 ante
1194 307 1260 329 satae
1279 302 1365 337 frugis
1378 307 1541 338 argumento
1557 304 1790 331 resurrectionem
1810 305 1840 330 in

1042 347 1133 382 priore
1154 354 1203 374 sua
1219 346 1253 373 ad
1273 346 1431 374 Corinthios
1446 347 1579 382 Epistola,
1599 354 1661 382 cap.
1679 356 1725 380 xv,
1741 349 1839 375 evice-

1042 396 1094 426 rat,
1111 396 1281 428 utunturque
1303 392 1398 420 eadem
1422 392 1558 428 probandi
1570 393 1678 421 ratione
1694 398 1734 421 tot
1753 394 1842 421 dein-

1042 446 1107 474 ceps
1120 438 1295 474 sequentium
1320 438 1485 466 sazculorum
1510 438 1617 467 Patres.
1641 438 1710 466 Cum
1736 440 1841 474 primis

1042 482 1089 512 illa
1122 488 1230 512 natura:
1257 484 1420 512 dormientis
1455 489 1482 513 et
1512 486 1683 521 resurgentis
1706 486 1840 522 exempla

1044 529 1205 566 Septimiani
1220 531 1283 567 styli
1297 531 1438 568 diligentia
1453 532 1594 568 ingeniose
1615 533 1765 560 admodum
1787 541 1841 560 au-

1043 581 1087 613 get
1098 581 1126 605 ct
1142 577 1273 609 illustrat,
1292 577 1372 612 plane
1390 585 1422 604 ac
1438 578 1462 606 si
1475 578 1548 605 hunc
1569 578 1658 614 ipsum
1683 578 1841 607 Clementis

1043 624 1132 651 locum
1157 623 1191 651 de
1207 623 1343 651 industria
1368 624 1420 651 sibi
1442 625 1606 659 sumpsisset
1629 625 1838 654 exornandum.

1042 671 1146 705 Aspice,
1163 671 1261 706 inquit,
1275 671 1310 698 ad
1323 672 1379 705 ipsa
1394 679 1495 707 quoque
1520 672 1639 706 exempla
1651 672 1748 700 divinae
1761 677 1841 707 pote-

1042 717 1130 744 statis.
1148 716 1208 744 Dies
1225 717 1337 743 moritur
1351 717 1378 743 in
1392 722 1504 748 noctem,
1519 723 1544 744 et
1557 717 1668 745 tenebris
1683 726 1841 753 usquequa-

1041 771 1090 798 que
1097 763 1230 798 sepelitur.
1241 762 1404 790 Funestatur
1412 764 1503 790 mundi
1510 767 1605 796 nonor,
1615 764 1699 791 omnis
1707 764 1842 791 substan-

1043 809 1080 836 tia
1093 809 1257 844 denigratur.
1273 809 1397 842 Sordent,
1411 810 1501 842 silent,
1518 815 1622 844 stupent
1643 817 1741 838 cuncta
1753 819 1762 838 :
1775 812 1841 839 ubi-

1042 862 1091 889 que
1100 854 1236 888 justitium
1252 859 1301 883 est.
1319 853 1364 881 Ita
1384 854 1431 881 lux
1453 855 1554 882 amissa
1569 855 1683 890 lugetur,
1699 861 1726 883 et
1746 861 1840 884 tamen

1042 908 1135 928 rursus
1150 908 1211 927 cum
1227 908 1275 927 suo
1288 901 1373 933 cultu,
1386 909 1445 927 cum
1462 901 1534 933 dote,
1547 909 1607 928 cum
1625 902 1691 934 sole,
1703 902 1799 929 eadem
1814 908 1840 930 et

1043 947 1145 981 integra
1158 949 1184 973 et
1200 950 1257 973 tota
1272 947 1394 973 universo
1417 947 1474 974 orbi
1494 947 1644 979 reviviscit;
1669 948 1839 983 interﬁciens

1044 996 1155 1019 mortem
1169 1000 1256 1024 suam,
1270 996 1383 1024 noctem,
1399 992 1548 1020 rescindens
1564 993 1727 1028 sepulturam
1744 1003 1838 1026 suam,

1044 1037 1182 1069 tenebras;
1195 1037 1277 1064 haeres
1290 1037 1394 1064 sibimet
1407 1038 1533 1068 existens.
1549 1037 1640 1065 ’donec
1651 1044 1676 1065 et
1691 1047 1745 1065 nos;
1767 1040 1839 1066 reui-

1042 1084 1135 1114 viscat.
1151 1091 1211 1110 cum
1225 1091 1273 1110 suo
1289 1083 1336 1110 illo
1353 1088 1486 1119 suggestu.
1506 1082 1743 1111 Redaccenduntur
1764 1085 1839 1111 enim

1042 1133 1067 1156 et
1078 1129 1217 1156 stellarum
1231 1129 1312 1162 radii,
1326 1138 1391 1165 quos
1406 1130 1538 1156 matutina
1553 1130 1688 1157 succensio
1699 1131 1840 1158 exstinxe-

1042 1179 1095 1205 rat,
1109 1174 1270 1202 reducuntur
1286 1179 1311 1202 et
1323 1175 1440 1202 siderum
1452 1174 1589 1206 absentiae,
1599 1182 1666 1209 quas
1677 1175 1838 1209 temporalis

1042 1220 1178 1247 distinctio
1199 1225 1347 1252 exemerat;
1376 1218 1553 1247 redornantur
1571 1223 1596 1246 et
1620 1221 1727 1254 specula
1749 1220 1835 1252 luntz,

1041 1275 1100 1301 quis
1131 1270 1282 1294 menstruus
1311 1274 1435 1293 numerus
1471 1266 1629 1298 attriverat;
1665 1266 1838 1294 revolvuntur

1042 1313 1139 1340 hiemes
1147 1317 1172 1340 et
1183 1317 1301 1345 aestates,
1314 1320 1393 1339 verna
1405 1317 1430 1339 et
1441 1315 1581 1344 autumno,
1595 1311 1649 1338 suis
1662 1311 1774 1344 viribus,
1783 1320 1839 1339 mo-

1041 1358 1128 1390 ribus,
1144 1358 1284 1393 fructibus.
1301 1357 1333 1385 Et
1347 1358 1428 1392 paulo
1441 1361 1504 1392 post
1518 1357 1552 1384 de
1569 1357 1720 1392 phmnice:
1738 1357 1771 1385 Si
1787 1366 1838 1392 pa-

1041 1412 1101 1431 rum
1115 1404 1273 1432 universitas
1289 1404 1508 1431 resurrectionem
1521 1404 1638 1438 ﬁgurat;
1651 1404 1674 1430 si
1689 1403 1757 1430 nihil
1783 1404 1837 1431 tale

1042 1450 1158 1478 conditio
1182 1451 1280 1486 signat,
1306 1450 1369 1485 quia
1391 1449 1498 1485 singula
1519 1449 1575 1484 ejus
1597 1457 1649 1476 non
1673 1454 1728 1476 tam
1752 1451 1837 1477 moris

1041 1505 1120 1533 quam
1134 1496 1252 1524 desinere
1269 1496 1414 1528 dicantur;
1432 1504 1477 1523 nec
1497 1495 1672 1527 redanimari,
1687 1495 1732 1522 sed
1748 1496 1837 1530 refor-

1043 1544 1112 1570 mari
1122 1544 1315 1575 existimentur,
1327 1542 1415 1577 accipe
1424 1542 1608 1576 plenissimum
1619 1546 1696 1577 atque
1707 1542 1836 1576 ﬁrmissi-

1043 1597 1115 1615 mum
1126 1588 1204 1623 hujus
1217 1588 1271 1622 spei
1287 1588 1427 1622 specimen.
1438 1587 1572 1623 Siquidem
1583 1587 1709 1614 animalis
1733 1592 1775 1614 est
1795 1596 1836 1614 res

1042 1639 1068 1662 et
1080 1635 1141 1661 uittz
1163 1633 1278 1661 obnoxia
1291 1638 1316 1661 et
1330 1634 1429 1665 morti;
1445 1633 1522 1660 illum
1535 1633 1594 1660 dico
1610 1633 1700 1660 alitem
1717 1633 1835 1660 Orientis

1042 1680 1212 1715 peculiarem,
1231 1679 1262 1707 de
1281 1679 1468 1714 singularitate
1477 1679 1620 1714 famosum,
1633 1678 1665 1705 de
1678 1679 1835 1712 posteritate

1042 1731 1251 1758 monstruosum,
1277 1726 1322 1761 qui
1336 1726 1505 1760 semetipsum
1519 1724 1636 1751 lubenter
1647 1724 1777 1758 funerans
1792 1732 1833 1750 re-

1042 1776 1131 1805 novat,
1146 1772 1233 1799 natali
1247 1771 1300 1806 [ine
1318 1770 1445 1798 decedens
1462 1775 1540 1805 atque
1554 1769 1717 1800 succedens;
1738 1769 1835 1795 iterum

1039 1818 1155 1852 phoenix,
1170 1818 1215 1845 ubi
1234 1818 1295 1852 jam
1309 1824 1402 1848 nemo;
1421 1817 1516 1843 iterum
1536 1817 1599 1850 ipse,
1620 1816 1666 1851 qui
1690 1823 1743 1842 non
1754 1814 1833 1849 jam;

1043 1864 1113 1891 alius
1129 1864 1208 1891 idem.
1227 1863 1299 1897 Quid
1316 1863 1468 1898 expressius
1483 1867 1560 1897 atque
1577 1862 1709 1896 signatius
1723 1861 1752 1887 in
1766 1860 1835 1887 hanc

1043 1911 1170 1937 causam?
1197 1913 1244 1936 aut
1265 1909 1308 1936 cui
1337 1908 1385 1935 alii
1407 1908 1445 1935 rei
1465 1907 1518 1935 tale
1539 1907 1748 1934 documentum?
1762 1905 1834 1932 Deus

1042 1956 1122 1983 etiam
1135 1955 1279 1990 Scripturis
1291 1955 1346 1982 suis
1359 1962 1368 1981 :
1384 1963 1393 1980 ι
1412 1953 1446 1980 Ει
1458 1953 1562 1988 ﬂorebit
1577 1953 1658 1984 enim,
1677 1952 1777 1987 inquit,
1791 1961 1833 1978 uc-

1044 2003 1082 2029 lut
1103 2002 1223 2036 phoenix;
1238 2010 1248 2026 ι
1264 2000 1291 2027 id
1303 2005 1341 2028 est
1357 2001 1390 2027 de
1405 2005 1499 2033 morte,
1514 1999 1546 2025 de
1560 1999 1667 2033 funere;
1683 1998 1723 2024 uti
1738 1997 1831 2025 credas

1043 2048 1075 2075 de
1085 2047 1188 2082 ignibus
1204 2054 1303 2082 quoque
1314 2046 1492 2073 substantiam
1514 2045 1630 2080 corporis
1650 2044 1720 2079 exigi
1745 2052 1831 2078 posse.

1044 2093 1138 2121 Multis
1151 2092 1302 2128 passeribus
1314 2101 1362 2120 nos
1376 2092 1506 2120 antistare
1531 2091 1661 2118 Domitius
1673 2091 1832 2124 pronuntia-

1044 2139 1079 2166 uit
1087 2146 1097 2169 ;
1112 2138 1135 2164 si
1147 2146 1198 2165 non
1207 2136 1477 2172 etphtenicibus,nihil
1505 2143 1639 2170 magnum.
1650 2134 1703 2162 Sed
1715 2134 1832 2161 homines

1044 2184 1123 2211 semel
1137 2183 1291 2215 interibunt,
1308 2182 1398 2209 auibus
1411 2181 1519 2210 Arabio:
1531 2181 1562 2208 de
1583 2181 1775 2208 resurrectione
1792 2189 1832 2207 se-

1045 2231 1134 2258 curis?
1147 2229 1193 2257 Sic
1213 2237 1295 2264 quam
1310 2228 1514 2263 elegantissime
1531 2225 1714 2254 Tertullianus
1731 2227 1832 2254 saeculo

203 2271 277 2307 quod
290 2273 520 2300 resurrectionem
535 2274 631 2302 eodem
648 2275 739 2306 modo,
760 2275 991 2310 quemadmodum
1008 2281 1030 2310 ι)
1043 2279 1105 2311 post
1120 2280 1215 2302 natum
1230 2274 1371 2302 Christum
1387 2274 1480 2305 tertio,
1493 2273 1557 2301 libri
1568 2273 1607 2300 De
1618 2277 1760 2300 resurrect.
1773 2281 1834 2299 ear-

204 2318 248 2345 hit:
267 2318 394 2346 Clemens
415 2319 597 2353 explicarint;
616 2328 724 2355 nempe,
748 2329 832 2349 unum
852 2322 992 2350 hominem

203 2364 306 2398 perire,
323 2365 440 2393 alterum
465 2366 528 2392 huic
541 2367 658 2393 similem
674 2368 798 2400 renasci;
814 2368 895 2403 idque
905 2369 940 2396 ad
960 2369 994 2396 li-

204 2418 267 2437 nem
283 2420 372 2446 usquc
387 2412 480 2439 mundi
495 2412 667 2440 duraturum.
689 2413 775 2440 Sicuti
798 2414 842 2440 hic
862 2414 993 2442 Clemens

167 2448 176 2459 ν
205 2463 322 2490 asserat,
342 2459 453 2493 quando
464 2464 594 2494 parentes
614 2460 714 2487 liberos
728 2460 854 2494 gignunt,
876 2461 928 2487 hoc
944 2469 993 2488 vo-

205 2504 263 2530 cari
295 2505 527 2532 resurrectionem
552 2511 736 2532 mortuorum.
762 2503 909 2531 Pervolvas
929 2513 994 2533 vero

204 2554 302 2580 totam.
319 2557 423 2584 quasso,
440 2550 759 2585 cpistolam,videasquc
784 2558 849 2577 num
869 2551 912 2578 vel
930 2559 994 2578 sen-

205 2603 267 2622 sum
279 2596 378 2627 solum.
394 2604 428 2624 ne
451 2596 539 2623 dicam
560 2597 642 2623 verba
657 2600 806 2630 postrema,
821 2597 919 2624 exinde
934 2605 995 2632 pos-

206 2640 246 2667 sis
258 2641 429 2676 exsculpere.
446 2642 661 2677 Argumentatur
674 2641 802 2669 Clemens
816 2641 869 2668 hoc
885 2643 966 2670 modo
984 2652 991 2671 :

207 2685 235 2713 Si
249 2687 321 2714 diem
338 2692 504 2723 noctemque
519 2688 631 2715 videant
651 2688 727 2714 abire
737 2692 764 2714 et
782 2687 888 2720 redire;
903 2688 925 2714 si
951 2697 994 2716 sc-

205 2733 281 2760 mina
297 2733 324 2760 in
340 2737 441 2761 terram
463 2735 538 2769 jacta
561 2738 794 2768 computrescere,
811 2737 838 2761 et
856 2734 994 2762 nihilomi-

206 2787 259 2807 nus
271 2780 369 2808 deinde
381 2780 489 2808 fructus
502 2781 574 2808 ferre
588 2791 594 2808 :
609 2781 632 2808 si
649 2781 802 2815 phmniccm
825 2781 938 2808 credant
956 2789 996 2809 se-

206 2827 303 2861 pulcro
319 2827 370 2854 sibi
383 2831 525 2854 exstructo
541 2826 608 2854 mori
621 2831 648 2854 et
664 2834 698 2853 ex
714 2827 805 2861 seipso
817 2827 922 2854 renasci
936 2836 942 2860 ;
960 2835 994 2854 an

207 2881 330 2907 magnum
344 2878 369 2900 et
384 2873 504 2900 mirabile
511 2874 546 2899 sit
561 2873 728 2905 censendum,
741 2873 765 2900 si
778 2881 865 2899 rerum
879 2874 996 2900 omnium

207 2919 305 2954 opifex,
325 2923 353 2946 ut
371 2919 428 2955 ipsc
441 2919 572 2954 loquitur,
587 2927 721 2954 resurgere
742 2928 784 2946 eos
797 2918 891 2953 faciat,
907 2921 951 2954 qui
966 2919 995 2946 in

1044 2322 1085 2348 nis
1098 2329 1159 2356 cap.
1173 2320 1206 2347 l2
1217 2324 1245 2348 et
1255 2320 1299 2353 15,
1313 2327 1347 2347 ne
1363 2320 1452 2347 solum
1463 2320 1631 2347 Clementem
1642 2319 1779 2353 ejusmodi
1793 2326 1832 2345 ar-

1044 2366 1184 2402 gumentis
1213 2374 1296 2393 usum
1318 2366 1470 2393 existimes.
1496 2365 1566 2393 Nam
1592 2368 1618 2392 et
1647 2364 1830 2399 Epiphanius,

1044 2412 1213 2440 Constantia
1226 2411 1308 2447 Cypri
1323 2411 1480 2446 cpiscopus,
1494 2413 1523 2438 in
1536 2411 1672 2438 Ancorato
1698 2418 1751 2437 suo
1777 2411 1832 2437 sive

1045 2459 1106 2486 ﬁdei
1129 2458 1293 2486 Christianae
1310 2457 1492 2492 expositione,
1519 2461 1546 2484 et
1566 2456 1685 2492 Cyrillns
1704 2455 1832 2483 Hieroso-

1045 2505 1204 2540 lymitanus,
1215 2503 1349 2531 Catechesi
1359 2510 1438 2535 xvnt,
1446 2506 1503 2530 tum
1511 2501 1674 2530 Dracontius
1686 2502 1714 2528 in
1725 2501 1831 2529 Hexae-

1045 2558 1116 2585 merq
1143 2550 1171 2576 in
1189 2549 1312 2576 eamdem
1337 2549 1464 2576 scribunt
1494 2548 1670 2580 sententiam,
1699 2552 1729 2575 ut
1763 2549 1831 2576 alios

1045 2598 1169 2624 omittam
1183 2596 1230 2631 qui
1242 2596 1275 2623 dc
1287 2596 1413 2630 phmnice
1425 2599 1555 2631 tanquam
1569 2594 1781 2622 resurrectionis
1796 2595 1831 2622 si-

1045 2649 1099 2676 gno
1119 2641 1297 2676 singulariter
1322 2641 1484 2676 loquuntur.
1505 2639 1544 2668 De
1561 2647 1594 2667 ea
1614 2647 1733 2674 namque
1743 2639 1771 2666 in
1786 2647 1831 2667 ore

1045 2689 1109 2716 olim
1123 2692 1207 2723 atque
1225 2687 1252 2715 in
1267 2695 1396 2715 sermone
1418 2687 1541 2714 omnium
1560 2690 1619 2714 erat
1635 2685 1728 2713 fabula
1749 2696 1756 2713 :
1770 2685 1830 2712 1am

1047 2736 1080 2763 ad
1096 2744 1174 2763 aures
1189 2735 1334 2762 multorum
1350 2735 1467 2770 pervenit
1491 2735 1651 2762 credentium
1665 2738 1689 2760 et
1704 2742 1757 2760 non
1778 2741 1830 2760 crc-

1046 2782 1173 2814 dentium,
1188 2781 1277 2816 inquit
1291 2780 1461 2816 Epiphanius
1476 2780 1550 2808 dicto
1563 2780 1642 2812 loco;
1657 2779 1730 2806 unde
1743 2783 1829 2806 ettam

1047 2827 1176 2862 frequens
1197 2827 1258 2861 ejus
1271 2834 1334 2854 cum
1349 2826 1421 2861 apud
1445 2826 1570 2860 gentiles,
1584 2829 1642 2852 tum
1655 2824 1827 2852 Christianos

1047 2873 1160 2904 mentio,
1186 2873 1250 2900 licet
1268 2873 1295 2899 in
1320 2873 1430 2900 illorum
1451 2871 1656 2899 narrationibus
1677 2877 1733 2896 non
1751 2877 1828 2905 parva

1048 2919 1204 2955 reperiatur
1215 2919 1341 2948 varietas.
1355 2919 1485 2947 Videntur
1501 2918 1600 2953 exiliis
1615 2916 1774 2946 Herodotus
1785 2915 1826 2945 lib.
