1893 3101
67 190 94 218 57
663 192 833 220 PROOEMIA
855 190 1046 220 VARIORUll.
1641 197 1675 225 58

43 264 46 268 -
68 260 92 282 ιι,
106 258 158 286 sap.
174 249 324 282 75;0vid.,
350 258 386 276 xv
408 249 584 283 Metamorph.
599 257 669 277 vers.
689 251 758 282 592;
781 250 834 277 Pli—
851 251 874 279 Α
888 257 983 276 ansam
1004 258 1018 276 a
1039 249 1158 277 Patricio
1173 249 1365 283 dissentiendi,
1380 254 1519 286 totamque
1531 251 1676 286 epistolam

67 298 129 329 nius,
144 296 187 323 lib.
200 304 217 322 ι
233 295 336 323 Hister.
349 296 481 324 naturalis
495 304 555 331 cap.
579 295 611 329 2;
629 295 767 330 Mcla,_lib.
784 304 833 329 in;

68 343 161 370 Solinus
172 341 313 377 Polyhist.,
329 349 390 377 cap.
401 350 475 375 XLVI;
493 342 629 369 Aristides
644 342 672 369 in
691 342 834 369 Palinodia

67 389 91 415 de
99 388 202 423 Smyrna
218 392 379 422 restaurata,
390 392 457 416 tom.
468 388 730 423 l,p.470;/Elianus
752 388 834 415 tib.vt

69 433 281 466 Histor.animal..
293 441 354 469 cap.
365 434 410 467 58;
421 434 570 466 Lucianus,
583 434 695 470 Dialego
710 435 774 470 περὶ
787 434 834 460 τοῦ

66 480 208 515 Περεγρίνου
216 479 542 514 τελευτῆς;01;ιυάἱθηιις,
550 479 683 515 Eidyllion
690 480 786 516 primo.
795 479 835 507 εκ

66 526 210 553 Christianis
224 533 300 558 vero.
320 534 375 553 una
390 534 452 554 cum
473 526 603 562 superius
624 527 793 558 memoratis,
808 531 835 554 et

66 580 122 607 quos
144 571 317 599 doctissimus
345 571 479 600 Weitzius
507 573 541 600 ad
567 572 756 605 Dracontium,
786 572 835 599 Ju-

67 619 165 652 niusque
176 618 202 645 in
215 618 287 646 notis
303 618 368 646 huic
385 619 509 653 epistola:
525 618 658 653 subjectis
682 619 760 650 citat,
780 618 835 645 Eu-

66 664 151 695 sebius,
174 672 198 690 Iv
213 664 250 691 De
262 665 317 691 vita
338 664 519 697 Constantini,
540 672 602 699 cap.
620 664 663 696 7‘2,
689 664 789 692 Suidas
806 664 833 691 in

65 709 146 741 Φοῖνιξ.
161 709 218 737 Non
242 717 310 745 ergo
322 710 425 737 mirum
440 714 510 743 erat,
528 711 551 738 si
567 711 771 738 Christianismi
784 711 834 739 do—

65 759 140 782 ctorcs
157 755 188 782 ad
211 763 268 783 rem
285 756 367 791 vulgo
382 756 514 783 creditam
533 760 732 792 provocarent;
746 765 829 792 quan-

65 801 189 835 doquidem
198 804 223 828 et
235 801 285 828 Dio
296 809 422 830 asserere
439 802 521 829 audet
536 803 582 830 lib.
593 811 672 835 LVIII,
686 802 769 830 Sexto
782 803 834 831 Pa-

65 846 124 880 pinio
136 851 160 874 et
173 847 204 879 Q.
217 847 326 875 Plautio
344 855 417 875 coss.
434 849 517 883 paulo
527 853 591 876 ante
602 849 704 877 Tiberii
726 850 832 878 obitum

64 892 85 918 in
105 891 212 928 [Egypto
231 893 389 928 phoenicem
412 895 584 929 apparuisse,
614 895 641 922 id
659 896 732 930 quod
747 896 829 923 etiam

64 938 150 966 Plinius
165 944 314 966 memorato
327 939 388 967 loco
397 948 429 968 ex
440 940 569 968 Cornelio
580 941 726 969 Valeriano
737 942 830 969 refert.

63 981 156 1010 Tacitus
167 991 238 1016 vero,
253 993 281 1012 vi
293 984 457 1019 Annal.,28,
477 987 549 1014 idem
567 987 600 1014 ad
612 985 690 1014 Pauli
703 987 791 1019 Fabii,
806 991 834 1015 et

64 1028 87 1056 L.
109 1028 200 1057 Vitellii
227 1035 355 1066 tempora
383 1031 501 1065 reducit,
530 1040 646 1067 quorum
671 1034 833 1061 consulatus

62 1075 123 1109 juxta
134 1075 262 1111 Onuphrii
285 1076 384 1104 Fastos
397 1078 427 1104 in
441 1085 544 1105 annum
562 1077 595 1105 U.
612 1078 642 1106 C.
659 1087 831 1112 DCCLxsxvu,

63 1121 148 1148 Christi
171 1123 205 1150 55
232 1123 330 1150 incidit
350 1133 357 1151 :
382 1132 444 1159 qua:
470 1124 543 1152 fama
570 1126 658 1153 nostri
682 1126 831 1154 Clementis

63 1170 167 1202 tempore
181 1167 269 1195 adhuc
295 1173 357 1196 erat
374 1177 482 1202 recens,
495 1174 590 1205 utpote
603 1171 650 1206 qui
663 1171 741 1204 juxta
757 1171 831 1199 Ana-

62 1214 157 1240 stasium
171 1214 413 1242 Bibliothecarium
431 1223 505 1244 anno
531 1217 592 1251 ejus
608 1218 701 1244 saeculi
720 1218 765 1250 95,
785 1227 831 1246 se-

62 1258 162 1285 cundum
188 1259 257 1287 alios
286 1268 354 1287 vero
378 1261 472 1295 citius,
502 1263 675 1297 episcopatui
707 1263 832 1292 Romano

62 1312 160 1338 preesse
180 1307 273 1341 coepit.
293 1306 366 1341 Quid
387 1307 460 1343 quod
486 1307 659 1338 Christianos
686 1310 740 1337 illis
764 1314 832 1338 tem-

61 1351 154 1384 paribus
168 1353 320 1386 plimnicem
335 1354 551 1382 resurrectionis
568 1357 722 1392 symbolum
734 1365 832 1386 creme-

61 1398 180 1426 tx'rialibus
192 1399 303 1427 tumulis
319 1400 391 1427 inter
406 1400 458 1427 alia
470 1401 659 1436 insculpsisse,
672 1411 706 1430 ex
721 1404 754 1431 Β.
770 1404 830 1431 σω-

60 1441 116 1469 ςὶιίω
131 1444 198 1470 Actis
217 1443 310 1472 disras
328 1454 335 1472 :
351 1454 412 1480 quas
436 1447 555 1481 idipsum
578 1447 610 1476 Β.
631 1448 741 1476 Maximi
759 1457 832 1476 mar-

43 1520 50 1526 ,
61 1489 115 1523 tyris
124 1491 290 1526 sarcophago
307 1493 417 1520 curavit
433 1493 656 1529 insculpendum.
673 1495 762 1524 Verba
777 1497 831 1523 Ac-

60 1540 140 1567 torum,
154 1541 181 1564 ut
192 1545 223 1565 ex
236 1537 300 1566 cod.
316 1546 370 1567 ms.
393 1538 482 1567 Vatic.
499 1539 597 1568 Vallic.
621 1542 649 1569 in
673 1542 759 1570 Roma
769 1545 832 1570 sub-

889 295 1047 329 rcjiciendi;
1070 303 1133 322 cum
1145 303 1195 322 nec
1210 294 1361 328 Scultctus,
1371 303 1422 323 nec
1433 296 1534 328 Cocus,
1549 304 1672 331 unquam

886 342 1022 374 eamdem,
1038 347 1068 369 ut
1081 342 1202 369 nondum
1222 350 1238 369 a
1248 342 1367 370 Patricio
1381 342 1449 370 forte
1460 343 1557 374 visam,
1573 343 1676 370 nedum

885 388 1050 422 evulgatam,
1064 388 1192 421 viderint,
1203 388 1328 423 adeoque
1343 388 1377 415 de
1391 396 1421 415 re
1433 388 1523 424 ignota
1537 387 1674 422 judicium

886 441 966 460 suum
978 442 1032 460 nou
1045 435 1185 468 potuerint
1198 435 1383 470 interponere.
1400 434 1515 469 lpsemet
1526 435 1579 461 hoc
1591 437 1675 462 testa-

886 483 931 506 tur
942 479 1113 507 Abrahamus
1127 479 1276 510 Scultetus.
1293 481 1431 516 quondam
1454 480 1596 515 professor
1610 480 1675 508 Hei-

886 526 1074 561 delbergensis
1100 527 1226 554 Medulla:
1253 533 1309 555 sua:
1324 529 1346 544 ’³
1365 536 1426 563 pag.
1441 528 1490 556 571
1509 532 1537 555 et
1552 529 1615 560 579,
1639 528 1675 557 de

886 573 968 608 hujus
983 574 1130 602 Clementis
1148 575 1258 609 scriptis
1273 578 1344 602 Inter
1369 575 1422 602 alia
1446 575 1573 611 inquiens
1587 585 1593 603 :
1608 575 1673 610 Epi-

885 620 981 646 stolam
1006 618 1049 646 hi5
1065 620 1198 655 quondam
1216 619 1250 647 ad
1279 620 1431 648 Corinthios
1457 622 1573 656 scripsit,
1597 621 1672 656 cujus

885 667 1003 692 meminit
1021 666 1163 702 Dionysius
1180 666 1336 695 Corinthius
1355 668 1426 702 apud
1448 667 1543 695 Euseb.
1560 666 1617 700 (lib.
1633 676 1670 700 Iv,

885 719 945 746 cap.
957 712 1009 746 25;
1027 713 1074 740 lib.
1084 721 1126 745 lit,
1137 721 1198 748 cap.
1209 713 1264 748 38.)
1278 714 1360 741 Periit
1369 714 1475 742 celebris
1483 713 1534 740 ista
1542 713 1652 748 cpistola
1663 732 1671 744 ,

884 758 929 785 sed
945 759 972 785 in
984 759 1070 785 locum
1085 759 1143 793 ejus
1165 759 1316 786 substituto:
1327 763 1389 786 sunt
1405 759 1517 794 quinque
1545 758 1618 790 alim,
1647 762 1672 785 et

884 804 1094 839 Recognitionum
1106 806 1168 833 libri
1178 805 1277 837 decem,
1290 807 1336 841 qui
1356 805 1433 832 hodie
1456 804 1598 832 Clementis
1621 813 1670 831 no-

885 852 953 878 mine
972 851 1205 886 circumferuntur.
1235 851 1362 885 Epistolw
1384 855 1489 878 exstant
1501 856 1571 878 tanto
1586 851 1672 885 primo

882 895 1138 931 Conciliorum,qmr
1150 897 1262 931 singulis
1273 897 1327 931 fere
1340 897 1416 924 lineis
1429 897 1587 924 Clementem
1598 896 1674 923 artut-

885 943 997 969 terinum
1013 942 1164 976 loquuntur.
1196 941 1361 969 Earumdem
1387 943 1510 977 quinque
1526 941 1670 969 Clementi-

885 997 990 1022 narnm,
1008 997 1069 1024 quae
1092 988 1241 1016 Decretales
1269 989 1361 1024 vulgo,
1378 996 1435 1015 non
1451 996 1515 1016 vero
1530 989 1612 1023 hujus
1638 989 1673 1016 ad

883 1035 1170 1067 Corinthios.esamen
1181 1035 1299 1062 instituit
1310 1034 1448 1062 Robertus
1463 1035 1553 1062 Cocus
1568 1033 1673 1070 Anglus

885 1081 912 1107 in
936 1088 986 1108 sua
998 1079 1116 1107 Censura
1126 1080 1149 1095 “
1167 1087 1227 1115 pag.
1245 1080 1277 1107 41
1296 1085 1321 1107 et
1339 1086 1415 1114 seqq.
1433 1079 1593 1106 Blondcllus
1607 1079 1672 1106 item

884 1136 1017 1172 singulari
1031 1135 1103 1163 libro
1121 1135 1253 1163 adversus
1269 1134 1369 1163 lsidori
1388 1134 1549 1162 Mercatoris
1564 1135 1674 1170 ﬁgmen-

884 1187 922 1215 ta,
939 1182 1055 1210 Genevm
1081 1189 1126 1209 an.
1152 1182 1255 1209 Christi
1287 1181 1357 1208 i628
1381 1189 1501 1214 excuso,
1525 1181 1572 1208 ubi
1591 1180 1674 1208 simul

883 1228 1005 1255 ostendit
1023 1236 1056 1255 ex
1072 1228 1173 1263 quibus
1201 1227 1365 1255 centonibus
1375 1235 1414 1254 ere
1433 1231 1555 1254 consutae
1570 1227 1674 1255 fuerint

883 1280 910 1303 et
922 1275 1063 1303 confectas.
1086 1275 1195 1307 Quanto
1210 1282 1274 1301 vero
1289 1274 1316 1301 in
1332 1275 1419 1309 pretio
1433 1274 1504 1301 hanc
1518 1273 1606 1308 ipsam
1621 1274 1674 1302 ha-

883 1321 973 1348 bucrit
998 1320 1156 1355 Epistolam,
1185 1320 1315 1355 Apologia
1343 1320 1403 1354 ejus
1431 1319 1589 1355 pererudita
1618 1327 1667 1354 pro

884 1367 1039 1402 Hieronymi
1047 1366 1174 1393 sententia
1183 1365 1215 1393 de
1229 1365 1549 1400 cpiscopisetpresbyteris
1563 1365 1672 1400 probat.

885 1414 913 1441 in
924 1420 978 1448 qua
994 1421 1048 1440 non
1061 1417 1173 1440 veretur
1184 1411 1213 1438 Β.
1224 1411 1314 1439 Patris
1327 1412 1492 1439 sententiam
1505 1411 1672 1439 testimoniis

882 1467 914 1486 ex
929 1466 960 1486 ea
980 1458 1131 1492 desumptis
1153 1456 1316 1484 continuare
1339 1461 1366 1484 et
1382 1464 1515 1485 asserere.
1536 1455 1671 1489 Quemad-

883 1504 993 1532 modum
1010 1504 1092 1530 etiam
1116 1511 1149 1530 ex
1164 1502 1262 1530 Voetio
1285 1506 1313 1529 ct
1327 1501 1435 1534 Riveto,
1448 1502 1496 1537 qui
1514 1509 1577 1528 cum
1590 1501 1670 1528 Blon-

882 1549 953 1576 dello
967 1556 1026 1576 eam
1042 1553 1068 1576 et
1081 1548 1207 1575 viderunt
1218 1552 1245 1575 et
1262 1547 1400 1582 legerunt,
1411 1547 1482 1573 haud
1498 1546 1576 1573 facile
1587 1554 1673 1581 queas

59 1582 174 1630 ίῗηαπθξ.
192 1584 335 1611 ηθυίδδίπια
360 1585 512 1621 ΑΓίηὸὶιίυδ
537 1587 624 1620 Cum,
649 1588 706 1616 hate
735 1593 799 1616 sum
822 1600 827 1617 ε
844 1591 865 1620 C
883 1595 1040 1630 perspicere
1054 1599 1080 1622 et
1102 1594 1266 1628 diiudicare,
1285 1601 1349 1620 num
1361 1593 1402 1620 vel
1412 1592 1615 1627 recipientium,
1630 1592 1673 1620 vel

59 1626 138 1658 Quem,
152 1627 295 1656 Maximum
315 1631 433 1663 scilicet,
451 1631 480 1659 S.
498 1631 610 1660 Cret-ilia
625 1634 697 1669 virgo
713 1636 830 1669 sepelivit

58 1672 79 1697 in
92 1681 149 1700 nouo
162 1675 335 1710 sarcophago,
353 1683 376 1703 et
386 1677 470 1711 jussit
498 1683 528 1706 ut
546 1680 574 1705 in
595 1680 758 1716 sarcophago
773 1683 830 1717 ejus

58 1718 200 1751 sculperetur
219 1721 338 1754 phoenix,
356 1722 390 1749 ad
409 1723 539 1751 indicium
556 1725 618 1759 fidei
632 1726 700 1759 eius,
725 1728 770 1762 qui
790 1736 831 1754 re-

59 1764 223 1792 surrectionem
234 1767 439 1795 seinventurum
459 1771 579 1804 exemplo
591 1771 717 1805 phanicis
732 1781 765 1799 ea:
776 1778 830 1800 toto

59 1809 122 1836 corde
137 1812 257 1846 suscepit.
270 1811 356 1841 Vides
371 1822 449 1850 ergo,
466 1823 548 1850 quam
566 1817 641 1851 juste
657 1819 684 1845 in
700 1818 757 1846 haec
770 1823 830 1847 tan-

58 1854 107 1882 dem
120 1857 194 1884 verba
208 1864 336 1894 erumpat
350 1861 446 1897 κριτὴς
460 1863 505 1889 ille
519 1864 645 1898 egregius
665 1875 670 1891 :
688 1864 772 1893 Estne
786 1866 830 1894 hic

59 1901 186 1936 (Clemens,
199 1905 318 1941 scilicet)
333 1907 434 1940 bonus,
451 1907 558 1944 fideque
574 1910 675 1944 dignus
689 1912 829 1946 apostolus

59 1950 80 1972 et
88 1947 186 1982 adjator
197 1949 226 1978 8.
237 1950 329 1983 Pauli,
337 1953 386 1987 qui
401 1955 632 1983 resurrectionem
646 1958 737 1984 carnis
750 1957 829 1985 fabu-

59 1991 85 2018 lis
98 1997 147 2020 tam
168 1995 244 2024 bellis
259 2001 352 2032 potest
367 2000 509 2027 astruere?
533 2004 560 2028 et
571 2009 663 2028 annon
677 2003 763 2029 multo
788 2011 830 2030 re-

58 2039 251 2074 ctiusjudicarit
275 2043 345 2070 illud
368 2044 454 2081 Belgii
484 2046 572 2078 sidus,
601 2047 680 2083 Hugo
706 2048 827 2082 Grotius,

59 2083 116 2112 falso
128 2087 215 2116 itidem
234 2090 283 2117 illo
299 2090 360 2125 ipso
386 2092 490 2126 scripto
518 2093 611 2121 verbis
639 2102 704 2122 mox
732 2096 830 2123 subse-

58 2134 194 2168 quentibus,
209 2140 239 2163 ut
254 2137 294 2164 rei
311 2137 438 2165 absurdae
461 2144 568 2172 auctor,
592 2142 750 2177 sugillatus,
770 2144 829 2178 epi-

59 2179 115 2205 stola
127 2181 239 2214 quadam
259 2183 294 2210 ad
310 2183 475 2219 Bignonium
490 2186 624 2214 hactenus
646 2188 749 2216 inedita
768 2199 773 2216 :
791 2189 830 2216 De

58 2225 155 2256 plianice
167 2236 219 2254 rem
237 2229 362 2264 fuisse‘eo
377 2235 490 2266 tempore
505 2235 617 2261 eruditis
630 2236 769 2267 creditam,
783 2244 828 2262 nec

883 1641 1071 1676 rcspueutium
1098 1645 1252 1675 sequantur
1270 1643 1362 1674 partes
1377 1639 1478 1673 :hujus
1494 1646 1612 1673 namque
1637 1647 1672 1666 ex

885 1689 1005 1717 editione
1018 1688 1112 1714 ultima
1128 1686 1281 1714 Geneveusi
1293 1685 1357 1712 anni
1371 1685 1450 1716 1652,
1463 1685 1521 1712 haec
1537 1688 1601 1712 sunt
1612 1693 1672 1711 ver-

886 1735 919 1763 ba
933 1744 940 1762 :
955 1734 1067 1768 Scripsit
1080 1732 1210 1762 Clemens.
1228 1736 1291 1759 teste
1304 1731 1467 1766 Hieronymo
1489 1731 1516 1757 in
1528 1730 1668 1765 Catalogo,

881 1788 914 1807 ex
933 1788 1044 1814 persona
1057 1779 1182 1806 Ecclesia:
1195 1778 1322 1805 Romana:
1335 1777 1369 1804 ad
1389 1776 1534 1804 Ecclesium
1549 1775 1671 1803 Corinthi

881 1825 956 1852 valde
972 1825 1064 1851 utilem
1088 1824 1247 1858 Epistolam,
1264 1831 1322 1858 qua:
1333 1822 1467 1850 nonnullis
1493 1822 1521 1848 in
1542 1821 1606 1847 locis
1617 1829 1669 1855 pu-

882 1871 946 1898 blice
972 1876 1027 1897 tum
1061 1871 1204 1906 legebatur.
1230 1869 1355 1895 —Hanc
1374 1873 1462 1895 autent
1488 1867 1669 1894 desideratam

883 1917 1016 1944 Patricius
1037 1917 1134 1944 Junius
1151 1917 1190 1943 vir
1211 1915 1388 1947 clarissimus,
1406 1915 1475 1949 regis
1492 1921 1594 1948 magna:
1608 1912 1672 1939 Bri-

882 1963 980 1991 tannia:
996 1962 1218 1994 bibliothecarius,
1236 1969 1268 1989 ea;
1283 1961 1379 1988 laceris
1393 1960 1514 1995 reliquiis
1527 1958 1671 1985 vetustissi-

882 2019 918 2038 mi
933 2010 1090 2044 exemplaris
1113 2009 1180 2044 regii
1192 2009 1271 2041 eruit,
1302 2007 1413 2034 lacunas
1437 2006 1562 2040 explevit,
1576 2003 1671 2031 Latine

881 2056 967 2088 vertit,
982 2060 1007 2082 et
1034 2054 1153 2081 brevibus
1170 2054 1239 2080 notis
1267 2053 1424 2084 illustravit,
1451 2058 1559 2086 eamque
1573 2050 1668 2081 edidit,

881 2110 939 2129 cum
952 2102 1100 2136 fragmento
1115 2099 1236 2127 secunda:
1248 2098 1367 2134 epistula:
1381 2097 1416 2125 ad
1425 2098 1540 2129 eosdem,
1555 2096 1669 2124 Omnia:

881 2156 950 2174 anno
971 2147 1049 2174 1655.
1071 2145 1105 2173 In
1120 2154 1151 2173 ea
1166 2146 1332 2180 reperiuntur
1343 2153 1401 2180 quw
1413 2153 1429 2171 a
1455 2143 1590 2170 nonnullis
1602 2147 1671 2169 vete-

886 2192 958 2219 ribus
977 2192 1105 2222 citantur,
1121 2195 1149 2217 ιιι
1163 2191 1190 2217 in
1203 2190 1271 2217 nolis
1294 2189 1360 2222 suis,
1375 2197 1407 2216 ex
1419 2188 1569 2220 collatione,
1583 2193 1672 2214 osten-

888 2238 926 2264 dit
942 2237 1138 2264 eruditissimus
1159 2236 1254 2268 editor,
1268 2236 1312 2271 qui
1327 2243 1414 2262 ueram
1425 2240 1449 2262 et
1463 2235 1603 2270 genuinam
1614 2243 1670 2261 esse

59 2279 82 2317 eo
94 2281 233 2308 argumenta
248 2277 289 2303 uti
303 2276 462 2305 Clementem
478 2284 508 2306 ut
534 2280 624 2314 probet
638 2281 692 2308 τῶν
720 2282 824 2317 νεκρῶν
845 2275 866 2302 Ῑ)
882 2283 1021 2310 Clementis
1038 2281 1186 2316 Epistolam
1206 2281 1352 2313 existimat,
1367 2289 1418 2307 non
1445 2279 1566 2307 obstante
1576 2279 1670 2314 fabula

59 2316 195 2352 ἀνάπτασιν,
201 2321 246 2348 sed
262 2327 290 2349 ut
304 2323 425 2350 ostendat
438 2332 471 2350 ea;
485 2333 512 2351 re
524 2325 624 2353 credita
639 2335 691 2354 non
703 2335 758 2354 esse
770 2316 829 2354 eam

59 2363 102 2389 τῶν
110 2365 247 2394 ἀδυνάτων.
263 2367 374 2396 Iuscitia
386 2370 508 2404 profecto
520 2379 626 2400 summa
647 2378 699 2406 est,
713 2375 750 2401 illi
767 2383 830 2410 pro-

60 2414 138 2443 pterea
174 2413 245 2441 hanc
281 2416 428 2450 epistolam
461 2417 650 2452 abjudicare,
691 2421 828 2456 praecipue

60 2463 110 2506 cum
139 2458 192 2492 jam
219 2460 279 2506 suis
308 2462 477 2496 temporibus
515 2463 635 2499 Cyrillus
667 2465 826 2503 Hierosoly-

59 2504 182 2537 mitanus,
219 2504 389 2542 Photiusque
420 2508 757 2545 Constantinopolitanus,
782 2513 827 2541 hic

60 2548 144 2575 sarculo
175 2558 269 2583 nono,
304 2551 349 2579 ille
389 2557 504 2588 quarto,
543 2560 726 2584 commentum
759 2559 826 2586 illud

59 2595 81 2620 iu
90 2595 175 2623 eadem
191 2597 317 2632 legerint,
337 2603 364 2625 et
382 2599 480 2627 exinde
493 2600 521 2627 in
554 2602 664 2636 scriptis
679 2603 738 2630 suis
750 2604 819 2630 cita—

61 2640 116 2674 rint,
129 2645 158 2669 ut
168 2650 200 2670 es
209 2643 318 2671 illorum
330 2645 494 2673 testimoniis
508 2647 636 2682 superius
650 2649 825 2677 manilestum

61 2683 112 2712 fuit.
135 2685 188 2714 Nec
219 2689 334 2718 minoris
346 2693 390 2717 est
405 2691 537 2724 audaciae,
568 2693 734 2727 persuadere
757 2695 826 2724 velle

59 2731 169 2767 eruditis,
182 2732 347 2769 Scultetum,
361 2736 476 2769 Cocum,
485 2737 668 2772 Blondellum,
687 2739 824 2774 Rivctum,

61 2773 170 2806 Vnetiun'.
187 2782 310 2817 partibus
319 2782 542 2817 reformatorum,
553 2788 583 2811 ut
609 2784 664 2819 jam
677 2787 758 2821 vulgo
773 2773 828 2815 dici

62 2827 203 2859 unauana
210 2827 331 2857 addictos
335 2829 473 2862 doctores,
479 2837 512 2858 ex
519 2829 570 2858 hac
580 2830 670 2858 fabula
679 2839 692 2858 a
697 2833 731 2859 rri
736 2834 828 2868 puisse

883 2329 914 2355 de
932 2328 1057 2362 pluznicc,
1078 2335 1155 2362 quant
1171 2326 1205 2353 ad
1221 2326 1428 2354 illustrationem
1440 2325 1570 2352 doctrina:
1578 2325 1610 2352 de
1628 2333 1670 2352 re-

882 2374 1041 2400 surrectione
1055 2373 1172 2399 adducit.
1201 2372 1279 2405 Quod
1289 2377 1380 2407 postea
1395 2372 1510 2407 fecerunt
1522 2372 1570 2398 alii
1580 2371 1668 2406 plures

880 2428 912 2447 ex
922 2419 1228 2454 veteribus.Arguritettla
1243 2419 1292 2446 viri
1307 2418 1454 2445 doctissimi
1467 2417 1610 2452 expendere
1620 2424 1668 2451 po-

883 2466 942 2492 terit
957 2465 1036 2491 lector
1050 2463 1179 2491 eruditus.
1192 2463 1314 2497 Epistula
1327 2467 1382 2489 tota
1395 2463 1495 2497 alioqui
1508 2463 1574 2489 satis
1588 2461 1668 2496 refert

880 2511 1076 2545 simplicitatem
1096 2511 1258 2545 primaevam,
1278 2515 1302 2536 et
1316 2517 1373 2544 qua:
1395 2510 1422 2535 in
1441 2517 1473 2536 ea
1487 2509 1611 2543 leguntur
1632 2508 1667 2535 ad

881 2562 1065 2592 argumentum
1080 2557 1148 2586 quod
1160 2557 1187 2583 in
1206 2565 1236 2583 ea
1248 2561 1390 2587 tractatur,
1405 2555 1471 2582 satis
1485 2560 1547 2582 sunt
1564 2563 1668 2582 accent-

880 2603 1000 2630 modata.
1020 2602 1056 2629 Id
1077 2610 1140 2629 sane
1155 2601 1300 2628 notandum
1316 2600 1385 2636 quod
1402 2608 1462 2635 pag.
1481 2601 1513 2627 41
1539 2601 1572 2627 de
1581 2601 1666 2635 justi-

881 2649 1004 2683 ficatione
1018 2647 1142 2675 scribitur
1161 2656 1170 2674 :
1190 2646 1248 2674 Nos
1262 2655 1293 2674 ex
1310 2647 1442 2674 voluntate
1457 2646 1505 2672 Dei
1520 2646 1546 2672 in
1561 2645 1666 2673 Christo

875 2694 939 2722 Iesu
953 2699 1068 2726 vocatos,
1082 2698 1135 2722 etc.
1154 2693 1297 2721 Gisbertus
1314 2693 1427 2720 Voetius
1438 2700 1503 2719 vero
1520 2693 1664 2727 theologia)

875 2741 903 2768 iu
932 2740 1070 2768 academia
1088 2740 1266 2774 Ultrajectina
1290 2740 1369 2773 proli,
1384 2739 1412 2765 in
1429 2739 1544 2772 Disputt.
1561 2738 1663 2764 selectis

878 2786 1037 2822 theologicis,
1053 2794 1114 2822 pag.
1130 2786 1182 2813 105
1205 2784 1289 2820 partis
1306 2783 1413 2819 prima},
1442 2791 1505 2811 cum
1532 2782 1664 2818 quaestio-

877 2842 939 2861 nem
954 2834 1088 2861 attulisset
1101 2833 1169 2860 hanc
1187 2842 1192 2859 :
1215 2831 1285 2866 Quid
1308 2830 1339 2858 de
1349 2831 1461 2865 epistola
1474 2829 1615 2858 Clementis
1626 2828 1664 2857 ad

91 2912 112 2931 "
128 2914 196 2946 Edit.
223 2916 397 2949 Francofurt.
424 2920 501 2950 1654.
542 2920 646 2950 “Edit.
668 2922 830 2958 llcimstad.,

886 2932 919 2953 no
933 2923 1009 2953 1641.
