1893 3101
198 193 234 222 59
768 197 813 224 AD
834 196 862 225 S.
884 197 975 226 CLEBI

1051 198 1096 225 eu
1118 197 1126 224 I
1147 197 1263 225 mrsu
1793 201 1826 230 σο

200 252 351 281 Corinthios
369 260 450 287 nuper
460 253 591 289 evulgato,
606 254 650 281 sed
666 263 716 281 non
731 255 787 282 sine
802 256 892 283 multis
906 257 989 283 maxi-
1003 260 1025 286 Α
1040 256 1090 283 bus
1102 263 1184 290 supra
1196 255 1298 282 mentio
1313 254 1414 289 injecta
1437 259 1489 286 est,
1508 255 1694 282 decretalibus
1707 255 1827 283 confun-

201 300 300 334 misque
317 300 417 326 lacunis
434 301 446 327 7
465 300 547 327 dubie
562 301 665 335 pariter
676 301 823 336 respondet
839 311 845 328 :
860 302 986 328 Admira-

200 354 261 371 mur
281 345 442 380 singularem
454 346 569 373 divinam
580 345 788 379 Providentiam,
801 356 860 382 qua:
874 349 975 375 curavit

201 395 229 416 ut
243 390 275 417 ab
295 391 475 425 apostolorum
503 390 644 425 discipulis
660 392 772 428 uirisque
794 393 945 427 apostolicis
963 397 987 419 et

201 437 384 471 apostolorum
397 438 495 464 sa‘culo
511 438 651 471 proximis,
668 443 714 465 aut
739 439 804 466 nihil
819 439 987 470 scriberetur,

201 488 248 510 aut
269 483 334 509 nihil
349 487 549 509 conservaretur
568 487 593 509 et
603 483 638 509 ad
650 489 768 517 posteros
785 489 904 511 manaret
917 492 926 515 ;
942 488 988 510 aut

200 528 296 554 saltem
308 528 373 555 nihil
393 528 425 554 ab
445 528 520 555 initio
539 527 667 555 Ecclesiw
686 537 768 564 usque
787 530 815 556 in
828 529 896 556 hunc
917 529 988 555 diem

200 578 356 608 superesset,
372 574 404 601 de
428 582 479 609 quo
507 583 560 602 non
582 574 760 607 dubitaretur,
786 580 832 601 aut
851 575 920 610 quod
942 583 989 610 per

200 620 285 646 tineas
312 619 471 654 blattasque,
488 624 534 645 aut
550 619 633 646 alium
644 620 758 654 quemvis
782 619 832 646 Dei
846 621 989 647 exercitum

202 664 354 691 mutilatum
369 673 420 691 non
437 669 502 691 esset
518 672 527 690 :
555 669 583 690 ut
604 664 655 691 soli
669 664 814 698 Scriptura:
836 669 908 691 tanta
932 665 988 691 evi—

201 710 305 737 dentius
321 718 370 737 sua
391 714 521 736 constaret
550 710 707 739 auctoritas,
728 709 818 744 illique
842 709 892 735 soli
922 714 990 736 esset

200 755 308 789 propria
323 754 560 787 incorruptibilitas
573 759 598 781 et
610 755 755 781 wternitas.
777 754 855 787 Quod
872 755 896 782 si
908 754 990 790 igitur

201 802 246 828 ille
257 801 420 836 ὲπικρίπεως
433 806 528 828 auctor
543 800 637 828 saltem
652 808 697 835 per
713 804 900 833 transennam,
917 800 990 835 quod

203 848 290 879 aiunt,
308 855 355 874 eos
367 854 436 882 quos
451 846 562 873 adducit
577 847 727 880 scriptores
742 847 918 881 inspexisset,
935 854 990 873 non

203 894 337 928 potuisset
353 893 478 927 ignorare
493 892 585 919 omnia
598 892 642 918 illa
659 892 828 924 testimonia,
845 899 906 926 qua:
920 899 989 918 con-

200 945 242 966 tra
258 939 328 965 hanc
340 938 490 973 Epistulam
506 937 645 972 producit,
660 938 751 972 potius
767 937 908 965 adversari
924 937 988 970 sibi,

199 993 281 1019 quam
299 984 439 1019 prodesse.
459 983 516 1011 Nec
527 983 600 1011 cuitu
621 983 737 1011 ulterius
749 991 810 1010 cum
835 983 988 1018 quidquam

197 1031 276 1065 juvat
299 1030 444 1062 Eusebius,
460 1038 541 1065 quem
557 1029 634 1065 ﬁngit
645 1030 693 1057 lib.
708 1037 747 1062 v1,
764 1037 788 1057 c.
809 1029 842 1056 15
856 1029 988 1062 scribere,

197 1077 254 1112 jam
271 1084 320 1104 suo
335 1081 468 1111 tempore,
487 1077 561 1103 eirea
585 1084 687 1103 annum
707 1076 835 1103 videlicet
851 1076 915 1108 524,
929 1076 991 1103 Cle-

201 1123 301 1150 mentis
317 1122 467 1158 Epistolam
480 1129 534 1150 non
554 1129 604 1157 pro
625 1122 744 1157 genuina
766 1122 883 1156 amplius
909 1122 988 1148 habi-

201 1174 276 1201 tam,
296 1169 401 1196 etiamsi
416 1169 463 1196 lib.
487 1176 529 1201 nt,
555 1176 580 1195 c.
611 1168 644 1195 16
668 1168 726 1202 ipse
746 1167 834 1195 fuerat
859 1171 990 1200 testatus,

204 1215 358 1250 adjutorem
376 1214 452 1241 Pauli
472 1214 640 1241 Cicincntcm
660 1212 810 1248 Epistolam
830 1212 862 1239 ad
891 1212 991 1239 Corin-

203 1261 276 1288 thios
289 1261 445 1296 scripsisse,
456 1267 516 1295 quis
532 1259 613 1287 etiam
635 1259 663 1286 in
678 1258 844 1294 quibusdam
866 1258 991 1286 ccclesiis

202 1310 238 1333 srt
263 1306 342 1333 lecta.
378 1305 446 1332 Nam
464 1306 516 1333 ista
536 1313 646 1340 quoque
671 1305 753 1332 verba
777 1313 810 1332 eo
827 1305 908 1331 modo
921 1304 992 1339 apud

202 1351 350 1378 Eusebium
359 1359 414 1378 non
426 1351 565 1386 leguntur,
575 1351 623 1378 sed
633 1358 695 1378 cum
707 1354 765 1378 toto
774 1351 808 1377 12
819 1354 846 1377 et
859 1351 892 1377 15
903 1351 992 1385 capite

203 1397 279 1425 illius
296 1397 357 1424 libri
370 1397 404 1424 de
415 1397 556 1424 Clemente
570 1396 758 1424 Alexandrino
769 1401 796 1424 ct
809 1397 868 1431 ejus
882 1396 993 1430 scriptis

203 1448 287 1480 agat:
305 1443 382 1470 [Iuno
397 1444 447 1476 uti,
466 1443 515 1476 ait,
540 1443 568 1470 in
590 1443 645 1469 illis
660 1443 741 1469 etiam
760 1451 852 1469 earum
870 1442 993 1476 Scriptu-

203 1497 295 1517 rorum
310 1489 468 1516 testimoniis
484 1488 578 1524 quibus
600 1487 806 1520 contradicitur,
823 1493 847 1514 et
862 1488 919 1523 ejus
934 1497 993 1522 quae

201 1541 241 1564 est
255 1536 321 1563 Jesu
352 1535 459 1567 Sirach,
473 1539 498 1562 et
519 1534 647 1569 Epistola:
661 1534 695 1561 ad
722 1534 858 1566 llebnvos,
884 1535 994 1570 denique

203 1588 228 1610 et
246 1581 377 1611 Barnabw
388 1587 412 1608 et
424 1581 566 1609 Clementis
579 1586 603 1608 et
618 1580 698 1608 Iuda:
711 1589 720 1612 ;
747 1582 785 1608 uti
799 1581 881 1608 verba
895 1585 993 1608 sonant

201 1633 278 1664 juxta
293 1628 359 1656 edit.
374 1628 499 1655 Latinam
509 1627 625 1663 Grynaai.
641 1627 675 1654 Ut
690 1634 755 1654 vero
775 1626 892 1654 Ruﬁnus
900 1627 990 1659 vertit,
1007 1619 1028 1647 ο

205 1675 276 1711 apud
294 1682 376 1709 quem
389 1677 432 1701 est
443 1674 495 1700 alia
511 1674 629 1709 capitum
645 1673 763 1700 divisio:
781 1671 880 1704 Utitur,
905 1670 994 1706 inquit

203 1729 264 1756 cap.
284 1721 313 1754 ἓ,
328 1721 453 1754 exemplis
465 1721 543 1747 etiam
555 1728 588 1746 ea:
602 1719 642 1746 his
662 1719 747 1751 libris,
765 1721 839 1754 quia
859 1718 992 1745 nomtullis

203 1767 311 1794 minime
324 1766 464 1801 recipiendi
484 1766 615 1798 videntur,
634 1765 660 1792 id
677 1771 727 1798 est,
738 1773 772 1792 ex
784 1764 921 1800 Sapientia
935 1772 993 1799 qua:

204 1813 301 1840 dicitur
314 1812 478 1846 Salomonis,
493 1817 517 1839 et
541 1820 573 1839 ea:
586 1811 724 1846 Sapientia
743 1811 850 1841 Sirae/2,
864 1819 922 1845 qua:
945 1819 993 1846 ap-

203 1860 318 1894 pellatur
333 1859 538 1886 Ecclesiastions
559 1858 627 1893 apud
645 1857 766 1885 Latinos.
779 1857 831 1884 Sed
838 1862 862 1883 et
877 1857 908 1884 de
924 1857 993 1883 Bar-

204 1907 280 1934 nabce
294 1912 318 1934 et
331 1905 472 1934 Clementis
494 1905 614 1940 Epistola
625 1905 696 1939 ponit
714 1904 840 1931 Romanis
861 1904 991 1939 exemplo,

203 1958 229 1981 et
251 1953 283 1980 de
302 1953 422 1988 Epistola
440 1951 528 1979 Ιιιιίω.
554 1950 621 1984 Qua:
638 1951 731 1982 verba,
756 1950 779 1977 si
797 1950 827 1976 τὸ
835 1950 992 1980 contradici,

204 1999 248 2027 vel
272 2007 325 2027 non
349 1998 440 2032 recipi,
455 1998 536 2024 etiam
556 1997 589 2024 ad
605 1996 754 2026 Clementis
770 1995 919 2030 Epistulam
949 2005 994 2024 re-

206 2045 367 2081 stringenda
386 2048 476 2079 putes.
488 2051 542 2070 non
558 2042 591 2070 de
613 2042 687 2069 onmi
702 2042 920 2069 contradictione
936 2043 994 2070 sive

206 2099 261 2118 non
282 2089 440 2125 receptione
454 2089 628 2124 simpliciter,
648 2087 696 2115 sed
709 2092 813 2114 tantum
836 2087 870 2114 de
883 2094 936 2114 non
951 2096 994 2115 re-

206 2137 332 2173 ccptione
347 2136 374 2163 in
391 2143 526 2163 canonem
543 2134 748 2170 Scripturarum
759 2133 928 2167 loquuntur:
947 2142 994 2160 ea-

206 2184 324 2218 demque
336 2182 443 2210 ratione
459 2181 553 2208 multis
570 2181 631 2207 aliis
643 2187 697 2215 qua
713 2178 833 2210 Veteris,
849 2187 901 2214 qua
914 2179 946 2206 N.
961 2179 992 2206 T.

206 2229 285 2256 libris
310 2227 512 2256 contradictum
523 2233 574 2258 est,
590 2226 651 2253 aliis
668 2225 736 2252 alios
752 2233 825 2252 nunc
851 2226 993 2260 probanti-

207 2275 272 2307 bus,
291 2282 365 2301 nunc
391 2272 612 2308 reprobantibus.
649 2271 759 2299 Interim
780 2272 915 2306 posterius
944 2272 995 2299 hoc

206 2327 261 2347 non
283 2319 354 2346 tollit
366 2320 452 2355 prius,
468 2317 517 2353 legi
539 2326 597 2345 eam
609 2318 636 2344 in
646 2317 803 2353 quibusdam
822 2318 939 2345 ecclesiis
952 2327 995 2345 so-

207 2367 299 2399 litam;
315 2374 378 2394 cutn
398 2366 425 2393 in
441 2365 581 2400 primitiva
610 2364 733 2392 Ecelesia
748 2365 914 2393 Christianis
939 2374 995 2393 non

206 2417 312 2440 tantum
323 2412 450 2440 canonici
465 2411 562 2439 stricte
573 2413 609 2439 ita
631 2412 770 2446 appellati,
784 2411 832 2438 sed
851 2412 934 2438 etiam
947 2413 994 2439 alii

207 2459 269 2486 libri
285 2458 320 2485 ab
342 2458 507 2494 antiquitate
522 2466 572 2486 sua
587 2461 614 2485 et
629 2457 745 2485 utilitate
761 2458 994 2489 commendati,ad

207 2504 410 2539 wdi/icationem
432 2503 525 2539 plebis,
555 2512 607 2531 non
623 2511 683 2531 vero
700 2503 733 2530 ad
749 2505 936 2531 auctoritatem
953 2514 996 2532 ec-

206 2554 418 2581 clesiasticarum
444 2553 599 2588 dogmatum
623 2552 845 2586 conﬁrmandam,
868 2553 997 2587 prwlege-

211 2603 309 2627 rentur
325 2607 399 2635 :qua
416 2599 444 2626 in
455 2607 484 2626 re
494 2599 555 2628 licet
566 2599 692 2627 similiter
709 2599 867 2633 disert-pare
885 2602 997 2632 possent

207 2647 279 2674 inter
294 2654 324 2674 se
340 2646 473 2677 ecclesiae,
490 2649 517 2674 et
538 2646 598 2674 alia)
617 2646 733 2672 aliorum
756 2645 901 2672 lectionem
927 2651 997 2678 pra:-

207 2695 290 2728 ferre,
306 2697 398 2721 tamen
411 2693 457 2720 illa
483 2693 660 2728 particularis
680 2692 837 2727 reprobatio
851 2692 885 2718 ab
902 2691 996 2718 Eccle-

208 2741 249 2769 sia
272 2740 392 2777 quadam
416 2744 463 2767 aut
483 2739 545 2775 ejus
567 2739 680 2766 doctore
711 2738 800 2770 facta,
824 2746 878 2765 non
903 2737 996 2765 statim

209 2791 317 2823 poterat
331 2787 383 2823 ipsi
411 2787 516 2822 scripto
538 2787 612 2813 omni
641 2793 674 2813 ex
691 2789 767 2820 parte
793 2785 937 2820 derogare,
950 2788 998 2810 aut

208 2835 268 2868 ejus
284 2834 363 2862 ﬁdem
379 2833 542 2869 infringere.
563 2832 676 2860 Domum
691 2839 785 2859 crassa
805 2835 846 2858 est
868 2831 999 2866 ignoran-

211 2882 260 2911 tia,
285 2881 366 2916 inque
386 2880 528 2915 tltcologirc
546 2880 669 2910 doctore,
682 2884 709 2907 ct
719 2879 828 2915 quidem
842 2882 929 2910 tanto,
942 2885 997 2904 non

211 2926 332 2956 terenda.
349 2927 418 2955 hanc
430 2926 533 2955 St'lllt’cl
550 2925 709 2962 Epistulam,
729 2932 791 2953 cum
805 2923 876 2957 istis,
892 2923 925 2951 de
937 2923 998 2958 qui-

1038 300 1103 327 dcrc
1114 300 1199 334 :quod
1213 301 1299 334 ipsum
1314 307 1375 326 cum
1385 307 1439 326 non
1451 308 1505 326 uno
1516 300 1576 326 loco
1588 300 1615 326 in
1628 300 1679 327 ista
1691 300 1828 336 ἐπικρίσει

1038 354 1087 374 sua
1118 346 1191 377 facit,
1215 351 1271 372 tum
1294 346 1434 373 evidenter
1455 347 1483 373 in
1506 347 1685 380 sequentibus
1711 347 1803 375 verbis
1818 367 1826 380 ,

1038 392 1137 426 quibus
1164 391 1242 425 quasi
1270 391 1402 418 hactenus
1424 391 1458 418 ἀν
1480 391 1620 419 Clemente
1645 392 1727 419 dictis
1752 393 1829 419 colo-

1039 438 1156 472 phoncm
1168 437 1264 465 addit:
1284 436 1317 463 Et
1335 437 1407 472 quod
1426 438 1512 472 magis
1532 442 1585 469 est,
1607 438 1747 472 inquiens,
1764 446 1829 465 cum

1039 492 1161 519 nuperus
1192 485 1339 519 cpiscopus
1363 484 1495 519 Yprensis
1517 485 1663 513 Cornelius
1677 485 1829 513 Jansenius

1039 531 1182 564 Augustini
1193 531 1235 558 sui
1249 534 1314 557 tom.
1326 530 1371 562 Ill,
1382 530 1428 557 lib.
1444 539 1480 563 v1,
1493 539 1553 566 cap.
1568 532 1612 563 12,
1623 540 1657 559 es
1677 533 1831 560 Clementis

1039 578 1153 612 epistola
1175 578 1360 605 testimonium
1377 577 1500 609 citasset,
1513 578 1618 608 deridet
1639 587 1701 607 eum
1721 580 1829 608 Jcsuita

1039 623 1244 650 Aurelianensis
1255 622 1401 658 Dionysius
1417 622 1664 652 Pctaviustom.lll
1674 625 1710 651 De
1725 624 1828 655 Eccles.

1039 670 1125 704 dogm.
1140 669 1187 696 lib.
1203 677 1245 700 Ill,
1261 669 1296 696 De
1312 669 1408 703 Opiﬁc.
1421 677 1481 704 cap.
1497 670 1524 700 8,
1538 678 1613 697 num.
1625 670 1652 702 5,
1673 671 1746 706 quod
1772 679 1830 698 non

1039 715 1192 749 distinguat
1217 715 1288 741 inter
1317 715 1441 742 sincerus
1463 719 1490 742 et
1503 716 1694 750 supposititios
1710 718 1832 752 scripto-

1040 768 1095 788 res.
1116 759 1231 795 Dignum
1244 767 1310 787 sane
1325 761 1424 795 patella
1434 761 1606 796 operculum,
1623 761 1657 788 de
1667 769 1723 796 quo
1735 766 1833 790 tamen

1040 815 1112 842 aegre

1131 852 1283 887 Spectatum
1297 853 1416 887 admissi,
1423 853 1505 880 risum
1521 854 1736 886 teneatis,amici.

1042 899 1143 935 Ecquis
1154 901 1227 927 enim
1243 900 1352 928 nescire
1374 905 1473 936 potest,
1486 901 1603 936 ipsemet
1614 908 1677 928 cum
1687 900 1828 934 Jansenii,

1041 951 1097 973 turn
1113 946 1214 974 Petavii
1227 947 1306 974 verba
1319 947 1479 982 inspiciens.
1492 947 1526 974 de
1547 947 1626 982 longe
1648 948 1701 974 alia
1714 948 1826 982 episto-

1042 991 1077 1023 la,
1088 997 1116 1019 et
1132 992 1241 1027 quidem
1253 992 1312 1026 ipsa
1327 991 1403 1019 tertia
1415 991 1557 1022 (lCCl'tflilll,
1574 999 1635 1026 qua:
1656 991 1753 1018 tomol
1766 991 1835 1018 Con-

1041 1039 1164 1065 ciliorum
1183 1037 1254 1065 Surii
1275 1045 1336 1073 pag.
1349 1037 1411 1069 148,
1424 1038 1451 1064 in
1472 1037 1606 1064 Blondelli
1628 1045 1692 1064 vero
1712 1037 1834 1064 Censura

1042 1092 1104 1118 pag.
1119 1083 1152 1110 7‘2
1167 1087 1266 1115 exstat,
1279 1088 1303 1110 et
1319 1083 1353 1109 ad
1368 1091 1457 1110 omnes
1469 1082 1832 1118 coepiscopos,presbyteros,

1043 1131 1180 1162 diaconos,
1208 1138 1239 1156 ac
1250 1130 1364 1165 reliquos
1380 1130 1500 1160 clericos,
1522 1133 1547 1155 et
1569 1134 1677 1156 cunctos
1701 1129 1833 1163 principes

1042 1176 1156 1210 majores
1178 1175 1331 1206 minoresve,
1343 1174 1453 1200 titulum
1470 1174 1614 1205 mentitur,
1629 1178 1782 1208 utrumque
1795 1173 1834 1200 lo-

1043 1229 1147 1250 culum.
1176 1223 1241 1249 Post
1259 1223 1290 1250 S.
1302 1222 1471 1257 Dionysium,
1484 1222 1575 1256 inquit
1594 1221 1752 1253 Jansenius,
1772 1221 1833 1248 Cle-

1044 1278 1116 1296 mens
1128 1277 1207 1304 papa,
1224 1269 1250 1295 in
1261 1267 1372 1302 epistola
1389 1268 1490 1299 tertia;
1508 1267 1552 1294 ubi
1568 1267 1653 1301 prima
1670 1265 1746 1297 dicit,
1763 1267 1834 1301 quod

1044 1316 1206 1350 Augustinus
1220 1315 1295 1342 toties
1307 1314 1428 1346 tradidit,
1438 1322 1485 1340 nos
1494 1322 1550 1340 esse
1562 1313 1637 1340 liberi
1650 1313 1839 1346 arbitrii,quia

1045 1362 1109 1388 relle
1122 1366 1145 1387 et
1171 1360 1241 1387 nolle
1259 1359 1384 1386 habemus
1411 1360 1438 1385 in
1465 1363 1602 1393 potestate.
1630 1357 1670 1384 Ad
1694 1358 1754 1384 haec
1772 1357 1839 1385 Dio-

1046 1409 1140 1443 nysius
1153 1407 1281 1434 Petavius
1298 1417 1304 1433 :
1321 1406 1380 1433 Hoc
1395 1415 1484 1436 sensa.
1497 1406 1545 1437 ait,
1561 1406 1612 1431 vim
1624 1405 1725 1439 accepit
1740 1409 1836 1431 auctor

1046 1454 1101 1485 ille,
1131 1455 1175 1488 qui
1190 1453 1237 1480 sub
1264 1453 1407 1480 Clementis
1431 1452 1535 1479 nomine
1556 1451 1696 1486 epistolam
1726 1451 1839 1477 tertiatu-

1045 1501 1209 1527 concinnavit
1224 1507 1256 1526 ex
1267 1499 1341 1526 libris
1356 1497 1590 1532 Rccognitionum.
1604 1496 1664 1529 Qua
1676 1504 1709 1523 ex
1720 1496 1839 1530 epistola-

1046 1554 1117 1573 novtz
1133 1550 1211 1573 secta:
1226 1550 1354 1580 patronus
1375 1543 1553 1570 testimonium
1575 1541 1718 1569 secundum
1733 1543 1832 1573 posuit,

1047 1591 1111 1618 adeo
1126 1592 1153 1618 in
1170 1592 1274 1618 testium
1288 1590 1388 1616 delectu
1401 1588 1560 1618 incuriosus,
1574 1593 1600 1614 ut
1616 1588 1767 1621 promiscue
1780 1588 1834 1614 sin-

1044 1646 1118 1665 ceras
1130 1646 1160 1664 ac
1177 1637 1359 1671 supposititios
1374 1635 1478 1662 habeat.
1495 1634 1570 1661 Unde
1591 1642 1652 1661 cum
1668 1633 1745 1661 nullo
1757 1639 1835 1668 pacto

1045 1684 1166 1711 adducar
1197 1686 1227 1710 ut
1252 1681 1361 1709 credam
1379 1688 1507 1716 magnum
1532 1681 1651 1715 aliquem
1674 1680 1833 1714 theologum

1046 1729 1073 1756 in
1091 1728 1228 1764 ejusmodi
1257 1727 1383 1755 minutiis
1408 1730 1514 1754 tantum
1532 1734 1564 1753 ex
1578 1726 1732 1761 ignorantia
1744 1733 1835 1753 errare

1045 1783 1165 1803 errorem
1179 1775 1296 1808 ;vidcrit
1308 1773 1363 1804 ille,
1376 1781 1431 1808 quo
1446 1773 1549 1803 animo,
1561 1780 1614 1806 qua
1628 1772 1799 1799 conscientia
1810 1771 1834 1798 id

1046 1821 1150 1849 fecerit.
1178 1820 1233 1856 Ego
1262 1821 1325 1852 hoc,
1342 1819 1397 1847 Deo
1416 1823 1496 1850 teste,
1517 1826 1566 1853 pro
1590 1822 1667 1845 certo
1698 1818 1833 1844 afﬁrmare

1047 1875 1128 1903 queo,
1144 1875 1187 1895 me
1200 1867 1304 1894 nullius
1319 1866 1407 1901 partis
1422 1865 1524 1898 studio,
1541 1865 1589 1892 sed
1609 1865 1697 1892 solius
1712 1865 1833 1892 veritatis

1047 1922 1139 1942 amore
1149 1914 1259 1941 ductum
1267 1914 1318 1941 hoc
1329 1913 1519 1948 qualecunque
1530 1911 1589 1946 ejus
1596 1912 1764 1947 ἐπικρίσεως
1772 1919 1835 1939 exa-

1047 1970 1108 1988 men
1125 1961 1290 1991 instituisse.
1305 1967 1338 1987 ne
1355 1959 1462 1987 scilicet
1476 1958 1678 1986 incautiorihus
1704 1959 1756 1985 sub
1779 1959 1832 1985 veri

1046 2007 1157 2033 nomine
1168 2010 1261 2041 posset
1276 2006 1426 2040 imponere,
1439 2012 1542 2039 eosque
1554 2004 1588 2030 ab
1597 2004 1744 2031 utilissima
1754 2003 1833 2038 hujus

1046 2052 1174 2087 Epistolw
1187 2052 1302 2078 lectione
1314 2051 1478 2078 absterrere.
1506 2049 1575 2076 Tum
1589 2054 1618 2076 ut
1635 2048 1664 2076 Β.
1683 2054 1834 2084 prazcepto—

1046 2105 1103 2124 rem
1115 2104 1204 2124 meum
1215 2096 1249 2123 ab
1271 2096 1373 2130 injuria
1388 2095 1557 2122 vindicarem
1574 2103 1580 2120 ε
1596 2102 1678 2130 quem
1695 2095 1768 2122 idem
1778 2095 1832 2127 illc,

1046 2142 1082 2169 ob
1104 2142 1271 2170 Clementem
1299 2141 1372 2167 hunc
1394 2139 1517 2175 Apostoli
1538 2144 1747 2175 cooperatorem
1770 2147 1832 2175 pro-

1046 2192 1214 2219 nuntiatum,
1225 2186 1417 2221 imprudentia:
1427 2185 1528 2220 arguit,
1541 2185 1600 2220 ipse
1614 2185 1707 2219 potius
1723 2185 1760 2212 ita
1777 2184 1833 2212 for-

1047 2235 1129 2263 tassis
1148 2233 1349 2269 coarguendus.
1379 2231 1450 2267 Opto
1463 2240 1538 2263 vero,
1568 2236 1598 2258 ut
1618 2232 1835 2266 uniuscujusque

1012 2293 1034 2320 ο
1048 2281 1197 2310 Christiani
1220 2280 1304 2307 menti
1321 2279 1435 2306 ﬁrmiter
1451 2278 1582 2305 inhzereat
1599 2277 1666 2305 illud
1684 2277 1836 2304 Clementis

1047 2327 1147 2360 nostri,
1162 2334 1229 2353 auro
1240 2325 1337 2360 quovis
1357 2324 1517 2360 pretiosiuS,
1530 2323 1664 2350 monitum
1679 2330 1685 2347 ε
1699 2321 1754 2349 Cur
1768 2322 1835 2348 inter

1047 2382 1093 2401 nos
1104 2374 1156 2401 sint
1171 2372 1360 2403 contentiones,
1378 2371 1438 2402 irati,
1456 2369 1616 2400 simultates,
1640 2369 1790 2396 schismata
1808 2371 1831 2394 et

1047 2419 1143 2447 bellant
1159 2420 1171 2446 ἐν
1196 2417 1292 2444 Nonne
1303 2425 1385 2444 unum
1407 2416 1489 2443 Deum
1501 2420 1525 2442 et
1540 2423 1620 2441 unum
1637 2413 1775 2441 Christum
1788 2413 1835 2438 ha-

1048 2465 1158 2492 bemus?
1173 2472 1256 2490 nonne
1271 2471 1338 2489 unus
1351 2467 1389 2489 est
1411 2461 1527 2496 Spiritus
1552 2460 1661 2495 gratim,
1680 2459 1727 2494 qui
1756 2465 1835 2493 super

1048 2519 1094 2537 nos
1116 2510 1216 2544 eﬂ‘usus
1244 2513 1293 2540 est,
1317 2512 1342 2534 et
1367 2515 1420 2534 una
1445 2507 1548 2534 vacatio
1578 2506 1606 2532 in
1632 2504 1766 2532 Christo?
1782 2502 1835 2530 Cur

1049 2555 1149 2582 Christi
1166 2554 1284 2581 membra
1304 2552 1454 2580 divellimus
1466 2556 1490 2578 et
1503 2550 1689 2584 discerpimus,
1703 2554 1728 2576 et
1744 2554 1834 2576 contra

1047 2602 1182 2635 proprium
1198 2608 1292 2635 corpus
1312 2600 1465 2627 seditionem
1482 2604 1713 2631 movemus,eoque
1724 2595 1834 2622 vesania;

1048 2647 1207 2679 devenimus,
1223 2650 1250 2672 ut
1260 2646 1376 2672 aliorum
1390 2653 1438 2671 nos
1455 2643 1570 2670 membra
1578 2651 1634 2669 esse
1643 2641 1768 2668 oblivioni
1781 2646 1836 2667 tra-

1048 2693 1154 2719 damus.
1175 2691 1252 2724 Quod
1269 2694 1404 2726 superest,
1422 2689 1520 2717 Lector
1532 2688 1674 2719 benevole,
1692 2687 1762 2714 hanc
1774 2686 1835 2721 Epi-

1049 2738 1157 2769 stulam,
1167 2745 1198 2764 ea
1211 2745 1265 2772 qua
1278 2737 1416 2772 potuimus
1428 2735 1479 2762 fide
1490 2739 1516 2762 et
1528 2734 1669 2769 diligentia
1679 2733 1835 2760 curavimus

1049 2783 1265 2819 exprimendam,
1283 2787 1312 2810 ut
1327 2782 1396 2809 nihil
1410 2782 1527 2816 amplius
1543 2781 1598 2808 fere
1616 2780 1660 2807 hic
1680 2779 1835 2807 desiderare

1048 2830 1150 2866 possis,
1165 2838 1246 2865 quam
1262 2829 1335 2864 quod
1351 2830 1456 2856 lacuna:
1474 2836 1528 2855 non
1544 2826 1630 2854 minio
1642 2826 1737 2858 rubro,
1750 2830 1780 2851 ut
1804 2825 1829 2850 in

1049 2877 1170 2904 editione
1185 2876 1334 2911 Anglicana
1355 2875 1468 2906 factum,
1497 2874 1544 2901 sed
1571 2872 1725 2900 minoribus
1740 2870 1835 2898 litteris

1051 2923 1103 2952 sint
1119 2927 1229 2951 notatrc.
1247 2921 1339 2958 Nequa
1355 2921 1439 2954 enim,
1465 2920 1572 2949 etiamsi
1593 2917 1661 2947 illud
1677 2918 1756 2947 nobis
1784 2924 1834 2944 non
