1893 3101
56 163 79 191 6i

654 166 823 195 PROOEMIA
841 167 1032 196 VARIORUM.

1612 171 1647 199 63

56 226 143 255 liceret,
162 222 295 250 voluimus
309 226 453 258 propterea
468 224 755 258 totumintermittere,
771 225 818 253 sed
834 228 857 256 Α
870 226 980 253 drinum
994 230 1118 262 reperta),
1141 228 1198 255 suis
1213 235 1328 262 qumque
1344 227 1468 262 pagellis,
1485 236 1518 255 ex
1533 227 1653 255 editiOne

56 270 88 296 vel
99 276 128 296 eo
141 268 216 295 modo
238 272 342 295 textum
358 269 506 304 genuinum
525 277 540 296 a
556 270 746 304 supplemento
759 269 818 297 dis-

55 316 168 350 tinguere,
180 321 233 348 quo
261 317 289 341 et
306 318 370 347 ture,
396 315 419 342 si
443 315 481 342 ita
497 314 646 348 videretur,
676 315 817 342 industriae

54 362 233 395 relinqueretur
243 361 369 396 palmstra
381 362 423 389 vel
441 362 474 389 ad
494 361 716 396 conjectandum,
729 361 771 388 vel
783 361 817 388 ad

53 406 217 442 iudicandum.
242 407 319 436 Alias
330 408 486 435 testimonia
501 409 602 443 passim
615 415 631 434 a
646 408 725 435 nobis
737 412 816 434 aucta

54 456 114 484 sunt,
136 451 223 479 addita
237 453 320 480 etiam
349 452 452 481 Grzecis
478 453 605 481 versione
624 453 739 486 Latina;
757 457 816 480 tum

55 498 100 526 loca
108 502 131 526 ct
144 499 278 526 variantes
287 499 421 528 lectiones
437 499 509 535 apud
517 499 685 528 Clementem
698 498 816 526 Alexan-

496 640 838 687 GODEFREDI

869 270 1017 298 Parisiensi
1031 277 1055 297 a.
1069 271 1135 299 Chr.
1148 272 1214 299 16H
1238 273 1390 300 novissima
1402 273 1538 300 iudicatae.
1551 272 1581 299 In
1591 281 1652 300 om-

870 317 953 344 nibus
969 317 992 344 si
1007 325 1062 344 non
1078 319 1169 345 omnia
1185 319 1255 346 forte
1282 319 1373 354 palato
1401 322 1448 346 tuo
1460 319 1652 353 respondeant,

868 363 896 390 id
913 364 1014 398 partim
1029 363 1204 392 scholasticis
1216 364 1446 400 occupationibus
1467 365 1545 395 meis,
1555 364 1654 398 partim

870 408 1003 436 absentiae
1024 416 1091 436 mea:
1109 409 1143 436 ab
1153 410 1283 444 operibus
1310 410 1513 446 typographicis
1538 410 1652 441 tribues,

869 457 897 480 et
909 453 982 488 quod
995 454 1022 480 in
1037 454 1120 481 simili
1143 462 1242 489 genere
1259 458 1380 490 optares,
1399 455 1468 490 aequi
1480 455 1599 489 bonique
1614 454 1655 482 ia—

872 499 940 526 cies.
959 498 1049 531 Salve,
1064 506 1096 526 ac
1110 498 1179 526 bene
1200 499 1269 526 vale.

879 640 1213 687 VENDELINI

294 747 340 774 DE
359 746 554 776 CLEMENTIS
573 746 619 774 ET
638 746 722 774 EJUS
740 745 991 774 EPISTOLARUM
1012 745 1178 773 TEMPORE
1197 743 1384 774 DIVINATIO.

78 869 187 898 Clemens
197 867 483 901 Romanus,Faustini
498 870 570 898 ﬁlius
586 870 677 906 (quem
707 874 817 905 aposto—
832 874 854 902 Β
868 871 1004 898 certiorem
1019 870 1051 897 de
1073 870 1150 896 annis
1172 870 1300 896 invenerit
1324 869 1570 904 clironograpliiam,
1599 876 1652 904 qua

51 916 84 943 lus
95 915 196 949 Paulus,
212 916 246 943 ad
261 914 455 951 Philippenses
481 917 617 949 scribens,
636 924 716 944 suum
734 922 814 944 vocat

49 964 228 995 cooperatorem
251 961 327 988 inter
341 965 464 993 caeteros,
482 969 600 997 quorum
614 961 726 988 nomina
743 961 813 988 scri~

48 1011 83 1041 pta
95 1011 150 1033 sunt
166 1006 194 1033 in
219 1006 294 1033 libro
306 1006 378 1042 vitae)
409 1005 483 1034 Petri
510 1007 627 1042 apostoli
656 1013 811 1038 successor,

48 1053 164 1087 apostolus
186 1052 257 1080 idem
281 1053 344 1087 ipse
362 1056 475 1080 vocatur
500 1061 516 1079 a
536 1052 677 1080 Clemente
695 1052 814 1080 Alexan-

48 1099 113 1126 drino
126 1099 169 1127 lib.
195 1107 222 1126 tv
250 1098 446 1126 Stromatum:
469 1099 606 1135 quomodo
622 1103 649 1126 et
672 1098 813 1126 Barnabas

50 1146 131 1179 aliique
144 1152 309 1180 magnorum
324 1145 509 1180 apostolorum
524 1145 638 1172 comites
648 1149 675 1172 et
685 1144 813 1179 discipuli

47 1193 93 1226 pari
103 1192 202 1220 nomine
212 1191 335 1227 apostoli
347 1192 478 1227 (minores
486 1191 588 1227 tamen)
601 1191 686 1218 habiti
701 1190 812 1217 fuerunt

46 1242 66 1263 et
86 1237 208 1271 appellati.
225 1236 358 1265 Clemens
378 1237 422 1264 hic
437 1240 500 1271 post
524 1236 634 1264 Petrum
659 1235 812 1263 Romanam

47 1283 101 1309 rexit
110 1282 262 1315 Ecclesiam,
281 1283 405 1318 vixitque
419 1283 452 1309 ad
469 1287 593 1317 tempora
609 1281 722 1316 Trajani
736 1290 744 1313 ;
761 1289 811 1308 cu-

45 1328 79 1362 ius
89 1336 152 1355 anno
161 1329 250 1361 tertio,
259 1329 308 1364 qui
326 1329 377 1356 l'uit
389 1329 500 1364 epochze
515 1332 616 1355 nostrze
628 1327 809 1360 centesimus,

45 1373 139 1402 Joannis
149 1383 253 1410 quoque
268 1375 445 1410 evangelista
460 1378 547 1401 morte
559 1374 669 1405 nobilis.
689 1372 810 1400 Cherso-

46 1428 78 1446 nze
92 1421 115 1447 in
126 1420 217 1452 Ponto.
233 1424 296 1456 post
323 1420 412 1448 exsilii
438 1420 481 1447 sui
496 1419 726 1454 quinquennium,
741 1419 812 1446 occi-

44 1467 112 1494 ditur.
124 1466 147 1495 ls
159 1471 216 1495 erat
229 1475 322 1494 annus
330 1471 392 1502 post
407 1466 510 1494 Christi
523 1466 722 1494 Ascensionem
733 1473 812 1493 sexa-

44 1513 143 1547 gesimus
153 1517 179 1541 et
197 1518 326 1545 octavus,
342 1517 423 1548 prout
435 1513 568 1540 habemus
578 1511 720 1539 traditum.
738 1511 812 1544 Quot

44 1567 96 1586 vero
109 1564 168 1587 tunc
184 1555 272 1587 annos
289 1559 422 1586 habuerit
435 1559 574 1591 Clemens,
595 1558 647 1586 etsi
665 1566 719 1585 non
741 1558 808 1593 legi-
825 1551 845 1579 Ο

44 1612 92 1631 mus
105 1606 234 1640 proditum
247 1626 255 1638 ,
267 1609 379 1633 constat
396 1609 489 1632 tamen
501 1612 557 1632 non
577 1605 662 1632 multo
673 1604 807 1631 minorem

45 1650 113 1678 fuisse
125 1651 290 1682 centenario,
313 1651 392 1678 valde
405 1659 498 1679 senem
514 1651 609 1686 utique
627 1650 713 1678 fuisse
726 1658 809 1688 opor-

44 1702 87 1730 tet,
109 1699 130 1725 si
147 1698 227 1733 (quod
242 1698 347 1724 habent
367 1697 581 1732 Recognitionum
604 1697 676 1729 libri,
703 1705 757 1724 non
780 1697 809 1724 in

44 1746 113 1768 totum
125 1742 275 1779 dramatici)
302 1743 336 1770 ad
352 1743 470 1777 primam
488 1741 590 1769 famam
614 1741 717 1770 Christi
748 1741 806 1776 jam

44 1789 64 1815 in
77 1789 164 1816 celum
179 1789 295 1824 recepti,
313 1789 420 1816 vivente
442 1788 532 1816 adhuc
553 1787 675 1821 Tiberio,
698 1787 808 1823 juvenis

44 1834 83 1861 fuit
97 1835 208 1864 ﬂorentis
222 1835 327 1868 aetatis,
337 1835 433 1870 judicii
449 1834 546 1866 limati,
565 1834 809 1869 doctrinarumque

42 1883 208 1910 tul-liiniorum
225 1882 320 1914 avidi;
339 1882 419 1916 plane
437 1885 466 1908 ut
488 1888 577 1908 annos
601 1880 680 1907 facile
710 1880 807 1915 viginti

42 1929 143 1964 quinque
155 1929 317 1961 excesserit,
335 1929 377 1956 vel
396 1928 430 1955 ad
441 1927 613 1961 trigesimum
629 1927 744 1963 propius
761 1934 807 1954 ac-

42 1975 145 2006 cesserit,
157 1979 292 2009 natusque
304 1973 429 2001 videatur
454 1981 502 2008 per
526 1973 606 2000 initia
621 1972 732 2000 circiter
755 1979 807 2000 n0-

44 2024 94 2047 straz
100 2020 210 2055 epochse,
222 2019 325 2048 Joanni
337 2019 510 2054 evangelista;
521 2019 599 2054 quasi
612 2022 766 2046 coaetaneus
776 2025 808 2046 ac

44 2067 107 2100 plane
117 2075 229 2096 coaevus.

71 2112 131 2140 Intra
144 2113 194 2140 hoc
215 2113 336 2148 primum
357 2111 486 2139 saeculum
497 2109 686 2146 pontiﬁcatum
702 2108 805 2137 Roma-

45 2164 95 2184 num
109 2159 186 2193 gessit
197 2159 347 2194 episcopus
362 2157 498 2189 Clemens,
515 2157 594 2183 annis
605 2156 647 2190 (ut
662 2156 732 2183 inter
749 2163 808 2183 om-

44 2210 91 2233 nes.
104 2206 220 2238 quamvis
235 2203 425 2232 diversissima
440 2202 589 2235 tradentes,
621 2201 805 2237 consentitur)
822 2219 844 2246 υ

44 2256 123 2276 novem
137 2257 196 2277 cum
211 2249 355 2277 mensibus
365 2252 391 2276 et
406 2248 503 2275 diebus
517 2248 631 2282 aliquot.
644 2246 718 2274 Intra
735 2248 806 2274 idem

44 2295 152 2321 smculum
164 2295 286 2330 episcopi
303 2294 417 2321 Romani
429 2297 607 2321 recensentur
625 2293 712 2321 Linus
724 2313 731 2324 ,
744 2293 806 2321 Cle~

43 2342 78 2365 tus
88 2343 112 2366 et
125 2339 271 2368 Anacletus
283 2349 291 2373 -,
310 2347 468 2375 quanquam
481 2339 568 2366 Graeci
576 2339 660 2366 ferme
676 2347 709 2366 ex
723 2338 800 2366 Cleto

43 2384 186 2412 etAnaclcto
199 2393 285 2412 unum
298 2385 478 2420 eumdemque
486 2385 630 2412 videantur
642 2385 803 2420 intelligere,

44 2428 110 2457 nimis
122 2431 280 2462 oscitanter,
297 2435 406 2465 propter
418 2429 575 2458 alﬁnitatem
591 2431 747 2463 nominum,
759 2438 804 2458 so-

42 2474 132 2502 curdes.

69 2519 129 2552 Quis
152 2528 215 2549 vero
229 2521 348 2548 velante
366 2521 427 2554 hos,
446 2521 488 2548 vel
503 2520 574 2548 inter
592 2520 665 2553 illos,
685 2520 728 2548 vel
744 2522 805 2555 post

42 2565 91 2595 lius,
103 2566 227 2594 Clementi
238 2568 326 2599 locus,
337 2566 409 2602 quod
420 2570 529 2601 tempus
537 2567 680 2599 debeatur,
691 2566 806 2600 scripto-

42 2618 77 2637 I‘L‘S
84 2613 254 2648 certaut,jam
266 2613 302 2640 ab
312 2613 424 2647 antiquo
438 2612 678 2647 proximoqueillis
694 2611 803 2639 smculo.

42 2655 119 2692 Itaque
131 2659 198 2686 etin
207 2659 355 2687 Breviariis
383 2659 485 2686 nostris
506 2659 627 2693 priorum
654 2658 804 2686 editionum

41 2708 52 2725 ιι
74 2704 260 2737 posterioribus
271 2705 409 2733 discordia
428 2708 480 2737 est,
494 2708 521 2732 et
537 2704 654 2740 ἀπορίαν
674 2711 751 2731 suam
776 2703 804 2730 in

42 2749 161 2783 0nutibus,
169 2759 257 2786 usqtte
267 2751 302 2778 ad
313 2759 414 2778 annum
426 2750 488 2782 179,
506 2750 649 2785 proﬁtetur
670 2749 804 2776 Baronius

47 2792 187 2828 identidem,
199 2796 288 2824 donec
307 2797 437 2827 italidem
455 2803 533 2824 suam
549 2796 646 2824 liberat
665 2806 670 2823 :
696 2795 724 2823 Si
742 2795 801 2831 quis

71 2880 90 2895 ”
99 2880 155 2910 Act.
172 2891 221 2914 ιιι,
236 2885 267 2912 ‘2.

865 923 952 944 tamen
966 925 1017 944 non
1033 916 1169 951 rejiciatur
1183 924 1196 942 ε
1211 924 1318 942 numera
1346 915 1499 950 pontiﬁcum
1520 915 1652 942 Βουλαηο-

864 972 923 990 rum
936 962 1036 995 Cletus,
1055 971 1100 989 nec
1127 967 1275 997 martyrum
1291 962 1504 997 Lugdunensium
1519 962 1651 988 sincerum

864 1009 1043 1035 testimonium
1057 1001 1254 1040 condemnetur,
1270 1008 1340 1034 haud
1363 1009 1438 1035 inviti
1463 1008 1648 1035 assentiamur.

864 1054 1023 1090 Egoitaque
1047 1054 1134 1081 multa
1165 1054 1329 1088 curiosaque
1344 1054 1484 1089 indagine,
1502 1060 1650 1088 postquam

863 1102 985 1128 rationes
1015 1108 1111 1128 omnes
1134 1100 1273 1126 variorum
1303 1100 1468 1134 scriptorum
1496 1099 1641 1134 diligenter

863 1147 985 1178 excussi,
1000 1145 1096 1173 videor
1116 1145 1182 1173 mihi
1197 1145 1254 1172 veri
1265 1145 1345 1173 lldem
1357 1146 1569 1182 deprehendisse
1580 1145 1650 1171 hanc

864 1193 1060 1222 certissimam.

898 1240 977 1268 Anno
998 1241 1109 1276 epochae
1128 1245 1230 1269 nostra
1243 1241 1289 1272 M,
1306 1240 1350 1267 die
1360 1240 1396 1266 23
1408 1237 1544 1269 Januarii,
1557 1237 1650 1264 occiso

863 1285 941 1318 Caio,
955 1287 1090 1314 successit
1102 1287 1129 1314 in
1145 1287 1291 1322 imperium
1303 1286 1444 1317 Claudius,
1459 1285 1505 1319 qui
1515 1283 1648 1310 Herodem

863 1331 1012 1367 Agrippam
1028 1333 1122 1360 statim
1149 1333 1255 1360 dimisit
1283 1333 1311 1359 in
1333 1339 1412 1359 suum
1429 1337 1554 1365 regnum.
1571 1329 1650 1363 isque

862 1386 962 1413 magna
974 1378 1114 1406 celeritate
1125 1386 1251 1406 reversus
1266 1381 1308 1405 est
1323 1378 1350 1404 in
1365 1376 1487 1403 Iudaeam
1502 1382 1550 1410 per
1571 1382 1650 1401 men~

863 1431 920 1451 sem
933 1423 998 1459 (fac)
1013 1422 1193 1450 Februarium
1210 1427 1308 1454 totum,
1324 1422 1367 1449 vel
1379 1421 1456 1448 initia
1474 1419 1573 1446 Martii.
1594 1418 1648 1446 Ez-

864 1472 960 1504 ceptus
977 1477 992 1496 a
1015 1469 1082 1503 suis.
1094 1469 1274 1504 popularibus
1293 1467 1461 1500 honoriﬁce;
1476 1465 1578 1501 quibus
1595 1465 1645 1492 de-

863 1515 1002 1543 merendis
1018 1520 1059 1551 (ut
1075 1523 1104 1543 se
1114 1516 1265 1550 gratiosum
1281 1522 1313 1542 ac
1328 1514 1486 1550 popularem
1502 1513 1647 1548 praeberet)

862 1559 985 1587 odiosam
1010 1560 1066 1587 illis
1091 1559 1320 1591 Christianorum,
1346 1559 1429 1586 nimis
1457 1557 1646 1588 invalentium,

860 1605 1062 1632 multitudinem
1075 1605 1240 1640 opprimere,
1264 1605 1445 1639 hominesque
1469 1604 1529 1630 illos
1548 1611 1645 1634 novos,

860 1650 1018 1682 seditiosos,
1041 1650 1154 1677 nefaria:
1181 1650 1331 1685 impietatis
1356 1650 1383 1676 in
1407 1649 1503 1680 Deum,
1517 1649 1647 1683 legesque

860 1695 994 1723 Mosaicas
1011 1695 1184 1722 insimulatos
1193 1696 1225 1722 ad
1237 1695 1371 1729 supplicia
1383 1702 1479 1728 rapere
1492 1701 1642 1728 aggressus

859 1745 912 1773 est,
925 1748 941 1768 a
952 1741 1097 1776 praecipuis
1107 1748 1202 1768 eorum
1214 1740 1351 1775 capitibus
1360 1739 1492 1774 apostolis
1503 1738 1646 1773 grassandi

859 1787 932 1815 facto
946 1787 1034 1814 initio.
1044 1787 1137 1822 Itaque
1148 1786 1241 1813 occidit
1249 1786 1265 1813 J
1270 1786 1390 1817 acobum,
1400 1785 1510 1819 fratrem
1517 1784 1644 1815 Joannis,

859 1832 949 1867 gladio
961 1832 994 1860 ".

894 1877 971 1905 Hanc
988 1882 1104 1905 mortem
1117 1877 1249 1905 habemus
1262 1877 1418 1904 adnotatam
1432 1873 1559 1902 Kalendis
1569 1873 1646 1908 Apri-

862 1924 908 1956 lis,
933 1931 994 1958 quae
1011 1923 1063 1950 hoc
1089 1931 1160 1950 anno
1174 1924 1206 1950 41
1221 1923 1376 1950 inciderunt
1388 1922 1415 1948 in
1433 1921 1595 1953 Sabbatum;
1615 1923 1645 1946 ut

858 1967 983 1995 videatur
993 1966 1121 1999 Iacobus,
1135 1967 1168 1993 de
1183 1966 1326 1994 occasione
1335 1966 1420 2001 ipsius
1431 1964 1555 1995 Sabbati,
1565 1964 1645 1998 quasi

859 2015 947 2048 Iacto,
961 2016 1069 2043 dictove
1084 2015 1175 2050 aliquo
1198 2014 1292 2041 violati
1317 2013 1486 2040 tumultuose
1500 2015 1644 2045 correptus

859 2069 875 2088 a
890 2061 1058 2094 furentibus,
1073 2062 1223 2096 statimque
1236 2061 1278 2096 (ut
1293 2060 1321 2087 ﬁt
1333 2060 1360 2086 in
1382 2058 1488 2086 delictis
1505 2057 1645 2093 ﬂagranti-

858 2106 921 2142 bus)
936 2107 1032 2142 plexus
1051 2106 1149 2142 capite,
1166 2107 1264 2133 saltem
1280 2109 1341 2141 post
1356 2111 1483 2132 occasum
1498 2103 1578 2136 solis;
1590 2111 1645 2138 quo

858 2156 997 2179 momento
1023 2151 1168 2179 Judaicum
1201 2151 1371 2182 Sabbatum,
1392 2151 1506 2184 diesque
1529 2148 1641 2175 Kalend.

858 2197 959 2232 Aprilis
981 2197 1138 2229 desinebat,
1153 2197 1292 2231 inibatque
1305 2195 1391 2231 prima
1404 2194 1536 2226 Sabbati;
1549 2193 1644 2220 eadem

858 2244 959 2279 Aprilis
978 2245 1080 2271 mensis
1104 2243 1158 2270 illis
1174 2242 1373 2270 numerabatur
1393 2240 1525 2269 secunda.
1554 2239 1643 2274 Atque

858 2290 911 2318 hoc
925 2294 968 2317 est
981 2289 1054 2325 quod
1081 2288 1265 2323 Hieronymus
1282 2289 1307 2314 in
1321 2287 1417 2314 Ezech.
1432 2294 1574 2322 cap.xun,
1587 2290 1644 2312 tra-

857 2335 945 2363 ditum
958 2343 974 2362 a
984 2335 1135 2370 majoribus
1149 2342 1202 2361 non
1215 2334 1282 2361 satis
1296 2333 1428 2360 intellexit
1441 2342 1448 2366 ;
1465 2333 1530 2359 dum
1545 2332 1642 2359 scribit

858 2379 1026 2406 immolatum
1036 2378 1179 2410 Iacobum,
1193 2378 1237 2405 die
1245 2378 1365 2405 secunda
1380 2377 1543 2409 Paschalis;
1564 2377 1638 2411 quod

856 2428 984 2452 constare
997 2423 1069 2451 haud
1086 2431 1167 2458 posse
1177 2423 1310 2451 Baronius
1326 2431 1434 2458 quoque
1457 2421 1585 2457 pervidit.
1605 2422 1638 2449 Et

858 2475 933 2499 certe
947 2470 1053 2498 Pascha
1077 2469 1220 2497 Judaicum
1240 2469 1292 2497 isto
1317 2478 1388 2497 anno
1415 2468 1511 2496 incidit
1527 2469 1554 2495 in
1568 2469 1641 2496 dicm

859 2522 983 2552 quartam
998 2517 1109 2552 Aprilis,
1125 2516 1158 2543 ad
1172 2524 1322 2551 vesperam.
1336 2515 1394 2542 Non
1407 2523 1472 2550 ergo
1488 2515 1532 2542 die
1542 2523 1641 2542 secun-

856 2564 890 2591 da
902 2564 1044 2592 Paschalis
1057 2563 1166 2590 occisus
1179 2567 1221 2591 est
1231 2562 1361 2594 Iacobus,
1371 2561 1418 2589 sed
1431 2561 1551 2589 secunda
1563 2569 1639 2588 men—

858 2608 905 2638 sis.
924 2608 951 2634 in
966 2614 1046 2643 quam
1059 2606 1163 2634 Pascha
1180 2607 1225 2634 illo
1238 2614 1310 2634 anno
1322 2606 1427 2634 incidit.

893 2655 958 2682 Post
982 2655 1102 2682 occisum
1126 2663 1201 2690 ergo,
1225 2663 1271 2682 seu
1296 2655 1363 2690 ipsis
1391 2654 1481 2680 adhuc
1510 2652 1639 2679 Kalendis

859 2701 1008 2736 Aprilibus.
1033 2709 1080 2728 seu
1104 2701 1236 2736 postridie
1260 2708 1351 2732 mane,
1373 2699 1516 2730 Iacobum,
1543 2698 1638 2725 videns

859 2748 980 2775 Herodes
997 2748 1048 2775 hoc
1063 2748 1198 2783 placuisse
1212 2746 1325 2779 Iudaeis,
1338 2745 1466 2781 apposuit
1488 2743 1638 2778 apprchen-

860 2795 923 2822 dcrc
941 2799 966 2821 ct
984 2793 1113 2828 Petrum;
1134 2802 1187 2822 non
1210 2793 1318 2828 quidem
1345 2792 1451 2824 eodem,
1467 2789 1559 2823 credo,
1581 2788 1636 2820 die.
