1893 3101
260 150 296 178 65
825 159 869 186 AD
890 159 918 187 S.
940 160 1150 190 CLEMENTEM
1169 163 1179 190 Ι
1200 164 1317 194 PAPAM
1829 182 1854 209 οι

259 207 309 236 ⁵θά
320 215 375 235 “"0
391 209 487 237 531181“
517 211 638 239 ³Ῑιθ¹⁹ονε
652 213 824 249 inlel‘posito.
838 217 939 252 quibus
951 220 1042 254 populi
1057 223 1080 251 Α
1094 221 1178 254 aiens,
1195 221 1353 252 Clementem
1375 226 1431 253 loco
1455 228 1530 255 illius
1545 229 1677 259 ordinavit
1698 234 1807 268 invitum,
1824 241 1855 267 di.

259 253 418 268 nnn‘n-unnm
436 256 575 268 Λπωιλ-υιμΑ
592 265 621 268 Α-
638 266 666 268 ..κ
737 261 753 268 .-
883 267 886 268 ν
912 263 917 268 ι
991 264 1009 268 -μ
1135 267 1139 268 ν

257 253 419 289 applausum
435 256 577 290 explorare
591 265 622 285 ac
637 261 835 293 persentiscere
844 263 942 297 potuit,
954 253 1044 293 etl’e-

259 304 317 326 trus
332 300 465 332 inveniri;
483 302 529 337 qui
542 304 622 337 proin
638 310 733 340 raptus
749 307 831 335 inierit
847 310 876 336 in
891 318 1042 345 carcerem,

255 343 315 377 ipso
329 344 374 371 die
394 346 571 382 Azymorum,
587 351 764 380 sanctissimo
780 355 935 383 securitatis
955 357 1041 393 asylo,

253 392 280 414 ct
304 394 414 424 propter
429 392 567 426 publicam
585 395 707 423 lietitiam
724 397 758 424 ad
773 402 828 426 tam
845 401 938 428 tristia
949 402 1040 438 inopi-

252 433 347 461 nabili.
365 435 416 462 Sed
436 435 570 466 Herodem
604 448 655 468 nec
672 441 792 470 Sabbata
811 444 838 472 in
853 445 966 480 Jacobo,
989 433 1041 477 nec

250 477 352 513 Azynra
374 480 402 507 in
419 481 499 509 Petro
516 491 653 513 remorata
681 492 756 522 sunt,
776 491 924 525 quominus
942 494 1038 522 saltem

250 526 556 562 comprehenderentur,
569 531 655 560 dilato
667 534 777 562 interim
792 538 929 573 supplicio
940 559 948 572 ,
964 541 1037 576 quod

248 567 330 597 Petro
346 572 530 602 meditabatur
556 581 618 611 post
643 578 758 614 Pascha,
778 567 893 618 diesque
917 567 1035 622 A’zy'mo;

247 622 308 641 rum
327 623 423 645 omnes
447 622 614 649 transactos.
641 624 666 652 Is
685 633 750 661 ergo
778 629 987 658 custodiebatur
1006 633 1035 660 in

245 667 368 694 carcere,
391 671 425 690 ex
444 673 499 699 quo
514 674 563 701 per
578 670 706 704 angelum
722 672 855 702 liberatus
875 680 928 708 est,
946 678 1034 712 pridie

244 704 375 733 destinati
402 710 542 744 supplicii,
565 718 647 741 nocte
666 716 785 751 scilicet,
806 719 879 747 inter
902 722 1032 750 duodeci-

243 757 316 777 mam
335 756 361 779 et
376 753 511 783 decimam
530 759 639 786 tertiam
655 759 767 796 Aprilis.

277 793 421 825 Liberatus
437 802 514 828 tanto
533 803 667 832 miraculo
679 793 799 842 hPetrus,
815 811 910 838 relicta
924 812 1027 847 Judaaa,

241 841 358 869 contulit
372 851 402 870 se
421 844 448 871 in
466 846 519 873 alia
539 848 609 882 loca,
636 855 844 891 peragratisque
870 859 1028 893 regionibus

242 885 335 919 variis,
353 890 534 927 ecclesiiSque
549 896 733 929 conﬁrmatis.
764 904 890 936 pervenit
917 906 1025 934 tandem

238 929 364 967 Romam,
379 941 517 972 cmptante
533 948 606 969 anno
625 943 732 972 Claudii
747 949 880 984 secundo,
895 951 955 986 ipso
982 960 1027 980 se-

238 979 358 1008 cundum
377 987 405 1010 et
419 983 508 1021 Largo
532 991 707 1025 consulibus,
724 995 770 1029 qui
785 995 836 1023 fuit
851 979 939 1026 annus
964 1007 1025 1028 terte

236 1029 338 1053 nostra:
353 1027 397 1061 42,
415 1029 526 1067 ﬁxitque
547 1034 603 1063 illic
620 1037 713 1065 sedem
732 1027 908 1075 Spontiﬁciam
920 1065 927 1077 ,
943 1046 1023 1082 cujus

236 1071 348 1082 MHWL
426 1080 431 1082 _
453 1077 469 1082 ..
536 1080 542 1082 .

740 1071 749 1075 -
921 1071 927 1077 ι
948 1071 1023 1082 rw"

235 1071 372 1101 cathedra:
387 1077 486 1105 natalis
502 1080 667 1117 celebratur,
685 1085 792 1113 decima
811 1093 907 1118 octava
921 1090 1024 1120 Janua-

233 1117 278 1146 rii.
294 1118 317 1145 Α
331 1127 384 1154 qua
400 1121 443 1150 die
456 1124 489 1151 ad
503 1125 565 1160 ejus
578 1133 694 1157 mortem
706 1139 886 1163 numerantur
901 1140 963 1165 antri
975 1140 1020 1172 25,

233 1171 343 1192 menses
357 1166 384 1198 5,
400 1167 460 1196 dies
476 1170 519 1203 12,
537 1172 560 1199 si
575 1182 704 1204 numeres
720 1185 735 1204 a
754 1179 798 1207 die
814 1189 847 1209 xv
867 1182 926 1212 Kal.
940 1184 1019 1214 Febr.

232 1209 267 1236 ad
287 1218 316 1237 ιιι
340 1211 400 1240 Kal.
425 1214 512 1243 Julias
531 1220 597 1246 anni
612 1223 700 1249 nostri
717 1223 761 1257 67,
791 1234 845 1261 quo
872 1230 1020 1260 cruciﬁxus

229 1255 348 1283 annnam
364 1256 420 1285 Deo
436 1260 564 1290 reddidit.

266 1301 353 1329 Medio
382 1304 436 1331 isto
466 1311 601 1343 tempore,
628 1318 690 1339 cum
717 1313 847 1343 Claudius
872 1318 1020 1354 imperator

228 1344 320 1372 edicto
334 1346 444 1376 Iudaeos
459 1349 546 1379 Roma
561 1356 723 1392 expulisset,
751 1360 811 1395 ipse
832 1344 1019 1398 quoque-

229 1392 289 1415 trus
309 1391 408 1420 cedere
426 1401 538 1424 coactus
561 1403 621 1433 est;
639 1409 823 1440 reversusque
847 1408 875 1434 in
895 1408 1017 1438 Judaeam

227 1437 376 1464 concilium
393 1439 488 1468 habuit
503 1442 569 1470 illud
586 1446 704 1480 primum
720 1452 920 1487 apostolorum,
945 1464 1017 1484 anno

226 1486 324 1509 nostro
337 1483 383 1518 50,
401 1484 516 1515 Claudio
535 1489 599 1518 dein
616 1483 776 1528 sublatoia.
790 1497 818 1525 d.
834 1507 866 1526 ιιι
887 1483 951 1529 ldus
962 1483 1016 1530 Oc;

225 1527 324 1561 tobris,
342 1537 415 1558 anno
435 1538 534 1562 nostro
549 1536 593 1569 54,
610 1542 747 1568 successit
762 1541 845 1577 Nero,
862 1547 951 1580 primo
963 1549 1015 1576 im-

225 1573 296 1607 perii
326 1577 369 1603 sui
396 1578 586 1615 quinquennio
617 1585 850 1618 clementissimus
875 1593 1013 1631 princeps.

226 1617 282 1631 Q..L
301 1629 350 1631 -..Α
370 1621 390 1631 ἢ
409 1627 415 1631 -
629 1630 641 1631 ί

842 1617 847 1618 ,
875 1617 1013 1631 rum..."

226 1617 283 1646 Snb
298 1629 353 1655 quo
369 1621 467 1652 Petrus
482 1633 611 1656 reversus
626 1630 754 1666 Romam,
770 1643 826 1663 non
843 1637 899 1666 illic
915 1641 1016 1669 seden-

224 1665 323 1693 tariam
338 1668 420 1696 vitam
436 1675 569 1708 transegit
581 1695 588 1708 ,
604 1677 653 1704 sed
664 1681 789 1713 gnaviter
803 1687 886 1719 atque
899 1686 1014 1724 impigre

225 1710 291 1724 ιιιζιιη
310 1721 413 1724 η..-μην
468 1717 492 1724 ι.
524 1718 541 1724 -ι
633 1723 637 1724 ν

667 1710 678 1713 ν
841 1710 884 1719 l"‘
899 1710 963 1722 ""l"
984 1710 1013 1717 ’Ψ

223 1710 292 1738 alias
308 1721 418 1749 quoque
433 1717 509 1745 orbis
522 1718 638 1748 Romani
651 1725 808 1758 provincias
819 1710 1013 1765 circumiitfac

227 1755 253 1765 ,Α
279 1756 284 1762 .
365 1759 370 1765 .
405 1761 423 1765 η
443 1762 448 1765 .
523 1764 526 1765 ν

651 1755 658 1758 _
826 1755 829 1756 ,
847 1755 855 1756 κ
868 1755 968 1765 ._._...-,
981 1755 1010 1761 ..ν

221 1755 341 1792 denique
363 1759 391 1787 in
405 1761 562 1792 Britannias
577 1771 741 1800 penetravit.
757 1771 825 1801 Dum
843 1784 908 1804 vero
922 1778 1010 1814 abest,

223 1809 255 1814 Μ
270 1802 351 1814 Dw,
389 1806 394 1811 .
501 1810 506 1814 .
563 1812 567 1814 .

922 1802 1010 1814 rw--.

221 1809 257 1829 ne
270 1802 356 1831 Roma
372 1806 433 1834 sine
447 1810 535 1844 capite
561 1812 672 1841 interim
699 1823 802 1852 ageret,
818 1819 916 1850 Linum
932 1825 954 1840 “
972 1826 1010 1853 illi

220 1850 364 1877 constituit
379 1854 550 1890 episcopum,
567 1850 728 1889 consulatui
752 1863 871 1894 Neronis
888 1874 913 1896 et
929 1870 996 1899 Vcte

220 1894 272 1927 ris,
290 1903 362 1924 anno
377 1904 473 1928 nostro
540 1903 566 1931 is
579 1913 643 1933 vero
659 1908 730 1935 sedit
743 1917 830 1940 annos
842 1912 876 1939 12
886 1914 1010 1949 (inclma-

219 1942 262 1966 tos
273 1940 452 1981 interpretor)
467 1947 518 1974 hoc
530 1953 583 1982 est,
597 1952 724 1980 undecim
733 1961 846 1985 exactos
859 1966 921 1986 cum
933 1969 1009 1989 men-

218 1984 295 2012 sibus
310 1991 438 2022 quatuor,
455 1991 553 2020 diebus
568 1994 725 2030 duodecim,
741 2001 881 2034 quolidem
899 2012 1008 2035 menses

217 2037 251 2057 ac
278 2031 337 2060 dies
364 2033 465 2063 habent
497 2040 666 2069 membrana:
698 2031 889 2077 Bucherianze.
922 2051 1008 2080 Desiit

216 2083 283 2111 ergo
298 2079 389 2108 vivere
403 2089 475 2110 anno
487 2090 583 2112 nostro
598 2087 643 2120 66,
656 2091 780 2124 omnino,
796 2094 905 2123 vivente
916 2097 1006 2126 adhuc

217 2120 315 2157 Petro;
327 2126 401 2160 quod
413 2127 551 2158 luculente
563 2133 708 2162 conﬁrmat
720 2138 838 2173 scriptor
853 2149 1005 2179 anonymus

776 2167 785 2173 -
872 2167 1005 2179 ""'J""'"

216 2167 255 2195 De
272 2172 470 2206 certaminibus,
498 2179 764 2217 peregrinationibus,
791 2185 845 2213 vita
872 2193 897 2214 et
923 2196 1005 2218 morte

215 2213 290 2242 Petri
303 2221 328 2243 et
343 2216 442 2252 Pauli;
457 2228 536 2256 quem
550 2223 704 2255 Arundellze
717 2231 825 2259 comitis
842 2232 1001 2264 Sacellanus

215 2260 357 2298 (I’ertteus)
371 2271 387 2291 e
408 2264 511 2295 Graecia
530 2278 624 2298 secum
641 2273 751 2302 advexit
766 2276 793 2304 in
811 2277 946 2313 Angliam,
967 2290 1001 2311 ex

213 2314 268 2340 quo
293 2306 429 2339 Patricius
449 2312 547 2342 Junius
569 2316 702 2346 illustrem
728 2321 800 2350 hunc
816 2324 906 2353 locum
921 2328 999 2362 citat,

213 2352 249 2362 μί
264 2361 269 2362 γ
358 2356 362 2361 .
375 2356 382 2362 .
487 2360 493 2362 .

900 2352 905 2353 γ
926 2352 997 2362 νὴ--ι

212 2352 307 2381 Crarce
317 2356 437 2391 quidem,
447 2360 493 2387 sed
503 2369 583 2396 quem
595 2371 646 2399 ego
660 2373 700 2394 src
710 2366 805 2396 Latine
816 2377 997 2405 repraesento:

212 2397 239 2424 Μ
244 2405 334 2429 oratus
349 2402 445 2432 Petrus
460 2406 488 2433 in
498 2397 642 2438 Britannia
658 2411 714 2439 dies
728 2397 914 2449 aliqum-cum
930 2421 999 2446 mul-

212 2449 251 2472 tos
263 2446 439 2477 illuminasset
454 2452 530 2480 verbo
544 2456 647 2489 gratite,
660 2458 833 2497 ecclesiasque
845 2466 998 2492 constituis-

210 2493 259 2521 set,
291 2497 430 2528 postquam
447 2497 581 2533 episcopo:
605 2509 705 2537 quoque
726 2509 751 2532 et
776 2493 941 2543 presbyteros
966 2520 997 2538 ac

610 2533 615 2536 .
662 2533 667 2537 Ι
776 2533 781 2541 Ι
810 2533 815 2534 ⁷
824 2533 831 2535 ἡ
840 2533 845 2534 ⁷
854 2533 903 2543 ῐ1“⁷”
915 2533 940 2538 γ’
966 2533 995 2538 ’.ν

209 2533 335 2564 diaconos
359 2540 517 2576 ordinasaet,
541 2545 670 2580 impositis
694 2553 816 2581 manibus
840 2554 995 2584 duodecimo

211 2580 325 2611 Neronis
341 2594 410 2615 anno
426 2589 461 2623 (is
476 2590 527 2619 fuit
541 2599 635 2622 noster
649 2597 694 2629 66,
709 2598 765 2633 jam
784 2599 935 2634 indicatus)
947 2603 995 2630 ite-

209 2633 268 2654 rum
283 2628 394 2658 Romam
410 2634 508 2668 rediit;
523 2638 568 2666 ubi
589 2639 683 2668 Linum
694 2643 754 2677 jam
774 2649 907 2673 mortuum
928 2647 997 2674 inve-

244 2750 381 2803 .Cletun:
390 2756 654 2803 gdtlitnqamasitsin
668 2762 754 2803 Gemis
766 2769 919 2803 pontiﬁcum
934 2778 1001 2800 mss.

358 2791 380 2831 ξ’
390 2790 455 2832 Quae
466 2793 599 2834 _Clentf_nti
612 2790 711 2834 dixerit
723 2790 831 2833 Parrus.
840 2790 904 2832 Icum
919 2790 1004 2834 clm-6

211 2820 215 2825 η
266 2821 272 2827 η
395 2820 411 2824 ,,
508 2820 511 2821 ,
614 2820 710 2826 ww...
723 2820 733 2826 .
745 2820 831 2833 ,ωε-δ,
842 2820 904 2832 cum
919 2820 1172 2842 cuum-,unsecravrt,
1192 2821 1224 2840 ex
1238 2820 1386 2842 Anastasio
1401 2823 1452 2843 ms.
1471 2820 1543 2852 leges
1561 2827 1587 2854 ιιι

210 2827 240 2883 ta
254 2821 742 2886 "tt"“ﬁttanta?rem
756 2837 896 2886 {ﬁt-llaec
993 2844 1025 2872 ab
1196 2849 1347 2880 εαίιοτίιηιε

211 2783 318 2815 Scottis.

211 2854 254 2883 Η.
273 2858 314 2886 l5.
354 2861 376 2876 "
388 2854 742 2904 Thcodoreluinwiide‘iisfoi

1095 267 1271 303 gnitatcmque
1282 271 1361 297 istam
1381 280 1556 302 recusantem.
1578 277 1662 310 Quem
1676 279 1773 309 idoneis
1791 288 1855 313 ratio.

1094 313 1170 341 nibus
1185 322 1340 349 persuasum
1355 319 1388 352 ",
1405 328 1437 346 ac
1457 322 1590 356 conﬁdere
1605 325 1766 355 admonitum
1786 331 1808 357 in
1821 341 1855 359 ca-

1094 359 1214 388 thedram
1231 361 1382 391 divinorum
1407 366 1571 401 eloquiorum
1596 370 1685 405 (quam
1699 373 1743 400 ille
1758 375 1854 405 obtinue-

1092 404 1145 440 rat)
1162 406 1326 437 sublimacit.
1343 409 1546 440 Profectionem
1567 404 1638 443 hanc
1660 418 1688 445 in
1711 418 1854 451 Britanniam

1091 451 1201 479 aliunde
1227 453 1295 481 vidit
1319 456 1401 484 etiam
1436 457 1582 492 Batonius,
1603 465 1630 488 et
1654 467 1695 490 est
1726 464 1854 496 luculenter

1088 494 1242 531 adstructa,
1264 507 1320 527 non
1339 501 1375 528 ita
1392 503 1508 537 pridem.
1527 504 1580 533 Sed
1593 508 1691 542 pergit,
1705 514 1762 544 post
1774 519 1853 546 pauca,

1087 549 1240 578 anonymus
1257 555 1263 572 :
1291 546 1377 582 Igitur
1400 549 1538 584 confestim
1559 553 1665 588 milites,
1684 558 1853 591 comprehensis

1087 588 1207 616 omnibus
1233 591 1277 625 qui
1293 591 1400 620 Christo
1416 602 1509 622 nomen
1520 596 1658 630 dederant,
1674 600 1700 626 in
1715 601 1853 629 condemna-

1086 637 1172 659 torum
1185 643 1229 661 eos
1243 635 1408 665 deduxerunt
1433 639 1530 668 locum.
1547 642 1582 669 Et
1606 642 1734 673 Clementi
1757 649 1851 681 quidem,

1083 683 1112 704 ut
1124 684 1183 713 pote
1198 681 1230 708 de
1246 684 1400 718 cognatione
1429 685 1557 720 Cesaris,
1580 697 1759 724 pepercerunt,
1784 693 1852 721 (lera-

1082 726 1185 754 dianem
1200 737 1259 756 vero
1275 735 1299 756 et
1315 730 1456 766 Olympum
1468 733 1491 749 ’³
1503 742 1563 761 cum
1574 736 1678 771 reliqua
1692 739 1851 774 multitudine,

1081 772 1170 808 gladio
1203 782 1396 809 percusserunt.
1430 777 1540 806 Petrum
1571 787 1669 814 autent,
1693 792 1808 819 magnum
1826 786 1851 812 ii-

1080 817 1135 844 tum
1151 818 1257 846 Domini
1275 822 1423 854 apostolum
1439 823 1493 850 situ
1517 825 1539 840 ²⁹
1561 826 1663 854 inverso
1680 830 1851 863 suspenderunt

1079 864 1106 890 in
1121 872 1217 896 cruce;
1233 866 1260 892 in
1275 875 1327 901 qua
1343 868 1483 897 vulnerum
1501 871 1607 900 dolores
1621 874 1709 901 instar
1719 876 1812 903 CIrrirti
1828 887 1850 905 ac

1280 894 1286 901 ,
1398 894 1415 895 η
1503 894 1607 900 ww.--
1621 894 1702 901 ........
1828 894 1849 905 ..ι

1042 894 1063 922 Β
1080 907 1126 935 Dei
1141 910 1225 936 nostri
1234 918 1383 945 perpessus,
1395 920 1491 946 puram
1515 923 1592 943 suam
1615 921 1694 952 atque
1708 919 1850 947 incontami-

1077 959 1168 981 natam
1179 957 1297 983 animam
1311 958 1339 984 in
1360 958 1409 986 Dei
1426 968 1521 987 manus
1545 962 1649 990 obtulit.
1675 964 1791 993 Clemens
1804 975 1848 993 vero

1074 999 1219 1034 discipulus
1246 1002 1302 1036 ejus
1327 1008 1352 1030 et
1379 995 1517 1040 episcopus
1533 1010 1679 1042 pretiosum
1693 1011 1749 1045 ejus
1771 1020 1848 1046 corpus

1076 1047 1216 1080 magniﬁce
1230 1047 1256 1074 in
1269 1047 1325 1076 loco
1341 1050 1442 1077 illustri
1456 1053 1605 1082 tumulavit.

1110 1091 1179 1119 Ecce
1191 1097 1231 1126 ut,
1250 1093 1358 1122 vivente
1377 1095 1467 1124 adhuc
1482 1097 1574 1131 Petro,
1592 1099 1678 1128 Linus
1694 1102 1791 1130 sederit
1803 1104 1849 1140 cpi-

1073 1144 1174 1171 saopus
1197 1146 1279 1173 quem
1297 1144 1442 1175 propterea
1467 1143 1696 1180 chorepiscopum
1717 1147 1839 1176 Mat-ianus

1072 1182 1174 1218 aliique
1195 1185 1377 1220 scripserunt,
1403 1188 1475 1216 inter
1498 1198 1568 1226 quos
1589 1191 1644 1220 Leo
1668 1193 1701 1226 li,
1718 1202 1846 1223 successor

1071 1227 1243 1263 Agathonis:
1268 1230 1376 1265 Petrus,
1407 1234 1507 1270 inquit,
1537 1237 1673 1271 adjutores
1699 1239 1749 1266 sibi
1770 1242 1846 1268 accivit

1070 1275 1167 1303 Linum
1193 1283 1217 1304 et
1240 1278 1363 1311 Cletum:
1378 1290 1430 1308 non
1454 1288 1543 1311 tamen
1563 1287 1695 1321 pontiﬁcii
1709 1294 1845 1323 potestatem

1069 1323 1106 1349 eis
1120 1323 1242 1356 tradidit,
1264 1326 1309 1352 sed
1326 1326 1466 1356 Clementi.
1486 1329 1553 1358 Tam
1569 1336 1676 1360 certum
1693 1342 1796 1370 semper
1806 1336 1846 1363 fuit

1070 1376 1123 1395 una
1137 1378 1200 1397 cum
1215 1370 1295 1398 Petro
1309 1372 1407 1400 Linum
1422 1375 1565 1408 przefuisse
1579 1377 1705 1407 ﬁdelibus
1719 1379 1844 1415 Romanis,

1067 1419 1095 1441 et.
1110 1415 1143 1442 ab
1159 1417 1254 1444 eodem
1266 1417 1347 1446 Petro
1359 1419 1491 1448 traditum
1507 1423 1697 1456 pontiﬁcatum
1714 1427 1844 1456 Clementi.

1068 1458 1114 1487 Sic
1130 1469 1196 1496 ergo
1211 1462 1341 1498 liquidior
1360 1464 1457 1500 incipit
1480 1465 1565 1495 ﬂuere
1590 1469 1649 1496 haec
1665 1470 1842 1508 Chronologia,

1066 1506 1094 1533 in
1106 1506 1180 1534 hunc
1192 1508 1303 1536 modum
1321 1519 1327 1537 :

1028 1567 1049 1595 ε
1100 1552 1180 1580 Anno
1195 1558 1291 1582 nostro
1318 1555 1352 1583 66
1376 1556 1461 1585 Linus
1484 1564 1653 1593 postremum
1676 1563 1758 1596 vixit,
1783 1572 1843 1591 rnor-

1067 1601 1132 1626 tuus
1148 1600 1278 1635 vigesima
1303 1603 1384 1630 tertia
1409 1603 1588 1639 Septembris,
1616 1615 1689 1635 anno
1712 1609 1746 1636 12
1771 1609 1842 1637 Nero-

1065 1643 1119 1676 nis,
1135 1653 1189 1680 quo
1204 1645 1302 1674 Petrus
1318 1655 1351 1675 ex
1366 1648 1509 1677 Britannia
1524 1659 1653 1680 reversus
1677 1653 1791 1682 Romam
1807 1654 1842 1682 Li-

1065 1697 1130 1716 num
1143 1691 1247 1718 invenit
1259 1693 1316 1727 jam
1342 1699 1492 1723 mortuum.
1519 1695 1579 1731 Ipse
1594 1706 1667 1733 mox,
1681 1707 1745 1727 cum
1758 1701 1839 1733 Paulo.

1064 1736 1206 1770 conjectus
1217 1742 1260 1765 est
1275 1739 1303 1766 in
1319 1747 1458 1768 carcerem
1472 1741 1675 1778 Mamertinum,
1692 1746 1724 1774 in
1739 1755 1791 1782 quo
1801 1747 1836 1774 de-

1064 1783 1130 1809 tenti
1147 1782 1258 1811 ruerunt
1280 1793 1389 1814 menses
1415 1792 1488 1821 octo,
1512 1797 1600 1824 usque
1616 1790 1649 1818 ad
1672 1792 1755 1820 ﬁnem
1777 1792 1840 1820 Junii

1063 1829 1215 1862 sequentis.

1097 1874 1176 1902 Anno
1190 1880 1285 1903 nostro
1309 1877 1354 1910 67,
1378 1878 1476 1908 Petrus
1495 1881 1522 1908 in
1548 1890 1659 1911 carcere
1683 1888 1841 1914 constitutus

1060 1921 1197 1954 persuasit
1211 1921 1356 1956 Clementi,
1370 1928 1400 1951 ut
1410 1926 1601 1962 episcopatum
1618 1929 1699 1957 vellet
1712 1932 1840 1967 suscipere

1059 1970 1087 1992 et
1101 1965 1169 1994 Lino
1189 1968 1347 1996 succedere.
1365 1969 1390 1997 ls
1415 1979 1481 2006 ergo
1504 1980 1536 2000 ex
1554 1973 1636 2008 hujus
1651 1977 1718 2003 anni
1740 1978 1839 2005 circiter

1058 2010 1192 2039 Paschate
1207 2013 1277 2040 sedit
1290 2022 1377 2043 annos
1393 2015 1419 2048 9,
1438 2025 1547 2046 menses
1562 2019 1607 2051 11,
1624 2020 1683 2048 dies
1697 2022 1742 2055 12,
1760 2028 1787 2050 ιιι
1798 2024 1838 2050 ha-

1057 2056 1102 2084 bet
1122 2056 1278 2091 lndiculus,
1292 2060 1371 2094 juxta
1391 2069 1470 2096 quem
1489 2065 1572 2092 occisi
1597 2064 1668 2093 Petri
1697 2069 1837 2103 pretiosum

1057 2110 1158 2138 corpus
1173 2105 1315 2140 magniﬁce
1332 2108 1468 2143 sepelivit,
1483 2110 1585 2146 insigni
1602 2111 1630 2139 in
1646 2113 1718 2146 loco,
1734 2120 1764 2142 ut
1777 2115 1837 2143 vidi-

1056 2156 1127 2176 IDUS.

1089 2192 1170 2221 Anno
1204 2202 1270 2229 ergo
1286 2194 1329 2228 77,
1351 2204 1414 2224 cum
1442 2196 1536 2227 Romae
1562 2200 1633 2229 inter
1660 2202 1758 2232 ﬁdeles
1784 2209 1836 2231 orta

1017 2246 1041 2276 D
1054 2243 1129 2266 esset
1147 2240 1248 2275 (qualis
1264 2246 1359 2276 postea
1374 2242 1511 2281 Corinthi)
1529 2253 1628 2282 magna
1644 2248 1781 2278 dissensio
1795 2259 1836 2278 su-

1053 2292 1102 2319 per
1112 2285 1215 2314 honore
1242 2288 1440 2322 pontiﬁcatus,
1465 2298 1501 2318 ne
1515 2293 1594 2326 quasi
1620 2301 1653 2321 ex
1677 2298 1835 2324 testamenlo

1051 2330 1125 2358 Petri
1146 2334 1315 2362 successisse
1332 2335 1471 2363 videretur
1481 2337 1618 2371 Clemens,
1633 2347 1664 2367 ac
1676 2349 1712 2368 ne
1723 2343 1834 2377 posteris

1051 2377 1109 2405 hare
1123 2379 1294 2414 principatus
1306 2381 1420 2408 ambitio
1436 2384 1581 2417 perniciosi
1594 2387 1710 2420 exempli
1726 2388 1834 2416 liabere-

1048 2427 1105 2455 tur,
1123 2423 1195 2451 ultro
1208 2432 1238 2452 se
1260 2425 1421 2460 pontiﬁcatu
1438 2427 1585 2460 abdicavit,
1608 2438 1674 2458 usus
1700 2432 1762 2460 istis
1782 2442 1833 2460 ver-

1049 2469 1102 2499 bis.
1127 2478 1189 2504 qua:
1218 2470 1245 2497 in
1273 2471 1358 2499 altera
1383 2473 1499 2507 epistola
1521 2474 1672 2504 Corinthiis
1693 2481 1832 2514 proposuit

1045 2514 1177 2542 imitanda
1194 2526 1200 2542 :
1219 2515 1249 2543 Si
1264 2523 1369 2551 propter
1386 2527 1426 2545 me
1442 2519 1546 2552 seditio,
1575 2524 1709 2551 contentio
1723 2530 1750 2551 et
1765 2527 1830 2553 schi-

1045 2566 1133 2587 smata
1145 2567 1204 2588 orta
1217 2568 1289 2595 sunt,
1300 2564 1445 2598 emigrabo,
1463 2565 1540 2592 abibo
1552 2575 1705 2603 quocunque
1721 2572 1831 2599 volueri-

1043 2607 1089 2633 tis.
1105 2606 1284 2642 Epiphanius,
1302 2609 1329 2636 in
1343 2609 1441 2638 hmresi
1455 2610 1749 2649 Carpocratianorum,
1766 2618 1829 2645 hanc

1042 2651 1193 2680 Clementis
1206 2653 1408 2683 abdicationem
1429 2656 1481 2684 hoc
1503 2659 1715 2693 epiphonematc
1743 2663 1828 2691 innuit

1008 2772 1064 2801 Hoc
1075 2775 1148 2816 enim
1164 2777 1191 2804 in
1205 2778 1286 2816 editis
1296 2787 1351 2807 non
1366 2785 1514 2815 comparet.
1535 2783 1579 2810 Sic
1593 2785 1674 2812 etiam
1689 2786 1825 2816 Marianos

1006 2812 1177 2854 onsecravit,
1192 2814 1386 2854 eannastasio
1401 2812 1452 2843 ms.
1471 2817 1543 2852 leges
1561 2821 1631 2854 apud
1649 2821 1823 2853 Salmasiun'.

1636 2857 1659 2871 "
1676 2856 1756 2887 Rom.
1771 2866 1821 2890 m,
