1893 3101
40 156 66 183 εἰ)

639 153 809 182 PROOEMIA
831 153 1022 184 VARIORUM.

1609 161 1644 188 66

44 211 200 241 waclusam:
216 208 328 242 Secede,
344 210 420 242 abeo,
445 209 506 237 bene
527 209 681 236 stabitiatur
695 211 807 244 populus
821 211 844 239 Α
859 215 946 238 strum
967 211 1039 244 119,
1063 211 1184 240 Adriano
1210 219 1239 239 ιιι
1278 217 1304 240 et
1332 212 1445 241 Rustico
1473 215 1643 248 consulibus,

42 259 93 289 Dei;
102 256 210 287 addens,
222 263 255 284 se
271 256 301 283 id
316 256 343 283 in
357 255 566 283 commentariis
581 256 746 290 quibusdam
768 256 807 283 sic

42 303 171 332 invenisse.
184 301 368 329 Abdicaverit
382 309 448 337 ergo
461 301 507 329 die
531 302 565 329 13
579 301 732 334 Februarii,
747 310 807 337 qua:

40 355 92 376 tunc
109 347 157 374 fuit
180 346 251 374 feria
267 351 368 382 quarta
388 347 527 374 Cinerum.
545 346 582 374 lta
605 351 668 382 post
692 351 809 382 quatuor

39 395 85 422 dies
95 393 194 426 Cletus,
210 397 238 420 et
251 401 284 421 re
299 398 326 421 et
341 393 453 421 nomine
464 394 580 427 electus,
605 393 701 421 sedere
726 395 809 430 ccepit

38 449 63 468 ex
76 441 113 467 die
125 440 156 466 l6
169 433 329 470 Februarii,
346 438 486 466 Dominica
502 437 560 472 ipsa
571 439 806 474 Quadragesimaa,

38 487 157 521 tenuitque
168 485 377 520 pontificatum,
394 485 456 512 vivo
469 485 620 517 Clemente,
642 486 721 512 annis
746 494 805 518 sex,

37 533 158 560 mensibus
181 531 307 563 duobus,
326 530 423 558 diebus
448 530 556 563 decem,
576 538 647 566 quos
665 530 806 559 lndiculus

35 581 193 613 repraesentat
223 581 340 605 exserte
354 586 361 604 :
375 576 396 603 Α
416 578 565 609 consulatu,
581 576 679 611 inquit,
708 577 806 611 Vespa-

35 624 92 650 siuti
123 631 166 650 Vlll
185 627 210 650 et
220 622 377 650 Domitiani
398 631 429 654 v,
446 622 548 657 quiest
567 629 656 650 annus
670 622 736 649 mihi
748 623 806 657 jam

35 672 151 699 indicatus
167 671 211 702 77,
229 670 410 705 planissime.

63 717 131 744 Anno
155 716 239 751 igitur
257 719 360 742 nostro
381 715 425 746 85,
453 713 607 740 Domitiano
628 721 657 740 ix
685 717 712 741 et
734 712 806 740 Rufo

35 762 183 794 consulibus,
197 761 302 788 obierit
318 760 423 792 Cletus,
437 760 482 787 die
504 758 539 786 26
550 759 661 793 Aprilis,
675 763 703 786 ut
712 763 754 786 est
778 759 804 786 in

36 807 214 841 llemerologio,
243 805 424 832 intervallum
445 804 511 831 illud
531 811 546 831 a
562 804 702 831 creatione
720 803 803 834 illius,

35 852 60 878 ad
81 859 190 886 unguem
217 850 418 878 confirmante.
445 849 564 877 Vacasse
587 849 705 876 traditur
726 848 804 875 sedes

35 896 112 923 diebus
125 895 166 922 l5.
191 894 266 927 Ergo
280 902 318 922 ex
334 895 378 921 die
405 894 551 921 undecima
567 894 641 926 Maii,
663 901 725 929 quae
739 897 804 920 tunc

35 943 73 969 fuit
97 942 265 974 Pentecoste,
292 949 404 969 rursum
433 941 537 969 electus
564 941 710 968 Anacletus
735 940 805 967 sedit

35 996 103 1015 annos
117 987 158 1020 12,
168 995 282 1015 menses
295 987 316 1013 2
332 986 399 1022 (non
422 986 465 1022 l0)
478 987 537 1014 dies
549 987 576 1019 5,
590 994 677 1022 usque
698 986 731 1013 ad
757 995 804 1013 an-

35 1041 83 1060 num
96 1038 213 1060 nostrum
239 1033 288 1064 95,
318 1032 445 1067 diemque
468 1031 658 1067 Ilcmerologio
682 1032 803 1066 agnitum

35 1079 146 1105 decimum
171 1078 287 1105 tertium
304 1076 381 1109 Julii,
398 1077 554 1105 Domitiano
581 1085 636 1104 xvu
662 1080 689 1104 et
711 1076 804 1103 Flavio

35 1125 150 1151 Clemente
162 1123 341 1154 consulibus,
354 1130 423 1158 quos
436 1123 518 1150 etiam
545 1122 672 1158 agnoscit
693 1121 803 1150 Indicu-

36 1170 76 1200 lus,
88 1169 149 1196 mira
163 1169 190 1196 in
201 1169 246 1196 bis
258 1169 420 1196 constantia
439 1172 465 1196 et
475 1168 531 1195 veri
545 1168 606 1196 fide.

63 1215 116 1242 Erat
128 1215 169 1242 hic
184 1222 277 1241 annus
297 1213 448 1241 Domitiani
472 1214 583 1249 tyranni
608 1214 653 1247 M,
673 1221 728 1249 quo
741 1221 802 1249 pcr-

35 1261 177 1288 setutioucm
191 1260 344 1288 suscitavit
360 1259 388 1286 in
402 1259 582 1291 Christianos,
594 1260 675 1295 cujus
689 1268 801 1288 causam

37 1306 149 1338 Clemens,
162 1307 188 1333 in
209 1305 337 1341 Epistola
350 1305 395 1332 illa
411 1305 547 1332 luculenta
572 1305 665 1340 (quam
689 1313 722 1333 ex
740 1313 802 1341 per-

36 1360 87 1379 sona
104 1360 153 1379 non
177 1360 236 1385 sua,
265 1351 321 1379 sed
337 1351 466 1379 Ecclesia:
491 1351 621 1379 Romana:
642 1351 751 1386 scripsit
767 1351 801 1378 ad

38 1398 167 1426 Corinthios
178 1398 314 1425 adversus
328 1397 484 1432 episcopum
494 1405 573 1424 suum
584 1397 740 1433 seditiosos)
758 1405 801 1424 re-

38 1443 77 1469 fert
88 1443 116 1470 ad
129 1443 241 1470 dissidia
260 1443 312 1470 illa
327 1442 560 1474 Christianorum,
573 1442 704 1470 adversus
719 1451 747 1470 se
763 1443 802 1470 in-

39 1489 105 1516 vicem
114 1490 353 1524 consurgentium;
368 1489 449 1524 quale
461 1489 526 1524 quid
538 1489 619 1516 etiam
649 1489 742 1516 Romae
757 1488 799 1516 fa-

39 1539 95 1561 clum
107 1535 187 1562 innuit
199 1543 206 1568 ;
219 1543 302 1562 suum
319 1535 408 1569 ipsius
422 1539 559 1562 certamen
574 1538 638 1562 ante
652 1543 739 1562 annos
751 1543 798 1562 oc-
814 1549 834 1578 ο

40 1580 133 1607 todecim
147 1581 225 1608 tacite
236 1581 372 1608 innuens.

66 1621 160 1649 lnterim
178 1627 279 1657 autem,
306 1623 367 1651 sive
382 1624 474 1652 occiso
498 1624 555 1659 jam
575 1625 717 1656 Anaclcto.
741 1626 800 1654 sive

41 1671 140 1705 conjecto
153 1672 179 1699 in
194 1673 320 1704 vincula,
338 1672 479 1700 Evaristus
510 1681 654 1701 successor
677 1673 801 1709 designa-

41 1721 74 1742 tus
86 1720 131 1747 est,
143 1718 184 1745 cui
198 1718 368 1745 membrana:
385 1718 507 1745 tribuunt
522 1726 610 1745 annos
622 1718 666 1750 15,
689 1726 799 1747 menses

42 1761 62 1794 Ἰ,
73 1762 123 1790 dies
132 1763 157 1795 2,
176 1771 263 1798 usque
276 1764 312 1790 ad
329 1763 435 1790 Gallum
460 1767 487 1790 et
510 1763 656 1794 Braduam,
673 1764 799 1791 consules

42 1809 90 1835 anni
101 1810 178 1836 nostri
194 1810 253 1842 l08,
266 1814 299 1837 ut
312 1809 424 1836 omnino
437 1809 590 1844 cmperitex
604 1817 676 1836 anno
688 1809 733 1835 illo
741 1809 798 1843 jam

42 1852 98 1879 dicto
108 1854 147 1881 95.
162 1854 227 1888 Quia
242 1862 311 1882 vero
327 1855 453 1883 Clemens
473 1854 529 1889 jam
545 1854 702 1888 decrepitus
724 1854 798 1881 obie-

42 1904 74 1925 rat
93 1907 165 1931 anno,
191 1901 261 1928 sicut
273 1900 407 1932 diximus,
433 1904 528 1927 nostro
545 1899 605 1930 100,
623 1900 666 1927 die
685 1900 721 1927 25
744 1899 798 1927 Νο-

42 1945 152 1978 velabris;
166 1954 250 1982 neque
267 1954 346 1973 mors
362 1946 423 1980 ejus
449 1954 484 1973 ex
496 1945 582 1973 Ponto
598 1945 712 1973 Romam
736 1954 798 1980 per-

43 1989 93 2016 ferri
105 1992 192 2025 potuit,
203 1992 257 2020 nisi
268 1995 335 2027 post
345 1992 404 2020 dies
419 1992 514 2020 saltem
530 1992 654 2027 triginta,
682 1991 746 2018 hinc
758 1991 797 2019 fac

43 2038 100 2061 ctum
112 2040 148 2064 est
169 2041 197 2064 ut
210 2038 323 2069 abindc,
352 2041 494 2064 numerato
507 2037 592 2064 altero
611 2037 683 2064 velut
707 2037 795 2069 initio,

45 2078 158 2108 Eraristus
179 2083 285 2111 sedisse
311 2082 446 2110 scribatur
459 2090 545 2110 annos
570 2083 595 2115 7,
620 2090 727 2110 menses
751 2083 794 2115 l0,

44 2126 88 2154 dies
98 2128 122 2159 2,
142 2137 222 2164 usque
233 2129 267 2157 ad
282 2129 356 2157 diem
373 2128 530 2156 vicesimam
546 2132 650 2156 sextam
671 2128 796 2157 Octobris

45 2173 94 2198 anni
104 2174 156 2205 l08,
165 2179 244 2209 utque
257 2175 285 2202 in
299 2173 400 2202 Graecis
414 2174 546 2209 legamus,
560 2178 621 2210 post
635 2174 795 2202 electionem

44 2215 295 2253 Evaristipontiticis.
322 2221 490 2247 successisse
514 2219 698 2247 Alexandrum
725 2227 796 2247 anno
813 2214 834 2241 ἰ)

46 2260 70 2286 12
77 2261 178 2296 Trajani.

72 2307 204 2338 Alexander
225 2318 293 2346 ergo
305 2309 399 2338 sedere
422 2310 505 2345 coepit
526 2318 559 2337 ex
580 2317 652 2337 anno
677 2310 728 2337 108
739 2311 796 2345 jam

46 2351 112 2385 dicto,
127 2355 243 2391 seditque
257 2363 346 2383 annos
360 2355 404 2387 10,
421 2363 531 2382 menses
547 2355 573 2388 5,
594 2355 653 2384 dics
664 2356 710 2384 21.
721 2356 795 2383 Con-

45 2396 113 2428 iectus
136 2400 160 2427 in
185 2409 320 2429 carcerem
343 2408 415 2428 anno
436 2404 532 2428 nostro
555 2401 617 2435 116,
636 2405 732 2429 octavo
752 2402 794 2429 sui

47 2443 201 2478 pontiﬁcatus,
218 2446 327 2474 :Eliano
342 2451 369 2473 et
381 2445 479 2474 Vetere
494 2447 665 2479 consulibus,
686 2448 794 2475 vivente

47 2487 116 2516 adhuc
128 2490 249 2526 Trajano,
273 2497 303 2519 ut
325 2492 426 2520 habent
448 2491 536 2525 Acta;
558 2493 585 2519 in
609 2501 665 2528 quo
685 2501 794 2520 carcere

47 2533 101 2562 duos
119 2543 197 2566 annos
207 2539 270 2573 egit,
293 2545 380 2573 usque
405 2537 439 2564 ad
459 2538 567 2565 tertium
594 2539 718 2572 Adriani,
743 2547 794 2566 no-

859 257 970 292 quando
985 257 1019 285 ad
1033 257 1104 286 diem
1123 259 1230 285 tertiam
1246 258 1308 286 Maii
1325 260 1435 288 occisus
1447 265 1499 294 cst,
1517 265 1544 289 et
1568 270 1646 289 vaca-

857 303 896 329 vit
919 303 999 330 sedes
1019 303 1115 331 diebus
1141 304 1187 336 25,
1205 313 1292 340 usque
1305 306 1339 332 ad
1359 306 1516 333 vicesimam
1544 315 1645 334 nonam

860 347 925 375 Maii
940 347 1121 381 Dominicam.
1137 357 1191 384 qua
1205 351 1340 377 successit
1356 350 1469 386 Xystus.
1483 351 1548 380 Post
1563 360 1644 388 quem

858 401 929 421 anno
945 394 997 421 128
1015 393 1209 430 Telesphorus,
1227 396 1278 423 158
1293 395 1424 431 llyginus,
1438 397 1489 424 142
1505 398 1581 430 Pius,
1594 398 1646 426 sub

857 447 911 474 quo
926 439 1046 467 Marcion
1062 441 1206 469 haereticus
1222 447 1334 470 exortus
1346 447 1398 474 est.
1413 444 1493 471 annis
1516 444 1568 471 115
1584 448 1646 479 post

857 484 926 511 duos
938 485 1064 520 geminos
1087 487 1226 519 consules,
1243 487 1295 514 hoc
1310 492 1363 520 est,
1383 496 1455 516 anno
1471 493 1565 517 nostro
1580 481 1643 522 143.

857 531 972 558 docente
987 531 1038 559 hoc
1052 531 1229 560 Tertulliano.

893 575 939 604 Sic
954 585 1018 612 ergo
1034 579 1184 613 specimine
1198 579 1297 606 saltem
1313 580 1427 614 praebito
1455 580 1642 612 restituendae,

857 622 929 656 quod
941 622 1099 656 pollicebar,
1123 623 1306 658 chronologize
1319 625 1476 658 pontiﬁciac,
1493 626 1644 653 intellecto-

856 674 909 700 que
935 671 1068 701 tempore,
1100 675 1155 702 quo
1184 669 1371 704 episcopatum
1396 671 1481 705 gessit
1503 670 1642 703 Clemens,

855 721 964 748 quoquc
978 717 1039 748 post
1059 713 1213 740 abdicatum
1230 714 1418 750 pontificatum
1440 716 1548 743 tandem
1569 718 1643 744 occi-

857 767 904 786 sus
919 763 972 791 est,
998 759 1140 787 videamus
1156 767 1228 787 nunc
1245 763 1272 787 et
1286 760 1320 787 de
1336 769 1400 788 vero
1416 762 1594 796 epistularum
1610 763 1643 789 il-

856 806 910 833 lius
922 810 1053 840 tempore,
1071 805 1151 833 istius
1169 807 1286 834 maxime
1300 807 1322 822 ³ο
1338 815 1419 842 quam
1442 816 1515 835 nunc
1531 808 1639 837 damus.

856 850 923 877 Nam
945 850 989 877 illa
1007 851 1139 885 praeclara
1161 851 1343 886 omnibusque
1368 853 1488 887 antiquis
1514 853 1641 881 Patribus

820 885 841 911 Β
856 896 975 929 laudata,
991 899 1018 923 et
1036 896 1062 922 in
1080 895 1223 928 Ecclesiis,
1249 896 1336 924 instar
1357 898 1579 932 apostolicarum,
1601 907 1641 926 re-

855 941 934 968 citari
955 941 1046 972 solita,
1063 948 1124 975 quae
1137 940 1199 967 data
1211 945 1253 968 est
1271 942 1322 969 sub
1346 950 1463 976 persona
1486 951 1540 971 non
1567 945 1641 972 abdi-

854 987 908 1014 cati
919 986 1076 1019 Clementis,
1093 986 1140 1014 sed
1155 987 1246 1021 potius
1266 987 1397 1015 Romana:
1416 988 1547 1016 Ecclesia:
1567 990 1640 1025 (post

853 1032 1016 1060 Anacletum
1031 1033 1090 1060 sine
1103 1032 1234 1068 episcopo
1251 1033 1378 1069 dcgentis
1394 1034 1511 1070 scilicet)
1533 1036 1566 1063 ad
1588 1036 1640 1063 Ec-

855 1079 967 1106 clesiam
990 1077 1173 1110 Corinthiam,
1199 1079 1266 1106 satis
1291 1079 1347 1114 jam
1371 1088 1449 1107 suam
1468 1082 1638 1109 occasionem

854 1131 1010 1158 annumque
1025 1123 1166 1157 indicavit,
1184 1128 1310 1152 nostrum
1327 1125 1372 1156 95,
1396 1125 1519 1154 fervente
1544 1135 1638 1161 persc—

853 1169 961 1196 cutione
978 1168 1124 1195 Domitiani
1147 1176 1228 1204 quam
1245 1169 1372 1201 maxime,
1399 1171 1550 1206 perscripta
1564 1180 1571 1205 ;
1589 1179 1638 1199 eo-

853 1212 914 1240 dem
931 1212 1078 1240 admodum
1094 1213 1176 1248 stylo,
1191 1221 1246 1248 quo
1259 1214 1331 1241 idem
1348 1213 1487 1242 Romanus
1500 1216 1589 1244 clerus
1605 1217 1639 1244 ad

853 1258 1019 1294 Cyprianum
1034 1260 1129 1287 utitur.
1146 1260 1180 1287 At
1205 1260 1349 1288 character
1363 1266 1465 1289 nostra:
1486 1263 1568 1297 hujus
1588 1263 1639 1290 ho-

852 1304 934 1331 miliae
945 1304 1072 1337 similior,
1085 1313 1165 1340 quam
1182 1306 1313 1340 epistolae,
1327 1309 1353 1333 et
1362 1306 1395 1333 ab
1407 1307 1493 1334 altero
1507 1308 1637 1335 diversis-

852 1351 949 1384 simus,
959 1351 1094 1385 privatum
1109 1351 1268 1386 scriptorem
1285 1352 1384 1387 arguit.
1401 1351 1518 1388 Tempus
1530 1361 1639 1389 quoque

852 1396 972 1423 insinuat
986 1397 1204 1431 pacatissimum,
1218 1397 1301 1424 nullis
1316 1397 1345 1424 in
1361 1397 1514 1425 Ecclesium
1530 1400 1638 1434 procel-

852 1442 886 1470 lis
907 1442 1061 1476 turbidum;
1080 1447 1213 1478 tantoque
1239 1443 1326 1478 magis
1346 1444 1379 1470 ad
1395 1444 1557 1471 charitatcm
1577 1453 1638 1473 mu-

851 1492 926 1515 tuam
951 1488 1151 1524 fovendamque
1169 1497 1263 1524 pacem
1281 1489 1470 1517 hortatoriam.
1495 1490 1537 1518 Ad
1556 1500 1638 1526 quam

851 1533 1027 1561 obtinendam
1042 1541 1097 1561 non
1111 1539 1235 1569 oporteat
1251 1535 1366 1562 inveniri
1380 1535 1517 1563 hominem
1541 1537 1563 1553 ³¹
1590 1539 1638 1572 qui

851 1587 911 1607 eam
932 1579 1072 1615 largiatur,
1091 1581 1139 1608 sed
1161 1580 1247 1608 Deum
1275 1582 1390 1609 scilicet.
1414 1582 1519 1616 Quibus
1545 1584 1637 1612 verbis

850 1626 893 1654 vel
904 1633 954 1662 ego
968 1626 1056 1659 fallor,
1078 1627 1120 1654 vel
1136 1627 1259 1654 innuitur
1273 1627 1459 1663 Vespasianus
1475 1629 1636 1664 imperator,

850 1671 896 1706 qui
909 1679 981 1698 anno
994 1675 1088 1699 nostro
1103 1672 1147 1703 '75,
1169 1675 1248 1699 sexto
1263 1679 1313 1700 suo
1330 1672 1486 1704 consulatu,
1502 1673 1636 1708 templum

849 1717 928 1744 Pacis
944 1716 1064 1745 lEterna:
1076 1717 1198 1744 omnium
1215 1720 1272 1744 toto
1287 1717 1353 1744 orbe
1364 1717 1579 1752 pulcherrimum
1589 1719 1636 1745 dc-

849 1763 967 1796 dicavit;
986 1766 1071 1790 semet
1086 1763 1246 1789 existimans
1273 1762 1351 1789 illum
1375 1762 1528 1797 principem
1546 1763 1634 1797 pacis,

850 1811 954 1843 patrem
969 1807 1053 1835 futuri
1068 1807 1161 1835 saeculi
1175 1807 1349 1842 praenuntiati
1365 1807 1437 1842 apud
1461 1806 1573 1839 Isaiam,
1591 1815 1636 1834 cu-

847 1854 892 1888 jus
905 1853 1011 1888 imperii
1027 1860 1081 1879 non
1098 1852 1167 1879 foret
1181 1852 1252 1880 finis.
1265 1851 1325 1879 Non
1335 1852 1408 1879 hunc
1416 1859 1482 1887 ergo
1494 1852 1635 1879 mortalem

849 1899 998 1931 hominem,
1019 1897 1066 1926 sed
1092 1897 1177 1924 Deum
1203 1897 1320 1924 inveniri
1337 1897 1436 1924 debere
1458 1901 1549 1924 monet
1573 1898 1636 1926 Cle-

848 1951 936 1974 mens,
964 1943 1010 1978 qui
1043 1947 1173 1970 aeternam
1201 1950 1297 1978 pacem
1325 1943 1383 1970 suis
1407 1943 1556 1978 largiturus
1587 1944 1634 1970 sit.

849 1990 936 2017 Tanto
950 1997 1015 2024 ergo
1030 1988 1150 2024 Epistola
1165 1989 1223 2016 haec
1237 1989 1313 2024 prior
1324 1989 1380 2021 illa,
1394 1996 1453 2023 qua:
1465 1992 1526 2023 post
1538 1988 1574 2015 20
1587 1989 1635 2016 dc-

847 2043 922 2063 mum
936 2043 1022 2062 annos
1035 2035 1118 2064 missa
1139 2035 1190 2062 fuit
1210 2034 1382 2062 Corinthum.
1401 2033 1484 2069 quue
1511 2034 1635 2061 subintli-

847 2084 892 2108 cat
907 2080 978 2116 apud
990 2080 1149 2113 Eusebium,
1162 2081 1210 2108 lib.
1226 2088 1263 2113 Iv,
1279 2087 1339 2115 cap.
1352 2080 1398 2112 25,
1418 2080 1563 2115 Dionysius
1581 2080 1634 2107 Co-

847 2127 1009 2154 rinthiorum
1025 2127 1178 2162 episcopus,
1191 2127 1218 2153 in
1227 2126 1342 2161 epistola
1355 2125 1444 2154 dicata
1458 2126 1544 2153 Sotcri
1558 2133 1634 2161 papae

849 2173 923 2200 circa
939 2181 1040 2200 annum
1056 2177 1182 2200 nostrum
1198 2172 1259 2204 167,
1280 2173 1307 2199 in
1329 2179 1383 2207 qua
1409 2171 1546 2200 Romanos
1565 2172 1634 2198 allo-

850 2219 954 2254 quitur,
972 2219 1016 2246 his
1031 2219 1122 2247 verbis
1142 2229 1148 2246 :
1166 2218 1253 2245 Hodie
1266 2218 1432 2245 Dominicam.
1444 2226 1548 2245 sacram
1563 2218 1632 2245 diem

849 2265 1003 2300 peregimus,
1020 2265 1047 2290 in
1059 2272 1112 2299 qua
1127 2264 1234 2299 legimus
1247 2263 1543 2298 vestram”cpistalam.
1553 2271 1631 2297 quant

849 2319 949 2345 semper
969 2310 1003 2336 ad
1026 2315 1143 2337 nostram
1159 2310 1356 2336 instructionem
1371 2309 1502 2344 legemus,
1517 2309 1585 2335 sicut
1606 2313 1631 2335 et

848 2358 961 2391 priorem
972 2355 1046 2383 nobis
1060 2364 1076 2382 a
1088 2355 1219 2383 Clemente
1231 2355 1366 2389 scriptam.
1378 2354 1414 2382 Dc
1428 2354 1525 2389 quibus
1541 2354 1633 2381 verbis

848 2402 921 2438 quod
947 2402 1019 2429 volui
1039 2401 1166 2433 conficio,
1187 2401 1336 2428 Clementis
1359 2401 1448 2436 ipsius
1473 2407 1534 2427 esse
1559 2399 1630 2426 hanc

845 2448 1008 2483 epistolam;
1023 2447 1097 2474 illam
1108 2455 1174 2474 vero
1186 2448 1311 2479 alteram,
1334 2454 1389 2474 non
1423 2451 1478 2473 tam
1499 2446 1630 2480 decrepiti

845 2493 1005 2525 Clementis,
1022 2501 1104 2528 quam
1128 2493 1209 2520 etiam
1234 2492 1349 2520 Romani
1366 2493 1442 2520 clcri.

75 2654 206 2696 "Intellige
219 2661 374 2696 secundam.
413 2661 434 2676 "
449 2661 512 2688 Haec
527 2661 600 2696 legas
630 2663 698 2688 sect.
713 2667 752 2687 xl.
790 2659 811 2676 ³¹
824 2659 888 2693 Qua‘
900 2658 1034 2687 Clementi
1063 2659 1257 2695 Alexandrino,
1273 2661 1373 2688 Strom.
1403 2661 1451 2689 lib.
1479 2668 1505 2694 v,
1523 2668 1550 2696 β.
1565 2659 1628 2692 786,

49 2686 63 2724 1
79 2691 136 2726 πρδς
147 2686 615 2732 raptast;"Jb;;,.amt"é;meat.
