1893 3101
213 153 246 180 (Π
783 149 828 176 AD
849 148 878 177 S.
900 147 1010 177 CLEME

1075 146 1112 175 an
1133 147 1143 174 1
1163 145 1279 174 PAPAM
1813 146 1847 174 δε

936 269 1123 301 LECTORI.

254 367 392 393 llactenus
412 362 589 392 Ventlelinus,
611 359 690 394 cujus
714 357 797 385 verba
822 363 853 383 ex
891 354 1010 382 editione
1025 357 1047 386 Α
1062 354 1155 381 buisse
1170 352 1292 387 episcopi
1309 357 1420 378 nomine
1433 349 1528 381 scribi,
1546 348 1672 384 quamvis
1689 348 1850 384 episcopum

218 413 295 441 Pauli
309 409 454 439 Colomesii
467 406 675 441 descripsimus.
693 403 826 430 Caeterum
844 401 891 436 qui
908 408 1006 431 annOS,

219 458 318 493 quibus
334 455 405 484 sedit
418 454 556 482 Clemens,
571 451 657 478 multo
671 449 774 476 certius
791 447 893 474 rescire
906 445 1006 478 avehit,

219 505 243 531 is
260 503 338 529 adeat
352 503 460 535 oportet
475 497 677 525 eruditissimas
697 493 901 522 Dissertationes
924 491 1007 518 Joan-

219 550 264 576 nis
277 546 419 575 Pcarsonii
444 550 471 572 et
497 543 607 571 Henrici
624 541 766 572 Dodvvelli,
789 539 821 566 de
845 538 1008 565 successione

219 595 365 630 primorum
378 592 504 619 Romanrr
525 589 599 617 urbis
612 588 809 622 episcoporum;
830 584 877 620 qui
896 583 946 610 viri
971 587 1009 609 to-

220 647 276 668 tam
291 638 495 673 chronologiam
512 635 678 671 pontificiam
694 633 811 660 feliciter
823 631 1007 660 illustrarunt,

220 685 347 722 quamvis
362 692 410 719 per
421 682 512 710 omnia
526 689 580 707 non
599 679 783 706 consentiant.

256 729 420 756 Pearsonius
433 728 491 755 vult
506 726 673 754 Clementem
690 723 796 751 sedisse
818 721 853 749 ab
877 728 950 747 anno
975 719 1009 746 69

198 777 201 782 ’
221 781 255 808 ad
270 781 314 808 8'5.
338 778 489 806 Dodwellus
500 784 565 804 vero
581 776 615 802 ab
638 782 710 801 anno
734 772 778 803 64,
800 772 843 799 vel
866 770 901 798 65
916 770 948 796 ad
964 769 1009 796 8L

222 828 271 855 Hic
282 828 362 855 etiam
378 833 439 860 cap.
464 824 493 850 Η
513 823 581 849 Diss.
597 820 628 847 de
640 827 753 847 success.
768 818 920 852 pontiﬁcum
935 815 1010 842 Rom.

221 873 361 901 contendit
373 872 505 899 incertum
516 875 588 900 esse,
601 875 635 894 an
647 864 762 900 epistola
774 862 924 890 Clementis
937 862 1012 897 prior

222 920 256 946 ah
276 927 309 946 eo
327 918 383 954 jam
408 916 537 952 episcopo
553 913 655 947 scripta
675 911 731 943 sit;
752 914 778 936 at
794 913 868 937 certe
882 916 936 935 non
963 907 1007 935 de-

1059 400 1116 435 jam
1133 398 1299 426 Clementem
1316 396 1400 424 fuisse
1413 395 1510 423 testari
1520 394 1666 422 videantur
1677 393 1852 430 Hegesippus

1062 449 1143 480 atque
1159 443 1287 471 Irenazus.
1303 442 1389 478 Digna
1405 444 1469 468 sunt
1483 441 1557 467 lectu
1572 447 1633 475 quae
1650 440 1721 467 banc
1742 439 1772 466 in
1795 448 1853 468 rem

1059 491 1153 522 habet,
1180 490 1226 518 sed
1238 488 1398 524 prolixiora,
1421 495 1502 522 quam
1518 494 1579 521 qua:
1602 486 1656 513 huc
1681 485 1852 514 transfer-ano

1061 541 1116 564 tur.
1140 536 1211 564 Idem
1247 536 1274 562 in
1299 534 1521 561 Dissertationum
1543 532 1729 559 Irenuicarum
1752 532 1852 567 prima,

1064 584 1078 619 §
1092 583 1138 616 28,
1154 582 1312 617 suspicatur
1329 588 1383 608 non
1403 580 1550 610 immerito,
1567 579 1692 611 alteram,
1705 586 1770 613 quae
1785 578 1854 605 dici-

1061 634 1117 661 tur,
1125 628 1274 657 Clementis
1282 627 1436 662 epistolam,
1447 633 1508 653 esse
1516 624 1607 660 potius
1615 623 1724 659 διδαχὴν
1733 623 1798 658 ejus
1807 631 1853 650 seu

1061 673 1121 708 ejus
1131 672 1296 703 doctrinam,
1310 672 1344 698 ab
1355 671 1408 697 alio
1422 669 1533 704 scriptis
1546 668 1715 699 mandatam,
1730 672 1815 702 atque
1824 676 1854 694 ex

1061 721 1122 754 ejus
1134 717 1325 745 concionantis
1343 723 1391 744 ore
1409 719 1561 749 exceptam,
1573 715 1616 742 vel
1639 721 1672 741 ex
1694 713 1854 740 auditorum

1065 767 1099 793 ab
1112 773 1144 793 eo
1160 763 1292 792 memoria
1308 766 1460 790 exaratam.
1473 761 1552 792 Eum,
1568 760 1675 792 Lector,
1696 759 1786 791 adito,
1802 767 1854 793 quo

1064 812 1147 839 rebus
1164 809 1359 838 ecclesiasticis
1375 807 1563 842 antiquissimi
1583 806 1633 834 aevi
1657 813 1740 833 nemo
1769 804 1854 832 facem

1066 857 1308 893 hactenus_intulit
1319 854 1522 891 fulgentiorem.

777 1119 824 1162 J.
872 1118 925 1160 B.
975 1107 1305 1158 COTELEBII

562 1228 750 1262 JUDICIUM
765 1227 820 1257 DE
836 1225 988 1256 PRIORE
1006 1219 1205 1254 EPISTOLA
1225 1218 1256 1249 S.
1275 1215 1513 1248 CLEMENTIS.

264 1374 331 1402 Cum
347 1376 518 1408 quaecunque
533 1367 566 1394 tle
577 1364 700 1401 Epistola
719 1371 735 1390 a
749 1361 940 1392 B.Clemcntc,
956 1359 1012 1386 Ro-

226 1428 313 1448 manae
328 1418 457 1446 Ecclesiae
471 1414 580 1442 nomine
593 1412 626 1439 ad
640 1409 846 1438 Corinthiorum
861 1404 1013 1433 Ecclesiam

224 1466 339 1500 scripta,
356 1462 472 1499 proferri
489 1460 655 1496 potuissent,
671 1456 729 1485 fere
748 1454 841 1483 omnia
861 1451 962 1488 partim
980 1450 1014 1476 ab

225 1511 346 1546 antiquis
366 1509 477 1539 tradita,
498 1506 597 1542 partim
621 1512 636 1531 a
651 1501 852 1531 recentioribus
881 1501 1014 1533 occupata

226 1544 344 1590 fuerint,
361 1555 421 1583 vice
441 1551 622 1589 prtefatiouis,
643 1556 731 1585 pauca
745 1547 880 1574 duntaxat
901 1544 1016 1571 adnota-

225 1605 317 1632 bimus
339 1603 372 1629 ad
398 1609 429 1630 ea
454 1604 577 1627 veterum
604 1595 782 1626 testimonia,
805 1600 866 1628 quae
890 1589 1015 1618 nonnihil

225 1649 348 1684 serupuli
365 1645 519 1682 legentibus
541 1643 610 1670 forte
634 1640 790 1675 injicerent,
814 1636 869 1664 nisi
892 1641 1014 1669 expone-

226 1683 340 1727 rentur;
356 1701 388 1720 ac
401 1691 500 1720 deinde
518 1694 672 1725 qumremus
687 1684 798 1720 quando
819 1683 919 1718 stylum
935 1687 1016 1707 acue-

225 1738 433 1776 γίιΚλήμης,τὸ
441 1737 487 1764 τοῦ
499 1734 616 1772 Χριστοῦ
627 1733 728 1768 κλῆμα.
738 1729 868 1765 Equidem
884 1728 918 1755 ab
931 1727 1016 1753 Euse—

227 1789 273 1815 hio
288 1772 389 1817 litatur,
405 1792 465 1820 cap.
481 1783 512 1810 16
535 1787 563 1810 et
574 1782 619 1813 38,
646 1778 761 1815 epistola
783 1779 896 1804 vocatur
922 1772 1016 1809 ὁμολο-

226 1833 358 1869 γουμένη,
369 1828 600 1866 ἀνωμολογημένη
610 1826 687 1862 παρὰ
693 1825 786 1853 πᾶσιν,
795 1822 826 1849 ab
835 1820 954 1848 omnibus
964 1827 1016 1845 uno

227 1887 353 1907 consensu
369 1882 481 1911 recepta.
499 1875 545 1902 Ille
561 1879 652 1901 tamen
666 1870 815 1898 historicus
832 1868 879 1895 lib.
893 1875 931 1897 vt,
952 1873 1014 1899 cap.

228 1927 272 1958 i3,
284 1925 367 1953 refert
381 1924 546 1951 Clementem
563 1918 778 1947 Alexandrinqu
794 1916 821 1942 in
833 1913 910 1941 libris
924 1912 1017 1944 Στρω-

223 1971 341 2007 ματέων
352 1971 392 1998 uti
412 1966 577 1996 testimoniis
591 1965 796 2000 Scripturarum
820 1968 836 1987 a
851 1958 1016 1994 quibusdam

229 2018 446 2053 repudiatarum,
455 2021 552 2048 nempe
567 2010 714 2046 Sapientia:
724 2006 891 2036 Salomonis,
903 2003 1017 2038 Sapien-

228 2051 273 2094 tiae
286 2061 429 2092 Siracidis,
443 2059 572 2094 Epistolas
585 2057 618 2084 ad
631 2051 1018 2087 llcbrazos,Epistolarumque

229 2109 372 2140 Barnabaa,
395 2106 543 2135 Clementis
570 2110 597 2132 et
611 2103 697 2130 Judaa.
725 2101 785 2133 Quo
798 2097 878 2126 modo
891 2097 1018 2123 volumen

231 2157 265 2183 ab
286 2154 414 2183 omnibus
444 2151 614 2183 admissum,
642 2156 658 2175 a
683 2145 848 2182 quibusdam
877 2140 1018 2177 rejicitur?

230 2201 296 2228 Eam
316 2198 524 2234 repugnantiam
551 2195 641 2226 tolles,
658 2194 681 2221 si
701 2191 804 2219 dixeris
819 2192 935 2216 cunctos
957 2186 1019 2222 qui-

230 2249 292 2275 dem
310 2254 380 2280 opus
403 2244 549 2279 agnovisse
573 2249 624 2276 pro
637 2239 756 2275 genuino
781 2235 923 2264 Pontificis
939 2234 1016 2265 laetu,

232 2293 279 2321 sed
293 2299 349 2319 non
365 2298 462 2317 omnes
478 2288 608 2315 habuisse
622 2293 672 2320 pro
686 2285 790 2318 scripto
810 2281 945 2309 canonico
960 2289 966 2305 :
985 2279 1019 2306 de

232 2339 334 2375 primo,
358 2337 461 2364 nullam
487 2338 590 2361 mutam
613 2331 765 2366 antiquitus
784 2326 1018 2357 controversiam;

232 2388 266 2414 de
282 2384 415 2416 secundo,
438 2387 550 2413 motam,
568 2380 630 2407 aliis
645 2382 723 2406 extra
745 2382 877 2403 canonem
892 2372 1020 2409 ponenti—

232 2434 295 2464 bus,
312 2439 371 2467 qum
384 2428 520 2458 sententia
538 2425 668 2457 obtinuit,
687 2424 748 2450 aliis
770 2423 851 2452 intra,
867 2423 897 2446 ut
924 2422 1020 2445 auctor

231 2478 368 2506 Canonum
383 2473 604 2508 apostolicorum,
640 2475 746 2496 canone
766 2465 873 2497 ultimo,
891 2461 1019 2498 proinde-

232 2532 286 2559 que
300 2522 393 2550 forsan
407 2524 434 2547 et
450 2519 497 2554 qui
512 2525 560 2546 eos
574 2522 694 2544 canones
707 2514 734 2540 in
747 2519 862 2539 numero
877 2514 1018 2537 sacrarum

233 2569 438 2604 Scripturarum
451 2565 566 2594 collocat
579 2563 699 2590 Joannes
709 2560 905 2587 Damascenus,
918 2554 1019 2590 quique

231 2600 344 2646 eosdem
359 2614 506 2642 admittunt
529 2609 653 2638 Trullani
680 2605 811 2642 episcopi.
828 2604 917 2637 Atque
937 2600 1019 2634 hujus

232 2669 377 2701 postremae
394 2659 531 2696 opinionis
556 2658 750 2685 documentum
769 2651 871 2688 praebet
885 2648 1020 2683 antiquis-

233 2714 321 2741 simus
343 2708 430 2737 codex
443 2705 590 2734 bibliorum
605 2710 687 2730 manu

233 2739 288 2794 quo
310 2757 370 2784 dum
384 2755 443 2782 ista:
468 2751 589 2786 epistola
608 2747 784 2784 prodierunt;
798 2739 1020 2779 quandoquidem

233 2785 280 2834 eas
293 2809 354 2830 cum
367 2800 446 2828 libris
461 2785 528 2825 Novi
543 2793 711 2824 Testamenti
725 2792 887 2826 conjunctas
899 2785 1019 2814 exhibet.

234 2850 326 2884 Neque
349 2855 412 2874 vero
432 2845 581 2880 quidquam
605 2847 693 2869 causa:
708 2842 761 2870 est,
782 2845 831 2865 cur
848 2835 915 2862 alias
937 2839 1020 2867 quas—

1032 1350 1054 1377 Β
1067 1355 1139 1392 piam
1156 1352 1307 1389 suspiceris
1327 1350 1515 1387 apostolorum
1530 1346 1649 1374 Canonis
1669 1346 1854 1374 Clementmas

1065 1401 1214 1437 epistolas;
1240 1406 1301 1434 qum
1327 1397 1399 1433 apud
1421 1395 1531 1423 Graecos
1556 1396 1602 1420 aut
1626 1393 1709 1420 nulla:
1733 1392 1854 1424 fuerunt,

1066 1451 1112 1474 aut
1137 1455 1191 1474 non
1207 1452 1331 1473 seorsum
1347 1444 1433 1473 lecte,
1451 1441 1497 1468 sed
1520 1439 1599 1467 initio
1625 1440 1851 1474 Recagnitionum,

1066 1490 1275 1526 ActuumPetri,
1320 1487 1559 1520 Clementinorum,
1583 1485 1736 1520 similisque
1765 1483 1855 1510 farina:

1066 1537 1283 1573 apocryphorum
1288 1557 1295 1563 .

1101 1586 1143 1612 Ad
1168 1584 1290 1619 ejusdem
1313 1581 1425 1609 Eusebii
1454 1577 1690 1607 observationem,
1717 1574 1854 1601 imitatum

1067 1640 1128 1660 esse
1142 1630 1309 1658 Clementem
1321 1627 1470 1663 Epistolam
1487 1626 1520 1652 ad
1534 1624 1673 1654 Hebraeos,
1688 1621 1751 1648 addi
1771 1623 1853 1656 potest

1067 1678 1232 1709 consimilis,
1247 1677 1280 1703 de
1297 1675 1448 1702 imitatione
1468 1672 1584 1699 aliorum
1604 1669 1671 1696 Novi
1686 1666 1853 1696 Tcstamcnti

1068 1727 1211 1757 librorum,
1229 1723 1435 1759 pratsertimque
1450 1718 1633 1753 Epistolarum
1650 1715 1683 1743 ad
1695 1714 1853 1742 Corinthios

1067 1777 1094 1801 et
1104 1771 1287 1807 Epistolarum
1301 1768 1373 1796 Petri
1388 1777 1395 1794 :
1413 1766 1556 1799 utriusque
1575 1762 1648 1790 enim
1665 1761 1787 1796 apostoli
1801 1765 1853 1788 erat

1068 1819 1231 1853 discipulus.
1258 1815 1314 1843 Nec
1335 1814 1447 1844 mirum,
1475 1811 1547 1846 quod
1563 1808 1713 1836 Dominica:
1733 1815 1769 1834 ac
1793 1814 1853 1842 apo-

1068 1865 1174 1892 stolit‘w
1199 1861 1340 1890 sententiae
1363 1863 1390 1887 et
1411 1857 1546 1885 dictiones
1569 1855 1597 1882 in
1619 1861 1667 1881 ore
1683 1853 1788 1880 fuerint
1806 1853 1852 1880 ho-

1067 1911 1173 1937 minum
1206 1907 1434 1942 apostolicorum,
1460 1906 1543 1938 atque
1568 1901 1597 1927 in
1624 1908 1676 1927 usu
1704 1899 1853 1934 primorum

1067 1955 1298 1984 Christianorum.

1103 2000 1218 2027 Photius
1230 1994 1569 2026 Bibliothecwcodicecxxvr
1578 1991 1684 2020 videtur
1693 1992 1850 2027 scripsisse:

1070 2047 1258 2076 Αῐτιάσοιτοδ“
1276 2047 1309 2073 ἄν
1323 2054 1365 2076 τις
1379 2044 1459 2071 αὐτὸν
1473 2045 1503 2071 ὲν
1517 2043 1630 2074 τούτοις,
1646 2050 1701 2069 non
1719 2047 1810 2070 autem
1828 2043 1853 2067 ὲν

1071 2091 1197 2122 ταύταις.
1211 2089 1410 2126 Reprehenderit
1427 2097 1485 2116 vero
1502 2097 1562 2116 eum
1576 2089 1709 2124 quispiam
1724 2088 1753 2114 in
1766 2087 1816 2114 his.

1103 2139 1133 2165 ln
1148 2138 1225 2165 Libro
1234 2137 1390 2172 pontiﬁcali,
1401 2135 1447 2162 ubi
1461 2134 1495 2162 de
1510 2133 1659 2162 Clementis
1672 2134 1740 2165 vita,
1751 2140 1853 2160 necnon

1070 2187 1098 2213 in
1112 2185 1173 2220 ejus
1184 2184 1280 2220 Operis
1288 2182 1513 2216 exscriptoribus,
1526 2184 1712 2208 memorantur
1724 2179 1787 2207 dua:
1797 2179 1852 2206 Cle-

1069 2231 1170 2258 mentis
1192 2228 1333 2264 epistolae,
1359 2234 1452 2262 eaeque
1484 2225 1625 2254 canonica
1650 2229 1678 2251 et
1701 2225 1851 2251 catholicae.

1070 2276 1147 2309 Quod
1163 2276 1201 2302 ita
1216 2277 1357 2309 acceptum
1371 2273 1404 2300 ab
1427 2276 1540 2300 auttore
1564 2271 1627 2298 libri
1660 2268 1698 2296 De
1712 2269 1792 2303 gestis
1807 2267 1851 2294 Ro—

1071 2328 1208 2348 manorum
1235 2320 1406 2355 pontiﬁcum,
1445 2318 1549 2345 credito
1566 2315 1754 2351 Luitprando,
1778 2314 1852 2349 quasi

1070 2372 1196 2404 ageretur
1219 2367 1253 2394 de
1267 2366 1375 2394 duabus
1387 2364 1483 2400 primis
1503 2361 1654 2390 Clementis
1668 2359 1853 2388 Decretalibus

1070 2415 1104 2441 ad
1115 2414 1258 2441 Iacobum.
1269 2411 1363 2443 Gravi,
1380 2414 1409 2438 ut
1419 2409 1544 2445 equidem
1559 2408 1657 2439 sentio,
1669 2414 1776 2435 errore.
1791 2405 1852 2432 Nam

1071 2459 1095 2487 si
1114 2458 1262 2487 Decretales
1277 2457 1305 2484 in
1323 2457 1414 2484 animo
1428 2455 1570 2482 habuisset
1582 2453 1701 2487 scriptor
1712 2452 1852 2487 Pontiﬁca-

1070 2507 1103 2534 [ἐς
1114 2504 1186 2538 libri,
1208 2513 1262 2532 non
1279 2504 1366 2533 solum
1378 2503 1447 2530 duas
1462 2502 1588 2532 dixisset,
1614 2507 1708 2527 verum
1724 2498 1852 2532 quinque.

1071 2551 1303 2584 Quemadmodum
1319 2548 1466 2585 βιογράφος
1480 2547 1534 2579 ille,
1548 2545 1594 2581 qui
1609 2544 1678 2571 mira
1699 2544 1852 2578 supinitatc,

1072 2601 1214 2634 postquam
1228 2597 1261 2624 de
1274 2596 1380 2623 duabus
1393 2593 1518 2629 epistolis
1532 2590 1676 2619 catholicis
1691 2597 1706 2615 a
1718 2587 1853 2616 Clemente

1072 2644 1105 2671 ad
1116 2644 1247 2671 Jacobum
1261 2644 1332 2671 datis
1350 2641 1452 2674 retulit,
1467 2639 1609 2674 subjungit
1629 2644 1756 2672 quaenam
1771 2636 1853 2663 conti-

710 2680 819 2727 Theclze
832 2699 972 2726 cxaratus,
985 2701 1017 2720 ex
1035 2693 1057 2721 Ι)
1072 2695 1188 2718 neantur
1203 2691 1229 2717 in
1245 2690 1299 2717 illis
1310 2689 1429 2719 duabus,
1455 2689 1482 2713 et
1497 2687 1524 2714 in
1539 2685 1653 2719 reliquis
1665 2683 1768 2710 tribus.
1784 2680 1853 2708 Adde

1070 2737 1145 2772 quod
1161 2737 1188 2763 in
1212 2734 1366 2762 Pontiﬁcali
1380 2740 1462 2768 opere
1485 2730 1593 2766 sejungi
1613 2728 1723 2756 videtur
1741 2725 1852 2761 epistola

1070 2771 1104 2809 ad
1119 2781 1250 2809 Jacobum
1276 2787 1290 2806 a
1303 2779 1410 2807 duabus
1431 2775 1572 2805 canonicis
1586 2773 1720 2810 epistolis.
1736 2772 1787 2799 Hic
1799 2771 1852 2805 {erit

1070 2827 1138 2855 duas
1150 2828 1287 2862 epistolas,
1303 2834 1361 2861 qua:
1377 2825 1509 2852 canonicw
1524 2822 1707 2850 nominantur.
1719 2819 1753 2846 Et
1768 2817 1851 2846 infra:
