1893 3101
57 168 86 194 69

59 224 140 251 Tamen
160 221 186 248 in
213 219 341 254 Epistola.
358 227 415 254 qua:
443 218 478 245 ad
492 217 622 245 Iacobum
654 220 753 253 scripta
776 224 824 246 est.
840 222 864 250 Α

85 268 153 296 Circa
167 270 272 301 tempus
285 274 340 300 quo
355 264 471 292 Romani
488 265 594 291 litteras
615 264 649 291 ad
665 264 823 292 Corinthios

57 314 183 342 dederunt.
206 318 260 338 non
275 319 329 338 una
344 314 386 338 est
408 310 568 337 criticorum
593 309 697 344 opinio.
713 310 765 336 Alii
779 318 824 338 as-

57 360 149 394 signant
167 357 245 384 ﬁnem
264 356 398 386 Neronis.
425 359 472 382 aut
495 359 568 382 certe
593 363 642 382 eos
667 362 754 382 annos
775 355 822 389 qui

56 403 195 439 Vespasiani
216 403 363 437 imperium
387 402 580 436 excidiumque
597 400 823 436 Hierosolymita-

57 459 109 478 num
122 453 332 477 antecesserunt.
352 448 407 476 llos
427 448 528 475 relellit
544 447 673 482 epistola,
689 452 745 474 tum
760 455 820 481 cap.

55 497 90 528 47,
111 505 167 523 cum
191 496 263 523 velut
293 496 413 531 antiquae
455 496 580 522 meminit
615 495 821 523 Corinthiorum

55 544 134 577 prima:
147 543 337 576 dissensionis,
354 543 405 569 sub
419 542 517 577 Apollo
534 542 672 573 excitabo,
691 541 738 576 qui
754 544 822 568 teste

55 587 198 623 Hieronymo
222 587 297 614 circa
323 587 404 614 ﬁnetn
421 586 688 615 Commentariorum
710 587 736 614 in
758 586 822 621 Epi-

54 635 136 662 stulam
159 634 189 661 ad
208 633 315 666 Titum,
341 633 467 660 Corinthi
493 633 546 660 fuit
570 634 735 668 episcopus;
762 637 820 659 tum

53 681 233 708 Corinthiacam
251 680 416 712 Ecclesiam,
438 683 559 708 veterem
583 680 702 715 appellat
719 687 724 704 :
741 679 821 706 dum-

53 735 95 762 que
105 735 157 762 cap.
170 727 195 759 l,
214 727 230 754 5
244 730 272 753 et
286 726 302 753 6
318 726 474 753 subimlicat
495 726 715 761 persecutionem
738 726 820 752 aliam

54 774 80 800 ab
92 774 129 799 illa
143 774 224 808 prima
237 772 368 800 Neronis.
392 772 458 800 Post
471 772 607 800 Neronem
622 776 713 799 autem
727 771 820 798 Domi-

53 821 127 846 tianus
150 819 250 853 primus
277 818 451 846 Christianos
487 822 649 853 persecutus
672 822 734 849 est,
763 818 820 852 iam

52 872 130 890 erersa
152 863 350 898 Hierosolyma.
382 863 435 890 Sed
450 863 588 893 Clemens,
617 862 746 898 inquiunt
768 862 818 889 viri

52 910 192 942 doctissimi,
211 909 349 940 meminit,
366 916 427 944 cap.
441 909 487 941 Η,
507 909 678 936 oblationum
707 910 734 935 in
751 913 818 936 tem-

52 956 94 988 plo.
108 954 197 987 Quidni
211 954 400 982 meminisset?
414 961 478 981 eum
489 962 563 981 nunc
574 962 694 989 quoque,
710 958 750 981 tot
762 954 820 982 ela-

51 1001 97 1035 psis
117 1000 230 1032 saeculis,
257 1007 309 1034 par
331 1000 434 1027 mentio
461 1000 587 1033 idemque
609 1007 699 1027 sermo
724 1000 819 1027 haberi

50 1049 130 1080 queat;
152 1046 381 1080 quemadmodum
403 1046 502 1081 legenti
520 1045 632 1080 patebit.
659 1045 711 1072 Alii
728 1046 818 1080 suspi-

50 1097 130 1119 cantur
141 1099 155 1119 a
166 1091 307 1119 Clemente
320 1093 415 1119 exsule
434 1093 519 1119 factas
535 1092 656 1123 litteras,
670 1092 721 1118 sub
737 1092 816 1118 linem

51 1139 113 1166 vitaz:
125 1140 183 1173 quia
198 1147 258 1173 cap.
283 1139 300 1166 5
312 1139 378 1165 dicit
392 1138 507 1165 Paulum
520 1139 546 1165 in
562 1139 664 1166 linibus
682 1137 817 1165 Occiden-

51 1183 77 1209 tis
86 1191 182 1218 passum
197 1191 268 1215 esse,
287 1191 338 1210 nec
360 1183 436 1210 urbis
452 1182 544 1210 Romae
561 1183 626 1210 facit
653 1190 818 1209 commemo-

50 1229 173 1261 rationem;
183 1233 209 1255 et
223 1229 289 1263 quia
305 1228 332 1254 in
343 1228 421 1254 initio
432 1228 602 1255 calamitates
624 1227 818 1254 adversitates-

50 1278 91 1304 que
110 1279 168 1299 suas
193 1272 333 1308 proponit.
362 1271 463 1298 Verum
487 1272 550 1307 quis
573 1272 667 1299 credat
686 1270 819 1298 Romanis

50 1316 131 1344 aditam
152 1317 366 1348 Chersonesum.
381 1322 409 1344 ut
425 1318 458 1344 ad
468 1317 626 1346 Corinthios
643 1317 819 1345 scriberent?

837 895 857 922 Β

661 159 832 188 ΡΙὶΟυΙ-ΞΜΙΑ
854 159 1046 188 νΛηιοιιυΜ.

1631 161 1664 189 70

879 218 911 246 Et
924 227 988 246 vero
1006 218 1126 252 eumqui
1147 218 1257 245 nomine
1273 217 1404 246 Ecclesia:
1422 217 1551 247 Romanae
1562 221 1666 249 scribe-

875 265 932 296 bat,
948 265 993 291 illa
1011 263 1102 298 eloqui
1114 263 1206 290 decuit
1225 271 1285 298 qua:
1301 263 1378 295 Urbi,
1393 272 1447 291 non
1462 273 1522 299 qua:
1535 266 1585 292 sibi
1599 274 1667 294 con-

874 311 1016 341 venirent,
1036 314 1065 337 ut
1078 313 1151 336 certe
1165 309 1231 336 Urbi
1245 311 1420 337 conveniunt.
1443 310 1519 338 Unde
1528 313 1668 340 evanescit

874 355 1008 391 quidquid
1031 355 1172 390 objicitur.
1194 355 1246 382 Alii
1268 355 1412 390 epistolam
1436 358 1549 383 missam
1571 358 1667 385 volunt

875 410 947 430 anno
964 401 1071 429 Domini
1088 402 1133 433 95,
1154 401 1275 428 fervente
1296 401 1488 436 persecutione
1509 401 1666 431 Domitiani.

874 447 985 474 Rectius
1009 450 1102 473 tamen
1118 454 1199 481 quam
1220 446 1344 478 fervens,
1368 446 1499 474 desinens
1524 452 1668 475 notaretur

873 493 1045 528 persecutio,
1062 501 1144 527 quant
1167 493 1296 519 nimirum
1314 492 1404 519 innuit
1419 493 1541 527 epistola:
1561 494 1662 528 princi-

874 539 960 574 pium,
978 546 1093 573 qnzeque
1115 539 1204 574 aptior
1226 538 1278 565 l‘nit
1292 538 1326 565 ad
1342 539 1523 566 destinandos
1540 547 1602 566 eum
1623 540 1668 567 lit-

873 584 939 611 teris
960 584 1082 619 quinque
1109 584 1225 620 legatos,
1244 585 1399 612 nominatos
1421 585 1448 611 in
1466 586 1517 612 line
1531 586 1664 620 epistolw.

907 628 1042 656 Caeterum
1067 637 1130 663 spes
1156 628 1359 656 Patriciilunii
1391 628 1425 656 de
1451 628 1666 664 Hieronymiana

872 674 1048 702 Clementinze
1063 675 1184 709 epistolae
1194 675 1429 709 interpretatione,
1443 675 1509 702 mihi
1525 675 1666 709 pertenuis

872 725 919 747 aut
932 721 1005 747 nulla
1027 725 1080 752 est,
1113 721 1288 748 librariorum
1315 721 1393 748 dolos
1411 720 1611 752 consideranti,
1637 723 1666 748 et

871 774 926 801 quo
936 771 1028 801 pacto,
1038 770 1068 793 ut
1080 767 1287 794 rendibiliorcm
1304 774 1422 793 mercem
1436 766 1577 799 haberent,
1585 765 1664 793 odio-

872 819 932 837 sum
948 811 1039 838 Ruﬁni
1056 819 1154 838 nomen
1168 820 1183 838 e
1198 811 1334 846 principio
1347 819 1379 838 ac
1397 811 1450 838 line
1462 811 1666 846 interpretatio-

872 857 916 883 nis
940 856 1170 891 Explanationum
1193 857 1318 892 Origenis
1331 857 1357 883 in
1379 856 1526 891 Epistolam
1552 857 1585 883 ad
1609 856 1664 882 llo-

872 909 968 930 manos
981 903 1144 930 sustulerint
1159 903 1243 938 (quod
1261 908 1352 930 tamen
1369 903 1469 930 retinet
1487 902 1571 930 codex
1589 902 1664 929 Thu-

871 956 930 975 ana:
946 949 1127 984 bibliothecae)
1145 957 1177 976 ac
1194 949 1340 977 favorabile
1357 949 1514 984 Hieronymi
1541 949 1663 975 intruse—

870 994 935 1021 rint.
949 993 1084 1027 Quocirca
1101 995 1222 1030 suspicio
1237 999 1311 1022 tenet.
1334 1002 1388 1026 me,
1406 994 1477 1021 idem
1503 994 1593 1021 scelus
1619 993 1664 1020 hic

870 1044 1068 1076 perpetratum,
1084 1048 1116 1068 ac
1132 1041 1284 1068 versiorxem
1296 1040 1473 1068 Clementime
1491 1040 1614 1075 epistola:
1627 1040 1662 1067 ad

868 1086 1000 1114 Jacobum
1014 1095 1030 1114 a
1046 1086 1146 1114 Ruﬁno
1165 1087 1277 1119 factam,
1295 1086 1452 1122 Hieronymi
1478 1086 1557 1113 titulo
1577 1086 1663 1113 fuisse

870 1132 1054 1161 honestatam.

906 1177 1028 1213 Denique
1048 1177 1202 1205 monendus
1226 1186 1266 1210 e5,
1281 1176 1390 1209 Lector,
1412 1177 1490 1204 uncis
1517 1185 1565 1212 per
1575 1180 1662 1204 totum

868 1229 938 1257 opus
950 1223 1082 1258 inspersis
1094 1223 1197 1251 includi
1207 1231 1239 1251 ea
1253 1231 1314 1258 qua:
1325 1223 1352 1250 in
1368 1223 1510 1251 ms.deleta
1522 1227 1568 1249 aut
1582 1223 1664 1250 amis-

869 1275 910 1300 sa,
927 1275 976 1302 per
986 1269 1174 1303 conjecturam
1183 1270 1320 1304 suppleta,
1335 1270 1361 1295 in
1376 1269 1497 1296 editione
1510 1269 1660 1304 Anglic-ana

870 1313 992 1340 miniatis
1004 1313 1103 1342 litteris
1116 1315 1249 1350 impressa
1266 1320 1341 1343 sunt.

589 1518 638 1560 J.
676 1517 730 1559 B.
772 1514 1100 1562 COTELERII

303 1614 491 1646 JUDICIUM
509 1614 563 1644 DE
584 1614 842 1644 POSTERIORE

75 1739 154 1766 Exstat
164 1739 196 1768 de
208 1740 259 1768 hac
270 1740 394 1776 Epistola
408 1740 539 1774 judicium
555 1740 645 1775 magni
660 1740 750 1767 critici
762 1739 813 1766 Eu-
826 1742 848 1771 α

49 1784 111 1815 subii,
127 1783 246 1812 Historia
262 1785 452 1812 ecclesiastica:
471 1785 518 1812 lib.
548 1792 590 1817 ιιι,
607 1792 668 1819 cap.
682 1784 728 1816 58,
742 1785 818 1812 hisce

47 1829 120 1856 verbis
141 1839 295 1865 expressum
316 1839 323 1858 :
344 1830 440 1857 Ἰεπέον
463 1830 484 1856 δ’
500 1831 538 1862 ὡς
569 1831 617 1857 καὶ
639 1829 751 1865 δευτέρα
774 1838 817 1862 τις

48 1871 100 1900 εἶναι
121 1875 220 1910 λέγεται
245 1876 293 1902 τοῦ
320 1876 477 1912 Κλήμεντος
501 1875 641 1911 ἐπιστολή·
656 1876 687 1902 οὺ
705 1876 752 1910 μὲν
777 1874 816 1901 ἔθ’

48 1921 130 1953 ὁμοίως
143 1924 172 1957 τῇ
188 1923 310 1958 προτέρᾳ
329 1923 376 1948 καὶ
391 1922 492 1957 ταύτην
509 1922 647 1958 γνώριμον
667 1922 816 1958 ἐπιστάμεο

47 1965 81 1995 θα.
95 1967 128 1993 7m
143 1968 204 2003 μηδὲ
217 1969 279 2000 τοὺς
295 1969 426 2004 ἀρχαίους
442 1969 510 2004 αὐτῇ
526 1969 711 2005 κεχρημένους
725 1970 813 2005 ἴσμεν.

47 2011 98 2043 Qua:
110 2021 122 2039 a
145 2014 248 2046 Ruﬁno,
264 2014 307 2041 uti
322 2014 392 2042 solet
406 2014 579 2050 indiligenter
591 2015 744 2042 redduntur
755 2016 811 2043 sic:

49 2056 132 2083 Dicitur
142 2063 223 2086 tamen
237 2067 294 2086 esse
316 2063 340 2085 et
364 2059 419 2085 alia
435 2058 576 2086 Clementis
594 2060 717 2094 epistola,
738 2061 813 2095 cujus

47 2109 84 2128 tun
102 2104 213 2131 notitiam
236 2113 290 2131 non
312 2105 470 2138 accepimus.
494 2104 551 2132 Nec
575 2106 662 2140 magis
685 2111 813 2134 accurate

48 2146 214 2185 Hieronymus,
231 2150 304 2177 libro
326 2149 365 2176 De
390 2150 452 2176 riris
474 2149 623 2176 illustribus
639 2157 649 2176 :
664 2149 763 2176 Fertur
787 2155 813 2177 et

47 2196 142 2223 secunda
154 2206 206 2223 esse
217 2205 248 2224 ει
265 2197 322 2232 ejus
335 2197 439 2223 nomine
452 2197 574 2231 epistola,
589 2199 672 2231 quwfa
684 2197 811 2224 veteribus

47 2241 186 2273 morabatur.
209 2243 242 2271 Et
252 2243 366 2271 Photius
376 2243 574 2277 Μυριοϐίϐλου
592 2243 652 2270 cod.
670 2243 730 2274 H2.
748 2243 810 2275 “5,

46 2286 93 2318 ἡδὶ
108 2286 231 2322 λεγομένη
246 2287 360 2322 δευτέρα
375 2286 443 2322 πρὸς
464 2287 527 2318 τοὺς
542 2287 652 2318 αὐτοὺς,
674 2287 712 2318 ὡς
736 2287 812 2319 νόθος

47 2331 259 2368 ἀπῶοκιμάζεττιι.
285 2333 378 2368 Neque
397 2334 469 2360 enim
484 2333 550 2360 dicit
565 2332 700 2360 Eusebius
713 2341 812 2361 secun-

48 2377 95 2403 dant
113 2378 253 2406 Clementis
274 2379 416 2414 epistolam
433 2379 544 2406 notham
559 2387 631 2411 esse,
647 2384 674 2406 et
690 2381 724 2407 ab
739 2381 811 2407 anti-

48 2422 95 2455 quis
110 2425 290 2459 reprobatam;
306 2425 372 2452 dicit
388 2424 560 2452 solummodo
577 2425 727 2460 ignoratam
743 2426 812 2454 fuis-
827 2411 851 2440 D

47 2476 77 2498 se,
92 2470 114 2495 in
133 2471 306 2498 cilationibus
330 2478 344 2497 a
369 2471 505 2498 veteribus
530 2471 756 2505 prmtermissam,
783 2472 810 2500 in

48 2516 138 2542 dubium
152 2521 292 2550 vocatam;
310 2517 381 2543 unde
396 2517 491 2543 eodem
506 2517 557 2543 loci
572 2521 598 2544 et
612 2517 675 2545 alibi
693 2518 810 2552 priorem

46 2567 163 2598 nuncupat
175 2563 401 2599 ὁμολογουμένην,
408 2563 566 2598 ἁνωμολογη
571 2564 653 2599 μένην
669 2573 706 2590 πα
710 2565 744 2599 ρὰ
759 2565 813 2591 πᾶ-

47 2608 176 2644 rantaque
186 2609 288 2637 rectius
296 2609 322 2636 in
335 2609 486 2643 Nicephoro
495 2610 540 2636 lib.
550 2617 592 2641 in,
600 2610 670 2637 c.18
684 2610 809 2641 habetur;

46 2652 89 2679 Καὶ
103 2654 161 2690 ἄλλη
181 2656 208 2682 δὲ
232 2654 317 2682 αὑτοῦ
333 2655 444 2690 φέρεται
459 2655 597 2690 ἐπιστολὴ,
612 2655 662 2690 τῆς
675 2656 812 2691 προτέρας

46 2699 102 2724 κατὰ
122 2700 183 2727 πολὺ
206 2700 365 2727 ἀποδέουσα·
394 2701 457 2735 πεζοὶ
480 2698 513 2735 ἦς
527 2701 541 2726 ὁ
556 2701 636 2732 αὐτός
663 2709 744 2735 φησιν
760 2702 813 2727 Εὐ-

47 2743 129 2776 σέϐιος,
147 2745 182 2782 μὴ
195 2747 223 2773 ἐν
237 2747 378 2782 ἐπιστήμῃ
390 2746 491 2781 ταύτης
509 2748 572 2778 τοὺς
586 2747 715 2782 ἀρχαίους
731 2744 809 2774 εἶναι·

47 2787 160 2818 “nimus
185 2792 211 2819 in
242 2791 358 2827 Prologo
371 2792 406 2819 ad
420 2792 540 2828 Dionysii
559 2801 653 2828 opera,
671 2801 754 2828 agens
778 2793 811 2820 de

49 2832 155 2870 Eusebio,
167 2838 212 2864 καὶ
234 2837 288 2873 μὴν
303 2837 362 2864 οὕτε
378 2838 526 2864 Πανταίνου
551 2839 613 2871 τοὺς
642 2838 738 2870 πόνους
755 2838 813 2865 ἀνέ-

865 1613 1063 1644 EPISTOLA
1083 1614 1114 1644 S.
1142 1613 1380 1646 CLEMENTIS.

864 1739 981 1776 γραψεν,
1000 1739 1061 1766 οὔτε
1076 1739 1123 1766 τοῦ
1136 1740 1269 1775 Ῥωμαίου
1280 1741 1449 1776 Κλήμεντος,
1466 1742 1535 1777 πλὴν
1550 1742 1597 1769 δύο
1612 1743 1660 1770 καὶ

871 1786 959 1821 μόνων
967 1785 1124 1812 ἐπιστολῶν.
1141 1785 1171 1812 Ει
1181 1794 1244 1813 vero
1253 1787 1481 1821 quemadmodum
1495 1788 1659 1817 Ctesariensi

868 1829 997 1865 episcopo
1020 1829 1179 1862 credimus,
1199 1829 1352 1857 dubitatum
1376 1831 1462 1859 fuisse
1488 1832 1522 1859 de
1546 1838 1659 1861 auctore

867 1878 969 1902 nostra:
1004 1874 1142 1909 epistolaa;
1178 1875 1405 1909 quemadmodum
1432 1884 1486 1903 non
1511 1885 1658 1912 possumus

867 1928 951 1952 nunc,
967 1924 1027 1955 post
1041 1919 1197 1955 deperditos
1212 1923 1251 1947 tot
1265 1921 1415 1954 primorum
1434 1921 1543 1949 Patrum
1561 1924 1656 1956 libros.

866 1966 1025 1994 memoriam
1048 1966 1121 1993 illius
1140 1973 1279 1998 accusare,
1298 1975 1358 2002 qua:
1373 1971 1462 1995 tamen
1483 1976 1535 1995 non
1550 1977 1658 2004 semper

866 2013 919 2041 ﬁda
932 2012 1055 2045 exstitit;
1072 2013 1108 2038 ita
1125 2020 1256 2047 negamus
1272 2012 1335 2040 inde
1349 2015 1490 2048 consequi,
1501 2015 1657 2050 propseud~

865 2060 1014 2095 epigrapha
1054 2059 1210 2086 necessario
1234 2058 1385 2086 habendam
1406 2060 1548 2094 epistolam
1569 2069 1576 2088 :
1593 2068 1655 2088 cum

865 2105 922 2132 ﬁeri
944 2104 1072 2139 quiverit,
1087 2108 1115 2130 ut
1139 2112 1208 2138 opus
1231 2105 1379 2140 genuinum
1398 2105 1424 2132 in
1441 2106 1655 2134 controversiam

863 2150 978 2180 venerit,
998 2154 1025 2176 et
1039 2157 1054 2175 a
1069 2150 1165 2184 primis
1183 2150 1312 2178 Ecclesia:
1327 2151 1509 2186 scriptoribus
1523 2160 1577 2179 non
1597 2152 1656 2180 l‘ne-

863 2195 899 2222 rit
920 2195 1097 2222 celebratum.
1113 2195 1194 2222 Certe
1207 2203 1237 2222 ea
1251 2196 1394 2228 dubitatio,
1410 2205 1441 2224 ea
1456 2198 1584 2230 omissio,
1599 2206 1654 2225 non

863 2241 1053 2268 deterruerunt
1065 2245 1204 2268 auctorem
1214 2239 1351 2268 Canonum
1362 2242 1576 2278 apostolicornm,
1590 2251 1652 2272 can.

863 2288 928 2320 ult.,
941 2287 1123 2322 Epiphanium
1139 2288 1234 2315 hasresi
1249 2289 1293 2318 57,
1309 2296 1333 2314 c.
1350 2288 1377 2320 ϐ,
1394 2289 1488 2316 ha‘resi
1504 2289 1548 2321 30,
1564 2297 1588 2316 c.
1608 2290 1653 2322 15,

863 2337 890 2360 et
906 2341 968 2361 eum
983 2333 1029 2368 qui
1041 2331 1151 2360 Librum
1164 2334 1342 2369 pontiﬁcalem
1356 2335 1520 2368 composuit,
1537 2343 1591 2369 quo
1603 2336 1656 2362 mi-

862 2388 915 2407 nus
936 2380 970 2407 de
991 2379 1170 2406 Clementinis
1185 2379 1317 2414 epistolis.
1334 2381 1447 2414 perinde
1467 2388 1499 2407 ac
1520 2381 1587 2408 nihil
1613 2382 1656 2409 in-

863 2426 1013 2454 tercederet
1028 2427 1100 2452 inter
1114 2425 1174 2453 i‘llas
1188 2425 1366 2456 discriminis.
1382 2426 1568 2461 loquerentur.
1578 2427 1654 2455 Mitlo

864 2472 937 2499 enim
952 2470 1092 2502 Nieonem,
1108 2471 1142 2498 de.
1164 2479 1218 2506 quo
1241 2471 1274 2498 ad
1300 2472 1449 2506 superioris
1467 2472 1594 2507 Epistolze
1607 2481 1654 2500 ea-

865 2521 913 2551 put
931 2517 974 2543 Η.
991 2515 1046 2543 lmo
1063 2516 1134 2548 quod
1149 2516 1294 2543 admodum
1311 2518 1420 2550 mirere,
1430 2519 1455 2546 id
1468 2520 1502 2546 ab
1513 2521 1580 2555 ipsis
1591 2520 1655 2549 Hie-

865 2570 980 2598 ronymo
1003 2570 1035 2589 ac
1060 2561 1156 2589 Photio
1181 2562 1364 2598 designatum,
1378 2560 1487 2599 quando
1501 2574 1579 2594 suam
1597 2576 1653 2596 non

865 2607 975 2636 Eusebii
998 2613 1153 2642 proponunt
1171 2608 1343 2643 opinionem;
1369 2610 1413 2638 ille
1436 2611 1462 2638 in
1486 2612 1649 2640 volumine!

863 2655 995 2682 adversus
1018 2654 1192 2681 Jovinianum
1219 2662 1280 2690 eap.
1321 2655 1346 2688 7,
1369 2656 1413 2683 hic
1435 2657 1460 2683 in
1500 2655 1652 2689 Myl-inbiin

862 2709 923 2736 cap.
937 2701 999 2728 126.
1026 2701 1180 2734 Quinetiam
1206 2704 1350 2736 utramque
1375 2702 1446 2729 inter
1469 2710 1554 2730 sacra:
1577 2703 1652 2731 Scri-

862 2752 950 2782 ptura:
964 2747 1049 2774 libros
1064 2747 1215 2774 collocasse
1229 2747 1491 2776 ritientancelesize
1513 2750 1574 2782 illae,
1591 2754 1652 2785 qua:

862 2793 1014 2820 canonibus
1029 2792 1188 2827 apostolicis
1204 2793 1379 2827 regebantur,
1394 2795 1495 2829 quique
1510 2802 1558 2822 eos
1570 2802 1652 2821 rano-

863 2847 911 2867 nes
928 2839 954 2867 in
970 2839 1037 2868 Nori
1052 2839 1216 2869 Testamenti
1231 2841 1413 2871 voluminibus
1426 2845 1548 2869 recenset
1565 2839 1649 2868 Joan-
