1893 3101
202 152 234 180 ’11

767 148 812 175 ΑΙ)
833 148 862 176 S.
883 147 1095 176 CLEMENTEM
1115 148 1125 175 Ι
1144 146 1259 175 PAPAM

1793 151 1824 176 '72

202 216 251 237 nes
267 208 450 234 Damascenus
465 206 510 233 lib.
531 214 557 232 tv
596 207 756 235 Orthodoxaz
772 207 835 242 fidei
860 211 920 239 cap.
944 204 988 237 18,
1004 211 1028 239 Α
1041 207 1162 237 ceperant
1178 203 1187 238 (
1204 211 1237 230 ex
1255 201 1381 232 Eusebio.
1395 201 1505 233 Ruﬁno,
1522 201 1687 237 Niceplioro,
1704 206 1785 237 atque
1798 211 1829 230 ex

200 260 228 283 et
245 257 380 290 quotquot
404 252 552 280 Bibliorum
569 251 711 279 codicibus
726 251 872 278 utebantur
893 250 990 278 simili-

200 302 253 329 bus
266 301 303 327 illi
319 299 437 330 Theclaz,
450 305 465 326 e
476 305 530 333 quo
544 298 605 325 dua:
619 298 678 324 ista:
688 297 808 331 epistola:
820 296 990 331 prodierunt.

201 345 316 373 Accedit
339 345 392 372 huc
406 344 478 379 quod
493 343 594 371 eaedem
610 344 755 378 utrobique
772 346 904 378 apparent
925 343 994 369 anti-

201 390 315 426 quitatis
338 393 420 422 notae,
440 389 534 417 eadem
550 389 687 416 interdum
703 389 786 416 verba
800 392 970 423 usurpantur
984 398 990 422 ;

201 444 252 465 nec
278 440 382 463 tantam
405 435 591 463 diversitatem
605 435 685 462 habet
700 435 797 470 stylus,
812 434 878 469 quin
898 435 931 461 ab
947 442 994 461 eo-

201 482 262 510 dem
290 483 424 516 scriptore
447 481 532 508 variis
553 480 723 515 temporibus
747 480 917 515 diversisque
944 487 993 514 pro

200 529 293 556 causis
315 527 381 554 oriri
405 527 534 561 potuerit.
558 526 703 561 Dionysius
718 529 808 553 autem
832 526 992 553 Corinthius

201 573 325 600 scribens
341 572 372 599 ad
387 571 526 599 Romanos
542 571 612 606 apud
626 571 773 599 Eusebium
789 571 837 598 lib.
853 579 891 602 tv,
906 579 931 599 c.
944 572 989 601 25,

200 619 262 646 ideo
282 618 364 646 unius
385 622 492 645 tantum
515 617 636 652 epistolae
655 617 802 645 Clementis
826 617 991 645 mentionem

201 664 277 695 facit,
293 663 356 699 quia
373 664 493 698 loquitur
510 663 544 690 de
565 664 663 691 litteris
678 663 863 691 Romanorum
883 664 993 691 nomine

201 711 273 738 datis
296 710 330 737 ad
354 711 530 742 Corinthios;
558 716 584 737 at
605 710 742 744 posterior
753 709 912 741 Clementis,
929 710 991 740 etsi,

201 760 271 784 teste
292 756 402 788 Photio,
417 756 451 783 ad
472 755 629 783 Corinthios
650 762 759 790 quoque
782 759 856 782 esset
879 754 992 789 scripta,

201 809 257 828 non
280 806 370 828 tamen
394 802 464 828 sicut
488 802 573 836 prior,
589 800 715 828 Ecclesia:
735 800 864 827 Romanae
880 808 991 832 nomen,

202 849 250 877 sed
268 848 382 875 Romani
405 847 545 875 Pontiticis
564 847 734 882 praeferebat.
750 846 888 874 indicatur
903 847 927 873 id
944 855 991 882 ap-

1043 257 1125 277 sensu
1141 248 1316 277 scribendum
1331 248 1473 284 receperat)
1484 248 1663 280 traditionem,
1676 250 1832 276 annuntian-

1043 301 1095 323 tem
1109 303 1190 322 unum
1206 295 1289 321 Deum
1303 295 1516 329 omnipotentem,
1529 295 1657 329 factorem
1671 294 1732 321 caeli
1745 300 1770 321 et
1782 300 1830 322 tor-

1043 349 1090 373 τίε,
1100 340 1288 375 plasmatorem
1297 340 1421 371 hominis;
1430 340 1475 375 qui
1485 339 1618 367 induxerit
1630 342 1829 375 cataclysmum,

1042 390 1067 412 et
1095 385 1260 413 advocaverit
1284 385 1430 417 Abraham,
1446 386 1491 420 qui
1513 385 1634 412 eduxerit
1652 386 1780 421 populum
1803 388 1832 414 de

1044 435 1115 458 terra
1136 430 1258 465 zEgypti,
1280 431 1325 466 qui
1344 431 1491 458 collocutus
1508 431 1544 458 sit
1563 430 1668 466 Moysi,
1687 433 1733 466 qui
1754 433 1831 468 legem

1043 477 1213 511 disposuerit,
1227 482 1251 504 et
1264 477 1405 511 prophetas
1422 478 1533 510 miserit,
1545 478 1589 513 qui
1601 479 1686 513 ignem
1697 486 1832 512 purpura-

1044 523 1109 550 verit
1119 523 1224 550 diabolo
1235 528 1259 549 et
1275 523 1375 558 angelis
1389 523 1456 557 ejus.
1472 523 1583 551 Brevem
1598 524 1832 552 enumerationem

1045 570 1176 604 capitum,
1193 570 1221 597 in
1236 570 1287 598 hac
1303 570 1433 598 Ecclesia),
1448 569 1578 597 Romanae
1592 570 1707 605 epistola
1719 574 1832 598 conten-

1044 617 1148 646 torum,
1168 610 1281 642 sanctus
1297 619 1400 651 martyr
1417 615 1545 642 instituit.
1568 613 1606 642 Ea
1629 619 1720 642 autem
1742 617 1832 643 omnia

1044 659 1133 686 adhuc
1147 660 1236 695 legere
1251 663 1308 690 est,
1330 664 1445 695 excepto
1463 660 1569 691 ultimo,
1586 659 1659 694 quod
1673 660 1757 687 dubio
1772 669 1832 695 pro-

1044 704 1088 731 cul
1111 705 1208 731 lacuna
1224 705 1269 732 illa
1283 705 1355 732 circa
1371 705 1453 732 ﬁnem
1468 705 1611 740 iuterjecta
1631 706 1832 740 complet-trba-

1044 753 1099 777 tur.
1111 749 1178 782 Quis
1194 757 1276 784 porro
1290 757 1344 777 non
1359 749 1448 782 videt,
1466 750 1511 776 ubi
1530 750 1600 785 ignis
1614 750 1723 777 diabolo
1736 757 1766 777 et
1786 759 1832 777 an-

1043 795 1110 829 gelis
1123 795 1183 828 ejus
1203 799 1370 829 pra‘paratus
1397 795 1609 827 memorabatur,
1632 795 1670 822 ili
1689 797 1832 824 commode

1044 841 1166 876 potuisse
1191 841 1233 876 agi
1258 841 1291 868 de
1314 840 1407 868 mundi
1428 841 1490 872 line,
1514 849 1546 868 ac
1569 841 1603 868 de
1623 841 1772 876 impiorum
1788 850 1832 877 per

202 894 358 929 pellatione,
381 893 488 927 ἀδελφοί
505 901 566 928 μου,
582 900 662 927 quam
686 892 712 919 in
735 892 855 919 secunda
878 900 932 919 nou
948 900 990 920 εει
1007 888 1027 917 Β
1042 887 1245 921 ignemjudicio
1261 891 1325 914 tunc
1340 886 1447 920 futuro;
1461 887 1576 921 ideoque
1586 891 1612 914 et
1632 886 1742 922 Sibylla:
1759 895 1831 915 men-

202 940 255 967 mel
270 940 384 975 positam
401 939 533 970 invenies,
554 946 688 973 nusquam
705 938 733 965 in
748 938 850 973 priore.

237 984 338 1019 Objieit
362 984 481 1011 Jacobus
506 983 645 1015 Usserius,
661 983 855 1011 dissertatione
876 983 909 1010 de
924 984 992 1011 scri-

201 1030 255 1065 ptis
270 1030 376 1064 lgnatii,
389 1034 455 1062 etc.,
472 1037 532 1064 cap.
550 1030 583 1058 10
599 1030 633 1057 ad
648 1030 721 1057 hunc
737 1029 846 1057 modum
859 1039 864 1056 :
882 1029 992 1064 Episto-

202 1076 227 1102 la
245 1075 325 1102 titulo
344 1075 491 1103 Clementis
515 1074 550 1102 ad
572 1075 731 1103 Corinthios
747 1079 854 1106 ornata,
871 1074 993 1109 profere-

202 1121 248 1148 bat
257 1121 498 1156 (quemadmodum
529 1127 562 1147 επ
572 1117 765 1153 ραωδιίοηὶὁιιε
777 1118 812 1144 ad
821 1119 990 1153 orthodoaos,

200 1167 309 1196 Iustino
331 1167 441 1203 Martyri
462 1167 583 1198 tributis,
599 1166 682 1201 Resp.
699 1167 732 1193 ad
746 1170 843 1202 quatst.
864 1166 897 1194 7t
911 1166 992 1193 intel-

201 1214 333 1249 ligimus)
349 1213 471 1240 carmina
489 1212 631 1248 Sibyllina,
649 1220 710 1247 quae
723 1212 870 1240 Clementis
888 1216 988 1247 tempo-

200 1261 279 1287 ribus
303 1260 454 1294 posteriora
477 1258 600 1290 luerunt;
618 1258 688 1285 unde
702 1258 839 1292 colligitur
853 1266 911 1286 eam
924 1259 993 1286 cita-

201 1307 306 1333 tionem
322 1313 385 1332 cum
402 1305 430 1332 in
443 1305 535 1339 priore
547 1305 694 1331 Clementis
716 1304 830 1339 epistola
852 1311 990 1338 nusquam

202 1354 368 1386 compareat.
385 1350 419 1377 ad
434 1351 547 1377 alteram
561 1350 657 1376 referri
669 1350 777 1381 debere,
795 1357 855 1385 quae
869 1350 992 1384 ejusdem

202 1397 313 1424 nomine
331 1397 399 1424 [also
415 1395 591 1424 inscribatur.
602 1394 739 1422 lniirmum
756 1397 835 1430 plane
849 1403 993 1431 argumen-

202 1446 270 1468 tum.
286 1441 356 1468 Audi
368 1441 450 1468 verba
469 1439 686 1476 pseudo-Justini
704 1450 710 1467 :
727 1441 758 1467 Et
782 1440 831 1476 τῆς
852 1440 994 1476 παρούσης

202 1487 394 1519 καταστάσεως
417 1487 447 1514 τὸ
471 1487 546 1517 τέλος
569 1487 641 1513 ἐστὶν
665 1488 682 1522 ἡ
707 1487 750 1514 διὰ
764 1487 810 1513 τοῦ
826 1487 910 1523 πυρὸς
933 1487 995 1524 κρί-

204 1542 247 1565 σις
279 1534 333 1560 τῶν
361 1533 464 1560 ἀσεϐῶν
481 1553 489 1564 ,
526 1533 598 1559 καθά
629 1541 710 1568 φασιν
743 1534 771 1560 αἱ
795 1533 899 1568 γραφαὶ
927 1541 994 1567 προ-

203 1579 296 1615 φητῶν
325 1588 355 1605 τε
383 1579 430 1606 καὶ
451 1578 617 1610 ἀποστόλων,
644 1579 683 1605 ἔτι
708 1579 736 1605 δὲ
763 1580 810 1606 καὶ
833 1579 882 1614 τῆς
896 1579 991 1605 Σιϐύλο

203 1624 261 1660 λης,
279 1623 370 1656 καθώς
395 1632 476 1660 φησιν
499 1624 513 1649 ὁ
541 1624 673 1659 μακάριος
697 1624 812 1661 Κλήμης
834 1625 863 1651 ὲν
876 1626 908 1660 τῇ
924 1624 993 1659 πρὸς

203 1669 363 1705 Κορινθίους
385 1669 526 1705 ἐπιστολῇ,
543 1674 596 1697 etc.
625 1669 655 1697 Si
678 1670 814 1704 prwsentis
833 1677 919 1696 rerum
936 1675 992 1696 sta-

205 1722 246 1743 tus
263 1716 322 1750 finis
338 1720 377 1743 est
409 1716 549 1750 impiorum
572 1724 617 1751 per
642 1716 726 1751 ignem
745 1715 897 1751 judicium,
914 1719 992 1749 prout

204 1765 335 1789 testantur
357 1761 542 1795 prophetarum
566 1766 590 1788 et
608 1762 787 1796 apostolorum
812 1762 921 1796 scripta,
950 1766 991 1788 at-

202 1816 252 1842 que
275 1807 381 1842 insuper
397 1806 508 1842 Sibylla:
520 1808 612 1842 ipsius,
635 1807 853 1843 quemadmodum
868 1809 905 1834 ait
930 1808 992 1835 bea-

203 1859 245 1880 tus
270 1852 389 1880 Clemens
413 1853 441 1880 in
456 1852 577 1887 Epistula
603 1853 637 1880 ad
659 1852 822 1884 Corinthios,
848 1857 900 1880 etc.
926 1853 991 1886 Quzc

203 1899 232 1926 in
264 1898 394 1926 Gallicam
422 1899 542 1934 linguam
564 1899 602 1926 ita
624 1901 707 1927 vertit
722 1899 806 1926 David
833 1899 991 1927 Blondellus

203 1944 274 1972 libro
288 1945 377 1980 primo
400 1944 438 1972 De
460 1945 580 1981 Sibyllis,
601 1953 661 1980 cap.
680 1946 732 1978 20,
759 1953 791 1973 ac
818 1946 842 1973 si
869 1946 989 1980 legisset,

202 1990 231 2018 ὲν
245 1991 277 2026 τῇ
293 1990 388 2027 πρώτῃ
404 1990 473 2026 πρὸς
486 1991 645 2027 Κορινθίους
659 1991 855 2028 ἐπιστολῇ.δθ(]
870 1997 990 2019 erratum

202 2039 245 2063 est
268 2035 441 2070 properantis
464 2036 594 2069 hominis,
611 2037 779 2072 nimiumque
801 2038 932 2065 memoria
960 2038 991 2065 li-

202 2083 302 2110 dcntis.
320 2082 414 2118 itaque
429 2091 491 2110 cum
521 2083 760 2119 pseudo-Justinus
785 2085 933 2120 generatim
958 2086 992 2114 de

201 2129 325 2164 epistolis
337 2129 473 2164 loquatur,
491 2133 585 2157 neutra
598 2134 688 2158 autem
702 2131 737 2158 ad
747 2138 797 2158 nos
811 2131 915 2166 integra
928 2139 991 2166 per-

201 2175 317 2209 venerit,
333 2178 435 2202 temere
457 2176 491 2203 ab
518 2175 628 2204 Usserio
648 2181 820 2208 asseveratur
834 2185 888 2208 res,
908 2185 989 2212 quam

201 2221 277 2248 nullo
290 2220 371 2248 modo
389 2222 477 2256 potuit
502 2222 614 2249 rescire.
631 2221 758 2254 Quinimo
771 2223 794 2250 si
812 2223 989 2250 divinationi-

202 2266 254 2293 bus
268 2265 408 2300 indulgere
432 2267 521 2296 liceat.
537 2267 700 2294 crediderim
717 2267 743 2294 in
759 2268 853 2303 primae
867 2268 989 2303 cpistolte

202 2312 300 2339 lacuna
316 2312 347 2338 ad
369 2319 395 2339 c.
409 2312 443 2339 57
458 2312 556 2339 factam
579 2312 689 2347 Sibyllae
711 2313 884 2341 mentionem.
901 2313 988 2348 Atque

201 2356 368 2391 conjectura:
395 2355 508 2382 fundum
536 2361 564 2383 et
591 2361 730 2384 auctorem
751 2358 787 2385 do
811 2357 841 2386 S.
858 2357 988 2386 lrcna-um

202 2401 250 2428 lib.
268 2408 298 2427 ιιι
315 2399 446 2427 Adversus
455 2400 574 2435 hwreses,
605 2409 665 2436 cap.
678 2403 705 2433 5.
721 2403 766 2430 ubi
779 2403 831 2430 hoc
840 2408 921 2438 pacto
932 2404 989 2432 dis-

201 2447 268 2474 serit
284 2456 290 2473 :
308 2446 362 2474 Sub
378 2447 426 2473 hoc
440 2447 521 2482 igitur
531 2447 673 2479 Clemente,
689 2448 852 2476 dissensione
866 2458 917 2476 non
933 2458 988 2476 nta-

200 2493 262 2520 dica
275 2493 343 2520 inter
356 2501 399 2520 eos
415 2494 459 2528 qui
473 2493 594 2521 Corinthi
608 2499 692 2522 essent
709 2495 806 2529 fratres
822 2496 908 2530 facta,
922 2497 989 2523 scri-

200 2539 255 2572 psit
279 2546 336 2572 quw
357 2544 395 2565 est
412 2538 501 2566 Roma:
518 2539 638 2566 Ecclesia
662 2540 858 2574 potentissimas
886 2541 988 2568 litteras

202 2582 357 2615 Corinthiis,
377 2584 411 2610 ad
425 2592 515 2619 pacem
530 2593 573 2612 eos
587 2593 757 2621 congregans,
773 2591 797 2613 et
812 2594 939 2621 reparans
955 2587 989 2620 ﬁ-

201 2628 260 2655 dem
273 2637 373 2660 eorum,
389 2634 412 2656 et
429 2631 589 2657 annuntians
605 2632 613 2666 (
626 2631 786 2658 annuntians
810 2632 946 2659 omittitur
960 2632 987 2659 in

201 2673 297 2700 Gnaeo
320 2674 391 2708 apud
416 2674 562 2703 Eusebium
577 2676 624 2703 lib.
641 2685 666 2708 v,
683 2684 743 2712 cap.
757 2677 790 2710 6;
812 2681 840 2705 et
852 2677 988 2713 Nicepho-

202 2727 263 2747 rum
285 2720 332 2748 lib.
350 2728 387 2752 ιν,
401 2728 461 2756 cap.
480 2721 522 2754 i5,
539 2722 609 2750 forte
630 2723 666 2750 ob
683 2723 887 2752 similitudinem
903 2725 989 2760 parti-

200 2765 335 2800 cipiorum
349 2766 497 2793 ἀνανεοῦσα
512 2772 539 2795 et.
553 2769 763 2802 ἀναγγέλλουσι
783 2769 851 2797 Nam
872 2770 986 2799 Ruﬁnus

202 2812 310 2839 videtur
323 2812 375 2839 hoc
389 2821 496 2848 quoque
516 2814 543 2841 in
564 2814 681 2842 Eusebio
698 2815 806 2850 legisse,
821 2816 884 2843 dum
902 2818 986 2845 inter-

200 2859 324 2889 pretatur
338 2856 495 2892 exprimens)
507 2866 586 2893 quam
602 2858 628 2885 in
644 2860 739 2886 recenti
756 2858 787 2885 ab
801 2861 925 2893 apostolis
942 2869 983 2887 re-

1006 1559 1028 1588 C

1043 933 1081 960 tio
1094 933 1168 960 ﬁeri?

1076 990 1122 1016 Ait
1137 993 1229 1016 tamen
1242 989 1283 1016 vir
1297 989 1442 1024 perdoctus
1454 997 1508 1016 non
1522 990 1633 1017 licuisse
1646 997 1694 1024 per
1704 994 1831 1024 tempora

1043 1035 1177 1062 Clementi
1200 1042 1233 1061 ex
1259 1033 1399 1070 Sibyllinis
1422 1034 1608 1067 carminibus,
1646 1039 1742 1070 utpote
1777 1035 1833 1070 ipso

1044 1081 1252 1116 posterioribus,
1266 1080 1453 1108 testimonium
1469 1084 1573 1115 petere.
1588 1081 1645 1109 Hoc
1657 1081 1831 1116 probandum

1044 1130 1114 1158 erat.
1135 1135 1189 1154 non
1208 1127 1289 1154 modo
1303 1126 1471 1155 dicendum:
1487 1127 1559 1162 quod
1578 1127 1601 1154 si
1617 1132 1774 1160 constaret,
1791 1136 1831 1155 re-

1044 1173 1182 1208 quirerem
1204 1173 1396 1208 praedictarum
1417 1173 1605 1206 Quaestionum
1630 1174 1742 1201 codices
1766 1182 1830 1203 mss.

1044 1227 1108 1247 num
1116 1227 1166 1254 pro
1174 1219 1265 1250 καθώς
1273 1219 1456 1247 haberentxal.
1464 1220 1502 1251 ὡς
1511 1223 1557 1246 aut
1564 1221 1610 1246 καὶ
1617 1219 1717 1250 καθώς.
1729 1219 1830 1246 Verum

1044 1273 1127 1300 super
1143 1264 1283 1300 Sibyllinis
1299 1265 1425 1292 versibus
1440 1265 1610 1299 exploratum
1632 1272 1687 1292 non
1703 1265 1830 1296 habetur,

1044 1310 1153 1346 quando
1175 1311 1310 1345 coeperint
1330 1310 1401 1345 apud
1424 1309 1596 1338 Christianos
1618 1311 1754 1344 evulgari.
1778 1309 1831 1337 Sub

1044 1357 1176 1392 apostolis
1187 1365 1244 1384 rem
1258 1357 1407 1391 contigisse
1418 1356 1609 1391 persuaderet,
1622 1356 1695 1391 quod
1708 1364 1723 1383 a
1739 1357 1831 1383 multis

1044 1402 1174 1433 refertur,
1190 1402 1358 1430 Clementem
1374 1401 1588 1428 Alexandrinum
1604 1401 1830 1429 iantromateo

1045 1447 1090 1481 (p.
1103 1446 1170 1481 636)
1186 1447 1304 1474 recitare
1320 1446 1403 1474 verba
1418 1446 1495 1473 Pauli
1507 1447 1635 1481 apostoli,
1656 1446 1769 1474 Grecos
1784 1455 1830 1473 seu

1045 1489 1158 1524 gentiles
1183 1492 1217 1519 ad
1237 1491 1346 1526 Sibyllae
1367 1493 1479 1520 oracula
1501 1492 1692 1525 amandantis;
1713 1493 1771 1520 nisi
1787 1497 1829 1519 aut

1043 1537 1171 1565 Clemens
1193 1537 1311 1565 fabulam
1327 1545 1342 1564 a
1363 1538 1480 1573 quodam
1500 1538 1656 1574 apocrypho
1678 1539 1830 1574 sumpsisse

1044 1582 1097 1610 dici
1109 1586 1216 1618 posset;
1230 1586 1276 1609 aut
1291 1582 1383 1617 potius
1397 1582 1472 1609 illius
1487 1590 1596 1610 sensum
1608 1582 1768 1610 viderentur
1779 1592 1829 1610 non

1043 1629 1167 1664 attigisse
1179 1629 1303 1656 homines
1318 1629 1409 1662 docti;
1429 1636 1489 1663 qum
1503 1628 1613 1663 quidem
1635 1636 1697 1656 mea
1714 1634 1760 1657 est
1773 1630 1829 1665 opi-

1043 1674 1099 1701 nio.
1109 1673 1147 1700 Eo
1160 1674 1260 1709 quippe
1272 1674 1324 1701 loci
1339 1678 1484 1709 postquam
1499 1683 1531 1703 ex
1541 1675 1613 1702 Petri
1627 1676 1828 1709 praedicatione.

1044 1720 1114 1747 libro
1123 1724 1198 1747 extra
1204 1728 1336 1748 eanonem
1352 1721 1451 1755 posito,
1464 1719 1627 1746 aﬂirmavito
1635 1719 1827 1755 Στρωματεὺς,

1042 1766 1154 1800 Graecis,
1173 1770 1201 1792 ul
1217 1766 1300 1793 Deum
1314 1767 1437 1793 colerent
1451 1770 1478 1792 et
1490 1765 1576 1801 gloria
1592 1765 1747 1797 adicerent,
1765 1773 1829 1792 con;

1042 1819 1149 1839 cessam
1171 1811 1257 1838 fuisse
1278 1811 1493 1846 philosophiam,
1509 1810 1740 1846 quemadmodum
1761 1819 1830 1838 cam-

1042 1858 1105 1885 dem
1122 1858 1157 1885 ob
1171 1865 1283 1884 causam
1300 1861 1446 1892 utrumque
1464 1856 1670 1883 Testamentum
1685 1855 1789 1883 Judaeis
1805 1860 1829 1882 et

1041 1901 1222 1934 Christianis;
1249 1901 1301 1927 ista
1317 1900 1398 1935 paulo
1412 1900 1571 1927 obscuriora
1599 1899 1710 1934 subjicit
1730 1908 1738 1926 :
1758 1899 1829 1926 Ἐπεὶ

1041 1949 1081 1975 ὅτι
1116 1949 1240 1984 καθάπερ
1293 1949 1432 1979 Ἰουδαίους
1478 1946 1609 1980 σώζεσθαι
1652 1945 1780 1972 ὲὸούλετο
1816 1945 1829 1971 ὸ

1041 1993 1116 2025 Θεὸς,
1140 1994 1203 2025 τοὺς
1219 1993 1362 2029 προφήτας
1384 1992 1487 2023 διδοὺς,
1508 1991 1594 2023 οὕτως
1617 1991 1665 2017 καὶ
1695 1991 1829 2026 Ἐλλήνων

1040 2040 1103 2070 τοὺς
1118 2039 1330 2074 δοκιμωτάτους,
1345 2037 1460 2068 οἰκείους
1474 2036 1563 2063 αὐτῶν
1576 2038 1609 2072 τῇ
1619 2036 1753 2071 διαλέκτῳ
1764 2044 1829 2071 προ-

1041 2085 1129 2120 φήτας
1139 2085 1304 2120 ἀναστήσας,
1314 2084 1351 2115 ὡς
1364 2082 1414 2110 οἶοί
1428 2092 1457 2109 τε
1471 2081 1540 2118 ἦσαν
1554 2081 1678 2117 δέχεσθαι
1692 2081 1742 2116 τὴν
1754 2081 1829 2116 παρὰ

1035 2130 1103 2159 Θεοῦ
1118 2131 1287 2166 εὐεργεσίαν,
1311 2130 1364 2156 τῶν
1380 2129 1495 2165 χυδαίων
1518 2128 1668 2164 ἀνθρώπιον
1682 2127 1826 2163 διέκρινεν,

1039 2175 1153 2211 δηλώσει
1168 2176 1236 2212 πρὸς
1261 2173 1300 2209 τῷ
1314 2171 1623 2208 Πέτρουοκηρύγματι,
1644 2173 1658 2198 ὁ
1677 2173 1827 2203 ἀπόστολος

1003 2227 1027 2256 1)
1039 2221 1126 2255 λέγων
1147 2221 1261 2252 Παῦλος.
1274 2219 1376 2247 Λάϐετε
1400 2221 1446 2246 καὶ
1468 2219 1517 2251 τὰς
1537 2218 1693 2254 Ἑλληνικὰς
1709 2218 1826 2252 βίϐλους,

1042 2267 1174 2301 ὲπίγνωτε
1196 2266 1325 2293 Σίϐυλλαν
1335 2285 1342 2298 ,
1358 2267 1395 2298 ὡς
1409 2266 1484 2301 δηλοῖ
1497 2265 1545 2291 ἕνα
1555 2265 1619 2292 Θεὸν
1635 2265 1682 2290 καὶ
1702 2263 1738 2290 τὰ
1766 2262 1828 2298 μὲλ-

1039 2312 1120 2339 λοντα
1134 2311 1253 2338 ἔσεσθαν
1270 2312 1316 2338 καὶ
1330 2311 1375 2338 τὸν
1393 2310 1549 2345 ’Υστάσπην
1562 2310 1689 2340 λαϐόντες
1703 2309 1828 2342 ﬁnirva

1039 2367 1079 2391 τε,
1095 2359 1141 2385 καὶ
1156 2359 1284 2394 εὑρήσετε
1300 2357 1389 2390 πολλῷ
1405 2357 1617 2392 τηλαυγέστερον
1632 2355 1679 2381 καὶ
1694 2355 1828 2389 σαφέστε-

1041 2414 1087 2441 ρον
1102 2404 1292 2440 γεγραμμένον
1307 2403 1352 2430 τὸν
1363 2403 1422 2429 Υὶὸν
1443 2401 1489 2428 τοῦ
1509 2401 1587 2432 Θεοῦ,
1607 2401 1653 2427 καὶ
1670 2400 1766 2432 καθὼς
1781 2408 1828 2426 πα-

1040 2449 1151 2485 ράταξιν
1166 2450 1310 2484 ποιήσουσι
1324 2448 1362 2483 τῷ
1377 2447 1487 2482 Χριστῷ
1515 2446 1607 2472 πολλοὶ
1635 2445 1757 2480 βασιλεῖς
1789 2454 1827 2480 μι-

1040 2497 1150 2529 σοῦντες
1164 2497 1256 2528 αὑτὸν,
1272 2496 1319 2523 καὶ
1333 2496 1395 2526 τοὺς
1411 2494 1560 2530 φοροῦντας
1582 2492 1612 2519 τὸ
1626 2493 1713 2528 ὄνομα
1729 2493 1825 2522 αὑτοῦ,

1039 2542 1086 2569 καὶ
1103 2543 1166 2574 τοὺς
1182 2542 1294 2572 πιστοὺς
1309 2539 1403 2571 αὑτοῦ,
1419 2540 1466 2566 καὶ
1479 2539 1527 2574 τὴν
1549 2537 1698 2573 ὑπομονὴν,
1715 2538 1765 2565 καὶ
1779 2538 1827 2572 τὴν

1039 2587 1189 2622 παρουσίαν
1204 2585 1297 2612 αὑτοῦ.
1314 2583 1381 2612 Εἶτα
1405 2585 1445 2612 ἐνὶ
1465 2584 1536 2618 λόγῳ
1557 2583 1720 2610 ωνοὰνεται
1736 2584 1826 2618 ἡμῶν·

1039 2632 1118 2666 Ὄλος
1125 2633 1153 2660 δὲ
1160 2634 1174 2660 ὁ
1182 2632 1284 2668 κόσμος
1292 2630 1381 2658 καὶτὰ
1393 2631 1422 2657 ὲν
1432 2630 1470 2665 τῷ
1481 2630 1584 2665 κόσμῳ,
1593 2629 1665 2660 τίνος
1676 2638 1682 2662 ;
1697 2630 1760 2664 οὐχὶ
1781 2630 1826 2656 τοῦ

1037 2677 1105 2705 Θεοῦ
1113 2687 1120 2710 ;
1129 2677 1194 2710 Quae
1203 2671 1284 2705 verba
1292 2678 1332 2704 sic
1340 2677 1488 2712 accipiunt,
1497 2676 1575 2711 quasi
1590 2675 1697 2706 λάϐετε,
1706 2682 1776 2707 etc.,
1794 2676 1827 2702 sit

1042 2724 1164 2758 Apostoli
1177 2723 1340 2751 exhortatio.
1357 2723 1392 2749 At
1405 2729 1456 2757 ego
1469 2722 1529 2754 illa,
1549 2723 1563 2748 ὁ
1577 2721 1726 2753 ἀπόστολος
1739 2721 1826 2756 λέγων

1037 2768 1213 2800 Παῦλος,ιιοιι
1227 2768 1317 2795 refero
1328 2768 1361 2795 ad
1372 2768 1566 2802 consequentia
1579 2767 1686 2798 λάϐετε,
1697 2771 1767 2798 etc.,
1779 2767 1826 2794 sed

1037 2815 1070 2841 ad
1077 2815 1267 2849 praecedentia,
1277 2815 1392 2846 οἰκείους
1401 2814 1489 2841 αὐτῶν
1496 2815 1528 2849 τῇ
1539 2814 1671 2848 διαλέκτῳ
1681 2815 1832 2849 προφήτας,

1035 2868 1085 2888 seu
1093 2860 1125 2887 ad
1133 2860 1297 2887 versiculum
1307 2860 1340 2887 12
1357 2860 1455 2895 capitis
1466 2869 1472 2888 I
1483 2860 1608 2894 l-‘pistolte
1615 2859 1647 2885 ad
1653 2859 1758 2892 Titum,
1767 2857 1825 2885 air-.5
