1893 3101
79 137 109 164 73
691 135 861 165 Ριιοωιιιλ

881 134 1073 165 νιιιιοῑιυιι.
1652 138 1686 166 τι

75 203 112 226 τις
125 193 155 226 ιε
167 193 261 220 αὐτῶν
279 194 344 226 toto;
359 194 449 222 αὐτῶν
463 194 622 230 προφήτης
638 198 664 221 et
673 193 779 225 λάὸετε,
790 198 850 224 etc..

907 200 959 228 que
976 193 1136 223 multorum.
1154 199 1251 220 versus
1266 192 1584 228 SibyllinmCollectionis
1595 193 1642 220 lib.
1659 203 1684 225 1,

75 239 222 268 Clementis
242 247 306 268 esse
325 241 454 272 arbitror,
478 248 533 268 non
553 239 651 268 Pauli:
667 243 723 266 tum
739 239 811 274 quod
830 240 858 266 in

74 287 124 314 fine
135 286 252 319 dicitur,
260 283 320 312 εἶτα
328 287 368 313 ἐνὶ
376 286 457 321 λόγῳ,
466 291 518 313 etc.
532 285 720 313 Prazdicationi
729 284 802 312 Petri
809 285 859 312 tri-

75 334 135 363 buo,
147 339 213 358 cum
226 331 309 366 cuius
323 332 418 359 ultimo
430 339 556 360 sermone
570 331 650 366 paulo
664 335 727 358 ante
738 338 786 366 per
798 330 858 358 Cle-

74 381 194 404 mentem
212 378 326 405 laudato
344 378 471 405 convenit
486 377 598 412 optime.
614 376 749 409 Quocirca
764 381 856 405 verto:

74 423 296 459 Quandoquidem
316 423 384 458 quod
402 424 468 450 sicut
482 423 589 450 Iuda-os
609 422 678 449 Deus
700 422 785 449 salvos
804 431 859 450 esse

74 470 163 501 voluit,
181 469 251 497 dans
267 470 304 497 eis
318 469 465 504 prophetas,
482 469 520 495 ita
531 469 612 495 etiam
629 467 778 494 Gra'corum
795 475 857 502 pro-

73 516 243 547 batissimos,
257 517 375 550 proprios
390 524 445 543 sum
462 516 556 550 linguw
570 515 707 550 prophetas
724 516 856 546 excitans,

73 566 149 594 prout
159 566 284 595 poterant
297 569 386 594 capere
399 561 445 588 Dei
459 561 663 596 beneﬁcentiam,
674 569 690 587 a
701 561 793 588 vilibus
804 561 859 588 vul-

71 606 231 641 garibusque
254 606 401 633 hominibus
421 607 571 637 secrevcrit.
592 606 746 638 declarabit,
764 612 858 641 pra’ter

72 652 142 679 i‘clri
154 651 387 685 praedicationem,
400 652 445 687 qui
462 652 508 678 hac
522 652 585 678 dicit
597 652 729 686 apostolus
746 652 855 679 Paulus.

74 696 168 724 Libros
189 705 292 732 quoque
307 697 409 725 Gra’cos
431 698 538 729 sumite;
559 699 690 732 agnoscite
710 697 855 733 Sibyllam.

72 750 121 776 quo
138 741 219 769 modo
232 751 314 769 unum
333 742 416 769 Deum
434 743 592 777 manifestat,
607 748 632 770 et
651 751 682 769 ea
696 751 754 778 qui:
766 744 857 778 futura

72 793 131 813 sunt
143 794 153 813 :
164 793 302 822 sumptum
317 789 395 815 etiam
409 788 565 823 Hystaspem
577 788 663 823 legite,
681 794 706 816 et
724 789 856 816 invenietis

72 830 121 858 Dei
135 831 159 857 F‘
161 832 240 858 ilium
255 832 338 860 multo
351 833 449 859 clarius
463 833 628 868 apertiusque
646 842 701 860 esse
714 835 855 868 scriptum,

72 881 148 910 utque
161 878 242 904 multi
254 886 324 912 reges
339 878 460 905 adversus
475 878 609 906 Christum
624 880 705 906 aciem
717 879 856 912 instruent,

71 922 128 948 odio
140 923 268 950 habentes
280 929 333 950 tum
347 925 433 955 illum,
448 930 502 951 tum
516 933 559 952 eos
572 926 616 961 qui
630 934 721 952 nomen
741 926 797 960 ejus
814 934 857 960 ge-

71 974 154 1000 stant.
169 974 196 996 et
210 969 267 1004 ejus
279 969 368 1004 ﬁdeles
378 989 386 1002 ,
401 970 522 1006 illiusque
534 972 700 998 tolerantiam
719 976 794 1006 atque
809 971 858 998 ad—

70 1019 185 1041 rentum.
203 1014 304 1041 Deinde
321 1023 370 1042 uno
385 1015 459 1043 verba
471 1016 535 1051 (seu
553 1025 606 1043 una
624 1017 740 1052 ratione)
753 1025 799 1044 nos
816 1017 857 1043 in-

71 1064 187 1094 terrogat
195 1067 204 1085 :
213 1059 297 1086 Totus
307 1064 393 1087 autem
405 1061 527 1092 mundus,
538 1066 563 1088 et
573 1070 630 1096 quw
639 1067 699 1089 sunt
713 1063 738 1088 in
748 1062 855 1095 mundo,

69 1104 143 1138 cujus
155 1106 239 1132 sunt?
252 1103 346 1131 Nonne
357 1104 425 1133 Dei?
438 1105 483 1132 Sic
498 1106 610 1140 pulchre
624 1106 713 1133 omnia
728 1106 779 1134 sibi
792 1112 865 1133 con-‘

70 1153 154 1181 stant,
164 1149 248 1176 aliter
259 1150 441 1184 impeditiora.
454 1150 529 1178 Adde
539 1151 610 1186 quod
621 1151 666 1178 vix
680 1152 707 1178 in
720 1154 778 1179 toto
790 1151 853 1179 Cle-

69 1198 162 1221 mente
181 1195 306 1222 invenias
318 1195 419 1230 aliquid
435 1196 581 1231 apocryphi
593 1196 737 1231 prolatum,
747 1197 856 1224 nomine

70 1239 216 1271 duntaxat,
230 1239 363 1271 auctoris,
375 1247 429 1266 non
444 1240 585 1274 przemisso
597 1241 688 1276 operis
702 1241 790 1275 titulo,
801 1249 856 1268 non

71 1285 179 1319 adjecta
195 1285 332 1317 dictione,
348 1293 409 1320 qua:
422 1286 501 1320 quale
520 1285 556 1313 sit
573 1286 703 1321 scriptum
725 1286 854 1314 declaret.

70 1330 192 1366 Legatur
219 1333 278 1357 tota
307 1330 483 1358 Alexandrini
509 1331 673 1367 disputatio;
699 1332 856 1359 conferatur

70 1385 132 1404 cum
149 1377 185 1404 iis
198 1384 260 1411 qua:
273 1376 300 1403 in
313 1375 464 1404 Slromateo
483 1386 494 1405 ι
509 1378 635 1405 edisserit
653 1378 686 1405 de
700 1377 855 1406 Grmcorum

70 1423 259 1458 sapientibus,
282 1424 432 1458 praesertim
453 1432 514 1459 pag.
531 1424 598 1456 299,
625 1425 670 1452 tibi
688 1425 776 1452 locum
790 1424 854 1460 Epi-

70 1470 148 1498 stola:
162 1469 198 1497 ad
208 1468 301 1496 Titum
315 1469 444 1497 adducit:
460 1470 572 1498 Conﬁdo
590 1470 647 1498 fore
674 1475 705 1498 ut
726 1478 785 1498 mea
800 1478 853 1498 non

910 243 937 266 et
951 239 998 266 lib.
1012 246 1042 265 ιιι
1060 238 1093 265 de
1111 237 1211 273 Sibylla
1223 237 1278 266 Noe
1290 244 1425 267 coaetanca
1437 249 1443 273 ;
1466 240 1685 275 quandoquidem

909 292 941 312 ex
967 283 1074 310 illorum
1094 281 1204 310 Patrum
1227 284 1412 319 professione.
1438 286 1512 312 nulla
1534 293 1550 313 ο
1575 285 1686 321 Sibyllis

910 330 1009 358 Mosem
1022 331 1183 367 antiquitate
1195 332 1343 366 superavit.
1359 331 1399 358 Ex
1413 332 1511 366 quibus
1528 332 1687 367 intelligitur

909 382 962 402 non
979 384 1061 403 unum
1078 381 1183 412 poetam
1206 376 1335 412 Sibyllam
1359 384 1387 403 se
1405 384 1466 404 esse
1489 376 1616 409 tinxisse,
1639 378 1686 405 sed

909 421 1010 456 plures,
1027 422 1134 450 diverso
1149 426 1281 457 tempore,
1299 430 1414 457 quorum
1429 430 1524 450 versus
1539 422 1686 457 disjectos,

910 474 992 494 unum
1007 467 1034 494 in
1053 475 1152 502 corpus
1166 468 1373 496 cousarcinator
1386 473 1505 496 Incertus
1523 469 1610 497 multo
1624 473 1688 505 post

908 512 1022 539 denatos
1034 513 1171 548 apostolos
1185 515 1359 549 compegerit.

943 556 1019 589 Quod
1030 563 1119 585 autem
1130 565 1143 585 a
1156 559 1278 594 pluribus
1290 560 1470 592 existimatur,
1485 560 1574 595 primo
1585 561 1686 589 smculo

909 609 939 628 ac
956 602 1087 637 principio
1107 604 1219 631 secundi
1243 603 1371 640 Sibyllam
1399 612 1414 632 a
1435 605 1599 633 Christianis
1615 607 1685 634 scri-

908 647 1031 682 ptoribus
1039 648 1117 675 citari
1126 649 1290 684 nequivisse,
1305 649 1332 677 id
1344 658 1408 678 vero
1419 659 1468 685 ego
1479 651 1595 684 iuﬁcior,
1606 653 1688 680 ratio-

908 693 988 721 nibus
1003 693 1134 722 adductus
1148 703 1202 722 non
1216 696 1319 730 paucis.
1334 696 1476 729 Quoniam,
1492 698 1612 732 scilicet,
1625 707 1685 734 gra-

908 736 943 762 tis
960 744 992 763 ac
1006 737 1065 764 sine
1078 737 1252 765 fundamento
1267 739 1333 766 illud
1347 741 1490 767 asset-itur.
1505 740 1606 769 Deinde
1621 743 1686 777 quia

909 782 1060 811 viventibus
1071 784 1210 819 apostolis.
1221 792 1252 812 ac
1263 785 1336 812 Luca
1350 786 1485 814 scribente
1499 787 1685 823 livangelium,

908 828 992 855 multa
1011 829 1163 865 apocrypha
1184 833 1210 857 et
1225 831 1454 866 pseudepigrapba
1470 833 1551 860 otiosi
1569 837 1687 861 temera-

910 873 997 908 riique
1009 874 1132 903 homines
1149 875 1276 908 edebant,
1292 876 1379 912 inquit
1393 877 1534 913 Origenes,
1555 879 1649 908 homil.
1671 881 1683 908 1

908 919 935 946 in
950 917 1058 950 Lucam.
1071 928 1186 956 eumque
1198 922 1346 956 saepissime
1357 931 1476 958 sequens
1492 924 1684 961 Hieronymus,

904 965 1034 993 Prommio
1042 965 1299 995 Commentariorum
1308 976 1389 1003 super
1396 969 1559 1000 .llatthasum.
1569 979 1618 998 nec
1630 981 1685 1000 non

908 1010 995 1044 Titus,
1012 1012 1185 1046 Ambrosius,
1202 1013 1286 1047 Beda,
1318 1014 1488 1050 Eutliymius,
1512 1016 1686 1053 Tlieophylu-

907 1060 978 1088 ctus,
988 1056 1021 1084 ad
1029 1059 1145 1092 primum
1160 1066 1267 1086 versum
1291 1059 1429 1096 Evangelii
1445 1062 1523 1090 Lucae
1533 1073 1539 1090 :
1549 1064 1643 1098 quidni
1658 1069 1685 1092 et

907 1102 934 1128 in
949 1101 1002 1129 illis
1021 1102 1143 1136 quaedam
1163 1103 1296 1139 Sibyllino
1311 1107 1438 1134 nomine?
1449 1107 1488 1134 Ad
1508 1109 1564 1136 lucc
1580 1114 1683 1137 certum

906 1150 949 1173 est
965 1155 998 1174 ex
1012 1146 1150 1181 Varrone,
1170 1149 1315 1182 Cicerone,
1333 1151 1439 1184 Tacito,
1457 1152 1587 1182 Suetonio
1598 1176 1604 1187 ,
1621 1155 1684 1183 Plu-

905 1194 1015 1225 tarcho,
1039 1195 1122 1221 multa
1142 1203 1210 1223 vana
1233 1200 1260 1224 et
1282 1199 1453 1233 supposititia
1475 1200 1545 1228 inter
1564 1209 1684 1237 paganos

907 1239 985 1274 quasi
1006 1239 1135 1276 Sibyllina
1155 1241 1240 1269 fuisse
1267 1243 1440 1276 circumlata,
1461 1250 1524 1273 ante
1545 1250 1571 1274 ct
1592 1248 1683 1274 statim

905 1290 966 1320 post
981 1287 1130 1321 primordia
1146 1293 1246 1317 nostm
1259 1290 1398 1325 religionis
1411 1301 1418 1319 :
1435 1292 1484 1319 hoc
1496 1294 1619 1329 exemplo
1635 1301 1683 1322 cur

906 1338 960 1358 non
975 1333 1046 1360 idem
1068 1335 1188 1362 evenerit
1203 1336 1274 1370 apud
1296 1337 1366 1364 nos?
1380 1337 1474 1373 Adjice
1494 1339 1538 1367 his
1560 1341 1685 1369 testimo-

906 1377 982 1403 nium
997 1376 1103 1406 Herinm
1114 1379 1150 1407 lib
1164 1388 1183 1411 ι,
1195 1380 1246 1408 vis.
1261 1382 1288 1413 2,
1298 1389 1358 1417 cap.
1369 1383 1400 1414 4,
1415 1392 1528 1419 quaeque
1542 1385 1577 1412 ibi
1596 1386 1683 1414 adno-

904 1422 996 1449 tabam
1007 1424 1039 1451 de
1051 1423 1148 1459 insigni
1162 1425 1215 1453 isto
1228 1426 1288 1453 loco
1302 1426 1412 1462 Josepbi
1426 1429 1682 1465 Antiquit..ludaic.,

903 1467 951 1495 lib.
968 1474 991 1503 Ι,
1000 1475 1060 1504 cap.
1073 1471 1106 1497 5:
1122 1471 1189 1506 Περὶ
1206 1472 1234 1497 δὲ
1255 1471 1302 1498 τοῦ
1328 1473 1432 1509 πύργου
1457 1476 1550 1502 τούτου
1573 1477 1684 1512 καὶτῆς

872 858 894 884 Β

70 1515 243 1550 improbetur
256 1514 455 1550 interpretatio.
466 1514 538 1543 Nihil
554 1523 617 1551 ergo
631 1515 791 1550 adjuvamur
802 1516 850 1543 hoc

905 1514 1071 1551 ἀλλοφωνίας
1083 1516 1136 1542 τῶν
1159 1516 1318 1553 ἀνθρώπων,
1335 1520 1468 1555 μέμνηται
1489 1522 1534 1548 καὶ
1550 1522 1662 1549 Σίϐυλλα
1674 1541 1683 1555 ,

72 1563 243 1595 testimonio,
256 1562 291 1590 ad
307 1561 523 1597 investigandum
538 1561 611 1597 quod
621 1562 769 1597 quaerimus
783 1564 851 1589 tem-

71 1616 132 1644 pus.

102 1653 164 1681 Jam
185 1660 254 1681 vero
271 1653 296 1680 si
316 1657 412 1689 agatur
430 1653 463 1681 de
485 1651 680 1688 Sibyllinorum
699 1653 851 1679 carminum

70 1699 175 1734 sylloge
189 1706 245 1734 qua
260 1698 342 1726 hodie
357 1698 469 1730 utimur.
487 1705 536 1732 pro
555 1701 629 1725 certo
644 1697 735 1725 haberi
755 1697 832 1724 debet
842 1717 849 1729 ,

69 1744 142 1780 quod
158 1752 174 1771 a
188 1744 284 1772 multis
305 1744 444 1771 evidenter
461 1743 511 1771 l'uit
524 1744 677 1779 probatum,
693 1751 752 1771 eam
767 1743 852 1770 multo

71 1794 134 1821 post
157 1790 310 1825 apostolica
333 1793 456 1825 tempora
481 1790 567 1816 lucem
588 1788 699 1817 vidisse.
724 1789 850 1816 Nonnulli

69 1843 135 1863 sane
151 1836 179 1862 in
192 1842 225 1863 ea
237 1842 333 1862 versus
346 1835 481 1870 leguntur,
496 1839 575 1862 aetate
590 1835 756 1870 posteriores
785 1835 852 1862 scri-

69 1881 124 1917 ptis
132 1881 248 1908 Patrum
263 1880 395 1918 Sibyllina
409 1881 518 1908 oracula
535 1881 682 1908 citantibus
696 1890 702 1907 :
714 1881 808 1915 quales
823 1879 850 1906 bi

67 1929 122 1954 duo
133 1936 140 1954 :

67 1981 168 2020 ρὸκέτι
181 1981 238 2020 γὰρ
251 1981 327 2020 παρὰ
342 1982 397 2020 σεῖο
409 1981 443 2020 το
452 1981 501 2020 τῆς
516 1981 728 2020 φιλοθρέμμονος
746 1982 810 2017 ὕλης

68 2016 238 2052 Παρθενικαὶ
251 2016 348 2051 κοῦραι
362 2016 418 2052 πῦρ
433 2016 521 2044 ἔνθεον
535 2016 705 2052 εὑρήσουσιν,

70 2069 418 2106 ὶιιῬατέψδιᾳιιοειηιὶὺπ
428 2076 489 2107 post
503 2072 636 2106 medium;
653 2076 717 2100 sunt
731 2073 802 2100 enim
817 2072 850 2100 de

69 2117 185 2144 incenso
203 2116 293 2145 Vesta:
303 2117 405 2152 templo
416 2117 467 2145 sub
481 2117 561 2145 ﬁnem
577 2118 683 2153 imperii
697 2118 848 2151 Commodi,

68 2162 242 2197 proindeque
267 2170 328 2190 cum
353 2163 408 2198 jam
431 2163 571 2197 Justinus,
597 2164 800 2199 Athenagoras,
823 2169 850 2193 et

68 2191 240 2242 :l‘beophiius
259 2191 445 2236 Antioc'henus
463 2191 594 2245 Sibyllina
615 2211 643 2237 in
665 2191 849 2238 testimonium
864 2196 888 2225 Β
901 2191 940 2245 ’ἔρ

68 2261 118 2288 pro
133 2253 187 2281 ﬁde
203 2253 357 2281 Christiana
372 2253 560 2282 advocassent.
578 2254 617 2282 Ac
631 2255 786 2290 Origeniani
801 2262 850 2282 cu-

68 2299 179 2333 jusdam
194 2306 304 2325 manum
320 2299 423 2326 redolet
434 2299 495 2326 libri
511 2307 530 2326 ιι
543 2300 614 2332 linis,
628 2301 660 2327 ad
673 2309 751 2335 quem
770 2300 850 2328 scho-

69 2344 165 2373 liastes
179 2344 291 2372 Grarcus
306 2345 347 2372 sic
359 2344 521 2373 adnotabat:

118 2413 215 2454 Σεύὸῃ
229 2413 383 2454 προίῃ-νὼς·
399 2414 458 2454 οὐδὲ
472 2414 525 2450 γὰρ
539 2414 611 2450 λήξει
622 2416 691 2454 ’ποτὲ

119 2449 159 2492 Ε
172 2449 230 2492 τξῦρ
243 2449 429 2492 μολάζοθίξοὺς
444 2449 698 2492 κατέιὲεκριμένρυς.

119 2483 274 2520 ἰςάγῶγὰρ
288 2484 320 2520 ἂν
336 2484 530 2520 εὖξαιμιτοῦθ*
542 2483 628 2516 οὗτὼς
642 2485 711 2520 ἔχειν
721 2505 727 2516 ,

119 2518 375 2555 oohtghuéylo‘san;
390 2518 553 2555 σφαλμάτων
566 2518 733 2555 ἐστιγμένος.

120 2553 154 2580 Δῖ
206 2552 290 2585 ίζὸνος
322 2552 432 2589 ρήζουσι
449 2552 660 2590 φιλανθρωπίάξ.

211 2563 377 2614 αἰσγυνξσθω
392 2588 536 2614 φληναφῶν
556 2589 659 2614 Ὼηιγέν

211 2580 377 2630 ἆίσχῇνὲἃσῶ
382 2580 536 2630 omnem
546 2580 693 2630 ἠριγένης
703 2609 710 2621 ,

119 2622 212 2658 Πέρας
222 2622 347 2657 γενέσθαι
361 2622 414 2649 τῶν
428 2622 563 2650 κολάσεων
577 2622 671 2658 λέγων,

66 2690 208 2726 Recteque
223 2690 350 2718 observat
362 2691 408 2726 qui
420 2695 514 2718 nostra
532 2695 610 2719 atate
630 2679 762 2726 pltirimos
772 2692 845 2726 judi-

67 2736 111 2764 cio
131 2736 273 2772 superavit
298 2735 436 2764 Gerardus
456 2736 570 2765 Vossius
592 2736 630 2764 De
650 2737 731 2770 poetis
746 2735 844 2764 σηπία

65 2790 128 2818 cap.
144 2783 172 2815 Ι,
186 2789 242 2810 ιιοιι
256 2782 396 2811 exstitisse
408 2783 575 2818 temporibus
588 2782 686 2811 Justini
702 2784 843 2818 martyris,

65 2828 185 2862 Tatiani,
200 2828 352 2856 Clementis
365 2827 556 2858 Alexandrini.
573 2829 696 2861 Eusebii,
715 2829 841 2856 aliorum-

202 2875 339 2907 Ριτιιοι..
362 2875 420 2906 Gn.
445 2877 468 2907 1.

901 1559 1016 1596 λέγουσα
1037 1561 1130 1594 οὕτως·
1154 1563 1265 1591 Πάντων
1285 1565 1431 1600 ὁμοφώνων
1451 1566 1534 1593 ὄντων
1557 1567 1609 1594 τῶν
1636 1569 1684 1595 ἀν-

902 1605 1019 1642 θρώπων
1036 1627 1043 1639 ,
1076 1607 1180 1644 πύργον
1210 1609 1384 1645 ᾠκοδόμησάν
1411 1620 1481 1643 τινες
1509 1612 1682 1648 ὑψηλότατον,

900 1651 939 1684 ὡς
960 1653 1006 1679 ἐπὶ
1027 1653 1072 1680 τὸν
1094 1655 1205 1691 οὐρανὸν
1226 1655 1421 1692 ἀναϐησόμενοι
1443 1658 1475 1684 δι’
1491 1659 1584 1686 αὐτοῦ.
1607 1661 1638 1687 Οἱ
1655 1661 1683 1688 δὲ

902 1697 967 1731 Θεοὶ,
991 1699 1107 1735 ἀνέμους
1131 1701 1352 1736 ἐπιπέμψαντες,
1371 1703 1520 1739 ἀνέτρεψαν
1543 1705 1588 1733 τὸν
1609 1706 1680 1742 πύρ-

902 1752 965 1778 γον,
993 1746 1040 1772 καὶ
1064 1746 1129 1772 ἰδίαν
1157 1747 1263 1782 ἑκάστῳ
1290 1747 1379 1783 φωνὴν
1407 1749 1519 1776 ἔδωκαν·
1548 1751 1596 1778 καὶ
1634 1752 1681 1779 διὰ

901 1790 981 1816 τοῦτο
1003 1790 1147 1817 Βαϐυλῶνα
1169 1792 1266 1827 συνέϐη
1290 1793 1421 1829 κληθῆναι
1459 1795 1508 1830 τὴν
1531 1796 1617 1823 πόλιν·
1632 1798 1680 1832 qui

902 1835 978 1862 locus
1008 1836 1155 1871 respondet
1182 1837 1224 1864 bis
1249 1837 1389 1873 Sibyllinis
1412 1839 1459 1868 lib.
1481 1842 1680 1873 nt,circaini-

902 1881 969 1907 tium
983 1890 989 1907 :

908 1946 975 1973 Ἀλλ’
989 1947 1088 1974 ἐπόταν
1105 1947 1230 1983 μεγάλοιο
1239 1948 1305 1975 Θεοῦ
1321 1950 1472 1978 πελάσωσιν
1489 1952 1609 1987 ἀπειλαί,
1625 1959 1680 1982 etc;

901 2008 1041 2036 Concludo
1063 2009 1131 2037 nihil
1145 2013 1235 2038 vetare
1255 2011 1320 2046 quin
1336 2019 1400 2039 vero
1422 2011 1554 2041 Clementi
1571 2014 1679 2043 laudata

901 2053 982 2081 fuerit
995 2053 1106 2089 Sibylla,
1120 2054 1148 2081 in
1162 2062 1192 2082 re
1205 2058 1356 2089 praesertim
1371 2057 1488 2085 ethnicis
1500 2066 1554 2086 non
1571 2060 1677 2095 ignota,

901 2099 995 2127 mundi
1013 2100 1138 2128 videlicet
1152 2100 1215 2133 ﬁne,
1231 2108 1263 2128 ac
1277 2102 1421 2136 impiorum
1441 2111 1489 2137 per
1501 2103 1590 2139 ignem
1604 2105 1679 2140 judi-

901 2146 963 2173 cio:
983 2146 1017 2174 de
1032 2154 1084 2181 qua
1098 2148 1210 2174 consule
1230 2148 1364 2183 praecipue
1380 2148 1516 2177 Justinuni
1534 2149 1677 2186 Martyrem

941 2191 1066 2226 ologetico
1079 2198 1110 2223 tt,
1122 2199 1148 2226 p.
1161 2191 1206 2223 66,
1217 2195 1244 2219 et
1255 2191 1384 2226 Sibyllina
1398 2197 1492 2220 nostra
1503 2194 1618 2222 Oracula
1628 2196 1674 2224 lib.

902 2244 921 2263 ιι
934 2241 959 2264 et
972 2244 1013 2263 ιιι.
1027 2236 1066 2264 Ac
1082 2236 1172 2264 forsan
1187 2237 1313 2265 Clemens
1330 2238 1494 2273 exemplaria
1509 2239 1613 2266 viderat
1627 2247 1677 2267 au—

900 2285 1008 2316 tequam
1022 2289 1037 2308 a
1051 2281 1216 2309 Christianis
1231 2282 1278 2317 (ul
1293 2283 1470 2318 conqueritur
1490 2283 1586 2312 Celsus
1604 2285 1675 2319 apud

899 2326 1040 2361 Origenem
1055 2326 1102 2354 lib.
1120 2334 1168 2358 vit,
1183 2331 1277 2354 contra
1292 2328 1371 2363 cum)
1392 2327 1507 2355 fuissent
1525 2329 1676 2364 inlerjcclis

898 2373 1022 2407 pluribus
1037 2373 1211 2407 interpolata.

933 2418 1065 2446 Caeterum
1086 2417 1192 2444 videtur
1211 2417 1267 2444 haec
1279 2418 1398 2445 secunda
1412 2418 1526 2453 epistola
1542 2423 1604 2446 ante
1621 2421 1677 2455 pri-

898 2471 968 2490 mam
985 2471 1047 2491 esse
1066 2464 1178 2498 scripta.
1194 2462 1417 2498 Quandoquidem
1434 2464 1523 2491 innuit
1537 2464 1674 2500 fragmen-

898 2515 953 2537 tum
968 2510 1040 2538 illius
1055 2509 1166 2544 paciﬁca
1179 2514 1316 2544 tempora;
1330 2513 1356 2536 et
1367 2517 1400 2536 ex
1413 2509 1501 2537 Pbotii
1515 2510 1609 2538 codice
1625 2511 1676 2538 126

896 2558 1049 2593 colligimus
1069 2556 1175 2584 dissidii
1205 2556 1373 2584 Corinthiaci
1394 2557 1421 2583 in
1443 2563 1475 2583 ea
1498 2556 1596 2584 factam
1620 2565 1676 2585 non

899 2602 984 2630 fuisse
1000 2602 1163 2629 mentionem
1177 2611 1183 2628 :
1206 2607 1232 2627 at
1245 2601 1268 2628 si
1285 2601 1348 2628 data
1364 2605 1436 2629 esset
1457 2605 1519 2636 post
1537 2602 1674 2636 priorem,

896 2648 948 2674 hoc
973 2650 1016 2674 est
1032 2651 1093 2681 post
1115 2645 1193 2672 linem
1209 2645 1407 2680 persecutionis
1426 2645 1583 2678 Domitiani,
1605 2650 1676 2674 tem-
1714 2654 1718 2666 ι

895 2700 960 2728 pore
976 2692 1061 2727 pacis.
1080 2695 1161 2726 atque
1178 2695 1240 2718 ante
1255 2691 1470 2725 persecutionem
1485 2691 1537 2718 sub
1555 2690 1676 2726 Traiano

895 2737 1121 2771 redintegratam,
1135 2743 1190 2762 non
1208 2735 1425 2771 praetermisisset
1444 2736 1610 2764 discordiam
1626 2741 1674 2764 aut

895 2783 1145 2811 reconciliationem
1153 2782 1367 2814 Corinthiorum,
1376 2790 1438 2810 cum
1451 2787 1596 2817 utrumque
1609 2787 1674 2811 tem-

895 2838 944 2865 pus
959 2827 1128 2857 solummodo
1142 2835 1230 2855 annus
1244 2827 1378 2863 sejungat.
1395 2827 1483 2862 Quare
1500 2829 1611 2857 missam
1626 2837 1671 2856 ar-

1492 2877 1510 2906 3
