1893 3101
197 136 231 163 Ἣ
759 132 804 160 ΔΙ)
823 132 851 160 5.
871 131 1080 161 CLEMENTEM
1101 131 1110 160 l
1129 131 1244 159 PAPAM

199 194 285 221 bitror
300 191 372 220 inter
386 191 455 220 duas
472 190 575 226 primas
589 190 801 226 persecutiones,
811 189 928 217 Neronis
941 196 973 216 ac

1034 188 1077 215 Γοῦ
1094 189 1171 222 ἁγίου
1189 188 1344 224 Κλήμεντος
1365 188 1397 215 Ex
1433 185 1461 215 S.
1489 187 1629 216 Clementis
1653 197 1685 216 ea:
1706 189 1810 224 Episto-

198 236 359 269 Domitiani,
379 241 405 264 et
419 239 481 264 ante
498 235 659 264 seditionem
680 234 803 262 Corinthi
817 234 973 262 excitatam.

232 281 396 309 Omitteham
421 281 480 313 hie,
495 284 525 308 ut
539 281 567 308 in
582 284 703 308 veterum
721 280 901 312 testimoniis,
919 279 974 306 duo

198 334 258 361 quae
267 331 364 362 postea
376 329 553 354 occurrerunt
569 325 634 353 loca.
646 324 753 353 Primus
764 326 840 352 locus
855 329 896 352 est
907 332 975 360 prte—

200 372 309 400 fationis
334 372 443 399 concilii
467 371 586 404 Nicaeni,
610 371 712 399 Latina:
734 379 767 399 ex
789 370 904 398 Arabico
928 378 976 405 per

201 418 381 445 Abrahamum
391 416 592 444 Eechellensem
605 416 697 449 factae;
709 416 736 443 in
747 423 800 450 quo
810 415 910 443 dicitur
918 414 977 443 Cle-

200 466 317 490 mentem
332 461 446 497 cpistola
463 462 480 488 2
494 462 658 489 mentionem
673 461 770 489 fecisse
783 464 918 488 sectarum
931 460 974 487 70.

200 508 300 536 Verum
315 507 360 534 illa
372 507 527 542 epistola,si
540 507 633 535 eadem
646 513 688 534 est
706 514 738 533 ac
749 510 857 538 nostra,
872 513 922 533 nec
935 510 976 532 est

200 555 281 589 plane
295 554 449 588 apocrypha
461 575 469 587 ,
485 561 656 588 nequaquam
676 553 769 581 retulit
789 552 822 579 70
842 552 975 584 haereses,

200 601 291 629 retulit
307 600 399 627 f0rsan
412 600 436 627 7.
450 600 571 628 Alterum
584 600 672 627 locum
693 599 847 634 deprompsi
865 606 897 626 ex
909 599 978 634 opti—

200 646 253 673 mis
267 645 431 673 membranis
454 645 556 672 codicis
576 645 720 672 admodum
752 644 854 678 antiqui
886 643 913 670 in
935 643 977 671 bi-

194 691 337 718 bliotheca
358 689 411 717 PP.
428 689 490 717 Soc.
504 689 584 722 Jesu,
599 690 704 724 copiam
719 689 834 716 faciente
853 688 978 716 Gabriele

201 736 352 768 Cossartio,
369 737 428 763 viro
439 743 500 762 eum
515 736 629 770 insignis
643 735 782 767 doctrinae,
797 741 853 762 tum
867 734 977 769 prolixae

199 781 390 809 humanitatis.
413 781 460 808 Est
483 785 571 808 autem
591 780 621 808 S.
640 781 798 808 Damasceni
820 779 977 814 Eclogaram

202 835 340 854 sacrarum
366 834 426 862 cap.
441 827 508 862 Περὶ
528 826 581 853 τῶν
596 826 768 862 προσκαίρων
783 826 829 852 καὶ
850 825 903 851 τῶν
917 826 978 851 alto-

201 872 265 898 νιων
280 858 408 906 ἀγαθῶνί
427 858 486 898 καὶ,
501 872 541 898 ὅτι
564 858 683 907 χρὴ-τῶν
697 858 836 906 πορόντων
862 868 895 896 τὰ
917 868 980 904 μέλ-
994 858 1015 885 Β
1030 859 1158 895 περίδολὴ
1168 860 1279 893 γίνεται·

201 917 280 943 λοντα
296 917 444 953 προτιμᾷν.
464 917 536 952 quod
558 916 702 951 respondet
722 915 804 951 capiti
823 915 858 942 20
879 914 941 941 libri
961 921 980 941 ιι

202 962 397 990 Parallelorum
410 963 555 991 editorum.

1041 236 1091 271 τῆς
1099 235 1165 272 apo;
1176 235 1334 271 Κορινθίους
1343 235 1374 270 β’.

1056 293 1084 320 '0
1098 292 1151 320 τῶν
1161 292 1299 328 παρόντων
1307 290 1401 326 αἰσθη-

1024 341 1098 372 τικὺς
1119 340 1238 375 συνίησιν
1253 340 1290 371 ὼς
1304 338 1364 366 οὔτε
1384 339 1401 366 ἃ

1027 385 1177 420 λογίζονται
1185 393 1256 416 τινες
1263 382 1332 412 εἶναι
1340 393 1401 418 τερ-

1026 433 1093 465 πνὰ,
1129 432 1190 465 ξένα
1217 433 1264 460 καὶ
1293 432 1400 468 μακράν

1025 479 1082 505 ἐστι
1101 478 1154 505 τῶν
1169 477 1301 513 ἀπεχθῶν.
1323 477 1401 504 Ἀλλὰ

1025 524 1072 550 καὶ
1112 522 1226 555 πλοῦτος
1272 522 1401 554 πολλάκις

1027 570 1125 606 μᾶλλον
1139 571 1232 602 πενίας
1248 570 1348 606 tonos,
1355 572 1402 598 καὶ

1027 619 1102 652 ὑγεία
1112 619 1191 646 πλέον
1205 619 1297 654 ἠνίασε
1312 618 1399 646 νόσου.

1026 667 1080 694 Καὶ
1090 667 1201 694 καθόλου
1208 668 1260 694 τῶν
1274 667 1401 703 λυπηρῶν

1026 717 1073 742 καὶ
1084 716 1204 751 φευκτῶν
1220 716 1327 743 πάντων
1341 716 1402 743 ὑπό-

1027 764 1100 796 θεσις
1114 765 1160 792 καὶ
1173 764 1238 800 ὕλη,
1253 766 1269 801 ή
1287 765 1341 792 τῶν
1358 765 1403 792 ἀσ-

1772 130 1806 158 7G

1459 236 1486 262 la
1502 234 1534 262 II
1566 235 1600 262 ad
1617 235 1777 264 Corinthios.

1473 291 1525 324 Qui
1543 300 1583 319 res
1600 293 1736 326 prasentis
1750 293 1811 320 vita

1437 338 1569 371 agnoscit,
1587 337 1708 372 intelligit
1730 346 1812 372 neque

1435 391 1466 410 ea
1482 392 1539 419 qua:
1555 384 1674 411 nonnulli
1691 383 1813 419 jucunda

1437 435 1574 465 reputant,
1588 431 1675 457 aliena
1692 438 1748 457 esse
1766 434 1813 457 aut

1435 478 1525 511 procul
1539 477 1633 504 dissita
1651 477 1683 504 ab
1697 478 1731 504 iis
1753 484 1814 511 quae

1437 525 1497 552 odio
1511 524 1648 553 habentur.
1660 525 1814 558 Quinetiam

1437 570 1534 597 divitia:
1552 578 1728 604 arepenumero
1751 579 1813 597 ma-

1437 620 1476 654 gis
1497 627 1575 653 quam
1595 623 1736 653 paupertas
1769 619 1815 645 la:-

1437 671 1541 698 serunt,
1569 671 1593 693 et
1620 667 1720 693 sanitas
1751 666 1814 700 plus

1438 714 1526 741 morbo
1538 715 1640 749 aﬂlixit.
1650 713 1683 740 In
1695 722 1813 746 summa,

1437 766 1572 796 gratarum
1584 769 1671 788 rerum
1688 769 1719 787 ac
1736 765 1816 795 opta-

1438 812 1525 834 tarum
1539 807 1669 842 afﬂuentia
1685 807 1770 834 euadit
1787 807 1815 834 in

1438 863 1544 882 causam
1555 860 1579 882 et
1594 855 1733 882 materiam
1756 863 1816 882 om—

1439 901 1511 927 nium
1529 902 1645 927 tristium
1666 905 1743 936 atque
1763 900 1814 928 de-

1441 953 1605 975 testatorum.

1027 812 1137 839 παστῶν
1166 813 1213 839 καὶ
1243 813 1299 847 μετ’
1320 812 1400 847 εὐχὴν

339 1267 446 1330 EX
494 1264 857 1329 EDITIONE
898 1265 1130 1327 PETRI
1178 1263 1668 1329 COUSTANTII.

693 1389 767 1425 (Epp.
780 1391 849 1416 Rom.
860 1391 931 1416 Pent.
945 1393 964 1416 t.
979 1390 998 1422 l,
1011 1388 1088 1415 Paris.
1104 1390 1171 1421 1721,
1190 1388 1284 1424 in-fol.)

479 1553 788 1601 EPISTOLIE
832 1554 879 1599 S.
917 1552 979 1599 CL

1034 1553 1252 1600 MENTIS
1291 1556 1310 1600 Ι
1347 1553 1526 1600 ΡΑΡλΈ.

749 1659 884 1698 Quando
902 1663 934 1691 et
949 1668 1044 1700 quam
1059 1660 1117 1691 diu
1133 1661 1261 1692 sederit.

239 1820 266 1848 1.
278 1819 402 1848 Clemens
421 1821 541 1846 veterum
551 1815 705 1845 testimoaio
716 1820 745 1843 ut
756 1815 939 1851 apostolorum
953 1822 987 1842 ze-
999 1816 1021 1846 c
1038 1813 1065 1841 in
1079 1813 1238 1842 Corbeiensi
1254 1817 1344 1842 autem
1358 1814 1438 1842 annis
1453 1823 1478 1843 ix
1490 1836 1497 1850 ,
1520 1816 1662 1844 mensibus
1684 1825 1700 1844 ι
1710 1838 1718 1850 ,
1742 1818 1787 1847 die
1803 1826 1812 1846 ι

203 1866 292 1902 qualis
314 1864 476 1892 celebratur.
490 1863 669 1896 Quamobrem
691 1869 745 1889 non
769 1862 839 1889 alius
859 1861 980 1888 creditur

203 1915 238 1942 ab
248 1921 290 1946 eo,
304 1914 383 1948 cujus
398 1911 499 1939 Paulus
513 1910 612 1946 Philip.
637 1918 664 1937 tv
674 1930 681 1942 ,
698 1911 731 1942 5,
754 1909 888 1937 meminit.
905 1908 980 1936 Licet

203 1961 287 1992 hunc,
302 1959 340 1986 uti
353 1958 408 1993 jam
423 1957 642 1992 praemonuimus,
656 1963 670 1982 a
681 1955 762 1983 Petro
772 1955 926 1990 episcopum
939 1961 982 1981 or-

204 2005 325 2032 dinatum
337 2003 520 2030 'l‘crtullianus
534 2001 591 2028 Lib.
607 2001 638 2028 de
654 2001 812 2035 prwscript.,
823 2007 850 2027 α.
865 1999 910 2030 52,
925 2002 981 2025 tra-

204 2051 260 2082 dat,
274 2054 355 2084 atque
366 2056 424 2075 aevo
439 2048 596 2082 Hieronymi
607 2066 614 2078 ,
635 2046 695 2081 ipso
714 2045 878 2080 llieronymo
894 2048 962 2072 teste
973 2065 980 2077 ,

203 2095 317 2130 plerique
331 2093 483 2120 Latinorum
494 2091 633 2118 secundum
647 2096 704 2125 post
715 2090 821 2117 Petrum
836 2090 980 2124 apostolum

205 2143 326 2174 putarent
342 2138 438 2172 fuisse;
457 2136 528 2164 idem
549 2140 639 2163 tamen
655 2135 853 2170 Hieronymus,
876 2142 981 2162 necnon

205 2184 384 2220 Epiphanius.
399 2181 566 2217 Augustinus
575 2201 583 2214 ,
595 2180 709 2215 Optatus
720 2201 727 2212 ,
746 2180 877 2208 Eusebius
888 2200 895 2212 ,
913 2180 982 2207 scri—

205 2234 268 2266 ptor
296 2228 428 2265 poematis
454 2227 584 2254 adversus
615 2226 790 2258 Marcionem,
814 2225 982 2253 Tertulliano

206 2277 270 2303 olim
297 2272 574 2306 tributi,etlrenaaus,
593 2272 665 2300 sicut
686 2275 713 2298 et
732 2276 835 2299 veteres
848 2271 983 2299 Romano-

205 2329 266 2349 rum
281 2319 436 2356 pontificum
451 2318 577 2353 calalogi,
587 2318 739 2353 proximum
752 2316 825 2344 Petri
840 2324 983 2345 successo-

206 2375 263 2395 rem
274 2374 327 2394 non
345 2365 508 2393 Clementem
520 2384 526 2396 ,
544 2364 591 2392 sed
604 2363 702 2391 Linum
717 2363 870 2398 designant.
886 2362 924 2390 ita
939 2363 984 2391 ille

207 2413 318 2448 intelligi
335 2416 423 2447 potest
437 2421 452 2439 a
466 2411 547 2438 Petro
558 2410 701 2438 ordinatus
715 2410 857 2444 episcopus
879 2410 912 2437 ad
926 2411 984 2445 epi-

207 2458 343 2494 scopalia,
360 2466 407 2486 seu
427 2456 576 2492 apostolica
591 2456 684 2483 munia
705 2455 847 2488 obeunda,
865 2460 894 2483 ut
916 2456 983 2483 nulli

207 2509 264 2531 tum
278 2504 399 2530 ecclesiae
413 2506 485 2530 esset
499 2502 635 2537 alligatus,
652 2500 700 2528 sed
719 2505 782 2536 post
795 2504 908 2529 mortem
922 2501 982 2528 Lini

207 2553 233 2576 et
245 2547 312 2576 Cleti
328 2555 343 2574 a
358 2547 488 2574 Romanis
502 2547 529 2574 in
544 2547 701 2582 episcopum
716 2546 856 2581 proprium
872 2552 983 2582 coopta-

207 2601 250 2623 tus
266 2594 355 2622 fuerit.
370 2593 512 2629 Epiphanii
522 2601 554 2621 ea
566 2593 600 2620 de
609 2601 637 2620 re
652 2593 835 2627 conjecturam
846 2592 983 2627 superius,

207 2640 253 2667 ubi
267 2640 300 2667 de
311 2639 380 2666 Lino
394 2638 582 2672 disseruimus,
591 2638 683 2666 relatis
695 2638 782 2673 ipsius
795 2637 886 2665 verbis
900 2644 984 2672 expc.

206 2686 322 2713 suimus.
686 2712 688 2715 ι

242 2731 269 2759 2.
286 2731 363 2758 Anno
372 2730 474 2758 Christi
488 2730 533 2762 91,
548 2729 672 2758 Clemens
686 2728 714 2756 in
729 2728 801 2756 Cleti
816 2729 904 2756 locum
923 2727 984 2755 suf-

208 2777 295 2804 fectus
316 2776 445 2803 creditur.
471 2774 621 2803 Romanam
646 2774 738 2804 sedem
761 2775 789 2802 in
813 2773 983 2801 Bucheriano

206 2822 316 2855 quidem
331 2821 453 2856 catalogo
465 2822 544 2849 annis
555 2829 592 2853 ut,
613 2820 753 2849 mensibus
765 2827 803 2853 ιι,
819 2819 914 2848 diebus
931 2825 981 2852 xu,

1033 1860 1186 1887 obtinuisse
1198 1863 1375 1888 memoratur.
1393 1860 1471 1894 Eum,
1483 1869 1556 1889 anno
1570 1861 1679 1897 Trajani
1697 1863 1814 1899 impera-

1031 1906 1101 1934 toris
1118 1906 1210 1939 tertio,
1226 1906 1279 1934 hoc
1299 1910 1341 1934 est
1358 1905 1460 1934 Christi
1481 1908 1630 1936 centesimo
1643 1928 1650 1940 ,
1665 1918 1726 1935 cum
1747 1915 1813 1937 toto:

1032 1961 1123 1980 nonem
1141 1961 1222 1980 annos
1233 1952 1448 1987 pradicationem
1458 1953 1528 1980 verbi
1541 1953 1622 1981 divini
1634 1961 1812 1988 procurasset.

1032 2006 1047 2026 e
1062 1998 1118 2025 vita
1138 1998 1239 2026 abiisse
1253 1998 1387 2026 Eusebius
1407 1999 1455 2026 lib.
1479 2007 1510 2025 Ill
1531 1999 1613 2032 Ilist.,
1629 2008 1653 2028 c.
1680 2001 1815 2033 54,scri-

1034 2043 1084 2072 hit.
1103 2043 1172 2071 Hinc
1184 2044 1262 2071 valde
1277 2044 1407 2072 sublestae
1421 2049 1463 2072 est
1480 2044 1552 2080 ﬁdei,
1567 2046 1638 2080 quod
1651 2046 1727 2074 solus
1742 2045 1814 2074 Prae-

1033 2089 1186 2117 destinatus
1208 2097 1223 2116 a
1245 2089 1389 2117 Sirmondo
1408 2090 1533 2126 vulgatus
1558 2099 1618 2126 cap.
1636 2091 1687 2124 12,
1702 2097 1813 2127 narrat,

1031 2135 1175 2169 quemdam
1194 2134 1320 2162 videlicet
1335 2134 1465 2168 Marcum,
1481 2137 1526 2171 qui
1541 2137 1631 2164 carnis
1641 2137 1758 2172 negabat
1770 2146 1815 2166 re-

1032 2181 1244 2213 surrectionem,
1260 2181 1375 2216 ideoque
1391 2181 1530 2209 Christum
1544 2190 1597 2210 non
1613 2190 1675 2211 Vere
1689 2191 1812 2218 passum,

1034 2226 1082 2254 sed
1097 2227 1227 2262 putative,
1244 2228 1394 2254 conabatur
1412 2231 1535 2256 astruere
1547 2247 1554 2261 ,
1570 2235 1585 2254 a
1605 2227 1746 2257 Clemente
1760 2228 1815 2256 Ilo-

1033 2282 1115 2301 mano
1128 2274 1258 2309 episcopo
1274 2278 1303 2301 ut
1318 2273 1480 2309 dignissimo
1498 2273 1602 2301 Christi
1618 2279 1738 2310 martyre
1753 2276 1814 2304 lixis

1033 2323 1061 2347 et
1071 2319 1185 2355 integris
1195 2320 1394 2348 assertionibus
1407 2319 1587 2353 eonfutatum,
1601 2324 1727 2347 etcoram
1738 2321 1815 2356 plebe

1035 2365 1062 2392 in
1074 2365 1191 2392 ecclesia
1205 2365 1340 2392 detectum
1351 2385 1358 2397 ,
1382 2370 1483 2392 atterna
1498 2365 1670 2393 damnatione
1688 2366 1812 2400 punitqu

1035 2411 1132 2439 fuisse.
1149 2411 1214 2438 Nam
1225 2416 1251 2439 et
1259 2411 1376 2439 lrenaeus
1388 2411 1435 2439 lib.
1447 2419 1466 2444 ι,
1478 2419 1503 2439 c.
1513 2411 1540 2442 9,
1550 2411 1622 2438 circa
1638 2419 1739 2438 annum
1751 2412 1812 2444 180,

1036 2461 1083 2484 aut
1097 2457 1179 2484 etiam
1198 2457 1259 2489 190,
1281 2457 1363 2484 Marci
1382 2461 1533 2484 commenta
1552 2456 1715 2488 confutans,
1730 2457 1764 2485 de
1781 2465 1814 2485 co

1037 2507 1066 2530 ut
1082 2503 1173 2531 adhuc
1194 2504 1341 2538 superstite
1360 2503 1495 2538 loquitur:
1510 2506 1536 2530 et
1552 2502 1686 2530 Eusebius
1702 2503 1750 2531 lib.
1766 2511 1792 2531 tv
1803 2525 1812 2537 ,

1035 2556 1062 2576 c.
1088 2549 1138 2581 11,
1158 2552 1303 2584 postquam
1325 2547 1500 2576 Valentinum
1526 2548 1649 2583 aliosque
1669 2548 1813 2577 haereticos

1036 2595 1140 2630 Hygino
1160 2595 1285 2630 pontiﬁce
1301 2594 1414 2621 Romam
1428 2594 1536 2621 venisse
1546 2613 1554 2625 ,
1570 2597 1651 2628 atque
1666 2594 1700 2621 ad
1715 2594 1814 2622 Auicc~

1037 2645 1093 2667 tum
1123 2648 1210 2675 usque
1221 2639 1421 2675 .permausisse
1447 2639 1606 2671 enarravit,
1635 2639 1760 2675 adjuugit
1788 2645 1815 2668 et

1038 2685 1110 2713 hunc
1125 2685 1244 2713 Marcum
1259 2684 1349 2713 eodem
1373 2689 1486 2719 tempore
1510 2684 1658 2713 exstitisse.
1679 2685 1757 2718 Quod
1773 2686 1815 2712 in-

1036 2731 1109 2758 dicio
1132 2735 1175 2758 est
1197 2731 1270 2758 hunc
1298 2731 1457 2760 haereticum
1491 2735 1556 2759 ante
1574 2730 1672 2767 Hygini
1691 2734 1813 2767 tempora

1035 2776 1121 2805 fuisse
1135 2777 1265 2814 ignotum.
