1893 3101
96 143 128 174 π
711 140 880 169 ιηιοαῑιιιΑ
899 139 921 168 v

926 139 1090 168 ARIORUM.
1677 143 1710 170 78

527 231 762 262 .ADMONITIO
791 231 830 262 lN
859 228 1087 261 EPISTOLAM
1119 229 1291 260 PRIMAM.

127 302 149 331 l.
159 302 260 337 Elapso
276 302 379 330 saeculo
392 301 508 337 Cyrillus
517 300 631 329 Lucaris
640 300 758 335 primum
767 299 882 327 Alexan-
895 302 917 331 Α
932 299 1031 327 tentias
1051 299 1124 335 apud
1147 299 1315 328 Clementem
1337 300 1414 328 Alex.
1431 301 1480 329 lib.
1503 309 1544 334 tv,
1561 310 1622 338 pag.
1639 303 1708 337 516,

93 348 200 380 drinus,
216 356 249 376 ac
270 347 368 375 deinde
390 347 706 381 Constantinopolitanus
726 345 880 382 patriarcha

91 391 191 419 Carolo
211 391 234 423 Ι,
251 392 401 427 Anglorum
413 391 480 426 regi,
506 391 641 427 insignem
654 392 726 419 dono
742 391 816 418 misit
830 398 878 418 co-

91 437 181 464 dicem
208 436 436 468 Alexandrinum,
460 436 656 472 grandioribus
675 436 772 464 litteris
796 442 878 462 manu

91 483 202 510 Theclze
226 483 328 511 nobilis
353 482 458 510 femina:
479 482 635 518 Egyptian,
668 483 742 510 circa
776 483 878 512 Niczeni

93 528 102 554 Ι
122 529 249 560 concilii,
263 533 294 555 ut
309 528 404 560 fertur,
420 534 540 563 tempora
551 533 702 560 exaratum,
721 528 748 555 in
760 537 814 563 quo
828 529 880 557 Ve-

91 575 160 602 teris
177 578 206 602 et
221 574 290 602 Novi
309 573 475 602 Testamenti
491 574 568 602 libris
583 574 643 601 dua:
661 574 809 602 Clementis
822 575 879 611 epi-

92 619 170 646 stolae
178 619 373 653 subjiciuntur.
383 618 484 645 Harum
497 619 583 654 prima
595 619 670 646 valde
685 619 798 647 celebris
807 620 878 654 apud

91 668 202 691 veteres
220 664 281 691 l‘uit.
297 663 373 691 Hanc
387 664 485 698 quippe
507 664 617 691 laudant
637 665 753 692 lrenaeus
770 665 816 693 lib.
835 673 876 698 ιιι,

91 717 118 736 e.
132 710 167 743 ὅς
183 713 212 736 et
233 709 304 743 apud
321 708 467 736 Eusebium
492 709 538 736 lib.
550 718 576 741 v,
587 717 611 737 c.
626 710 652 742 6,
673 710 798 739 Clemens
816 711 878 738 Ale-

92 755 250 782 xandrinus
265 753 427 782 Stromatum
446 755 493 783 lib.
512 763 530 788 ι,
549 763 586 787 ιν,
608 764 623 782 v
637 761 662 783 et
687 764 730 790 v1;
747 756 877 791 Origenes

92 800 141 827 lib.
163 808 184 827 ιι
207 799 247 826 De
258 800 402 834 principiis,
416 807 477 834 cap.
493 800 521 832 ὅ,
536 804 563 828 et
582 801 608 827 in
623 799 703 828 Joan.
720 809 738 832 ι,
759 801 811 834 29;
828 801 878 829 lle-

91 846 224 880 gesippus
242 846 311 880 apud
328 845 472 873 Eusebium
493 845 540 873 lib.
563 854 589 873 tv
601 866 608 878 ,
628 853 653 873 c.
673 846 709 873 22
722 856 729 880 ;
743 847 876 875 Eusebius

88 892 151 926 ipse
162 892 213 918 lib.
229 899 260 918 nt
281 891 352 919 Hist.
375 890 484 923 eccl.,c.
500 890 549 924 16;
565 891 683 926 scriptor
693 892 876 926 quaestionum

91 938 195 966 Justini
211 939 323 966 nomine
333 939 514 973 vulgatarum,
525 945 550 966 c.
566 938 613 971 74;
627 937 795 973 Epiphanius
808 939 874 967 hter.

930 346 1104 379 paucioribus
1118 346 1287 380 perstrictas,
1301 350 1327 373 et
1340 350 1436 374 contra
1447 355 1508 382 pag.
1523 348 1575 375 517
1588 349 1711 384 pluribus

928 389 1076 424 explicatas
1085 390 1239 422 offendant,
1256 391 1397 425 epistolam
1411 392 1480 420 hanc
1493 401 1546 420 non
1561 394 1709 424 sinceram.

930 434 976 462 sed
992 435 1052 463 aliis
1068 435 1135 464 locis
1157 440 1310 463 truncatam
1334 441 1361 463 et
1382 437 1444 464 aliis
1465 438 1655 474 interpolatum
1676 439 1712 468 ad

928 487 979 507 nos
994 481 1149 514 pervenisse
1164 483 1348 516 suspicentur.
1367 482 1417 510 Sed
1433 483 1580 512 Clementis
1594 484 1711 514 Romani

929 524 1139 552 Alexandrinum
1165 526 1385 560 interpolatoretn
1409 535 1470 555 esse
1496 536 1551 555 non
1575 529 1710 565 ambiget,

929 567 975 602 qui
997 568 1078 595 verba
1095 568 1187 596 addita
1202 569 1235 596 ad
1250 570 1405 598 institutum
1421 571 1508 607 ipsius
1523 573 1709 608 Alexandrini,

929 622 982 649 quo
994 615 1027 643 de
1041 615 1125 644 Gnosi
1141 621 1261 646 tractare
1277 618 1328 645 sibi
1347 625 1536 654 proposuerat,
1557 629 1712 651 accommo-

929 660 991 687 data
1005 667 1066 689 esse
1082 663 1253 698 compererit.
1273 663 1325 697 Qui
1346 669 1435 692 autem
1453 666 1600 696 Clementis
1623 670 1710 697 nostri

929 707 1078 734 sententias
1099 709 1237 737 nonnullis
1253 710 1280 736 in
1296 710 1364 738 locis
1385 712 1550 747 interpolare
1563 715 1615 742 sibi
1631 715 1712 744 licere

928 751 1103 785 existimavit,
1120 753 1147 780 in
1164 755 1224 782 aliis
1239 755 1334 783 eadem
1357 757 1466 785 licentia
1483 759 1515 786 ad
1533 767 1580 787 eas
1601 766 1712 789 contra-

928 796 1032 825 hendas
1047 799 1086 825 uti
1102 801 1224 834 potuisse
1244 809 1298 828 non
1313 801 1462 831 dubitatur.
1482 804 1614 833 Przeterea
1630 807 1710 837 Joan.

927 842 1050 871 Clericus
1067 844 1140 872 Artis
1151 846 1250 874 critica?
1271 852 1341 882 part.
1355 856 1396 881 ιιι,
1414 854 1481 878 sect.
1502 851 1530 883 2,
1545 860 1569 879 c.
1582 853 1608 885 5,
1625 862 1651 880 n.
1667 855 1710 885 12.

927 888 1068 920 observat,
1084 897 1116 917 ex
1138 890 1254 918 duorum
1278 893 1401 921 locorum
1423 896 1520 930 capitis
1540 897 1574 924 46
1591 899 1712 933 epistolae

928 937 1029 961 nostra;
1050 942 1112 961 cum
1133 936 1225 964 verbis
1245 937 1393 966 Clementis
1414 940 1590 969 Alexandrini
1607 952 1710 979 cogna-

90 985 137 1016 2'1,
154 993 185 1012 ιι.
211 984 238 1015 6,
253 988 279 1011 et
295 984 360 1011 baar.
390 983 434 1015 30,
450 991 478 1011 ιι.
500 983 534 1011 15
546 992 553 1016 ;
567 983 760 1019 Hieronymus,
777 983 836 1010 Lib.
849 983 881 1010 de
894 973 915 1000 Β

929 979 1003 1006 tione
1026 981 1173 1008 nonnullos
1190 984 1310 1015 moveri,
1327 989 1357 1011 ut
1379 985 1436 1013 haec
1455 986 1509 1014 duo
1530 988 1588 1015 loca
1603 997 1635 1017 ex
1643 973 1712 1018 vAIe-

92 1032 141 1058 εἰν.
169 1031 272 1058 illustr.
300 1038 324 1057 c.
347 1029 400 1061 25,
425 1029 472 1057 lib.
501 1037 556 1062 xtv,
573 1029 601 1057 in
624 1029 705 1056 Isaia:
727 1037 775 1061 ιιι,
796 1031 837 1063 13,
852 1035 879 1058 et

89 1075 247 1102 Comment.
260 1076 286 1103 in
301 1075 397 1110 Ephes.
410 1082 448 1107 tv,
461 1082 468 1101 I
485 1083 492 1107 ;
511 1073 624 1102 Photius
639 1074 700 1102 cod.
718 1075 769 1102 115
779 1074 878 1109 et126,

92 1124 123 1147 ut
149 1121 221 1148 alios
248 1124 363 1147 taceam.
390 1119 503 1147 Etiamsi
522 1124 612 1147 autem
635 1127 650 1146 a
668 1120 804 1156 plerisque
818 1120 879 1148 Cle—

92 1166 205 1198 mentis,
227 1174 243 1192 a
254 1166 392 1193 nonnullis
410 1168 501 1193 tamen
518 1165 712 1197 Romanorum,
726 1167 789 1201 quia
804 1167 880 1194 vide-

93 1211 158 1239 licet
171 1218 268 1238 eorum
289 1212 399 1240 nomine
411 1219 426 1238 a
437 1210 574 1238 Clemente
589 1212 744 1246 conscripta
756 1216 808 1244 est,
821 1212 879 1247 epi-

91 1257 164 1284 stola
189 1260 373 1292 nuncupatur.
399 1256 564 1284 Nominatim
591 1265 654 1284 vero
673 1257 799 1285 Clemens
819 1257 879 1285 Ale«

92 1302 258 1335 xandrinus,
276 1303 323 1330 lib.
335 1311 352 1329 ν
362 1303 460 1330 Strom.
474 1310 535 1338 pag.
553 1302 615 1334 584,
631 1303 711 1330 verba
724 1303 829 1330 numeri
843 1303 878 1332 20

91 1348 134 1375 sic
146 1348 240 1375 laudat
252 1358 259 1374 ι
278 1347 355 1374 Ἀλλὰ
366 1348 417 1374 κάν
431 1349 464 1383 τῇ
479 1348 547 1384 πρὸς
560 1347 718 1384 Κορινθίους
737 1349 878 1384 Ῥωμαίων

90 1391 221 1427 ἑπιστολῇ
237 1392 356 1424 ὠκεανὸς
375 1393 526 1428 ἀπέραντος
547 1392 700 1428 ἀνθρώποις
713 1394 877 1429 γέγραπται,

91 1437 140 1464 καὶ
155 1437 181 1463 οἱ
200 1437 258 1472 μετ’
274 1437 354 1463 αὑτὸν
369 1437 474 1472 κόσμοι.
490 1437 560 1470 Quin
569 1438 648 1464 etiam
659 1439 686 1464 in
701 1439 812 1473 epistola
824 1439 878 1467 Ro-

90 1490 234 1509 manorum
247 1482 282 1508 ad
296 1482 445 1509 Corinthios
459 1483 586 1517 scriptum
596 1487 636 1510 est
650 1490 659 1510 :
676 1483 807 1518 Oceanus,
820 1490 874 1513 etc.

128 1527 161 1554 ll.
174 1527 324 1562 Epistolam
346 1528 418 1554 illam
435 1528 542 1562 publice
557 1529 620 1555 olim
635 1529 759 1564 plurimis
778 1531 806 1557 in
831 1538 875 1559 ec-

89 1574 185 1601 clesiis
206 1574 303 1601 lectam
329 1573 412 1601 fuisse
433 1573 566 1602 Eusebius
586 1574 658 1602 Hist.
683 1576 746 1603 eccl.
767 1576 815 1604 lib.
830 1584 873 1609 ιιι,
896 1605 902 1609 ,

88 1627 117 1646 c.
129 1620 162 1647 16
173 1639 181 1652 ,
198 1620 293 1652 tradit,
309 1624 336 1647 et
354 1619 521 1655 Epiphanius
539 1620 603 1649 brer.
623 1622 667 1655 50,
683 1630 710 1650 ιι.
723 1623 768 1655 15,
794 1627 875 1658 atque
887 1636 910 1666 ε

89 1664 276 1701 Hieronymus
300 1666 347 1693 lib.
367 1665 404 1692 De
426 1665 490 1692 viris
514 1665 613 1693 ὶιιιιειγ.
633 1668 802 1696 confirmant.
818 1669 874 1698 Hoc

88 1716 165 1739 certe
175 1711 300 1739 Corinthi
317 1719 348 1739 ex
366 1712 454 1746 prisca
475 1713 672 1741 consuetudine
694 1714 791 1742 factum
814 1723 876 1745 esse

87 1757 240 1793 Dionysius
262 1757 463 1785 Alexandrinus
486 1757 558 1792 apud
583 1758 730 1787 Eusebium
759 1761 807 1788 lib.
835 1770 872 1794 tv,

86 1811 115 1831 ε.
130 1803 184 1836 23,
206 1804 438 1838 locupletissimus
455 1806 532 1833 testis
546 1812 596 1833 est.
615 1805 654 1832 Ex
667 1813 699 1833 eo
709 1806 789 1833 etiam
802 1807 872 1840 loco,

86 1857 170 1884 quem
189 1850 217 1876 in
240 1849 350 1876 laudato
367 1849 460 1877 codice
477 1850 661 1879 Alexandrino
679 1852 792 1884 obtinet,
808 1860 875 1880 con-

83 1894 191 1930 jectare
201 1899 245 1922 est
255 1895 280 1922 ei
296 1903 310 1921 a
319 1896 457 1923 nonnullis
469 1897 511 1924 vel
520 1904 611 1931 parem
623 1897 709 1926 sacris
721 1898 797 1925 libris
807 1919 814 1932 ,
831 1900 873 1927 Vel

86 1940 243 1975 proximam
264 1943 326 1975 post
349 1940 410 1968 illos
431 1941 561 1969 tributam
582 1950 642 1970 esse
667 1943 870 1972 auctoritatem.

86 1985 138 2013 Cui
150 1986 318 2020 conjecturae
341 1985 414 2014 favet
428 1987 540 2015 ultimus
560 1987 752 2022 Apostolorum
772 1997 871 2022 canon,

86 2031 114 2058 in
128 2039 185 2066 quo
208 2031 280 2058 inter
289 2030 357 2058 Novi
371 2030 537 2059 Testameuti
552 2032 636 2060 libros
650 2033 710 2060 dum
724 2033 872 2062 Clementis

85 2077 213 2113 epistolae
236 2081 422 2104 recensentur.
439 2077 473 2104 Et
487 2078 613 2106 Clemens
633 2079 742 2114 quidem
757 2079 874 2107 Alexan-

85 2124 185 2151 drinus
200 2123 248 2150 lib.
265 2131 291 2150 tv
307 2122 419 2156 Strom.,
435 2123 499 2150 dum
522 2124 592 2151 hanc
603 2127 633 2150 ut
646 2124 793 2152 Clementis
807 2133 873 2160 apo-

86 2168 151 2194 stoli
173 2167 279 2198 laudat,
292 2167 363 2195 inter
378 2168 541 2202 apostolicas
557 2167 713 2203 Scripturas
727 2169 833 2196 videtur
846 2170 871 2197 ei

85 2211 178 2239 locum
189 2212 267 2239 dare.
282 2211 338 2238 lmo
351 2219 405 2239 non
418 2212 471 2239 alia
485 2211 518 2239 de
527 2219 609 2239 causa
624 2212 757 2241 Eusebius
771 2214 818 2241 lib.
834 2222 870 2247 vi,

84 2265 110 2284 e.
128 2257 174 2286 13.
191 2256 358 2284 Clementem
379 2256 592 2284 Alexandrinum
615 2256 816 2292 Scripturarum
836 2258 871 2285 ab

84 2302 148 2330 aliis
163 2301 380 2337 repudiatarum,
394 2302 605 2338 nominatimque
615 2303 790 2337 epistolarum
805 2303 873 2330 Bar-

83 2348 174 2379 nabas,
191 2347 341 2375 Clementis
356 2351 382 2374 et
392 2346 468 2374 Judm
484 2347 649 2375 testimoniis
664 2349 703 2375 uti
720 2353 805 2380 notat,
821 2349 874 2377 nisi

83 2395 150 2429 quia
168 2400 220 2428 pro
232 2400 311 2420 sacra
328 2391 468 2427 Scriptura
482 2393 552 2420 hanc
567 2392 715 2421 Clementis
730 2395 872 2429 epistolam

84 2440 214 2468 habebat.
231 2438 271 2465 Eo
283 2445 361 2473 pacto
383 2438 528 2474 quamdam
543 2447 639 2474 pugnae
660 2441 777 2474 speciem
788 2460 795 2472 ,
813 2448 874 2475 quae

83 2485 112 2512 in
126 2483 239 2511 Eusebii
257 2483 376 2510 Historia
390 2484 520 2514 occurrit,
532 2484 596 2510 dum
607 2483 754 2511 Clementis
769 2485 872 2519 episto-

83 2529 139 2557 lam
154 2529 216 2556 loco
229 2535 290 2554 mox
307 2527 414 2554 laudato
425 2528 459 2555 ab
467 2528 528 2555 aliis
539 2528 719 2563 repudiatam,
730 2532 757 2556 et
770 2529 818 2556 lib.
828 2537 869 2562 nt,

83 2582 149 2610 cap.
164 2574 199 2601 16
212 2578 239 2602 et
252 2573 296 2606 58,
319 2574 354 2600 ab
374 2573 501 2601 omnibus
516 2581 571 2600 uno
584 2581 718 2601 consensu
733 2578 868 2609 receptam

82 2620 193 2651 scribit,
208 2619 335 2654 componi
346 2626 427 2653 posse
443 2618 595 2646 Cotelerlus
609 2619 744 2647 observat.
766 2620 868 2652 Quam—

81 2666 126 2693 vis
144 2665 216 2692 enim
229 2665 266 2692 ab
280 2665 408 2692 omnibus
422 2664 491 2691 inter
503 2664 718 2696 ecclesiasticas.
733 2673 787 2692 non
803 2665 867 2692 item

83 2711 119 2738 ab
129 2711 257 2739 omnibus
267 2711 338 2738 inter
353 2717 447 2737 sacras
459 2709 616 2745 Scripturas
627 2714 670 2738 est
684 2714 802 2745 recepta,
819 2710 866 2738 sed

82 2757 252 2794 asplerisque
269 2764 286 2785 c
303 2756 460 2784 divinorum
486 2757 617 2784 librorum
641 2764 746 2784 canone
767 2757 866 2791 reiecta

116 2847 160 2877 ill.
178 2847 237 2877 Non
252 2847 374 2879 desunt,
389 2847 435 2882 qui
449 2855 509 2875 cum
531 2847 681 2876 Clementis
697 2847 781 2875 nostri
806 2855 867 2874 sen-

929 1024 1062 1052 xandrino
1073 1027 1159 1054 ascita
1173 1028 1328 1063 opinentur.
1345 1029 1433 1065 Ipsius
1444 1032 1619 1062 Alexandrini
1631 1037 1712 1064 verba

929 1069 962 1096 ad
978 1072 1137 1105 praedictum
1152 1077 1233 1108 caput
1247 1074 1282 1101 46
1296 1075 1444 1105 referemus
1459 1082 1485 1104 et
1497 1080 1691 1114 expendemus.

964 1115 1008 1143 IV.
1026 1116 1187 1145 Praeclaram
1207 1119 1277 1147 hanc
1291 1121 1433 1156 epistolam
1451 1124 1554 1158 primus
1574 1125 1711 1156 Patricius

928 1160 1127 1189 JuniusLatine
1135 1170 1293 1192 conversam
1319 1173 1351 1193 ac
1374 1167 1445 1195 notis
1460 1168 1623 1197 illustratam
1639 1171 1712 1199 Oxo.

930 1206 967 1233 nii
983 1214 1055 1234 anno
1070 1207 1140 1235 1655
1153 1208 1249 1237 edidit.
1268 1209 1397 1238 Eamdem
1418 1220 1479 1240 cutn
1500 1214 1600 1250 insigni
1615 1217 1712 1250 pra-fa-

929 1250 1002 1279 tione
1013 1259 1085 1279 anno
1099 1253 1167 1281 1654
1193 1253 1369 1283 Heltncstadii
1385 1258 1477 1285 recudi
1491 1260 1713 1290 curavitJoachi-

929 1304 990 1325 mus
1008 1297 1126 1326 Joannes
1149 1298 1285 1328 Maderus.
1312 1301 1388 1330 Mitto
1409 1307 1435 1330 ct
1457 1312 1538 1339 quam
1565 1306 1711 1336 Bartonius

928 1350 1000 1370 anno
1021 1344 1104 1376 1647,
1121 1353 1153 1372 ac
1176 1346 1292 1374 subinde
1314 1347 1479 1377 Godeiridus
1498 1350 1665 1381 Vendelinus
1685 1360 1712 1382 et

926 1387 1044 1418 Joannes
1058 1390 1124 1418 Fell.
1134 1391 1297 1421 Oxoniensis
1312 1395 1426 1422 antistes
1437 1396 1537 1432 aliique
1552 1399 1668 1427 subinde
1683 1401 1711 1427 in

927 1441 986 1461 eam
999 1440 1134 1463 navarunt
1147 1445 1268 1472 operam.
1287 1437 1464 1468 Postmodum
1480 1445 1507 1468 et
1525 1442 1710 1472 Joannes-Ba-

927 1481 1009 1515 ptista
1024 1480 1175 1510 Cotelerius
1194 1490 1267 1510 anno
1282 1483 1351 1510 1672
1368 1484 1441 1511 illam
1464 1493 1532 1512 nova
1548 1487 1712 1522 interpreta-

919 1526 1002 1555 tione
1018 1528 1150 1563 novisque
1170 1530 1243 1557 uotis
1265 1530 1423 1558 adornatam
1445 1531 1559 1560 Parisiis
1576 1533 1603 1560 in
1623 1533 1712 1563 lucem

926 1572 1027 1600 emisit.
1042 1572 1109 1600 Eam
1120 1573 1229 1601 demutn
1245 1575 1384 1603 recensuit
1405 1584 1436 1603 ac
1457 1581 1582 1604 notarum
1600 1579 1711 1614 spicile~

926 1617 999 1652 gium
1014 1619 1122 1654 collegit
1145 1619 1247 1647 Paulus
1261 1620 1431 1649 Colomesius
1441 1641 1448 1654 ,
1461 1622 1545 1657 “cujus
1562 1625 1711 1652 novissima

926 1663 1008 1691 editio
1031 1663 1148 1691 Londini
1164 1673 1236 1692 anno
1250 1665 1319 1693 1694
1340 1667 1451 1701 prodiit.
1476 1667 1604 1696 Cotelerii
1627 1669 1712 1697 inter-

925 1710 1114 1745 pretationem,
1131 1714 1161 1737 ut
1172 1711 1266 1738 littera?
1278 1712 1452 1744 tenaciorem,
1468 1714 1559 1742 verbis
1571 1716 1710 1744 nonnullis

927 1756 1073 1784 identidem
1086 1757 1208 1790 mutatis,
1227 1757 1397 1785 retinendam
1414 1758 1489 1787 duxi.

964 1801 994 1830 V.
1011 1801 1049 1829 De
1064 1806 1183 1837 tempore
1191 1811 1244 1838 quo
1255 1803 1355 1838 scripta
1366 1807 1417 1836 est,
1431 1806 1549 1833 nondum
1564 1807 1635 1835 inter
1644 1816 1708 1836 eru-

924 1849 997 1877 ditos
1013 1849 1151 1877 convenit.
1170 1848 1209 1876 Ac
1225 1849 1288 1876 licet
1309 1850 1396 1884 prima
1412 1851 1486 1879 illius
1501 1853 1582 1879 verba
1598 1853 1631 1881 de
1646 1863 1709 1889 per-

924 1893 1064 1922 secutione
1083 1893 1155 1921 dicta
1170 1901 1230 1922 esse
1250 1895 1372 1930 plerique
1397 1903 1492 1924 omnes
1514 1899 1706 1933 consentiant,

923 1946 954 1966 ea
966 1942 1057 1966 tamen
1070 1938 1116 1966 alii
1130 1938 1164 1965 de
1174 1937 1299 1970 Neronis,
1313 1938 1359 1965 alii
1371 1939 1404 1966 de
1418 1939 1563 1967 Domitiani
1578 1949 1708 1976 persecu-

923 1984 998 2012 tione
1022 1984 1246 2019 interpretantur.
1268 1984 1301 2011 Et
1319 1984 1390 2012 hanc
1406 1986 1514 2020 quidem
1535 1987 1580 2014 alii
1599 1987 1706 2015 ferven-

921 2033 994 2062 tem,
1012 2030 1057 2056 alii
1071 2029 1242 2057 desinentem
1266 2030 1432 2066 intelligunt.
1455 2030 1524 2058 ilinc
1541 2033 1613 2060 circa
1637 2037 1706 2060 teni-

922 2083 983 2111 pus.
997 2083 1052 2110 quo
1065 2075 1179 2110 epistola
1202 2075 1254 2103 ista
1275 2076 1375 2111 scripta
1396 2080 1454 2108 est,
1474 2077 1572 2112 triplex
1588 2079 1705 2107 maxime

921 2120 1014 2147 existit
1036 2119 1129 2154 opinio
1148 2129 1155 2147 :
1173 2119 1260 2154 prima
1274 2119 1387 2148 Joannis
1403 2119 1508 2148 Ernesti
1530 2120 1640 2152 Grabii,
1656 2123 1703 2158 qui

923 2165 1047 2200 Spiciteg.
1060 2165 1136 2193 Patr.
1146 2169 1167 2193 t.
1183 2165 1202 2199 Ι,
1218 2173 1244 2200 p.
1256 2165 1309 2193 251
1327 2169 1353 2193 et
1367 2166 1430 2198 955,
1446 2173 1505 2193 eam
1519 2166 1634 2195 Neronis
1647 2176 1705 2203 per-

921 2211 1062 2238 secutione
1078 2210 1228 2242 desinente,
1245 2211 1368 2246 proxime
1380 2215 1442 2246 post
1456 2213 1641 2247 apostolorum
1653 2213 1705 2241 Pe-

920 2256 954 2282 tri
965 2260 992 2282 et
1007 2255 1085 2282 Pauli
1098 2256 1270 2292 martyrium,
1286 2256 1338 2284 hoc
1351 2261 1392 2284 est
1407 2265 1478 2284 anno
1493 2257 1594 2285 Christi
1614 2259 1649 2286 68
1660 2259 1703 2287 vel

886 2313 909 2340 Ι)
922 2301 1005 2327 etiam
1019 2300 1053 2327 65
1066 2304 1182 2328 exeunte
1204 2301 1332 2336 scriptam
1357 2309 1419 2330 esse
1440 2303 1596 2335 contendit;
1618 2304 1702 2331 altera

922 2345 1060 2373 Godel'ridi
1076 2345 1220 2373 Vendelini
1234 2346 1357 2373 eamdem
1371 2354 1443 2373 anno
1464 2346 1565 2374 Christi
1586 2347 1631 2380 95,
1649 2348 1704 2375 ier-

919 2394 1000 2418 vente
1019 2390 1166 2418 Domitiani
1187 2391 1376 2425 persecutione
1397 2392 1544 2426 illigantis;
1566 2397 1702 2428 postrema

919 2434 1047 2462 Cotelerii
1055 2438 1135 2470 atque
1144 2434 1319 2467 Tillemontii,
1332 2436 1378 2470 qui
1388 2436 1460 2463 illam
1475 2437 1614 2465 desinente
1627 2438 1701 2473 ejus-

918 2480 978 2508 dem
993 2481 1165 2516 imperatoris
1182 2482 1381 2516 persecutione,
1398 2483 1470 2509 circa
1484 2490 1584 2510 annmn
1599 2484 1700 2513 Christi

921 2527 956 2555 97
980 2527 1109 2562 scriptam
1124 2526 1300 2554 arbitrantur.
1323 2526 1452 2560 Quartam
1476 2529 1517 2555 vir
1529 2529 1701 2558 clarissimus

919 2572 1049 2599 Claudius
1063 2571 1221 2606 Fleury,t.l
1241 2570 1312 2598 Hist.
1340 2572 1415 2604 θυσίη
1434 2581 1493 2608 pag.
1510 2573 1574 2606 248,
1589 2576 1701 2611 excogi-

919 2617 1003 2647 tavit.
1026 2625 1086 2652 qua:
1100 2617 1133 2644 ad
1153 2616 1245 2645 Grabii
1265 2618 1427 2646 sententiam
1450 2620 1561 2654 propius
1576 2622 1698 2650 accedat.

918 2661 1020 2698 Nempe
1035 2663 1067 2690 ad
1084 2662 1110 2690 id
1123 2667 1241 2697 tempus,
1255 2663 1327 2698 quod
1339 2663 1453 2691 Neronis
1469 2665 1606 2692 interitum
1619 2674 1701 2695 exce-

919 2708 975 2744 pit,
990 2713 1016 2736 et
1032 2708 1289 2744 Jerosolymitanum
1312 2710 1459 2737 antecessit
1481 2711 1631 2743 excidium.
1654 2721 1699 2740 re-

919 2754 983 2782 ferri
997 2762 1077 2789 posse
1089 2755 1233 2789 opinatur;
1247 2760 1274 2782 et
1287 2762 1369 2783 casus
1383 2755 1523 2788 adversos,
1540 2757 1567 2784 in
1576 2757 1698 2792 epistolae

919 2800 1054 2836 principio
1070 2803 1242 2831 memoratos,
1260 2799 1293 2827 de
1307 2800 1378 2827 bello
1392 2801 1480 2834 civili,
1496 2802 1567 2836 quod
1583 2802 1697 2830 Neronis

920 2854 992 2874 mors
1007 2845 1142 2878 excitavit,
1161 2846 1361 2880 interpretatur.
