1893 3101
195 135 235 164 ⁷τ9

741 135 785 162 AD
805 135 834 162 S.
855 134 1066 162 CLEMENTEM
1087 136 1096 163 l
1116 136 1230 163 ΡΑΡΑΜ

1777 141 1810 168 80

234 192 279 221 Ἣ.
300 193 453 222 Obscurum
467 203 522 222 non
535 198 587 227 est,
602 195 766 222 Clementem
780 195 816 222 ibi
831 194 865 222 de
879 201 979 222 terum-
994 193 1017 222 Δ
1031 201 1094 221 sens
1111 198 1218 229 tempus
1231 195 1375 222 enuntiare
1389 197 1511 223 narranti
1527 196 1600 224 licet.
1616 197 1687 230 Quid
1702 197 1773 224 enim
1785 198 1811 225 in

199 240 260 271 nis,
279 240 378 275 quibus
392 248 525 275 oppressa
547 245 606 268 erat
629 240 752 268 Romana
771 240 894 268 Ecclesia
916 247 978 267 cum

198 285 401 313 Corinthiorum
417 287 558 321 epistolam
568 287 681 322 accepit,
695 287 741 315 sed
756 294 770 312 a
781 287 879 321 quibus
893 286 979 321 respi-

198 332 275 358 rabat
298 339 359 358 cum
389 331 461 358 hanc
489 331 650 366 rescripsit,
678 331 777 359 habere
804 339 978 363 sermonem,

197 376 318 411 adeoque
330 375 470 403 Vendelini
486 377 519 404 de
530 376 720 410 persecutione
735 375 855 403 fervente
869 379 979 403 sentcn-

197 423 262 448 tiam
285 422 396 449 minime
416 422 582 456 probandam
598 429 669 449 esse.
690 421 782 456 Neque
796 421 886 449 minus
903 425 978 448 certo

196 475 228 493 ex
247 467 342 494 eodem
356 467 470 494 exordio
484 468 639 499 conﬁcitur,
658 475 793 494 aerumnas
808 466 869 494 illas
883 466 915 494 de
925 466 978 494 Ne-

196 513 272 540 ronis
293 512 483 547 persecutione
506 512 680 547 interpretari
706 520 762 539 non
784 511 876 538 licere.
904 511 977 538 Nihil

195 559 267 587 enim
283 562 356 591 erat,
378 567 428 586 cur
449 559 476 586 in
501 559 651 586 litterarum
680 558 806 586 tarditate
828 557 976 586 Corinthiis

194 605 351 633 excusanda
368 605 420 632 hoc
437 608 592 636 taceretur,
605 604 715 631 Petrum
733 604 875 636 videlicet,
897 603 976 638 cujus

193 655 252 678 erat
268 651 390 685 ipsorum
406 649 566 677 satisfacere
580 649 793 684 qutestionibus,
807 649 841 676 iis
856 649 975 684 acceptis

194 696 344 728 detentum,
360 703 458 723 czesum
471 699 498 722 et
512 703 527 722 e
536 695 605 723 vivis
620 695 704 723 fuisse
715 695 860 722 sublatum.
873 694 975 722 Deinde

194 743 221 769 in
233 747 288 770 toto
299 741 420 777 epistola:
431 744 560 768 contextu
574 740 639 767 illud
653 741 790 772 innuitur,
808 747 870 767 eum
884 740 973 774 ipsum

194 789 240 823 qui
254 795 326 814 nunc
341 787 479 819 rescribit,
496 786 574 822 prius
586 786 790 813 Corinthiorum
809 785 909 820 scripta
927 792 973 812 ac-

193 837 309 868 cepisse.
323 831 456 865 Quocirca
473 832 505 859 ad
523 832 640 858 litteram
655 830 821 866 intelligendi
837 834 902 857 sunt
915 834 971 857 tum

193 879 310 906 lrenaaus
323 879 371 906 lib.
385 887 426 910 ιιι,
441 878 507 905 Adv.
520 877 611 905 Iucres.
628 885 653 904 c.
666 877 691 909 5,
705 882 730 904 et
741 877 812 911 apud
827 876 972 904 Eusebium

197 925 265 951 "ist.
291 924 373 956 εδει..
390 924 438 952 lib.
452 932 483 956 ν,
500 931 561 958 cap.
579 923 613 956 6;
633 926 689 949 tum
711 922 881 957 llegesippus
902 922 974 957 apud

193 971 315 997 t‘llllltle."
336 969 483 997 Eusebium
500 969 548 996 lib.
567 977 612 1002 Iv,
631 977 656 995 e.
674 968 723 1000 22,
742 975 804 995 cum
824 968 974 996 dissensio-

194 1024 264 1047 nem,
282 1023 362 1051 quam
377 1016 473 1043 sedare
487 1022 560 1042 nunc
575 1019 690 1042 conatur
701 1014 837 1046 Clemens,
853 1022 906 1041 non
922 1014 973 1041 sub

193 1061 282 1091 Petro,
300 1061 347 1088 sed
359 1061 409 1088 sub
419 1060 558 1088 Clemente
572 1066 658 1088 ortam
677 1067 737 1088 esse
750 1063 895 1087 testantur.
905 1059 974 1087 Prte-

193 1112 263 1134 tcrea
277 1115 338 1134 cum
351 1107 421 1134 idem
435 1107 552 1134 lrenaeus
563 1127 570 1138 ,
588 1107 800 1141 apostolicorum
820 1111 971 1141 temporum

191 1158 245 1180 tam
259 1154 373 1185 vicinus,
383 1153 548 1180 Clementem
562 1153 642 1180 tertio
657 1153 715 1179 loco
727 1153 761 1180 ab
773 1154 902 1187 apostolis
911 1156 972 1186 post

190 1199 287 1225 Linum
301 1202 328 1226 et
341 1198 458 1229 Cletum,
475 1205 522 1225 seu
535 1201 565 1225 ut
581 1202 672 1229 vocat,
687 1198 845 1226 Anacletum
855 1218 862 1230 ,
879 1197 972 1226 Romae

190 1245 377 1280 episcopatum
389 1243 517 1271 sortitum
529 1251 590 1271 esse
604 1245 723 1276 scribat,
740 1245 874 1279 reliquum
889 1249 930 1272 est
943 1249 971 1272 ut

189 1298 252 1318 eum
267 1290 390 1325 pluribus
402 1294 463 1326 post
476 1289 607 1318 Neronem
614 1292 692 1319 annis
703 1290 833 1319 Romana:
845 1291 971 1320 Ecclesia

190 1335 450 1363 administrationem
457 1336 611 1371 suscepisse
622 1337 775 1364 crediderit.
792 1337 869 1365 llunc
881 1342 970 1366 autem

188 1388 220 1408 ea
234 1381 262 1408 in
277 1389 307 1408 re
320 1381 418 1408 falsum
440 1389 501 1409 esse
516 1382 578 1417 quis
600 1383 651 1410 sibi
673 1383 853 1418 persuadeat?
875 1383 969 1412 Eidem

188 1426 371 1462 suffragantur
389 1431 416 1454 et
436 1428 559 1463 plerique
581 1428 694 1460 Patres,
716 1429 763 1464 qui
785 1429 969 1457 Romanorum

188 1473 348 1501 Pontiﬁcum
363 1473 461 1502 seriem
474 1477 584 1506 texunt,
607 1479 687 1510 atque
709 1476 760 1511 ipsi
776 1481 879 1504 veteres
893 1480 968 1504 cata-

187 1520 253 1554 logi,
267 1520 294 1547 in
306 1519 407 1567 quibus
419 1519 499 1567 Petro
518 1519 619 1567 binus,
629 1521 698 1548 Lino
713 1521 814 1556 Clctus,
831 1522 895 1550 huic
907 1523 968 1550 Cle—
981 1538 1002 1567 ο

187 1573 264 1593 mens
289 1565 456 1593 successisse
479 1566 587 1601 legitur.
610 1565 671 1601 Ipsa
694 1576 801 1603 quoque
821 1568 968 1596 Clementis

186 1611 268 1638 verba
281 1618 356 1638 num.
370 1611 404 1638 44
419 1611 466 1646 qui
481 1611 649 1646 expenderit,
665 1613 710 1639 ubi
733 1614 841 1640 laudata
860 1619 968 1649 aposto-

185 1655 274 1682 lorum
297 1655 468 1691 providentia
492 1657 584 1684 subdit
600 1665 606 1684 :
620 1657 671 1690 Qui
695 1658 776 1692 igitur
795 1658 904 1690 abillis,
922 1663 967 1685 aut

185 1701 306 1736 deinceps
330 1701 362 1729 ab
383 1701 443 1729 aliis
468 1702 531 1729 uiris
550 1702 654 1730 eximiis
676 1703 810 1730 constituti
824 1708 919 1731 sunt...
936 1712 967 1730 ac

186 1747 262 1782 longa
285 1752 398 1782 tempore
422 1747 580 1782 prwclarum
601 1747 633 1774 ab
652 1748 771 1776 omnibus
790 1749 966 1776 testimonium

185 1797 367 1827 repertarum,
381 1793 429 1820 hoc
444 1801 577 1820 censemus
592 1794 674 1828 ofﬁcio
682 1794 778 1829 injuste
790 1794 883 1828 defici;
896 1795 964 1828 haec,

187 1839 307 1873 inquam,
322 1840 368 1874 qui
379 1840 550 1874 expenderit,
566 1840 590 1868 is
610 1848 772 1875 persuasum
788 1840 966 1876 habebitepi-

185 1885 281 1911 stolam
298 1885 378 1912 istam
392 1889 456 1913 tunc
470 1886 600 1922 temporis
615 1887 798 1922 conscriptam
811 1895 882 1917 esse.
902 1894 964 1914 cum

185 1931 218 1957 ab
241 1931 327 1958 olﬁeio
351 1939 402 1959 suo
417 1933 513 1959 remoti
531 1932 647 1960 fuissent
662 1934 829 1968 presbyteri,
851 1934 898 1968 qui
911 1941 964 1961 non

184 1977 271 2003 solum
287 1977 321 2004 ab
335 1977 475 2012 apostolis,
491 1977 536 2005 sed
549 1977 630 2005 etiam
646 1977 677 2004 ab
691 1978 751 2004 aliis
767 1977 896 2013 deinceps,
912 1977 965 2005 hoc

183 2025 224 2048 est
239 2021 272 2048 ab
286 2028 381 2048 eorum
399 2021 608 2048 successoribus
622 2022 752 2055 ordinati,
769 2030 869 2049 munus
885 2030 964 2050 suum

184 2067 260 2102 longo
273 2071 387 2102 tempore
399 2067 534 2094 obierant.
552 2067 684 2094 Standum
700 2068 782 2102 igitur
801 2071 843 2095 est
855 2072 964 2095 senten-

183 2113 227 2139 tia:
241 2111 362 2144 Eusebii,
378 2112 405 2139 in
417 2111 496 2146 cuius
512 2112 641 2140 Chronico
654 2119 714 2146 cap.
736 2113 777 2144 15,
790 2113 963 2147 pontiﬁcatus

182 2158 331 2186 Clementis
351 2158 428 2185 initia
455 2158 489 2186 ad
511 2162 664 2194 postremos
681 2158 825 2186 Domitiani
846 2160 963 2194 impera-

1031 239 1081 266 hac
1095 241 1209 274 epistola
1227 240 1279 267 sibi
1301 241 1374 273 vult,
1391 240 1531 276 Sacriﬁcia
1546 251 1597 270 non
1611 243 1639 270 in
1651 244 1722 270 omni
1745 244 1810 276 loco,

1029 285 1074 312 sed
1087 284 1261 319 Jerosolymis
1278 290 1381 313 tantum
1406 287 1569 321 offeruntur,
1590 288 1644 316 nisi
1667 287 1751 320 illud,
1774 288 1812 317 Ex

1027 332 1186 367 praescripto
1201 332 1267 367 legis
1282 332 1415 359 sacriﬁcia
1427 331 1603 369 Jerosolymis
1622 338 1726 360 tantum
1747 335 1812 368 οΙῙε-

1028 379 1143 406 runtur?
1157 377 1235 410 Quod
1256 378 1365 413 quidem
1381 380 1571 414 praescriptum
1586 387 1648 406 eum
1663 381 1811 407 etiamnum

1027 422 1057 449 in
1072 423 1130 458 lege
1144 427 1268 456 maneat,
1288 424 1346 459 ipsa
1361 424 1510 451 Clementis
1529 424 1609 452 verba
1626 425 1708 452 etiam
1730 425 1810 453 nobis

1026 468 1122 496 eilerre
1143 477 1198 496 non
1225 470 1315 504 inepte
1339 477 1413 496 nunc
1430 470 1535 498 liceret.
1557 469 1659 504 Nempe
1682 470 1810 499 Clemens

1026 515 1227 550 comparatione
1235 522 1266 542 ac
1281 523 1355 542 more
1369 514 1534 546 Judzcorum,
1548 515 1646 550 quibus
1659 516 1811 544 sacriﬁcio-

1025 567 1085 586 rum
1100 560 1172 595 leges
1188 568 1203 587 a
1221 559 1313 596 Moyse
1327 561 1559 595 praescribuntur,
1577 560 1745 588 Christianis
1757 569 1809 589 au-

1025 609 1085 633 ctor
1096 610 1153 639 est,
1170 610 1199 633 ut
1212 610 1239 634 et
1255 605 1307 641 ipsi
1329 609 1460 633 statutmn
1483 606 1516 633 ab
1537 607 1669 641 apostolis
1692 607 1809 634 oblatio-

1021 659 1088 678 num
1102 655 1129 679 et
1142 651 1292 679 ciliciorum
1313 652 1436 679 ordinem
1452 656 1608 680 reverenter
1626 653 1760 687 accipiant
1777 660 1809 680 ac

1024 700 1142 724 servent.
1156 696 1213 724 Hoc
1225 700 1327 729 autem,
1341 701 1370 724 ut
1384 697 1442 732 ipse
1456 706 1483 725 v.
1497 698 1533 724 e1.
1549 697 1645 725 Claud.
1656 697 1753 734 Fleury
1767 698 1809 725 fa-

1024 744 1107 773 tetur,
1124 741 1152 769 in
1165 741 1335 776 exponendis
1349 743 1601 777 comparationibus
1617 743 1760 775 usuvenit,
1779 747 1808 770 ut

1024 795 1067 814 res
1080 788 1223 822 praeteritae
1243 788 1355 823 perinde
1376 796 1407 816 ac
1422 788 1445 816 si
1459 793 1606 823 praesentes
1621 788 1757 824 adessent,
1773 790 1808 817 ob

1024 834 1118 860 oculos
1134 838 1278 868 ponantur.

988 864 1012 894 Β
1062 864 1260 906 “IL-Frustra
1271 880 1352 906 etiam
1366 880 1529 907 Clementem
1544 879 1667 914 proxime
1683 884 1744 914 post
1758 880 1808 908 Pe-

1026 925 1060 951 tri
1074 933 1105 951 ac
1122 924 1199 952 Pauli
1215 927 1375 962 martyrium
1392 926 1536 961 scripsisse
1550 934 1582 953 ex
1599 934 1631 954 eo
1650 927 1806 962 colligitur,

1023 970 1096 1004 quod
1110 978 1183 997 num.
1200 970 1216 997 4
1230 971 1333 1003 Abelis,
1347 970 1445 1004 Jacob,
1466 971 1567 1006 Moysis
1579 979 1611 998 ac
1624 971 1744 1004 Davidis,
1760 973 1807 1006 qui

1024 1024 1071 1050 per
1086 1016 1284 1043 aemulationem
1293 1020 1319 1043 et
1334 1015 1461 1042 invidiam
1475 1016 1558 1042 multa
1569 1017 1642 1051 passi
1654 1021 1727 1050 sunt,
1737 1025 1808 1052 pra:-

1023 1062 1115 1089 missis
1129 1062 1271 1096 exemplis,
1288 1069 1365 1089 num.
1377 1062 1394 1089 5
1416 1061 1495 1088 initio
1511 1062 1640 1096 subjicit,
1656 1062 1700 1089 sed
1716 1063 1805 1090 missi:

1022 1106 1148 1133 veteribus
1158 1107 1292 1141 exemplis,
1308 1107 1440 1133 veniamus
1456 1107 1490 1133 ad
1502 1107 1636 1142 proximos
1645 1108 1770 1140 athletas,
1780 1113 1806 1136 et

1023 1153 1108 1179 etatis
1125 1157 1222 1179 nostra:
1235 1161 1358 1187 generosa
1372 1152 1490 1186 exempla
1501 1160 1646 1185 sumamus,
1660 1160 1692 1180 ac
1707 1153 1804 1181 deinde

1021 1197 1094 1225 Petri
1111 1202 1138 1225 et
1158 1197 1234 1225 Pauli
1252 1199 1410 1234 martyrium
1424 1204 1543 1226 enarrat.
1559 1197 1644 1226 Nemo
1657 1199 1730 1226 enim
1748 1207 1803 1227 non

1021 1243 1094 1270 videt
1109 1251 1191 1278 quam
1206 1247 1279 1271 recte
1300 1243 1426 1271 Clemens
1441 1244 1513 1270 circa
1529 1251 1629 1270 annum
1644 1243 1746 1272 Christi
1758 1244 1800 1276 97.

1021 1288 1093 1316 Petri
1109 1297 1139 1316 ac
1155 1289 1230 1316 Pauli
1243 1289 1412 1323 martyrium,
1428 1297 1489 1316 cum
1502 1289 1668 1324 temporibus
1681 1289 1800 1321 Davidis,

1021 1334 1130 1370 Moysis.
1145 1335 1228 1362 Jacob
1240 1339 1268 1362 et
1281 1335 1373 1362 Abelis
1387 1339 1572 1370 comparatum
1583 1355 1591 1367 ,
1606 1336 1755 1369 proximum
1772 1345 1802 1363 ac

1020 1382 1132 1408 vicinum
1143 1381 1227 1408 wtatis
1243 1385 1339 1408 nostra:
1351 1381 1459 1408 dixerit.
1477 1381 1532 1408 lmo
1547 1388 1634 1416 neque
1649 1383 1801 1416 proximum

1020 1426 1054 1453 ab
1064 1434 1096 1454 eo
1109 1426 1210 1453 dicitur
1226 1426 1322 1453 diebus
1338 1427 1436 1461 quibus
1452 1427 1558 1459 scribit,
1574 1427 1621 1454 sed
1629 1427 1802 1463 aetatiqst

1019 1479 1100 1506 quam
1111 1472 1186 1507 agit,
1203 1472 1295 1498 seuin
1310 1480 1364 1507 qua
1377 1472 1464 1507 degit.
1482 1471 1594 1500 Demum
1609 1480 1683 1499 num.
1701 1473 1737 1500 47
1755 1473 1800 1500 ubi

1020 1518 1053 1545 ad
1069 1518 1224 1552 evangelica
1238 1521 1360 1552 tempora
1372 1518 1493 1544 animum
1507 1517 1607 1550 refert,
1629 1526 1716 1552 eaque
1738 1526 1800 1545 cum

1019 1563 1065 1591 illo
1088 1564 1193 1590 confert
1215 1571 1269 1598 quo
1282 1563 1396 1595 scribit,
1421 1564 1623 1591 Corinthiorum
1649 1563 1799 1592 Ecclesiam

1018 1609 1157 1643 antiquam
1173 1616 1288 1641 vocare,
1305 1614 1331 1636 et
1354 1609 1471 1644 primum
1487 1617 1581 1636 eorum
1595 1609 1751 1641 dissidium,
1767 1610 1800 1637 de

1017 1663 1072 1691 quo
1086 1654 1187 1683 Paulus
1201 1656 1211 1682 Ι
1225 1655 1290 1683 Cor.
1304 1663 1323 1688 l,
1339 1655 1469 1689 loquitur.
1485 1659 1514 1682 ut
1524 1655 1551 1682 in
1565 1655 1694 1689 principio
1709 1654 1799 1681 Evan-

1016 1700 1076 1734 gelii
1090 1705 1178 1727 ortum
1195 1707 1355 1732 memorare,
1367 1701 1510 1735 ipsamque
1521 1701 1636 1734 apostoli
1652 1699 1734 1734 hujus
1746 1700 1801 1734 epi-

1017 1747 1114 1774 stolam
1127 1767 1134 1779 ,
1152 1747 1259 1774 tametsi
1282 1746 1489 1781 quatuordecim
1510 1750 1614 1773 tantum
1631 1747 1711 1773 annis
1725 1747 1799 1773 exci-

1015 1793 1090 1820 dium
1105 1792 1268 1828 Jcrosolym.
1282 1793 1464 1828 praecesserit,
1482 1793 1507 1819 in
1521 1793 1648 1827 principio
1663 1792 1798 1827 Evangelii

1015 1839 1141 1873 scriptam
1157 1839 1249 1866 dicere
1267 1846 1323 1866 non
1344 1838 1461 1866 dubitat.
1484 1838 1562 1871 Quod
1588 1846 1654 1866 sane
1678 1839 1795 1866 evidenti

1015 1887 1175 1919 argumento
1189 1887 1231 1912 est
1249 1891 1327 1915 eum,
1343 1891 1404 1910 eum
1420 1883 1457 1910 ita
1473 1883 1619 1915 scriberet,
1638 1883 1746 1918 longius
1764 1884 1796 1911 ab

1014 1930 1108 1957 eodem
1123 1929 1257 1964 principio
1272 1929 1439 1963 recessisse;
1460 1936 1511 1957 nec
1523 1929 1560 1956 ab
1572 1929 1635 1956 hinc
1648 1930 1796 1957 recessisse

1013 1974 1121 2009 longius
1145 1974 1298 2006 videretur,
1323 1973 1358 2005 si,
1382 1977 1412 2001 ut
1431 1973 1488 2001 vult
1511 1972 1645 2006 Grabius,
1668 1975 1796 2009 praedicta

1014 2019 1089 2046 Pauli
1098 2019 1220 2054 Epistula
1236 2019 1293 2046 haec
1314 2019 1461 2047 Clementis
1483 2026 1580 2046 novem
1598 2019 1732 2047 duntaxat
1753 2020 1795 2047 vel

1014 2065 1048 2091 ad
1063 2072 1199 2092 summum
1214 2065 1356 2093 duodecim
1369 2065 1447 2092 annis
1461 2065 1595 2099 posterior
1609 2064 1687 2092 foret.

1048 2110 1093 2137 lX.
1109 2110 1148 2138 Ex
1165 2111 1319 2139 venerando
1340 2111 1387 2138 illo
1409 2117 1494 2138 sacrze
1509 2110 1680 2145 antiquitatis
1696 2117 1794 2138 monu-

1013 2161 1120 2189 mento,
1144 2157 1216 2192 quod
1242 2164 1375 2184 summam
1400 2157 1551 2192 primorum
1573 2156 1793 2184 Christianorum

182 2205 249 2231 toris
267 2212 353 2231 annos
376 2204 542 2232 referuntur.
567 2203 644 2232 Unde
665 2204 734 2231 nihil
751 2204 849 2232 rationi
872 2206 960 2240 magis
976 2203 998 2230 Ι)
1013 2203 1213 2237 simplicitatem
1229 2203 1310 2237 sapit,
1325 2202 1380 2230 duo
1395 2201 1519 2237 inprimis
1537 2201 1647 2229 maximi
1662 2202 1792 2229 momenti

181 2253 391 2276 consentaneum
404 2249 536 2281 occurrit,
552 2257 632 2284 quam
648 2255 678 2276 ut
687 2248 889 2277 Corinthiorum
904 2250 962 2285 epi-

181 2295 277 2321 stolam
304 2294 431 2322 saaviente
459 2294 606 2322 Domitiani
632 2296 821 2330 persecutione
847 2295 960 2323 Romam

180 2340 354 2374 pervenisse,
383 2343 464 2375 atque
484 2340 540 2367 illis
563 2339 657 2367 eadem
674 2341 865 2375 persecutione
887 2341 960 2368 desi~

179 2389 261 2412 ncnte
276 2393 290 2411 a
305 2385 444 2413 Clemente
457 2386 530 2413 circa
546 2393 647 2412 annum
669 2385 773 2412 Christi
793 2386 838 2418 97,
856 2386 958 2414 rescri-

180 2435 254 2465 ptum
271 2438 332 2458 esse
347 2438 518 2458 censeamus.

215 2474 270 2502 Vll.
290 2475 382 2510 Neque
396 2475 438 2502 his
460 2475 618 2502 adversatur
633 2476 709 2507 illud,
728 2483 800 2502 num.
828 2477 859 2503 41
875 2485 883 2504 :
897 2475 958 2503 Non

177 2521 280 2556 ubique,
297 2520 403 2554 fratres,
424 2521 570 2554 offeruntur
592 2522 724 2554 sacriﬁcia
742 2522 827 2556 jugia,
854 2523 893 2549 vel
915 2531 958 2549 νο-

179 2567 241 2597 tiva,
257 2566 295 2593 vel
305 2575 351 2600 pro
367 2571 472 2600 peccato
487 2571 510 2592 ct
528 2566 632 2598 delicto,
648 2567 692 2593 sed
708 2567 880 2602 Jerasolymis
895 2573 956 2594 tan-

178 2616 245 2642 tum,
261 2612 323 2638 licet
337 2610 453 2638 Grabius
467 2611 530 2638 hinc
546 2615 621 2638 certo
645 2617 771 2639 constare
791 2613 843 2640 sibi
865 2613 955 2644 dicat,

177 2657 306 2692 templum
319 2655 574 2692 Jerosolymitanum
587 2661 641 2683 tum
657 2657 775 2688 stetisse,
790 2661 870 2691 atque
881 2657 956 2685 exci-

177 2703 251 2730 dium
267 2702 349 2732 illius.
365 2701 437 2736 quod
452 2702 478 2728 iu
489 2709 589 2728 annum
606 2701 639 2728 70
650 2701 754 2733 incidit,
768 2702 882 2729 necdum
894 2710 957 2730 con-

175 2749 285 2783 tigisse;
301 2746 402 2781 alioqui
413 2754 468 2774 non
484 2747 629 2781 offerantur
640 2747 667 2773 in
680 2747 818 2782 praesenti,
830 2747 878 2774 sed
891 2748 955 2774 alim

175 2793 350 2827 oﬂerebautur
365 2793 449 2820 fuisse
462 2792 618 2820 dicendum.
635 2791 734 2820 Verum
758 2801 812 2820 non
832 2793 898 2820 satis
913 2796 955 2819 at—

175 2839 263 2865 tendit
276 2839 317 2866 vir
331 2838 455 2865 eruditus
467 2838 602 2865 sermonis
625 2844 703 2864 usum
712 2844 781 2872 ,quo
788 2844 832 2864 res
840 2840 952 2872 practer-

258 2884 339 2912 veluti
359 2888 504 2920 praesentes
520 2884 554 2912 ob
565 2884 657 2912 oculos
671 2892 771 2919 ponere
784 2887 810 2913 et
823 2890 870 2918 per
882 2890 952 2919 pra:-

1011 2248 1175 2275 documeuta
1192 2248 1284 2276 ﬁdeles
1301 2248 1465 2284 percipiunt.
1482 2246 1603 2274 Primum
1616 2247 1688 2274 enim
1701 2247 1750 2274 ubi
1765 2248 1792 2274 in

1011 2294 1139 2329 primaria
1152 2294 1283 2326 Ecclesia,
1302 2298 1339 2321 tot
1353 2293 1471 2329 Spiritus
1487 2293 1573 2320 sancti
1588 2292 1667 2320 donis
1678 2297 1791 2325 ornata,

1011 2346 1042 2366 ac
1054 2338 1180 2366 maximis
1194 2339 1378 2373 apostolorum
1395 2337 1541 2365 sudoribus
1556 2337 1662 2364 exculta
1673 2357 1680 2368 ,
1697 2337 1791 2372 spinas

1009 2384 1212 2412 dissensionum
1228 2387 1337 2411 exortus
1349 2383 1452 2415 vident,
1469 2384 1560 2411 minus
1573 2383 1628 2417 jam
1642 2383 1788 2413 mirantur.

1009 2430 1032 2457 si
1049 2430 1118 2456 inter
1129 2428 1298 2457 Christianas
1308 2429 1460 2462 societates,
1472 2437 1531 2463 qua:
1546 2431 1618 2454 recte
1632 2428 1791 2461 compositae

1009 2474 1145 2506 audiunt,
1171 2474 1328 2508 hujusmodi
1351 2473 1480 2502 scandala
1507 2473 1608 2500 oboriri
1633 2473 1789 2507 contigerit.

1010 2520 1154 2555 Nunquam
1180 2520 1309 2547 nimirum
1333 2520 1449 2554 quiescit
1472 2519 1599 2553 antiquus
1620 2518 1790 2545 zizaniorum

1008 2566 1172 2597 seminator,
1193 2569 1221 2592 et
1248 2573 1343 2600 agrum
1362 2565 1468 2592 Domini
1491 2564 1618 2591 infaustis
1639 2565 1790 2592 seminibus

1009 2611 1111 2637 foedare
1132 2618 1187 2637 non
1209 2614 1309 2637 cessat.
1327 2609 1379 2637 Sed
1395 2609 1520 2644 quamvis
1530 2609 1671 2643 antiquum
1685 2609 1722 2636 sit
1738 2609 1790 2636 hoc

1007 2656 1118 2688 malum,
1133 2663 1188 2682 non
1200 2655 1260 2682 ideo
1273 2658 1363 2681 tamen
1377 2655 1468 2681 minus
1483 2654 1628 2689 lugendum
1641 2662 1648 2686 ;
1664 2653 1711 2680 sed
1728 2654 1791 2680 nul--

1006 2701 1061 2728 lum
1076 2708 1151 2732 esse,
1175 2701 1220 2727 cui
1243 2699 1393 2727 remedium
1417 2699 1498 2727 cilius
1523 2699 1707 2726 adhibendum
1732 2703 1786 2730 sit,

1006 2747 1070 2774 item
1084 2754 1117 2773 ex
1132 2746 1184 2772 hoc
1198 2745 1310 2779 scripto,
1324 2749 1354 2772 ut
1368 2753 1402 2772 ex
1416 2744 1492 2772 Pauli
1503 2744 1632 2780 Epistola,
1645 2744 1787 2771 docemur.

1005 2791 1106 2826 Nempe
1122 2791 1196 2818 tenui
1210 2790 1407 2818 discordiarum
1420 2790 1527 2817 flamma
1537 2809 1544 2821 ,
1559 2789 1610 2816 nisi
1627 2797 1708 2824 quam
1730 2790 1789 2824 pri—

1007 2845 1080 2864 mum
1095 2836 1299 2871 exstinguatur,
1320 2836 1394 2863 brevi
1414 2836 1509 2871 ingens
1524 2834 1676 2862 incendium
1692 2835 1784 2862 conci-

1005 2883 1057 2910 tari
1069 2883 1190 2918 apprime
1199 2881 1344 2910 callebant.
