1893 3101
87 205 115 233 81
712 201 877 230 ΡΒΟαΞΜΙΑ

930 200 1095 228 ARIORUM.
1672 197 1708 224 Si

503 302 732 335 ADMONITIO
755 302 795 332 ΙΝ
824 298 1053 330 EPISTOLAM
1078 298 1299 329 SECUNDAM.

127 382 147 409 1.
162 381 202 407 Ex
214 379 311 407 eodem
321 378 416 405 codice
426 375 620 407 Alexandrino,
629 382 661 403 ex
674 381 729 409 quo
741 372 875 408 superior,
890 360 913 388 Α
927 369 1054 397 familiari
1068 377 1143 397 more
1158 368 1354 405 intelligendus
1365 372 1406 396 est
1417 369 1499 403 loqui.
1515 368 1565 396 Ubi
1576 368 1647 405 enim
1659 367 1707 395 ali-

92 426 193 463 prodiit
206 424 381 458 subsequens
391 421 514 457 epistola.
526 419 565 448 De
577 419 627 446 hac
635 418 769 446 Eusebius
779 417 832 463 lib:
845 424 875 443 ιιι

93 460 165 500 Hist.
180 470 246 498 eccl.
261 478 286 497 c.
301 469 354 496 '58:
371 467 466 495 Ἱστέον
480 468 502 493 δ’
517 466 555 498 ὡς
570 466 615 493 καὶ
629 464 742 501 δευτέρα
753 473 795 495 τις
809 460 876 489 εἶναι

91 519 200 553 λέγεται.
216 516 265 543 τοῦ
279 516 437 551 Κλήμεντος
460 512 598 548 ἐπιστολὴ,
612 512 642 538 οὑ
659 511 711 546 μὴν
725 510 762 536 ἔθ’
777 509 877 544 ὁμοίως

90 566 122 599 τῇ
131 563 256 599 προτέρᾳ
263 560 415 595 καὶταύτην
423 560 558 595 γνώριμον
567 556 745 592 ἐπιστάμεθα,
753 556 794 582 ὅτι
801 555 830 582 δὲ
840 554 877 590 μὴ

89 611 152 640 τοὺς
162 608 297 644 ἀρχαίους
305 606 373 642 αὐτῇ
387 605 570 642 κεχρημένους
584 605 671 639 ἴσμεν.
682 602 820 630 Sciendum
829 609 878 628 au-

91 660 141 681 tem
153 652 272 688 estquod
278 652 422 679 etsecunda
432 650 550 685 quaedam
559 648 698 676 Clementis
704 646 814 682 epistola
822 654 877 672 esse

89 700 197 726 dicatur
203 708 213 726 :
222 706 282 725 eam
290 702 377 724 autent
385 705 436 724 non
445 695 564 723 similiter
570 702 600 721 ac
607 694 720 728 priorem
728 697 816 719 notam
822 699 877 718 esse

90 747 267 779 comperimus
277 752 286 775 ;
296 744 418 778 quoniam
425 750 469 768 nec
477 746 571 768 veteres
579 749 609 767 ea
617 748 679 766 usos
686 747 741 766 esse
747 738 874 766 novimus.

89 791 226 818 Observat
237 788 391 816 Cotelerius
404 788 460 814 haec
478 785 587 814 Eusebii
601 785 684 812 verba
705 783 877 818 indiligenter

89 845 104 863 a
118 835 223 862 Ruﬁno
231 829 391 862 sichreddita
404 842 411 860 :
427 831 531 859 Dicitur
546 836 631 858 tamen
644 837 699 857 esse
713 833 736 856 et
752 829 806 855 alia
818 827 877 855 Cle-

89 881 186 908 mentis
197 879 324 915 epistola,
339 878 415 912 cujus
435 885 482 904 nos
502 876 624 903 notitiam
638 883 690 902 non
710 874 876 908 accepimus;

89 933 180 960 neque
196 924 286 959 magis
310 926 438 950 ac0urate
457 921 492 948 ab
514 921 679 955 Hieronymo
693 919 752 947 Lib.
772 918 804 945 de
827 918 875 945 uir.

88 974 193 1000 illustr.
210 971 247 1006 (si
264 975 354 997 tamen
372 969 409 996 ibi
425 968 458 995 ad
469 966 580 995 Eusebii
593 966 674 993 verba
691 965 815 1000 respicit)
830 972 877 992 ex-

88 1025 186 1054 pressa
212 1017 301 1044 fuisse
324 1015 350 1041 in
365 1014 438 1041 hunc
455 1013 565 1041 modum
580 1021 588 1039 :
611 1011 708 1038 Fertur
724 1015 748 1037 et
764 1009 876 1037 secunda
892 1032 914 1059 Β

87 1072 144 1091 esse
159 1071 194 1090 ea:
207 1063 266 1097 ejus
280 1061 384 1088 nomine
397 1059 525 1094 epistola,
541 1066 598 1094 qua:
613 1066 629 1084 a
642 1057 769 1084 veteribus
788 1063 876 1090 repron

89 1111 190 1141 batur;
203 1108 333 1135 Photium
349 1106 466 1140 denique
486 1104 548 1132 cod.
565 1104 615 1131 H3
635 1102 791 1138 Hieronymi
813 1109 877 1129 sen-

89 1157 206 1185 tentiam
219 1153 311 1189 sequi,
324 1153 370 1180 ubi
384 1153 437 1179 ait:
448 1151 513 1184 Qum
526 1149 641 1178 secunda
656 1149 690 1176 ad
700 1147 801 1176 eosdem
814 1146 877 1183 (Co-

88 1201 221 1235 rinthios)
240 1199 349 1230 dicitur,
361 1202 391 1224 ut
408 1196 489 1224 notha
508 1195 645 1231 rejicitur;
661 1198 735 1222 certe
748 1194 819 1221 hanc
834 1201 877 1221 se-

87 1246 210 1274 cundam
227 1243 373 1279 epistolam
389 1242 500 1269 minime
514 1241 548 1268 ab
567 1239 684 1268 Eusebio
697 1239 750 1267 dici
766 1238 876 1266 notham

88 1296 116 1320 et
138 1289 336 1319 adulterinam,
361 1290 408 1314 aut
428 1294 443 1312 ιι
463 1285 600 1313 veteribus
622 1283 811 1318 reprobatam,
830 1281 876 1309 sed

87 1337 177 1372 prima
191 1335 287 1362 minus
298 1338 390 1361 notam
403 1336 483 1367 atque
493 1331 521 1358 in
531 1329 705 1358 citationibus
719 1327 877 1355 aveteribus

88 1381 319 1418 praetermissam.
332 1379 375 1406 Ab
385 1377 493 1406 Eusebii
505 1381 595 1404 mente
607 1375 729 1402 nonnihil
741 1374 823 1402 etiam
838 1381 878 1401 re-

88 1430 174 1456 cessit
188 1426 365 1461 Nicephorus
387 1423 492 1451 Callisti
505 1423 554 1449 lib.
567 1428 608 1452 ιιι,
627 1428 652 1448 c.
668 1421 712 1452 18,
726 1419 772 1447 ubi
787 1419 820 1446 de
832 1427 879 1446 ea-

90 1475 152 1501 dem
167 1473 210 1500 sic
225 1469 418 1506 loquiturzKat
426 1468 492 1503 ἄλλη
499 1467 527 1494 δὲ
537 1465 617 1492 αὑτοῦ
627 1465 737 1500 φέρεται
751 1463 878 1498 ἐπιστολὴ

88 1521 139 1554 τῆς
154 1517 297 1554 προτέρας
310 1514 382 1542 κατὰ
393 1514 459 1541 πολὺ
470 1513 629 1540 ἀποδέουσα·
646 1511 709 1547 περὶ
723 1508 756 1546 ἦς
771 1511 784 1536 ὁ
799 1509 879 1541 αὑτός

88 1573 172 1600 φησιν
179 1562 323 1593 Εὐσέϐιος,
336 1560 373 1596 μὴ
390 1561 418 1587 ὲν
432 1559 528 1593 ὲπιστή
534 1566 571 1594 μῃ
575 1557 675 1592 ταύτης
681 1557 743 1588 τοὺς
750 1555 879 1591 ἀρχαίους

87 1608 170 1637 εἶναι.
184 1608 286 1635 Fertur
296 1611 320 1633 et
329 1606 382 1633 alia
391 1605 447 1640 ejus
458 1603 568 1638 epistola
576 1603 658 1630 multo
667 1602 877 1637 inferiorprima,

87 1657 121 1684 de
136 1664 191 1691 qua
214 1655 280 1680 dicit
298 1653 368 1679 idem
393 1651 539 1683 Eusebius,
555 1654 651 1677 veteres
676 1649 734 1683 ejus
754 1648 879 1675 notitiam

927 422 981 449 qua
995 415 1029 442 de
1045 422 1074 441 re
1083 415 1145 449 quis
1157 414 1304 441 identidem
1321 413 1429 441 locutus
1441 417 1499 445 est,
1515 413 1539 440 is
1554 420 1660 440 omnem
1675 412 1709 440 de

927 468 959 487 ea
975 459 1126 487 orationem
1141 460 1315 487 contexuisse
1331 460 1398 487 satis
1410 459 1581 486 familiariter
1595 458 1706 485 dicitur.

927 505 1052 533 Clemens
1073 513 1136 533 vero
1150 513 1211 532 cum
1229 506 1308 541 epist.
1327 506 1352 537 i,
1371 513 1398 533 ιι.
1413 505 1464 537 21,
1480 504 1525 537 29,
1541 504 1586 536 50,
1603 503 1648 536 58,
1661 503 1708 534 45,

927 552 972 584 48,
985 552 1030 584 58,
1045 556 1102 579 ιιιιιι
1115 552 1195 587 epist.
1213 552 1247 584 2,
1261 561 1287 580 n.
1304 553 1331 585 8,
1347 553 1363 579 9
1378 560 1409 579 ac
1422 552 1465 584 12,
1485 556 1514 579 ιιι
1530 556 1633 579 taceam
1648 558 1710 585 qua:

928 597 997 625 forte
1009 598 1036 625 in
1049 597 1122 626 foliis
1135 598 1235 626 avulsis
1247 605 1278 625 ea
1294 598 1327 625 de
1342 606 1371 625 re
1389 598 1608 630 disserebantur,
1632 597 1709 632 puri-

928 647 1028 675 tatem.
1053 644 1243 671 continentiam
1259 664 1266 676 ,
1295 644 1496 677 castitatemque
1524 642 1707 670 commendat.

929 689 997 717 Hine
1016 694 1043 717 et
1059 690 1125 717 illud
1149 697 1320 726 consequens
1340 693 1389 722 ut,
1405 690 1428 717 si
1445 689 1612 725 Epiphanius
1627 692 1709 723 atque

928 735 1110 771 Hieronymus
1134 743 1187 763 non
1209 736 1236 763 in
1255 736 1387 770 epistola,
1405 735 1452 762 sed
1468 735 1496 762 in
1509 735 1632 769 epistolis
1646 732 1709 761 Cle-

927 780 1026 807 mentis
1052 780 1196 815 puritatem
1220 780 1378 815 virginitatis
1397 780 1488 807 doceri
1510 779 1707 815 praedicantes,

927 829 1069 860 utramque
1083 825 1203 854 indicare
1213 827 1357 859 voluerint,
1371 835 1462 862 parem
1473 827 1555 854 simul
1565 827 1708 860 ambabus,

928 874 957 897 ut
970 870 1093 905 ejusdem
1114 872 1246 905 parentis,
1263 872 1409 899 tribuerint
1427 873 1625 899 auctoritatem.
1649 872 1710 907 Ipse

927 913 1007 941 etiam
1022 915 1098 942 locus
1112 935 1119 947 ,
1142 923 1222 949 quem
1241 916 1268 943 in
1283 917 1377 944 codice
1391 917 1575 944 Alexandrino
1588 918 1708 951 obtinet,

928 959 954 986 in
970 968 1024 994 quo
1039 967 1101 987 cum
1119 962 1205 989 sacris
1222 962 1363 997 utriusque
1380 962 1491 990 foederis
1507 963 1585 990 libris
1605 963 1708 990 nullum

928 1006 1000 1033 aliud
1023 1014 1091 1042 opus
1111 1013 1206 1042 prmter
1232 1008 1302 1036 hanc
1324 1013 1350 1036 et
1372 1009 1538 1043 superiorem
1564 1008 1710 1036 Clementis

927 1052 1068 1087 epistolam
1080 1054 1245 1086 continetur,
1264 1058 1405 1089 utramque
1421 1055 1560 1082 nonnullis
1576 1055 1602 1081 in
1615 1055 1710 1082 Eccle-

927 1098 975 1125 siis
987 1099 1058 1127 inter
1068 1107 1160 1126 sacras
1177 1099 1332 1135 Scripturas
1348 1100 1493 1128 admissam
1512 1100 1595 1128 fuisse
1609 1101 1710 1128 indicio

927 1147 989 1171 est:
1010 1144 1090 1179 idque
1105 1145 1249 1172 conﬁrmat
1265 1146 1299 1173 84
1321 1154 1370 1174 seu
1390 1147 1502 1173 ultimus
1525 1146 1709 1181 apostolorum

927 1196 1024 1222 canon,
1037 1191 1199 1225 quiquidem
1212 1191 1238 1218 in
1253 1192 1375 1227 catalogo
1391 1192 1521 1219 librorum
1532 1191 1599 1219 Novi
1613 1191 1710 1220 Testa—

927 1236 1010 1262 menti
1025 1235 1095 1264 duas
1109 1236 1256 1264 Clementis
1270 1237 1400 1272 epistolas
1412 1238 1497 1272 ponit.

963 1280 1007 1308 Ill.
1028 1281 1057 1308 In
1072 1283 1197 1310 omnibus
1212 1283 1320 1318 quidem
1333 1284 1510 1315 editionibus,
1528 1291 1580 1310 una
1600 1283 1719 1310 Patricii.

927 1326 1000 1354 Junii
1014 1333 1135 1363 excepta,
1143 1329 1254 1366 δευτέρα
1267 1331 1335 1366 πρὸς
1348 1331 1507 1367 Κορινθίους
1522 1330 1650 1365 ἐπιστολή
1667 1330 1693 1356 in
1703 1345 1710 1349 -

928 1375 1058 1402 scribitur
1069 1385 1075 1402 :
1088 1375 1136 1403 sed
1146 1376 1202 1403 hate
1219 1377 1361 1412 inscriptio
1376 1378 1409 1404 ad
1419 1377 1576 1405 Corinthios
1590 1385 1654 1404 uqu
1665 1385 1711 1412 ge-

929 1420 1010 1446 nuina
1027 1424 1074 1447 aut
1090 1421 1267 1450 Alexandrini
1283 1423 1387 1450 codicis
1403 1423 1564 1450 auctoritate
1578 1423 1644 1450 fulta
1661 1423 1709 1453 sit,

928 1468 1052 1495 nonnulli
1076 1468 1220 1502 dubitant;
1251 1470 1367 1497 maxime
1391 1477 1453 1497 cum
1475 1470 1502 1497 in
1524 1470 1640 1498 Juniana
1654 1471 1712 1497 edi-

928 1513 1011 1545 tione,
1027 1514 1053 1540 in
1062 1522 1114 1548 qua
1126 1515 1241 1548 primum
1253 1514 1306 1542 (ξι-ιι
1313 1523 1343 1542 ce
1354 1516 1464 1550 prodiit,
1480 1516 1551 1543 hunc
1563 1525 1645 1543 unum
1657 1525 1712 1552 pra:

931 1567 961 1586 se
978 1558 1047 1586 ferat
1061 1560 1170 1587 titulum
1183 1580 1190 1592 ,
1208 1560 1397 1596 Fragmentum
1411 1563 1529 1597 epistola:
1542 1563 1661 1590 secunda:
1679 1571 1712 1590 ex

929 1603 1017 1631 eodeni
1036 1614 1098 1638 ms.,
1114 1613 1164 1633 nec
1177 1605 1326 1639 Eusebius,
1343 1606 1468 1640 Ruﬁnus,
1482 1608 1662 1644 Hieronymus
1678 1617 1710 1636 ac

929 1649 1098 1685 Nicephorus
1121 1651 1227 1679 Callisti
1247 1652 1280 1680 de
1300 1654 1384 1680 altera
1409 1654 1550 1688 loquentes
1565 1654 1711 1681 Clementis

89 1711 141 1729 non
153 1701 263 1728 habere.
272 1700 318 1726 Ait
327 1699 425 1733 quippe
434 1697 567 1724 Eusebius
575 1703 634 1723 eam
643 1695 780 1724 veteribus
791 1694 881 1721 minus
895 1697 917 1726 C
933 1696 1046 1730 epistola
1056 1717 1064 1728 ,
1081 1697 1114 1724 ad
1127 1705 1195 1732 quos
1210 1699 1312 1733 scripta
1337 1699 1371 1726 sit
1394 1699 1526 1726 indicent.
1549 1699 1647 1727 Verum
1667 1700 1710 1727 hic

88 1753 184 1775 notam
196 1747 298 1781 prima,
311 1743 359 1772 sed
374 1751 427 1770 non
436 1744 476 1770 eis
487 1749 599 1777 prorsus
614 1742 736 1777 ignotam
753 1740 860 1767 scribit.

126 1793 160 1820 ll.
179 1792 231 1819 Hie
248 1790 398 1818 notandum
409 1809 416 1821 ,
432 1797 464 1816 ex
479 1788 606 1815 omnibus
623 1787 804 1822 scriptoribus
816 1793 878 1813 mox

90 1839 195 1870 citatis,
212 1838 319 1864 nullum
335 1843 408 1867 esse,
423 1835 469 1870 qui
484 1835 591 1862 duabus
605 1834 703 1861 litteris
717 1833 808 1868 plures
818 1831 878 1859 Cle-

90 1885 175 1912 menti
188 1883 315 1910 Romano
328 1880 458 1908 attribuat
472 1885 518 1906 aut
529 1879 671 1906 attributas
687 1881 826 1913 agnoscat.
839 1877 877 1904 Ex

90 1939 147 1964 quo
159 1929 292 1964 colligere
307 1931 359 1958 est,
373 1925 550 1961 Epiphanium
563 1933 624 1952 cum
636 1925 733 1952 haeres.
749 1924 794 1956 2'],
806 1931 834 1951 ιι.
849 1923 877 1955 6,

91 1978 265 2005 Clementem
283 1975 309 2000 in
329 1981 383 2000 una
406 1972 580 2007 epistolarum
596 1978 706 1998 suarum
728 1972 810 2003 citat,
832 1974 878 1997 aut

92 2032 154 2051 cum
169 2023 237 2049 haer.
253 2020 298 2050 '50,
313 2028 339 2046 ιι.
354 2019 398 2050 15,
413 2017 503 2045 laudat
513 2015 645 2051 Epistolas
659 2016 800 2042 circulares
813 2023 878 2050 quas

93 2069 177 2102 (idem
195 2064 330 2101 pontifex)
343 2063 464 2097 scripsit,
479 2069 585 2097 qumque
601 2061 628 2087 in
648 2060 746 2087 sanctis
757 2058 878 2086 Ecclesiis

93 2113 231 2147 teguntur,
249 2114 276 2137 ct
292 2110 318 2136 in
331 2109 430 2144 quibus
444 2107 624 2141 virginitatem
638 2106 726 2138 docet,
744 2112 798 2132 non
812 2104 878 2131 alias

92 2159 135 2184 vrl
161 2165 176 2183 a
201 2155 342 2190 prmmissa
361 2154 402 2181 vel
422 2161 437 2180 a
456 2156 585 2188 sequente
604 2159 764 2179 memorare.
781 2150 813 2177 Et
827 2150 879 2177 hoc

93 2203 208 2238 quidem
228 2209 262 2228 co
276 2204 318 2228 est
330 2199 508 2235 probabilius,
525 2198 598 2233 quod
619 2205 681 2224 eum
699 2197 879 2231 Hieronymus

94 2249 155 2276 Lib.
173 2248 206 2274 dc
226 2247 318 2280 script.
334 2245 397 2272 eccl.
414 2248 519 2271 tantum
537 2244 605 2271 duas
620 2243 766 2270 Clementis
778 2242 879 2277 episto-

94 2296 137 2321 las
150 2296 303 2324 recenseat,
318 2299 365 2319 eas
389 2291 473 2325 ipsas,
487 2297 556 2325 quas
576 2289 743 2324 Epiphanius
758 2288 880 2323 proxime

94 2339 230 2368 laudavit.
249 2339 296 2365 lib.
314 2346 321 2365 I
337 2337 468 2364 Aduersus
493 2335 665 2362 Iovinianum
688 2334 878 2362 commendare

94 2392 151 2414 non
173 2386 316 2412 dubitatur
335 2384 379 2411 his
400 2383 510 2410 verbis:
535 2382 575 2408 Ad
598 2382 643 2408 hos
665 2381 826 2415 (euuuchosl
853 2386 878 2408 et

95 2434 218 2461 Clemens
233 2439 368 2458 successor
384 2430 495 2464 apostoli
511 2429 595 2462 Petri,
607 2429 682 2463 cujus
699 2428 799 2454 Paulus
815 2436 879 2462 apu-

95 2480 182 2508 stolus
198 2478 327 2508 meminit,
344 2475 435 2503 scribit
454 2475 593 2510 epistolas,
614 2483 764 2509 omnemque
780 2483 879 2501 sermo-

95 2535 155 2553 nent
170 2532 247 2552 suum
263 2523 296 2550 de
310 2521 468 2557 virginitatis
478 2522 593 2555 puritate
610 2521 751 2547 contexuit.
770 2519 803 2546 Et
815 2527 879 2546 vero

96 2571 162 2607 quis
185 2568 280 2596 credat
303 2567 496 2602 Hieronymum
521 2573 593 2592 anno
617 2565 669 2592 392
692 2565 718 2591 in
744 2564 824 2591 Libra
848 2564 879 2591 de

95 2616 191 2650 script.
215 2614 281 2643 uel.
301 2614 328 2640 in
345 2620 399 2649 quo
421 2613 484 2640 data
497 2620 578 2647 opera
593 2613 712 2639 virorum
732 2613 879 2647 insignium

96 2661 201 2696 scripta
215 2662 358 2691 recenset,
373 2662 479 2685 tantum
495 2658 608 2684 duarum
623 2658 799 2692 epistolarum
820 2658 879 2685 Cle-

97 2707 199 2734 mentis
209 2705 377 2733 mentionem
394 2704 479 2731 l'uisse
495 2703 640 2734 facturum,
659 2704 681 2730 si
693 2704 726 2730 ab
742 2711 814 2730 anno
828 2703 879 2730 581

98 2755 195 2780 contra
209 2749 365 2778 Helvidium
379 2749 504 2776 scribens
516 2749 582 2775 alias
598 2749 631 2775 ab
652 2749 696 2775 his
706 2749 812 2776 duabus
824 2750 879 2783 jam

100 2802 202 2826 nosset.
215 2795 297 2830 Quod
310 2796 334 2822 si
350 2795 440 2822 nullas
457 2795 524 2822 alias
541 2796 631 2826 novit,
656 2795 700 2822 ubi
713 2795 878 2822 Clementem

99 2844 164 2872 dicit
177 2850 288 2871 omnem
305 2849 458 2870 sermonem
475 2849 553 2868 suum
575 2841 609 2868 de
627 2842 787 2876 virginitatis
807 2843 881 2875 puri-

101 2895 153 2917 tate
167 2887 356 2920 contexuisse,
388 2887 563 2922 hyperbolico
586 2888 709 2922 quidem,
728 2887 774 2915 sed
791 2892 879 2916 tamen

930 1742 1085 1776 scrupulus,
1102 1751 1134 1770 ex
1152 1743 1319 1779 indiligentia
1333 1744 1392 1779 ejus
1416 1744 1544 1779 injectus,
1558 1745 1604 1780 qui
1617 1745 1711 1780 primm

928 1786 1075 1816 Clementis
1102 1789 1223 1823 epistolae
1247 1797 1261 1815 a
1287 1789 1367 1816 Junio
1392 1790 1471 1816 editae
1498 1790 1610 1817 alteram
1640 1790 1710 1816 hanc

929 1833 1031 1860 omisso
1046 1833 1106 1868 ejus
1122 1834 1201 1860 titulo
1216 1834 1373 1866 subnexuit,
1396 1834 1475 1861 facile
1489 1834 1626 1861 eximitur.
1643 1834 1710 1860 Nam

928 1886 990 1905 cum
1003 1878 1202 1906 Alexandrinus
1216 1879 1300 1906 codex
1316 1880 1435 1906 omnium
1451 1880 1615 1914 scriptorum
1628 1900 1635 1912 ,
1651 1889 1710 1914 qute

929 1924 956 1951 in
972 1932 1004 1951 eo
1020 1926 1206 1956 continentur,
1225 1925 1377 1959 generalem
1397 1933 1452 1959 ιιι-ω
1467 1932 1496 1952 se
1511 1924 1580 1952 {erat
1594 1925 1710 1953 indicem

929 1969 1023 1996 eadem
1038 1976 1131 2000 manu,
1147 1976 1200 2003 qua
1216 1973 1288 1996 totus
1309 1969 1393 1995 codex
1410 1969 1529 2005 scriptus
1541 1973 1593 2000 est,
1615 1978 1711 1996 exara-

929 2018 1006 2047 tum;
1021 2013 1077 2040 haec
1091 2013 1175 2040 altera
1192 2013 1305 2048 epistola
1322 2020 1375 2039 non
1395 2013 1481 2040 solum
1498 2013 1525 2039 in
1540 2012 1589 2039 hoc
1603 2013 1709 2046 indice,

930 2059 979 2088 sed
993 2060 1074 2087 etiam
1087 2060 1114 2086 in
1124 2059 1210 2094 ipsius
1226 2058 1315 2086 fronte
1330 2058 1457 2094 ἐπιστολὴ
1473 2058 1541 2094 πρὸς
1552 2058 1710 2094 Κορινθίους

929 2109 1108 2141 praenotatur.
1129 2104 1222 2140 Neque
1242 2105 1329 2132 codici
1345 2104 1410 2132 huic
1430 2103 1602 2139 refragantur
1626 2103 1711 2131 Euse-

927 2151 1005 2182 bius,
1030 2149 1163 2182 Ruﬁnus,
1181 2149 1361 2185 Hieronymus
1384 2153 1430 2175 aut
1446 2148 1624 2183 Nicophorus.
1642 2147 1710 2174 Dum

929 2197 1172 2228 enim,memorata
1193 2195 1340 2223 Clementis
1364 2194 1398 2221 ad
1417 2194 1571 2221 Corinthios
1596 2193 1710 2228 cpistola

929 2242 1028 2277 prima,
1045 2241 1167 2276 proxime
1185 2240 1334 2276 subjiciunt
1352 2249 1358 2266 :
1376 2239 1474 2266 Fertur
1497 2244 1521 2266 et
1543 2240 1644 2267 altera.
1660 2245 1710 2265 nec

930 2287 963 2314 ad
977 2287 1046 2314 alios
1061 2287 1132 2314 hane
1150 2287 1264 2314 alteram
1284 2287 1412 2320 scriptam
1425 2292 1486 2312 esse
1505 2284 1667 2319 designant,
1683 2287 1710 2311 cf.

930 2334 1000 2360 hanc
1014 2333 1047 2360 ad
1059 2333 1168 2360 eosdem
1184 2332 1311 2367 scriptam
1325 2335 1472 2358 censentur
1487 2330 1645 2365 intelligere.
1657 2331 1712 2356 Aut

894 2363 915 2389 θ
929 2383 1012 2411 certe,
1025 2379 1047 2406 si
1063 2379 1096 2405 ad
1112 2378 1180 2406 alios
1195 2378 1323 2412 scriptam
1339 2382 1461 2408 nossent,
1474 2377 1530 2404 hate
1542 2377 1650 2403 illorum
1666 2384 1708 2403 re-

929 2425 1040 2452 ticentia
1056 2424 1152 2451 merito
1168 2423 1337 2458 negligentia:
1347 2423 1513 2457 culparetur.
1529 2421 1582 2449 Sed
1597 2425 1624 2449 et
1639 2421 1711 2448 Plio-

930 2472 994 2502 tius,
1011 2470 1057 2505 qui
1071 2469 1180 2505 aliquod
1202 2470 1296 2496 saltem
1321 2468 1442 2503 epistola:
1465 2463 1547 2502 hujus
1572 2467 1733 2502 exemplar]

930 2525 1013 2552 penes
1025 2524 1054 2544 se
1069 2516 1173 2547 habuit,
1190 2520 1216 2543 et
1232 2515 1432 2546 Damascenus,
1447 2514 1494 2548 qui
1510 2521 1593 2540 unum
1605 2517 1631 2540 et
1642 2514 1710 2540 alte—

930 2571 989 2590 rum
999 2563 1077 2590 nobis
1087 2562 1265 2597 fragmentum
1274 2561 1347 2588 illius
1361 2559 1524 2591 transmisit,
1532 2559 1596 2586 dum
1606 2566 1665 2586 eam
1676 2558 1710 2584 ad

930 2609 1085 2637 Corinthios
1094 2608 1222 2642 scriptam
1237 2606 1348 2634 disertis
1362 2606 1452 2634 verbis
1466 2605 1588 2636 tradunt,
1601 2605 1627 2632 id
1637 2605 1710 2640 quod

932 2664 979 2690 per
986 2664 1014 2683 se
1021 2652 1364 2686 innuiiiitEusebii,Riilini,
1372 2650 1718 2683 ete.,verba,eonlirmant..

967 2701 1010 2728 IV.
1037 2701 1101 2727 Eam
1117 2700 1292 2726 nihilominus
1310 2697 1433 2725 nonnulli
1450 2695 1645 2731 suppositionis
1660 2703 1712 2722 su-.

932 2753 1050 2784 spectata
1066 2747 1183 2777 habent,
1198 2746 1277 2780 idque
1291 2745 1451 2772 nominatim
1464 2743 1542 2771 Joan.
1558 2742 1623 2769 Ern.
1639 2741 1708 2768 Grai-

932 2796 993 2822 bius
1018 2793 1109 2828 Spicil.
1131 2793 1207 2820 Patr.
1224 2796 1244 2819 t.
1263 2792 1283 2825 1,
1299 2800 1360 2826 pug.
1383 2791 1451 2823 265,
1477 2789 1572 2817 confici
1586 2789 1662 2823 putat
1676 2796 1710 2814 ex

931 2841 1021 2868 verbis
1035 2839 1157 2874 Dionysii
1172 2838 1374 2866 Corinthiorum
1390 2835 1510 2871 episcopi
1535 2834 1606 2869 apud
1625 2833 1710 2860 Euse-

932 2888 1005 2914 bium
1018 2885 1065 2913 lib.
1084 2892 1121 2916 tv,
1137 2892 1161 2913 c.
1177 2884 1222 2913 25.
1241 2882 1274 2910 ad
1290 2882 1438 2909 Romanam
1455 2880 1602 2908 Ecclesium
1618 2877 1657 2905 sic
1668 2885 1709 2904 re-
