1893 3101
193 202 229 229 83
742 202 786 230 ΑΙ)
807 202 835 230 S.
855 202 960 230 CLEMl

1012 202 1066 230 ἘΜ
1086 202 1096 229 l
1114 201 1230 230 PAPAM
1767 201 1800 229 84

191 260 337 288 scribentis
354 269 361 288 :
381 259 466 288 Hodie
486 268 591 288 sacrum
607 261 676 288 diem
697 261 862 289 Daminicum
884 265 972 288 trans-
984 261 1009 292 Α
1024 267 1088 287 num
1108 259 1142 287 de
1161 259 1215 288 illis
1226 258 1358 294 judicium
1370 258 1436 287 ferri
1446 262 1547 295 posset.
1564 258 1665 288 Deinde
1677 259 1800 295 primane

191 307 301 341 egimus,
316 306 344 332 in
355 313 404 341 quo
418 306 556 341 epistolam
567 312 679 334 uestram
692 307 813 342 legimus;
823 315 902 343 quam
912 307 970 342 qui-

190 352 248 379 dem
260 356 381 386 perpetuo
392 352 509 386 deinceps
523 353 642 388 legentes,
655 353 760 388 perinde
771 358 846 389 atque
857 354 970 389 priorem

190 397 265 424 illam
281 397 356 424 nobis
370 406 387 424 a
405 397 535 425 Clemente
547 399 690 434 scriptam,
707 399 812 434 optimis
831 399 969 434 praeceptis

189 451 221 468 ac
233 441 395 470 documentis
408 442 610 472 abundabimus.
627 443 769 477 Quomodo
782 448 870 471 tamen
883 451 914 471 ex
927 443 969 471 his

188 487 280 514 verbis
294 487 320 514 id
334 487 406 522 quod
417 488 474 514 vult
488 488 658 519 conficiatur.
672 496 725 516 non
737 491 778 516 est
789 488 967 523 exploratum.

189 531 247 560 Hoc
261 541 344 560 unum
360 540 393 560 ex
414 534 447 561 iis
462 533 607 561 conficitur
617 555 623 566 ,
641 535 753 569 primam
771 533 897 561 videlicet
907 533 963 561 Cle-

189 579 290 607 mentis
305 579 457 614 epistolam,
472 588 526 607 non
537 580 600 608 item
615 580 685 608 hanc
700 581 811 608 alteram
821 600 829 612 ,
844 579 967 607 Corinthi

188 623 296 657 publice
312 623 363 658 legi
374 626 552 652 consuevisse
564 634 571 652 :
585 629 612 651 at
623 629 653 651 ut
667 625 724 652 haec
735 625 819 652 altera
835 624 902 652 falsa
920 624 965 656 sit,

188 667 252 695 inde
265 676 317 696 non
332 673 374 696 est
386 677 564 704 consequens.
583 670 624 697 An
639 670 665 697 id
683 671 767 698 moris
778 674 842 697 tunc
855 673 922 701 erat,
939 673 968 696 ut

187 721 283 741 omnes
299 721 352 741 non
368 715 552 749 apostolorum
564 719 683 747 tantum,
701 715 748 743 sed
766 718 793 742 et
806 714 970 750 apostolico-

187 766 248 785 rum
259 759 379 786 virorum
395 759 516 794 epistola:
531 760 557 786 in
572 760 689 795 publicis
702 759 883 787 Ecclesiarum
901 766 964 785 con-

186 804 312 832 ventibus
339 804 507 840 legerentur;
529 805 644 840 ideoque
676 805 737 832 falsi
766 804 904 840 arguenda
932 804 968 832 sit

186 850 273 877 altera
293 851 442 878 Clementis
468 851 598 886 epistola,
622 851 694 886 quod
719 852 747 878 in
773 852 826 879 illis
852 858 967 879 conven-

186 896 261 924 tibus
285 896 396 923 minime
413 896 483 923 lecta
506 896 610 924 fuerit?
630 896 710 924 Certe
733 896 756 924 si
785 896 887 924 valeret
915 896 966 924 hu-

183 942 304 977 jusmodi
330 947 537 978 argumentum,
561 943 606 970 vix
633 941 821 977 ambigendum
841 942 963 974 videtur,

184 988 251 1022 quin
264 995 296 1016 eo
312 987 456 1020 Eusebius,
473 987 654 1023 Hieronymus
673 995 704 1015 ac
719 987 833 1015 Photius
850 987 884 1014 ad
904 988 964 1022 epi-

184 1034 281 1061 stolam
297 1034 374 1061 istam
390 1034 564 1067 rejicieudam
577 1034 618 1061 usi
633 1037 736 1061 essent.
752 1033 859 1060 Certius
875 1036 964 1060 autem

183 1087 218 1106 ex
231 1079 282 1105 hac
295 1079 464 1114 disparitate,
481 1086 534 1114 qua
548 1079 661 1114 primam
679 1078 705 1105 in
720 1077 844 1105 ecclesiis
855 1078 963 1110 lectam,

183 1125 296 1152 alteram
311 1133 365 1152 non
378 1125 475 1152 lectam
499 1125 629 1152 docemur
640 1144 647 1156 ,
671 1124 820 1159 percipitur
831 1124 900 1150 ratio
915 1131 965 1150 cur

183 1171 270 1207 prima
283 1170 373 1197 notior
390 1177 422 1197 ac
436 1170 572 1197 celebrior
584 1170 668 1196 altera
681 1169 807 1196 evaserit.

218 1214 251 1242 ν.
270 1214 351 1242 Addit
365 1214 481 1241 Crabius
497 1214 692 1249 suppositionis
715 1214 766 1241 sibi
781 1213 963 1248 suspicionem

182 1262 276 1297 augeri
292 1270 323 1289 ex
340 1262 400 1289 loco
415 1261 556 1296 cujusdam
580 1261 641 1288 libri
659 1260 805 1296 apocryphi
816 1280 823 1292 ,
840 1260 885 1294 qui
901 1266 962 1286 cum

181 1308 262 1342 epist.
279 1308 304 1339 i,
325 1316 341 1334 n
364 1307 410 1339 23,
428 1308 464 1335 sit
480 1308 615 1338 laudatus,
636 1307 663 1333 in
679 1306 729 1332 hac
743 1305 857 1341 epistola
872 1314 901 1332 ιι.
919 1306 961 1338 ll,

180 1353 280 1380 iterum
304 1352 422 1386 citatur;
443 1353 521 1387 quasi
543 1352 656 1386 repetita
679 1351 800 1386 ejusdem
822 1351 963 1378 sententia:

181 1399 276 1426 citatio
287 1398 384 1425 idonea
401 1399 436 1426 sit
452 1399 512 1425 falsi
528 1397 683 1433 suspicandi
700 1404 793 1424 causa.
810 1396 863 1424 Sed
878 1404 962 1424 unum

180 1444 360 1480 eumdemque
375 1445 475 1477 locum,
491 1445 537 1471 ubi
552 1452 612 1472 sese
627 1443 705 1470 offert
719 1443 844 1474 occasio,
862 1443 897 1470 ab
913 1450 959 1470 eo-

179 1493 242 1521 dem
263 1493 397 1527 scriptore
411 1493 438 1520 in
453 1493 548 1520 eodem
560 1499 651 1527 opere,
667 1496 770 1527 quanto
781 1491 866 1526 magis
881 1491 908 1518 in
919 1491 961 1518 di-

179 1539 278 1571 versis,
295 1539 392 1566 iterato
411 1539 490 1566 citari
510 1538 575 1573 quid
595 1538 713 1565 mirum?
727 1537 786 1571 Quo
806 1538 887 1565 etiam
903 1538 961 1564 sin-

179 1583 300 1618 gularior
313 1587 355 1611 est
367 1584 501 1611 sententia
516 1584 613 1610 iterum
634 1584 749 1618 prolata,
767 1591 800 1611 eo
817 1584 906 1618 aptior
918 1587 961 1611 est
974 1592 995 1621 ο

178 1627 212 1654 ad
224 1627 442 1662 persuadendum
452 1647 460 1659 ,
480 1628 609 1662 epistolas
630 1628 657 1654 in
672 1628 771 1662 quibus
788 1629 890 1663 pariter
903 1628 962 1654 lau-

178 1672 271 1704 datur,
281 1672 316 1699 ab
329 1679 384 1698 uno
397 1676 508 1699 auctore
521 1671 727 1706 proficisci.Aut
742 1671 765 1698 si
778 1672 835 1699 tunc
851 1675 962 1699 senten-

177 1717 226 1749 tia,
236 1717 299 1752 quia
305 1724 338 1744 ex
353 1717 422 1744 libro
432 1716 523 1751 aliquo
535 1715 690 1751 apocrypho
699 1721 824 1750 excerpta
833 1721 884 1747 est.
896 1724 960 1744 sus-

177 1767 283 1797 pectam
297 1761 384 1788 reddit
397 1761 560 1795 secundam;
571 1770 620 1789 cur
630 1769 683 1788 non
697 1762 960 1797 reddatetprimam?

214 1806 257 1834 Vl.
273 1805 344 1834 Idem
356 1807 500 1834 dicendum
511 1811 538 1834 et
550 1807 582 1834 de
595 1815 711 1834 censura
725 1806 825 1841 Photii,
839 1808 885 1843 qui
896 1809 958 1843 qui-

177 1852 239 1880 dem
255 1853 300 1881 ubi
322 1853 467 1888 praemisit,
483 1852 577 1880 Lectus
592 1857 631 1880 est
646 1853 767 1885 libellus,
784 1854 812 1880 in
829 1862 879 1889 quo
899 1854 959 1882 Cle-

175 1898 271 1925 mentis
283 1899 401 1932 epistolae
415 1898 475 1925 dum
490 1898 524 1924 ad
538 1897 688 1926 Corinthios
702 1900 911 1931 continebantur.
927 1908 959 1928 ac

175 1943 210 1970 de
223 1943 309 1978 prima
328 1943 394 1978 quid
414 1944 528 1971 sentiret
543 1944 588 1970 ubi
601 1945 737 1978 exposuit,
750 1945 860 1979 subjicit
872 1945 905 1973 de
919 1946 958 1972 al-

174 1991 254 2016 tera:
273 1988 395 2016 Secunda
417 1998 476 2016 vero
492 1993 517 2016 et
531 1989 590 2023 ipsa
611 1989 819 2017 admonitionem
841 1990 957 2018 melioris

174 2034 236 2061 vita:
251 2034 362 2066 inducit,
376 2039 452 2069 atque
468 2035 496 2061 in
509 2035 634 2068 principio
650 2033 784 2062 Christum
795 2035 878 2063 Deum
893 2043 959 2069 pra:-

173 2080 256 2107 dicat.
278 2081 373 2108 Verum
384 2080 457 2107 dicta
470 2080 591 2116 quwdam
612 2082 749 2117 peregrina
763 2082 831 2108 velut
849 2090 863 2109 e
879 2090 958 2109 sacra

174 2126 314 2160 Scriptura
329 2126 493 2158 subinducit.
512 2127 604 2161 quibus
620 2136 651 2154 ne
669 2128 755 2162 prima
776 2127 880 2163 quidem
903 2129 957 2162 epi-

174 2173 244 2199 stola
256 2173 361 2199 omnino
375 2177 460 2200 uacat.
483 2172 517 2199 Et
538 2173 763 2207 interpretationes
783 2174 956 2206 quarumdam

175 2216 291 2243 locomm
316 2216 456 2243 alieniores
477 2217 587 2251 profert.
603 2217 642 2244 Ac
656 2217 764 2245 demum
783 2218 817 2246 de
841 2223 956 2255 utraque

1022 312 1056 332 an
1070 305 1190 333 secunda
1210 304 1358 333 Clementis
1381 305 1496 340 epistola
1518 305 1557 333 ibi
1579 305 1723 337 laudetur,
1746 314 1800 333 non

1020 356 1137 379 constat.
1154 351 1283 379 Usserius
1295 351 1405 386 quidem
1425 351 1534 379 dissert.
1550 350 1583 379 de
1597 351 1708 386 scriptis
1725 350 1802 386 lgna-

1020 395 1050 422 tii
1065 403 1124 431 cap.
1141 396 1185 427 10,
1202 395 1421 431 pseudodustini
1435 395 1527 423 verbis
1541 395 1687 423 secundam
1697 396 1802 431 episto-

1020 440 1072 468 lam
1087 442 1230 468 memorari
1244 444 1337 476 putat;
1351 440 1398 468 sed
1414 440 1570 469 Blondellus
1584 440 1631 468 lib.
1646 440 1703 468 tDe
1714 438 1804 473 Sibytv

1020 485 1063 517 lis,
1079 493 1105 513 c.
1118 485 1164 517 20,
1180 485 1219 512 sic
1234 485 1327 513 eadem
1336 484 1437 513 Gallice
1447 485 1537 517 vertit,
1549 484 1628 520 quasi
1645 485 1759 519 primam
1776 485 1803 510 in

1019 530 1059 558 eis
1075 531 1185 558 citatam
1207 531 1326 566 legisset.
1346 530 1438 558 Tertio
1458 538 1510 558 nec
1530 531 1607 558 deest
1622 531 1781 564 coniectura
1795 548 1802 561 .

1019 576 1108 603 locum
1120 576 1205 608 illum,
1221 584 1300 611 quem
1315 575 1556 611 pseudo-Justinus
1572 577 1746 612 perstringit,
1765 576 1801 603 ad

1018 628 1078 648 eum
1097 622 1247 656 pertinere,
1267 629 1347 656 quem
1369 621 1486 649 lremeus
1504 622 1549 649 lib.
1570 629 1600 648 lll
1622 621 1689 649 Adv.
1719 621 1800 653 luem.

1018 674 1043 695 e.
1059 667 1086 699 5,
1102 667 1216 694 velutex
1229 667 1316 701 prima
1329 667 1443 702 epistola
1466 668 1550 700 citat,
1568 667 1614 694 ιιὺὶ
1630 667 1800 694 Clementem

1019 712 1052 739 de
1066 712 1131 747 igne,
1143 720 1218 747 quem
1232 712 1301 739 Deus
1317 711 1424 739 diabolo
1439 717 1463 739 et
1478 712 1577 747 angelis
1590 713 1648 747 ejus
1659 721 1800 749 pra'para-

1019 758 1065 788 vit,
1088 764 1241 785 sermonem
1263 757 1392 785 habuisse
1418 761 1543 786 testatur.
1563 759 1640 791 Quod
1651 760 1674 786 si
1687 760 1724 786 ita
1742 764 1799 791 est,

1017 803 1085 830 nihil
1098 802 1182 830 ofﬁcit
1196 803 1316 838 epistola:
1331 803 1458 830 secunda:
1472 805 1588 832 veritati.
1613 804 1733 840 Denique
1753 813 1801 832 ar—

1017 853 1173 884 gumentum
1185 856 1218 875 ex
1237 848 1347 883 Sibyllte
1363 849 1500 876 mentione
1512 850 1640 884 petitum,
1662 851 1739 878 valde
1755 852 1800 879 in-

1018 894 1124 922 firmum
1139 901 1200 922 esse
1214 893 1368 921 Cotelerius
1381 894 1488 921 erudite
1499 896 1628 923 ostendit.

1053 939 1118 967 Vill.
1142 939 1208 967 item
1230 939 1271 965 vir
1291 939 1460 968 clarissimus
1479 940 1546 967 nihil
1562 941 1672 968 obstare
1685 947 1798 976 censet,

1016 986 1161 1020 quominus
1189 989 1217 1013 et
1241 985 1298 1012 haec
1325 986 1445 1013 secunda
1471 987 1584 1022 epistola
1610 995 1660 1023 pro
1678 989 1800 1023 genuino

1015 1031 1163 1059 Clementis
1187 1032 1243 1059 fetu
1256 1033 1399 1060 habeatur.
1412 1031 1589 1068 lllamprimaa
1604 1033 1755 1061 subnexam
1771 1038 1799 1061 et

1014 1076 1162 1104 Clementis
1183 1078 1293 1106 nomine
1313 1078 1470 1113 insignitam
1492 1079 1601 1106 exhibet
1624 1084 1798 1114 pervetustus

1014 1124 1099 1151 codex
1114 1123 1314 1152 Alexandrinus
1326 1145 1334 1158 ,
1352 1124 1379 1151 in
1393 1132 1448 1160 quo
1462 1124 1536 1151 nulla
1552 1124 1689 1152 Clemente
1705 1131 1797 1160 poste-

1014 1169 1086 1196 riora
1108 1169 1209 1203 scripta
1222 1169 1407 1196 continentur.
1431 1168 1526 1196 Eidem
1541 1169 1725 1205 suﬂ‘ragantur
1740 1179 1797 1199 non

1014 1213 1095 1240 modo
1108 1213 1231 1243 l’hotius.
1245 1214 1290 1248 qui
1303 1214 1418 1241 similem
1437 1221 1519 1248 penes
1533 1222 1563 1242 se
1577 1215 1671 1242 habuit
1681 1235 1688 1246 ,
1705 1217 1753 1243 sed
1769 1221 1798 1244 et

1014 1259 1125 1286 ultimus
1150 1260 1333 1294 apostolorum
1349 1267 1453 1292 canon,
1472 1260 1519 1295 qui
1546 1261 1695 1288 secundam
1721 1261 1796 1290 illam

1013 1305 1153 1340 epistolam
1165 1313 1218 1332 non
1230 1313 1309 1333 secus
1324 1313 1355 1332 ac
1365 1306 1478 1340 primam
1490 1306 1612 1341 proxime
1627 1310 1689 1341 post
1701 1315 1796 1335 sacros

1013 1350 1098 1378 libros
1109 1355 1241 1379 recenset.
1259 1350 1406 1386 Utriusque
1422 1351 1502 1379 etiam
1521 1352 1712 1387 cognationem
1728 1360 1795 1388 pro-

1012 1395 1078 1423 bant
1091 1397 1240 1430 peculiares
1255 1396 1364 1431 quidam
1381 1397 1432 1424 loci
1457 1405 1489 1425 ex
1514 1398 1691 1433 apocryphis,
1707 1402 1738 1425 ut
1753 1399 1794 1426 vi-

1012 1441 1107 1473 detur,
1123 1442 1256 1477 expressi.
1280 1441 1354 1469 Alios
1379 1442 1458 1469 mitto
1481 1444 1628 1478 scriptores
1640 1463 1649 1476 ,
1668 1444 1714 1479 qui
1732 1451 1794 1472 eam

1012 1487 1159 1514 Clementis
1170 1488 1279 1515 nomine
1291 1489 1444 1516 laudarunt.
1457 1488 1573 1517 Tantum
1581 1490 1707 1521 observo,
1721 1491 1793 1526 apud

1012 1533 1176 1561 Dorotheum
1191 1535 1315 1562 abbatem
1326 1556 1334 1569 ,
1351 1536 1397 1571 qui
1410 1537 1479 1564 inter
1494 1537 1555 1564 illos
1569 1538 1665 1565 merito
1680 1542 1794 1573 propter

1012 1579 1195 1607 testimonium
1211 1587 1243 1607 ex
1254 1587 1284 1607 ea
1299 1581 1432 1615 prolatum
1449 1588 1482 1608 ac
1500 1581 1634 1608 Doctrina:
1649 1582 1685 1609 23
1702 1582 1790 1610 inser—

1012 1629 1068 1651 tum
1081 1624 1257 1659 appellandus
1272 1628 1348 1656 erat,
1366 1625 1392 1652 in
1409 1624 1532 1652 Biblioth.
1552 1625 1663 1653 Patrum
1676 1626 1792 1655 Climaci

1011 1669 1071 1696 loco
1086 1669 1232 1697 Clementis
1247 1677 1344 1697 nomen
1360 1678 1409 1706 per
1428 1671 1598 1698 oscilantiam
1615 1672 1790 1700 librariorum

1011 1715 1165 1750 irrepsisse.
1187 1715 1227 1743 Ad
1253 1724 1303 1744 nos
1325 1716 1398 1751 quod
1423 1717 1536 1750 attinet,
1558 1717 1699 1752 epistolam
1715 1723 1792 1746 tanto

1011 1766 1162 1796 temporum
1179 1766 1268 1790 tractu
1282 1771 1342 1790 cum
1358 1764 1444 1798 prima
1458 1763 1630 1798 conjunctam
1645 1771 1790 1799 separare,

1010 1811 1057 1834 aut
1068 1815 1166 1835 nomen
1178 1808 1248 1843 quod
1262 1816 1296 1836 ex
1310 1809 1384 1836 omni
1395 1808 1534 1835 hominum
1549 1810 1677 1836 memoria
1695 1818 1751 1844 prae
1762 1818 1791 1838 se

1010 1852 1072 1886 fert,
1086 1854 1110 1880 ei
1125 1854 1284 1888 abjudicare
1298 1855 1423 1890 religioni
1445 1854 1525 1882 nobis
1538 1859 1589 1882 est.
1606 1854 1680 1882 Illam
1697 1856 1770 1890 piant
1781 1876 1789 1888 ,

1009 1899 1103 1927 utilem
1119 1904 1146 1927 et
1160 1900 1299 1928 Clemente
1320 1908 1374 1927 non
1387 1900 1525 1935 indignam
1537 1908 1598 1928 esse
1612 1909 1701 1936 neque
1715 1902 1767 1936 ipsi
1781 1923 1788 1933 ,

1008 1946 1054 1980 qui
1069 1953 1128 1973 eam
1144 1946 1340 1981 suppositionis
1354 1947 1536 1980 suspicantur,
1548 1950 1658 1982 negant.
1675 1946 1789 1976 Deside-

1008 1991 1123 2018 randum
1138 1995 1221 2023 esset,
1237 1995 1266 2018 ut
1281 1990 1411 2025 integrior
1425 1990 1458 2017 ad
1476 1998 1527 2018 nos
1539 1991 1717 2025 pervenisset.

1044 2035 1087 2064 lX.
1104 2036 1159 2064 Nec
1173 2037 1274 2064 morari
1290 2044 1341 2063 nos
1355 2037 1435 2064 debet
1456 2036 1549 2071 opinio
1561 2044 1669 2068 eorum,
1689 2037 1790 2072 quibus

1007 2081 1323 2110 Crabiusincnnctanter
1337 2082 1493 2114 subscribit,
1509 2083 1566 2117 qui,
1583 2087 1694 2118 propter
1707 2091 1789 2111 exor-

1006 2128 1092 2159 dium,
1106 2128 1133 2154 in
1152 2135 1207 2162 quo
1222 2128 1350 2155 salutatio
1363 2136 1425 2154 cum
1439 2135 1518 2163 prece
1533 2128 1677 2163 conjuncta
1691 2134 1790 2156 contra

1006 2173 1190 2208 apostolorum
1206 2177 1286 2207 atque
1309 2172 1395 2208 ipsius
1413 2172 1560 2200 Clementis
1574 2180 1676 2200 morem
1690 2174 1787 2205 deest.

1006 2219 1032 2246 id
1047 2219 1118 2254 quod
1131 2219 1278 2246 etiamnum
1295 2219 1437 2251 habemus,
1455 2217 1573 2245 ltomiliae
1592 2219 1684 2253 potius
1703 2227 1787 2254 quam

172 2262 312 2289 concludit
327 2271 334 2289 :
350 2261 475 2297 Alioquin
490 2263 557 2297 ipsa.
573 2271 631 2298 qua;
639 2264 666 2290 in
681 2263 721 2291 his
733 2265 849 2299 epistolis
865 2266 952 2294 insunt
971 2266 991 2292 D
1006 2265 1126 2300 epistolae
1146 2269 1248 2299 partem
1267 2264 1402 2299 judicant.
1419 2264 1478 2291 Non
1489 2264 1560 2291 enim
1581 2268 1656 2291 tanta
1678 2268 1721 2292 est
1741 2265 1789 2292 illa

172 2315 265 2339 sensa,
278 2306 396 2333 nonnihil
411 2307 513 2342 objecta
527 2313 598 2341 sunt,
611 2316 657 2335 nec
672 2310 845 2337 continentem
863 2312 955 2338 seriem

172 2359 204 2377 ac
216 2351 426 2385 consequentiam
441 2356 555 2380 servant.
567 2351 634 2378 Nam
648 2353 716 2380 nihil
731 2354 758 2381 in
774 2354 824 2382 hac
836 2357 954 2384 secunda

171 2397 354 2431 reprehendit,
372 2397 442 2432 quod
452 2405 505 2424 non
520 2399 615 2432 prima:
626 2406 687 2426 eum
697 2407 729 2426 ea
740 2407 882 2427 commune
893 2409 954 2429 esse

171 2444 308 2471 fateatur:
326 2451 412 2478 eoque
432 2448 512 2478 pacto
528 2444 691 2480 singularem
714 2449 790 2472 notat
811 2447 954 2482 utriusque

170 2489 399 2521 consensionem,
425 2489 498 2517 unde
521 2490 556 2517 ad
581 2494 725 2526 utramque
750 2492 951 2527 suscipiendam

166 2536 229 2570 jure
244 2535 413 2562 inducamur.

206 2580 261 2608 Vll.
280 2579 373 2614 Neque
388 2579 524 2608 efﬁcacius
549 2580 690 2608 veritatem
711 2582 831 2616 epistol-.e
853 2587 953 2611 nostra:

170 2625 311 2660 impugnat
319 2625 384 2652 illud
392 2625 609 2660 pseudo-Justini
619 2628 782 2661 respons.ad
790 2633 885 2662 qtnest.
898 2629 929 2656 74
943 2640 949 2657 ;

171 2670 200 2698 Si
227 2671 363 2706 prwsentis
385 2679 472 2698 rerum
496 2675 582 2699 status
607 2672 668 2707 ﬁnis
685 2677 725 2699 est
748 2674 886 2708 impiorum
907 2683 952 2708 per

170 2717 254 2750 ignem
265 2716 408 2750 judicium,
425 2721 504 2752 prout
521 2721 651 2744 testantur
661 2717 846 2753 prophetarum
855 2723 880 2746 et
890 2728 952 2753 apo-

170 2762 299 2789 stolarum
317 2762 434 2796 scripta,
457 2767 534 2797 atque
558 2763 664 2798 insuper
680 2763 788 2798 Sibylla
809 2765 948 2797 vaticinia,

171 2807 390 2842 quemadmodum
404 2808 442 2835 ait
456 2808 490 2836 Β.
510 2807 628 2837 Clemens
641 2809 669 2836 in
687 2818 736 2837 sua
751 2810 784 2836 ad
800 2810 949 2838 Corinthios

168 2854 289 2888 epistola.
307 2853 396 2882 Primo
410 2855 482 2882 enim
495 2855 522 2882 in
532 2855 584 2882 hoc
597 2855 667 2883 libro
681 2856 739 2891 ipsa
754 2860 877 2884 tacentur
888 2857 950 2885 Cle-

172 2904 244 2927 tueut
258 2908 269 2925 s
286 2899 375 2932 verba,
388 2908 447 2935 qua:
462 2900 537 2935 prius
553 2905 644 2930 essent
655 2902 841 2936 expendenda,
859 2907 886 2930 ut
902 2911 948 2930 sa-

1004 2311 1084 2342 ratio,
1098 2314 1128 2337 ut
1140 2315 1272 2341 veterum,
1285 2310 1330 2345 qui
1343 2310 1484 2345 epistolam
1496 2314 1664 2345 nuncupant,
1678 2318 1788 2338 summo

1003 2355 1149 2383 consensui
1163 2363 1216 2382 non
1231 2355 1319 2382 dicam
1332 2355 1469 2387 anteferri,
1482 2355 1528 2382 sed
1544 2356 1586 2383 vel
1599 2356 1718 2383 conferri
1730 2356 1787 2383 ullo

1003 2402 1083 2429 modo
1097 2402 1194 2428 valeat.
1210 2400 1301 2436 Neque
1314 2402 1393 2428 etiam
1405 2401 1433 2428 in
1453 2401 1627 2436 inquisitione
1641 2402 1785 2436 temporis.

1002 2455 1056 2483 quo
1076 2448 1176 2482 scripta
1190 2450 1249 2478 est,
1266 2455 1316 2474 nos
1332 2455 1401 2482 opus
1415 2451 1457 2474 est
1478 2447 1582 2475 diutius
1594 2448 1732 2475 distineri.
1751 2448 1786 2475 Iit

1002 2495 1074 2522 enim
1098 2494 1164 2521 illud
1186 2496 1261 2520 certo
1273 2493 1451 2528 dignoscatur
1463 2501 1516 2520 non
1533 2493 1680 2520 admodum
1698 2495 1785 2522 inter-

1000 2544 1052 2572 est,
1074 2547 1135 2567 cum
1162 2540 1266 2566 nullum
1283 2539 1309 2566 in
1333 2546 1366 2567 ea
1384 2538 1484 2566 factum
1500 2540 1660 2574 explicetur.
1682 2539 1784 2568 Obser-

1000 2589 1065 2612 vant
1077 2590 1165 2612 tamen
1180 2585 1289 2616 eruditi,
1305 2592 1364 2612 eam
1378 2585 1501 2612 redolere
1522 2589 1638 2620 tempus,
1659 2593 1715 2620 quo
1737 2594 1784 2614 ee-

1001 2631 1090 2658 clesia:
1104 2638 1170 2665 pace
1183 2630 1353 2657 fruebantur.
1369 2630 1489 2657 Primum
1503 2638 1575 2657 anno
1594 2630 1673 2663 1655,
1689 2630 1784 2659 Graece

1000 2679 1106 2702 tantum
1121 2675 1155 2702 ad
1169 2675 1272 2702 calcem
1290 2675 1412 2710 epistolae
1425 2674 1445 2705 Ι,
1465 2682 1479 2701 a
1496 2675 1613 2702 Patricio
1627 2675 1710 2703 Junio
1725 2676 1784 2703 edi-

1000 2725 1033 2748 tae
1046 2721 1173 2756 adjuncta
1187 2720 1285 2748 Oxonii
1309 2721 1421 2756 prodiit.
1444 2721 1509 2748 Eam
1525 2725 1618 2756 postea
1637 2721 1784 2750 Latinitate

999 2766 1136 2794 donarunt
1156 2766 1255 2794 Joann.
1280 2766 1357 2802 Bapt.
1381 2767 1533 2795 Cotelerius
1558 2771 1585 2795 et
1610 2767 1783 2795 Goltil‘rcdus

1001 2812 1174 2847 Vendelinus,
1189 2811 1340 2847 exindeque
1353 2811 1447 2839 Graece
1466 2816 1492 2839 et
1516 2812 1610 2839 Latine
1623 2812 1724 2846 sacpius
1740 2820 1783 2840 re-

999 2865 1064 2884 cusa
1076 2861 1126 2884 est.
1141 2856 1267 2884 Cotelerii
1286 2857 1521 2892 interpretationi,
1535 2864 1568 2885 ea
1580 2864 1634 2892 qua
1648 2857 1675 2885 in
1693 2858 1782 2893 prima

1001 2903 1042 2931 usi
1059 2911 1153 2930 sumus
1169 2902 1302 2935 libertate,
1318 2903 1497 2931 adhaeremus.
