1893 3101
204 213 235 241 87

773 209 818 236 AD
833 207 862 235 S.
879 205 1088 235 CLEMENTEM
1108 206 1118 233 ι
1137 202 1251 232 PAPAM

1775 197 1809 223 815

204 272 271 299 sime
291 269 432 302 dimensis,
455 269 589 305 Supplevit
606 274 633 297 et
647 269 731 296 minio
749 268 832 295 rubro
856 265 979 298 notavit;
995 267 1017 294 Α
1031 264 1117 299 plaria
1137 271 1197 299 quae
1220 268 1313 290 eorum
1332 263 1445 294 uterque
1466 265 1528 285 cum
1543 264 1594 284 ms.
1610 255 1704 283 codice
1725 261 1810 289 quam

203 325 235 344 eo
250 317 378 343 nimlrum
392 316 516 347 consilio,
533 319 563 342 ut
578 323 638 350 quae
655 315 682 341 in
704 314 801 341 laceris
816 311 980 340 membranis

203 361 334 396 temporis
349 361 448 396 injuria
465 364 625 396 consumpta
643 359 877 390 desiderabantur,
897 357 930 384 ab
946 357 979 383 iis

204 414 264 441 quae
283 406 374 433 addita
397 406 438 434 vel
464 406 586 441 suppleta
617 405 715 432 fuerint
740 404 855 431 lectores
874 401 980 429 facilius

205 454 385 479 sucernerent.
411 450 477 484 Quae
508 449 616 486 quidem
650 449 836 485 supplementa
863 447 980 474 Juniana

206 497 369 532 posteriores
389 497 519 528 editores,
535 499 564 523 ut
580 496 718 522 uncinulis
733 495 825 522 clausa
841 493 911 529 typis
927 492 978 519 im-

205 543 404 576 primerentur.
431 543 574 577 diligenter
608 545 749 570 curarunt.
772 540 867 574 Magna
897 539 980 566 enim-

203 596 267 616 vero
281 594 308 617 et
328 589 462 617 laudanda
472 588 544 615 Junii
566 588 677 616 solertia
688 607 695 620 ,
714 587 738 615 si
754 586 819 614 lldes
834 586 884 620 ipsi
903 584 980 611 adhi-

202 633 300 663 benda.
315 634 414 662 Verum
429 641 507 661 secus
524 634 646 660 sentiunt
660 632 693 659 de
707 639 740 659 eo
761 631 848 666 deque
864 630 923 664 ejus
941 629 980 655 la-

203 679 269 708 bore
292 680 320 707 in
345 679 525 707 describendo
550 686 603 705 rns.
620 677 805 704 Alexandrino
829 676 878 702 viri
901 675 980 710 longe

203 723 363 756 doctissimi,
389 722 532 750 Wottonus
551 722 588 757 (Ι)
604 722 630 749 in
647 721 751 756 primis,
770 720 869 747 Millius
884 719 923 756 (Ξ)
952 723 979 747 et

203 768 319 796 Grabius
335 769 373 805 (5)
392 778 397 796 :
413 774 441 795 ut
456 769 567 803 proinde
578 769 667 796 minus
681 771 755 796 recte
767 767 904 794 censuerit
918 766 979 793 Fel-

203 813 314 848 lus(4),
338 822 348 839 ι
377 818 467 839 actum
494 813 599 840 scilicet
621 813 699 840 irrito
726 816 826 839 conatu
855 815 978 838 acturum

204 858 289 886 fuisse
308 859 394 890 illum,
411 859 456 893 qui
467 862 528 894 post
542 857 650 885 Junium
666 858 700 886 ad
715 857 853 892 exemplar
866 857 980 884 Alexan-

202 905 310 931 drinum
325 905 417 932 omnia
433 905 522 932 denuo
535 904 670 940 exegisset
691 914 698 932 :
716 903 861 939 siquidem,
874 903 977 935 subdit,

1030 313 1156 336 accurate
1170 307 1332 338 contulerat,
1345 304 1411 331 mihi
1421 302 1590 338 comparavi,
1602 307 1684 337 atque
1698 300 1810 327 illorum

1029 357 1189 384 collationes
1216 358 1242 381 et
1271 350 1473 380 emendationes
1503 349 1647 384 diligenter
1669 346 1703 374 ad
1732 352 1811 373 oram

1029 402 1091 430 libri
1119 400 1171 428 mei
1190 398 1327 427 adnotavi.
1344 396 1422 430 Quod
1438 403 1499 423 cum
1521 391 1647 429 egissem,
1663 400 1716 420 ms.
1737 391 1812 418 codi-

1030 454 1088 474 cem
1104 449 1204 481 quanta
1224 444 1281 471 ﬁeri
1299 442 1386 477 potuit
1402 439 1541 476 diligentia
1558 439 1619 474 plus
1630 445 1711 473 quam
1724 436 1811 464 semel

1030 491 1064 519 de
1077 498 1149 518 novo
1166 489 1287 522 contuli;
1304 494 1396 522 quem.
1416 493 1478 513 cum
1492 484 1589 511 unicus
1605 483 1651 515 sit,
1670 489 1759 515 usque
1775 481 1812 508 ad

1030 535 1146 565 litteram
1168 539 1278 564 secutus
1295 540 1366 564 sum,
1387 535 1569 567 praeterquam
1583 529 1610 556 in
1625 527 1810 555 abbreviatio-

1030 584 1121 614 nibus,
1145 589 1212 617 quas
1234 581 1285 608 hoc
1309 579 1338 607 in
1351 579 1412 607 loco
1428 574 1710 617 potius_adnotandas
1731 571 1813 615 duxi:

1030 614 1194 663 ilujusmodi
1210 633 1273 655 sunt
1289 636 1295 659 ς
1312 619 1353 654 63;
1368 633 1416 661 pro
1433 624 1508 655 Θεὸς,
1518 614 1634 663 @ro
1649 619 1763 663 Kﬂg,
1778 614 1814 645 is

1030 661 1080 709 pro
1092 673 1205 710 Ἰησοῦς,
1231 666 1283 700 ἦ
1300 680 1349 708 pro
1377 670 1504 710 ΧΨ,
1525 661 1603 697 m
1617 673 1644 696 et
1666 661 1813 710 ml?

1030 720 1141 756 Πνεῦμα
1159 723 1186 747 et
1201 719 1366 754 Πνεύματος,
1382 717 1494 756 ΟΥΝΟΣ
1509 724 1559 752 pro
1578 713 1815 756 oﬁpzvdLAIIOS

1030 776 1079 804 pro
1104 752 1257 804 ἅνθρωπος,
1275 752 1341 792 T21
1355 768 1382 792 et
1407 755 1466 791 ἦῆ
1482 771 1529 799 pro
1543 763 1662 799 Ἰσραήλ,
1674 752 1742 788 ᾖ
1758 769 1812 797 pro

1031 804 1293 849 ‘lspouaakﬁp,TPA
1308 819 1357 847 pro
1373 810 1488 846 πατέρα.
1503 808 1554 836 Ubi
1569 816 1634 836 vero
1650 807 1736 834 codex
1756 814 1812 834 ms.

1029 858 1145 886 discedit
1169 866 1184 884 a
1208 857 1313 893 vulgari
1340 854 1478 883 scribendi
1504 853 1620 884 ratione,
1649 852 1691 879 vel
1714 859 1814 886 parum

1031 908 1103 931 recte
1114 911 1143 931 se
1154 903 1245 935 habet,
1268 909 1361 930 veram
1379 908 1411 928 ac
1426 900 1597 928 usitatiorem
1609 897 1748 926 scribendi
1765 905 1814 924 ra-

1666 658 1739 665 .__

202 957 233 976 ea
245 949 361 976 habetur
375 949 409 976 de
423 949 585 982 eruditione,
602 949 737 977 industria
753 953 779 977 et
795 949 846 976 [ide
860 947 891 975 D.
907 947 981 975 Junii
997 944 1018 972 Β
1034 950 1145 981 tionem,
1161 952 1190 975 ut
1203 952 1230 974 et
1249 947 1391 979 lectiones,
1404 944 1609 972 emendationes
1629 947 1656 971 et
1671 942 1817 977 conjectu-

203 995 275 1029 apud
297 1002 391 1022 omnes
415 994 496 1026 fama,
522 998 552 1021 ut
573 994 695 1022 eamdem
717 993 873 1029 suspicione
891 993 981 1028 aliqua

203 1040 376 1073 labelactare,
389 1048 443 1067 non
459 1039 569 1068 incivile
588 1040 680 1072 modo,
694 1040 743 1068 sed
762 1039 886 1075 iniquum
903 1047 982 1074 pror-

203 1094 251 1113 sus
262 1086 397 1114 videatur.
416 1095 427 1112 ι

237 1132 271 1159 At
282 1133 399 1167 pretium
412 1132 492 1159 fuerit
508 1140 598 1168 opera:
608 1132 653 1160 hic
674 1133 701 1159 in
716 1132 834 1160 medium
849 1130 980 1166 proferre,

201 1185 262 1212 quae
278 1178 312 1205 de
329 1177 445 1205 Juniana
468 1178 700 1206 Clementinarum
724 1177 906 1213 Epistolarum
925 1177 983 1204 edi-

202 1224 275 1250 tione
294 1222 370 1250 fuere
388 1223 422 1250 ab
440 1223 500 1258 ipso
513 1223 614 1251 Grabio
630 1223 769 1250 adnotata.
788 1222 834 1249 Sic
848 1225 938 1248 autem
953 1229 983 1248 se

201 1269 302 1296 habent
311 1268 349 1304 (5)
364 1277 370 1295 :
383 1278 391 1294 ι
405 1268 471 1302 Quae
482 1276 515 1296 ex
523 1269 668 1296 collatione
678 1268 740 1304 (ms.
750 1267 854 1295 codicis
864 1266 982 1296 Alexan-

201 1313 286 1349 drini’)
301 1315 515 1342 emendationem
532 1315 664 1349 praebent,
688 1314 721 1341 ad
741 1314 799 1341 haec
820 1313 876 1341 fere
894 1313 982 1348 capita

200 1360 379 1388 reducuntur.
403 1361 423 1388 l.
445 1360 582 1388 Nonnulla
600 1362 628 1388 in
640 1360 722 1388 editis
740 1360 903 1388 omittuntur
922 1367 982 1394 quae

202 1407 230 1433 in
244 1411 387 1442 prototypo
395 1411 514 1440 exstant,
525 1411 554 1434 ut
567 1415 600 1435 ex
614 1407 740 1435 versione
751 1405 847 1433 Latina
861 1408 979 1432 constat.

202 1452 235 1479 ll.
249 1451 325 1479 Haud
340 1461 426 1487 pauca
446 1453 578 1480 vocabula
593 1453 692 1480 litteris
713 1453 834 1479 miniatis
849 1452 978 1483 eduntur,

201 1506 262 1533 qua:
281 1499 308 1525 in
327 1499 421 1525 codice
438 1503 562 1532 exstant;
584 1499 655 1534 quod
671 1498 771 1525 factum
793 1506 856 1525 esse
869 1505 884 1524 a
901 1502 982 1532 typo—

202 1543 284 1570 thetis
315 1544 460 1571 Verisimile
487 1547 537 1571 est.
568 1544 612 1570 Ill.
631 1543 699 1570 Sunt
713 1543 784 1570 haud
802 1550 898 1578 pauca,
921 1550 981 1577 qua:

203 1596 257 1615 non
281 1593 353 1616 recte
378 1590 524 1623 exscripsit
548 1589 645 1617 editor.
674 1588 719 1616 IV.
747 1588 880 1615 Nonnulla
903 1584 981 1615 aliter

202 1633 304 1668 scripta
321 1638 394 1665 sunt.
412 1642 494 1670 quam
512 1634 601 1661 editor
618 1634 822 1669 repraesentavit
837 1642 870 1661 ex
886 1633 982 1667 singu-

203 1679 252 1705 lari
269 1680 385 1714 qnadam
398 1681 458 1715 ejus
471 1681 616 1715 opinione;
629 1688 682 1716 qua
696 1681 793 1707 adduci
811 1688 865 1707 non
882 1680 981 1714 potuit,

203 1730 232 1753 ut
251 1726 426 1760 scriptionem
443 1731 558 1754 vcterem
583 1727 661 1754 aliter
675 1727 824 1758 exhiberet,
844 1733 924 1761 quam
940 1733 983 1753 se-

201 1775 320 1803 cundum
336 1777 471 1811 vulgarem
490 1777 627 1804 scribendi
651 1784 762 1804 morem.
781 1775 811 1803 V.
836 1775 911 1810 Smpe
921 1783 982 1803 cum

200 1822 260 1857 ipse
275 1822 344 1848 male
357 1823 543 1856 exscripserit,
560 1823 758 1850 correctionem
775 1830 807 1849 cx
823 1822 982 1856 conjectura

202 1867 276 1894 addit
297 1867 330 1893 ad
353 1867 519 1901 marginem;
542 1875 601 1902 qua:
618 1867 753 1895 correctio
769 1867 796 1894 in
817 1867 876 1901 ipso
889 1867 983 1894 codice

203 1913 345 1947 reperitur.
365 1924 373 1937 ι
392 1913 528 1940 Hactenus
545 1907 673 1941 Grabitls.
696 1913 801 1946 Quibus
824 1921 889 1948 ergo
908 1913 983 1940 vitiis

202 1958 327 1985 laborant
346 1959 478 1996 editiones
501 1959 584 1986 ferme
601 1967 706 1990 omnes,
725 1963 817 1994 utpote
829 1966 889 1993 qua:
908 1957 983 1985 fuere

203 2004 236 2030 ad
259 2003 403 2031 Junianaln
428 2010 530 2031 exacte
547 2015 553 2031 :
570 2005 640 2039 quod
665 2004 772 2039 quidem
789 2004 889 2039 liquido
910 2008 983 2038 patet

202 2058 234 2076 ex
245 2049 430 2082 Wottoniana,
441 2051 560 2077 omnium
576 2050 806 2078 emendatissima.

239 2094 300 2122 Haec
312 2095 393 2130 igitur
406 2095 640 2130 Cantabrigiensis
649 2096 717 2123 satis
730 2096 867 2123 luculenta
879 2096 983 2127 ἑκόοσις

203 2140 230 2166 in
253 2141 349 2176 vulgus
364 2141 462 2176 prodiit
477 2149 549 2169 anno
568 2142 648 2175 1718,
665 2149 771 2169 summa
794 2149 859 2169 cura
874 2141 982 2169 Henrici

203 2185 325 2214 Wottoni
343 2187 492 2215 elaborata.
507 2187 572 2214 Eam
595 2188 667 2215 enim
682 2187 754 2214 haud
767 2188 850 2215 semel
871 2185 983 2222 exigens

204 2230 236 2258 ν.
253 2231 283 2259 C.
301 2232 333 2259 ad
351 2232 430 2258 ﬁdem
446 2240 498 2260 ms.
526 2233 628 2260 codicis
646 2232 836 2264 Alexandrini,
860 2233 983 2260 adhibito

995 1617 1016 1646 ε

1032 1003 1077 1022 ras
1088 994 1173 1027 Junii,
1187 994 1281 1025 Boisii,
1294 992 1432 1023 Cotelerii,
1447 990 1526 1023 Felli,
1538 989 1685 1018 Colomesii
1701 995 1733 1015 ac
1749 987 1816 1015 Cle-

1031 1042 1099 1074 rici,
1134 1041 1204 1068 inter
1235 1039 1373 1067 variantes
1403 1037 1535 1065 lectiones
1564 1035 1653 1071 posui.
1683 1033 1816 1061 Plurimis

1031 1088 1113 1115 etiam
1133 1088 1160 1114 in
1179 1086 1248 1114 locis
1262 1089 1365 1112 textum
1385 1082 1526 1112 emendavi
1545 1086 1572 1110 et
1590 1088 1647 1109 suae
1662 1079 1815 1114 integritati

1031 1133 1148 1166 restitui,
1165 1132 1211 1159 ubi
1230 1138 1325 1166 parum
1338 1133 1412 1158 recte
1428 1137 1442 1156 a
1453 1128 1535 1156 Junio
1547 1125 1766 1155 describebatur.
1779 1139 1818 1146 —

1031 1178 1097 1212 Qum
1112 1186 1156 1206 me
1170 1177 1203 1205 ad
1216 1177 1287 1204 hanc
1297 1176 1443 1204 editionem
1460 1172 1663 1209 suscipiendam
1676 1171 1817 1207 praecipue

1031 1224 1206 1259 impulerunt,
1223 1223 1280 1249 haec
1300 1222 1408 1248 fuerunt
1424 1230 1430 1248 :
1451 1227 1486 1247 ne
1515 1219 1622 1247 deesset
1644 1215 1816 1245 emendatior

1031 1269 1117 1297 Graeci
1138 1272 1228 1296 textus
1240 1268 1333 1300 editio,
1355 1272 1398 1295 etc
1430 1276 1439 1292 ι
1457 1266 1533 1293 Hanc
1548 1268 1638 1292 autem
1656 1262 1814 1289 Wottonia-

1032 1322 1094 1342 nam
1106 1314 1265 1345 editionem,
1283 1313 1404 1340 omnium
1425 1311 1489 1339 licet
1500 1309 1752 1339 accnratissimam,
1767 1307 1816 1342 qui

1031 1361 1160 1395 deinceps
1183 1359 1312 1394 epistolas
1332 1357 1518 1385 Clementinas
1544 1355 1617 1391 typis
1643 1353 1817 1382 excuderunt

1031 1407 1083 1434 viri
1114 1406 1227 1438 eruditi,
1253 1406 1276 1432 si
1305 1404 1472 1431 Richardum
1487 1401 1644 1430 Russelium
1673 1399 1814 1435 excipias,

1032 1451 1186 1487 praeteriere
1200 1450 1394 1477 inconsultam.
1411 1448 1489 1482 Quod
1508 1447 1618 1483 quidem
1639 1446 1750 1477 mirum,
1772 1445 1815 1473 sin

1032 1498 1123 1525 minus
1140 1496 1173 1524 de
1185 1497 1307 1531 reliquis,
1324 1499 1351 1522 at
1360 1495 1454 1522 saltem
1465 1494 1498 1521 de
1509 1493 1616 1520 Clerico
1630 1492 1676 1527 qui
1691 1491 1815 1519 eamdem

1032 1551 1088 1578 pra:
1097 1543 1223 1570 manibus
1237 1541 1332 1568 habuit
1350 1551 1355 1568 :
1373 1548 1406 1567 ex
1419 1547 1451 1567 ea
1466 1540 1538 1566 enim
1555 1537 1712 1566 selectiorcs
1729 1535 1815 1563 Boisii

1032 1589 1222 1617 adnotationes
1236 1596 1250 1614 a
1262 1587 1393 1615 Wottono
1405 1590 1463 1613 tum
1478 1585 1595 1620 primum
1609 1583 1698 1611 editas
1708 1582 1815 1610 descri-

1034 1635 1099 1670 psit,
1115 1642 1184 1669 quas
1199 1634 1226 1661 in
1243 1632 1390 1661 secundam
1402 1629 1688 1657 Amstaelodamensem
1700 1625 1815 1652 Patrum

1035 1681 1245 1717 apostolicorum
1259 1678 1404 1706 editionem
1413 1675 1609 1704 Colelerianam
1618 1672 1770 1700 transtulit.
1780 1671 1815 1698 At

1033 1716 1066 1754 eo
1079 1727 1106 1753 in
1118 1725 1213 1761 primis
1227 1724 1336 1752 nomine
1348 1723 1420 1749 illam
1435 1722 1546 1756 insuper
1560 1719 1689 1746 habuisse
1703 1716 1814 1744 videtur

1033 1771 1166 1803 Clericus.
1183 1770 1255 1805 quod
1267 1769 1355 1797 editor
1367 1766 1601 1801 Cantabrigiensis
1624 1769 1679 1791 tum
1695 1761 1815 1790 Eduardi

1033 1817 1164 1845 Bernardi
1180 1816 1288 1844 notulas
1307 1814 1408 1850 quibus
1422 1813 1548 1848 Epistolae
1567 1811 1579 1838 1
1595 1809 1739 1837 αὑθεντίαν
1756 1808 1811 1835 ele-

1034 1871 1098 1892 vare
1117 1867 1232 1890 conatus
1246 1865 1287 1888 est
1305 1859 1468 1888 exsulllarit.
1488 1863 1544 1884 tum
1568 1857 1712 1891 ipsmnmet
1727 1853 1814 1882 Cleri-

1033 1917 1095 1936 cum
1111 1908 1256 1936 identidem
1273 1907 1343 1933 haud
1368 1905 1505 1932 immerito
1519 1902 1670 1937 castigarit.

1069 1955 1292 1990 Quandoquidem
1311 1961 1375 1980 vero
1395 1951 1513 1980 Russelii
1532 1951 1635 1978 mentio
1659 1948 1767 1979 incidit,
1785 1947 1814 1974 il-

1034 2001 1079 2029 lud
1091 2002 1206 2029 interest
1220 2000 1362 2030 adnotare,
1374 1998 1538 2026 industrium
1554 1997 1627 2023 hunc
1641 1995 1772 2022 editorem
1786 1994 1814 2020 in

1034 2048 1092 2075 suis
1108 2046 1220 2074 Patrum
1239 2045 1441 2080 apostolicorum
1459 2042 1578 2077 operibus
1593 2041 1722 2076 genuinis,
1741 2039 1814 2067 Lon-

1033 2093 1091 2120 dini
1108 2099 1179 2119 anno
1195 2091 1264 2118 1746
1289 2090 1432 2125 evnlgatis,
1445 2087 1648 2115 Wottonianam
1664 2085 1814 2113 editionem

1032 2146 1089 2173 prae
1100 2138 1205 2165 caeteris
1216 2137 1267 2165 sibi
1280 2136 1445 2171 sequendam
1459 2135 1521 2170 jure
1534 2132 1683 2160 censuisse.
1702 2131 1755 2164 Qui
1787 2134 1814 2157 et

1034 2184 1068 2212 ad
1094 2184 1194 2211 calcem
1217 2183 1345 2210 secundae
1368 2182 1455 2217 partis
1482 2179 1660 2208 voluminis!
1682 2177 1813 2205 laudabili

1033 2229 1149 2256 consilio
1172 2229 1301 2264 pleraque
1330 2227 1448 2262 subjecit
1473 2226 1611 2257 adnotata.
1638 2232 1671 2252 ex
1699 2223 1814 2251 Joannis

203 2276 284 2303 etiam
303 2275 377 2303 Junii
391 2277 463 2304 edito
476 2285 536 2305 cum
549 2277 644 2304 eodem
663 2277 757 2305 codice
775 2284 790 2303 a
805 2276 888 2304 Millio
902 2281 983 2312 atque
999 2282 1019 2309 D
1034 2275 1111 2302 Millii
1131 2275 1286 2310 apographo
1306 2277 1433 2300 accurate
1455 2271 1488 2299 ad
1503 2278 1553 2298 ms.
1576 2269 1679 2298 codicis
1696 2269 1813 2297 Alexan-

205 2332 219 2351 a
235 2321 337 2349 Grabio
360 2323 470 2356 collato,
490 2323 638 2350 Junianum
659 2327 762 2351 textum
785 2331 866 2359 quem
892 2323 983 2350 caeteri

203 2372 322 2400 editores
344 2374 407 2397 sunt
427 2371 524 2401 secuti,
538 2370 659 2405 octogies
674 2369 826 2397 emendavit
840 2369 984 2404 supplevit-

203 2425 272 2452 que;
292 2424 352 2451 qme
372 2423 437 2443 vero
460 2416 573 2443 aberant
593 2423 607 2442 a
624 2423 676 2443 ms.
694 2415 852 2450 exemplari,
868 2419 949 2450 atque
968 2423 983 2442 a

203 2461 285 2489 Junio
302 2462 399 2489 litteris
413 2461 534 2489 miniatis
549 2461 773 2496 designabantur,
789 2461 983 2489 minutioribus

204 2508 276 2544 typis
290 2507 469 2542 imprimenda
489 2507 605 2535 curavit.
623 2506 676 2534 Sed
696 2511 807 2542 prastat
823 2506 982 2535 Wottonum

203 2554 293 2591 ipsum
324 2553 429 2586 audire,
458 2554 504 2588 qui
531 2554 674 2581 consilium
698 2553 873 2587 studiumque
901 2560 981 2580 suum

204 2600 232 2628 in
247 2601 297 2628 hac
308 2600 426 2627 editione
437 2599 594 2627 adornanda
605 2599 681 2627 hisce
692 2599 782 2627 verbis
795 2599 907 2633 exponit
922 2597 960 2633 (6)
974 2608 980 2625 :

207 2658 215 2672 ι
235 2647 303 2674 Cum
320 2647 437 2681 primum
458 2653 563 2673 mecum
587 2645 767 2673 decrevissem
783 2645 927 2672 editionem
952 2644 981 2672 S.

204 2692 352 2720 Clementis
365 2691 392 2718 in
408 2700 450 2719 me
471 2691 621 2727 suscipere,
634 2691 727 2719 Grabii
742 2691 872 2726 Milliique
890 2698 983 2718 exem-

206 2772 278 2835 ⁵³0)
305 2771 456 2806 Prolegom.
479 2772 511 2798 ad
539 2771 608 2798 Bibl.
638 2771 790 2807 polyglott.,
817 2773 884 2798 sect.
907 2778 945 2802 ιι,
967 2770 980 2806 §

240 2829 277 2874 (Ὠ)
288 2842 364 2876 Apud
375 2840 493 2874 Russel.,
505 2842 570 2870 cdit.
583 2841 634 2868 PP.
643 2842 748 2876 Apost.,
760 2845 825 2868 tom.
838 2840 860 2872 l,
870 2844 938 2874 part.
951 2848 979 2873 ιι,

207 2886 231 2912 p.
249 2877 312 2912 2563

243 2913 280 2947 ‘5)
298 2908 445 2946 Prnlegom.
463 2913 495 2940 ad
513 2920 582 2940 vers.
594 2911 737 2945 ltXXwap.
756 2917 786 2943 Π,
802 2909 816 2945 ς
833 2910 856 2937 l.

1034 2321 1107 2347 drini
1124 2320 1202 2347 ﬁdem
1221 2325 1318 2348 exacto
1339 2318 1498 2353 descripta:
1519 2324 1580 2351 quae
1596 2315 1707 2351 quidem
1728 2315 1812 2342 adno-

1034 2370 1089 2392 tata
1098 2365 1255 2392 Wottnnnm
1268 2364 1485 2400 praetermisisse,
1502 2362 1625 2397 quamvis
1639 2365 1665 2389 et
1678 2361 1736 2396 ipse
1752 2368 1815 2395 apo-

1034 2411 1164 2446 graphum
1195 2411 1343 2437 lllillianum
1372 2410 1423 2437 sibi
1453 2415 1628 2443 comparasse
1653 2409 1811 2437 asseveret,

1033 2458 1117 2484 miror
1132 2464 1287 2489 enimvero;
1303 2463 1335 2483 eo
1354 2455 1397 2483 vel
1415 2454 1533 2482 maxime
1546 2453 1619 2489 quod
1636 2452 1769 2479 nonnulla
1785 2453 1813 2479 in

1034 2503 1067 2529 iis
1083 2503 1263 2537 reperiantur,
1281 2501 1380 2537 quibus
1395 2508 1427 2527 ex
1449 2500 1544 2527 eodem
1557 2506 1609 2526 ms.
1623 2497 1812 2525 vetustissimo

1033 2548 1156 2575 codicum
1185 2547 1318 2574 editorum
1350 2546 1430 2573 lectio
1458 2545 1560 2580 passim
1590 2543 1716 2570 exactior
1753 2543 1812 2569 red-

1033 2593 1115 2620 ditur.

1068 2638 1158 2673 Neque
1172 2646 1253 2672 porro
1264 2637 1328 2664 illud
1345 2636 1615 2672 praetermittendum,
1628 2634 1660 2661 V.
1671 2633 1702 2661 C.
1714 2632 1811 2661 Joanni

1033 2684 1170 2711 Ludovico
1188 2683 1266 2718 Frey,
1280 2683 1326 2718 qui
1343 2690 1414 2710 anno
1439 2682 1509 2709 1712
1531 2681 1665 2715 Epistolas
1699 2679 1808 2706 Patrum

1068 2762 1105 2831 μζ
1121 2761 1228 2788 Prml‘at.
1248 2760 1281 2786 ad
1301 2760 1381 2794 epist.
1395 2760 1514 2792 lClem.,
1528 2759 1593 2788 edit.
1607 2759 1708 2789 Oxon..
1731 2758 1808 2785 lSC‘).

1068 2798 1095 2831 (5
1115 2797 1192 2831 Apud
1202 2795 1359 2822 Wottonum
1379 2795 1412 2821 ad
1426 2796 1527 2822 calcem
1541 2795 1620 2830 epist.
1633 2794 1732 2826 Clem.,
1750 2801 1806 2828 pag.

1034 2794 1105 2861 10&5)
1115 2797 1192 2832 Apud
1202 2795 1359 2822 Wottonum
1379 2795 1412 2821 ad
1426 2796 1527 2822 calcem
1541 2795 1620 2830 epist.
1633 2794 1732 2826 Clem.,
1750 2801 1806 2828 pag.

1068 2868 1105 2903 (6)
1119 2865 1241 2898 Praefatu
1259 2874 1285 2900 p.
1297 2872 1376 2892 ccvu.
