1893 3101
59 169 87 209 ἐς»
676 171 808 202 meum

865 172 1058 201 VARIORUM.
1606 171 1642 199 90

62 237 237 273 σρωωιίεοηίηι
249 236 320 272 typis
335 231 811 270 Basileensihusconsignavit,Wot-
827 232 850 260 Δ
864 238 959 258 carum
992 231 1105 258 latebris
1135 231 1316 258 delitescant.
1347 230 1500 257 Summaria
1524 229 1642 263 denique

61 284 179 311 tonianum
196 283 344 318 exemplar,
365 283 438 318 quod
458 282 567 318 quidem
587 281 744 316 exoptabat,
769 279 812 306 vi-

61 331 112 358 dere
123 334 174 356 tum
184 329 288 356 demum
304 329 413 356 licuisse
423 349 430 361 ,
447 336 509 356 cum
522 329 578 363 jam
592 327 708 362 epistola
722 326 732 353 1
753 325 814 353 Cle-

62 376 141 403 mentis
155 383 169 402 e
187 375 258 409 prelo
270 375 401 402 evasisset
418 384 425 402 :
443 379 472 401 ut
490 373 603 409 proinde
623 373 806 408 posteriorem

62 418 221 446 tantummodo
234 419 315 453 paulo
329 418 541 446 emendatiorem
560 417 724 444 exhibuerit.
740 415 813 448 Qua-

62 466 197 500 lemcunque
213 469 301 492 tamen
317 465 399 499 hujus
408 464 538 493 editionis
556 462 695 499 Freyanae,
711 461 813 496 alioqui

63 511 115 538 satis
122 511 213 542 nitida.
229 510 363 538 defectum
375 511 500 546 supplere
513 510 624 537 adnisus
639 512 681 537 est
693 509 736 536 vir
749 515 813 534 eru-

63 557 121 584 ditus
136 551 260 583 Antonius
272 556 378 584 Birrius
394 556 422 583 in
435 555 540 591 publico
552 555 706 590 Specimine,
721 553 812 580 itidem

63 601 153 630 Basilea’
170 609 238 629 anno
254 602 324 629 1744
346 603 431 634 edito,
451 606 533 637 atque
552 601 718 636 conjecturis
741 599 813 626 haud

63 648 202 682 pmaitendis
213 648 246 675 ad
258 653 364 676 textum
378 648 577 675 Clementinum
595 647 722 675 editionis
736 645 814 672 Wot-

63 695 159 721 Ionianae
167 694 275 722 ulterius
282 693 372 722 adhuc
384 694 577 729 detergendum
591 692 704 720 referto.
725 691 813 726 llujus

63 745 134 767 autem
157 739 314 774 Speciminis
340 739 456 766 Birriani
471 739 610 774 exemplar
624 746 686 766 cum
710 738 813 766 frustra

63 787 98 813 diu
114 787 339 821 conquisivissem,
354 794 461 814 summo
472 786 535 813 licet
551 785 642 813 studio
653 785 811 821 expetitum,

61 834 104 860 voti
117 833 213 860 tandem
227 836 381 868 compotem
397 840 439 860 me
454 831 518 860 fecit
532 832 574 859 vir
588 832 735 860 liberaliter
750 839 812 859 eruu

62 878 119 905 ditus
127 876 222 913 Gaspar
236 878 457 914 llagenbuchius,
470 886 485 905 a
502 886 557 914 quo
574 886 629 906 una
641 886 702 905 cum
713 877 812 905 litteris

63 923 211 951 humanitatis
229 927 255 951 et
274 924 357 951 ofﬁcii
373 925 538 958 plenissimis
557 924 658 952 Turico
682 921 814 951 Helvetio-

62 975 108 995 rum
122 969 186 996 dono
206 969 272 996 illud
288 970 384 1004 accepi
403 979 410 997 :
432 978 487 1005 quo
501 970 610 1006 quidem
627 970 736 997 nomine
755 970 813 996 uiro

61 1015 143 1050 optimo
153 1015 248 1050 gratias
269 1022 323 1050 ago
342 1019 369 1042 et
383 1015 480 1042 habeo.

90 1061 129 1088 His
142 1062 224 1096 itaque
239 1062 356 1096 aliisque
375 1061 505 1089 subsidiis
527 1061 686 1092 instructus.
707 1060 739 1087 ad
754 1067 813 1087 eam

62 1115 125 1142 quam
141 1107 181 1134 hic
207 1107 316 1143 profero
341 1107 487 1135 editionem
504 1107 651 1142 parandam
672 1106 811 1134 elaboran-

61 1154 156 1188 damque
167 1161 208 1181 me
220 1153 324 1181 contuli
339 1162 345 1179 :
359 1161 412 1188 quo
423 1153 533 1188 quidem
548 1153 576 1180 in
587 1160 668 1188 opere
682 1155 812 1187 quantum

61 1198 176 1226 industriae
189 1207 218 1226 ac
237 1199 323 1226 studii
338 1199 521 1231 adhibuerim,
542 1199 656 1225 aliorum
671 1201 730 1225 esto
740 1196 813 1232 judi-

60 1243 126 1272 cium.
145 1244 208 1272 lllud
228 1253 296 1272 sane
321 1244 454 1272 afﬁrmare
471 1245 570 1276 ausim,
587 1243 734 1271 Clementis
750 1242 815 1277 Epi~

61 1289 128 1317 stolas
146 1290 176 1317 ad
195 1289 352 1318 Corinthios
373 1298 446 1317 nunc
470 1289 580 1317 demum
602 1289 711 1324 prodire
729 1289 815 1315 multo

60 1336 230 1370 tastigatiores,
246 1345 331 1372 quam
346 1336 478 1364 hactenus
494 1335 569 1363 fuere
583 1336 610 1362 in
623 1335 721 1370 vulgus
733 1334 816 1363 emis—

59 1387 88 1406 se
101 1390 106 1407 :
119 1384 154 1407 tot
172 1381 241 1408 enim
262 1382 325 1409 loca
349 1386 413 1409 sunt
429 1382 564 1415 restituta,
586 1385 627 1409 tot
644 1380 814 1408 mendasub—

60 1425 118 1455 lata;
143 1431 169 1453 ut
185 1434 330 1462 perpauca,
347 1427 370 1454 si
385 1435 438 1462 qua
453 1431 527 1459 sunt,
543 1427 631 1454 adhuc
646 1425 815 1454 emendanda

59 1477 178 1505 superesse
204 1473 358 1500 videantur.
385 1473 453 1500 Cum
484 1480 547 1500 vero
576 1475 604 1499 in
627 1476 702 1499 textu
721 1470 815 1498 Graeco

58 1518 213 1546 emaculando
233 1527 341 1546 summa
357 1527 418 1546 cum
439 1519 518 1546 laude
540 1526 595 1553 pra:
609 1517 735 1545 omnibus
750 1524 812 1545 ver-

863 278 951 313 eapita
974 286 990 306 e
1011 279 1192 306 Coutantiana
1207 282 1235 305 et
1249 276 1371 314 Freyana
1391 277 1557 304 editionibus
1580 285 1643 305 con-

863 328 936 352 texta
947 325 1124 359 subjecimus.

898 371 930 398 11.
947 370 1006 398 Jam
1020 378 1095 402 vero,
1112 375 1143 398 ut
1158 370 1191 398 de
1210 370 1305 397 harum
1325 369 1500 404 epistolarum
1512 373 1644 403 praestan—

863 417 900 444 tia
916 420 943 444 et
957 417 1114 444 sinceritate
1128 417 1305 446 disseramus.
1322 415 1498 443 celeberrima
1512 418 1562 443 est.
1571 415 1643 450 quod

863 471 957 492 onmes
972 463 1069 490 eruditi
1086 467 1195 496 norunt,
1213 470 1273 497 qua:
1295 463 1369 497 prior
1384 461 1533 490 Corinthiis
1545 461 1644 488 inscri-

863 511 955 538 bitur:
977 510 1137 545 Ἰκανωτάτη
1152 510 1243 544 γραφή
1257 509 1327 535 dicta
1339 507 1367 535 S.
1378 508 1487 540 lrenmo,
1503 507 1643 543 Ἐπιστολὴ

865 554 968 590 μεγάλη
996 563 1026 580 τε
1054 555 1100 580 καὶ
1124 554 1261 589 θαυμασεα
1291 553 1407 580 Eusebio
1432 563 1439 580 :
1469 557 1550 587 atque
1575 554 1643 580 adeo

863 604 968 627 tantum
982 607 1035 626 non
1047 599 1190 631 canonica,
1213 607 1271 626 eam
1296 599 1366 634 apud
1383 607 1478 626 omnes
1493 599 1642 626 auctorita-

863 651 917 674 tem
933 647 1060 679 obtinuit,
1091 650 1120 673 ut
1139 646 1251 680 perinde
1275 653 1307 673 ac
1325 645 1433 680 reliqum
1459 645 1642 680 apostolorum

863 692 1118 728 Epistolre,publice
1138 692 1272 726 aliquibus
1288 692 1313 718 in
1329 691 1452 718 ecclesiis
1467 691 1535 718 lecta
1551 691 1641 718 fuerit:

863 739 935 774 quod
971 739 1079 774 quidem
1119 742 1217 774 praeter
1251 738 1417 770 Eusebium,
1450 737 1642 772 Hieronymum

863 787 986 821 aliosque
1002 791 1107 813 veteres
1118 786 1277 820 scriptores,
1294 789 1408 812 testatur
1428 785 1564 818 antiquior
1581 783 1645 810 Din-

864 833 958 868 nysius
988 832 1192 860 Corinthiorum
1225 831 1371 866 episcopus
1410 830 1458 865 (8).
1484 830 1545 857 Haec
1579 838 1644 857 sane

864 878 984 912 priscum
1012 877 1148 912 Evangelii
1179 877 1298 911 vigorem
1327 876 1432 910 spirat:
1456 876 1542 911 stylus
1563 883 1643 910 quam

865 924 987 958 proxime
1002 923 1034 949 ad
1046 923 1148 950 Novum
1165 922 1369 950 Testamentum
1386 922 1508 949 accedit:
1523 929 1567 948 res
1585 929 1644 948 ver-

865 969 952 1004 baque
968 969 1026 1003 ipsa
1042 968 1184 1003 desumpta
1200 969 1226 995 in
1239 969 1335 1003 primis
1354 977 1386 997 ex
1408 968 1538 1004 Epistolis
1552 966 1644 994 Pauli-

864 1015 927 1041 nis:
950 1014 1066 1049 denique
1087 1014 1155 1041 nihil
1180 1014 1236 1041 fere
1262 1015 1336 1041 inea
1365 1014 1479 1050 reperiri
1498 1013 1643 1048 contingit,

864 1061 935 1095 quod
951 1061 1078 1096 primmva
1105 1061 1244 1088 nascentis
1260 1060 1387 1088 Ecclesiae
1411 1059 1574 1088 incunabula
1588 1067 1644 1086 non

863 1105 982 1137 referat,
1004 1106 1124 1140 nihilque
1155 1106 1228 1140 quod
1252 1107 1338 1134 virum
1362 1106 1442 1141 plane
1465 1106 1643 1141 apostolicum

863 1158 916 1177 non
930 1151 1047 1178 maxime
1057 1151 1160 1178 deceat.

897 1197 931 1224 At
947 1198 1072 1232 quamvis
1087 1197 1242 1231 liujusmodi
1267 1197 1452 1225 venerandum
1476 1205 1562 1226 sacrae
1574 1198 1647 1224 anti-

864 1244 978 1278 quitatis
991 1248 1197 1271 monumentum
1216 1251 1230 1270 a
1245 1244 1384 1280 plerisque
1396 1244 1510 1272 vetustis
1523 1244 1644 1279 locuple-

864 1290 978 1318 tissimis
994 1291 1109 1318 testibus
1131 1298 1200 1325 quos
1221 1291 1308 1319 eidem
1327 1290 1523 1325 praemisimus,
1544 1297 1644 1325 usque.

865 1341 974 1369 quaque
992 1338 1148 1367 astruatur;
1175 1338 1266 1369 atque.
1292 1335 1373 1362 simul
1403 1342 1435 1362 ac
1457 1343 1491 1363 ex
1516 1335 1645 1370 antiquis

865 1380 935 1407 simo
955 1387 1007 1407 ms.
1027 1379 1122 1408 codice
1144 1380 1328 1408 Alexandrino
1350 1381 1417 1408 illud
1442 1382 1469 1408 in
1491 1381 1580 1408 lucem
1596 1381 1646 1408 fuit

864 1425 978 1457 editum,
1003 1433 1110 1453 summo
1125 1426 1294 1454 eruditorum
1319 1426 1403 1454 ferme
1431 1427 1552 1454 omnium
1580 1434 1646 1454 con-

865 1480 957 1503 sensu,
972 1472 1107 1500 sincerum
1121 1473 1232 1500 omnino
1245 1477 1486 1508 quantumcunque
1499 1477 1552 1504 est,
1569 1473 1646 1507 agni-

864 1521 921 1543 tum
935 1516 1026 1549 fuerit,
1056 1522 1194 1552 receptum
1221 1518 1501 1553 comprobatumque:
1529 1525 1584 1545 non
1598 1518 1646 1546 de-

58 1567 118 1590 aatus
130 1563 209 1592 fuisse
228 1565 355 1593 videatur
368 1565 501 1593 Henricus
514 1565 669 1597 Wottonus,
686 1565 813 1592 solertem
828 1567 849 1597 (ἶ
866 1562 941 1590 fuere
956 1568 1046 1590 tamen
1060 1564 1112 1590 hoc
1127 1567 1153 1590 et
1169 1565 1309 1599 superiore
1319 1565 1436 1596 saeculo,
1459 1564 1505 1599 qui
1520 1564 1644 1592 vitiatum

58 1607 116 1636 hunc
132 1610 255 1638 editorem
275 1611 362 1639 ferme
388 1612 487 1646 ubique
509 1619 570 1638 sum
594 1613 747 1638 assectatus
763 1616 812 1636 :ea

58 1657 131 1681 tamen
148 1656 261 1683 adhibita
279 1657 395 1687 ratione.
411 1660 440 1684 ut
462 1656 592 1684 nonnulla
607 1655 771 1691 quandoque
785 1655 812 1681 in

59 1699 116 1727 notis
129 1700 283 1735 subjecerim
309 1710 342 1729 ex
367 1702 443 1729 Millii
469 1702 620 1737 praesertim
646 1701 811 1736 apographo,

60 1753 106 1778 quae
114 1747 150 1773 vel
160 1747 244 1782 ipsum
254 1748 387 1776 editorem
403 1747 656 1783 Cantabrigiensem
669 1747 808 1782 fugerunt,

59 1795 81 1817 ut
96 1793 164 1820 modo
178 1793 325 1828 praemonui
338 1802 346 1827 ;
361 1794 427 1829 quin
442 1795 507 1821 etin
523 1794 640 1822 medium
652 1793 811 1829 protulerim

59 1838 142 1872 aliquot
160 1840 276 1867 uirorum
286 1840 458 1867 eruditorum
470 1841 657 1875 conjecturas,
674 1840 813 1867 Birrianas

59 1882 79 1910 in
89 1883 180 1917 primis,
194 1893 252 1919 qua:
268 1885 303 1912 ad
322 1893 413 1912 veram
430 1886 573 1913 lectionem
591 1886 751 1916 eruendam,
766 1885 812 1912 ubi

59 1932 131 1957 textus
148 1931 252 1963 defecit,
273 1932 386 1966 propius
401 1931 549 1960 accessisse
559 1932 624 1960 visa:
637 1936 710 1959 sunt.
726 1930 812 1958 Inter-

59 1978 213 2010 pretationem
234 1977 367 2005 Cotclerii
388 1986 403 2005 a
423 1976 569 2006 Coutantio
587 1978 750 2005 recensitam
766 1984 811 2004 re-

59 2022 122 2054 t:nui,
143 2023 190 2050 nisi
207 2023 286 2051 aliter
298 2023 415 2051 suaserit
434 2024 555 2052 exactior
575 2023 679 2052 codicis
695 2023 813 2051 Alexan-

59 2065 115 2094 drini
128 2068 240 2101 collatio,
257 2076 272 2095 a
286 2067 450 2096 Wottonoet
463 2069 547 2097 Millio
560 2070 686 2098 instituta
699 2079 706 2103 ;
723 2069 812 2097 sicubi

58 2112 115 2138 enim
134 2121 164 2140 ex
185 2114 235 2142 ﬁde
255 2123 309 2142 ms.
328 2115 410 2142 lectio
423 2115 531 2150 vulgata
557 2115 730 2143 reformanda
745 2115 807 2148 fuit,

59 2157 221 2193 interpretatio
233 2168 343 2195 quoque
361 2165 390 2187 ut
410 2160 444 2187 ad
461 2164 563 2188 textum
577 2160 703 2188 Grzecum
721 2162 812 2195 exige-

59 2206 117 2229 retur
126 2205 247 2238 oportuit.
263 2205 373 2237 Adhazc,
384 2204 511 2233 Veterum
523 2206 680 2233 testimonia
693 2206 810 2241 prmmisi

58 2254 83 2272 cx
98 2246 254 2276 Coteleriana
281 2250 400 2277 editione
419 2250 579 2286 desumpta;
606 2240 704 2285 quibus
719 2255 810 2277 tamen
826 2240 848 2266 D

58 2292 99 2318 alia
112 2296 229 2322 nonnulla
247 2297 361 2328 intexui,
376 2296 482 2324 caeteris
498 2301 546 2324 aut
561 2297 743 2332 praetermissa
764 2301 809 2324 aut

59 2337 135 2366 invisa.
155 2339 312 2377 Fragmenta
337 2342 399 2370 item
420 2341 589 2370 Clementina
604 2343 702 2378 adjeci,
719 2351 752 2370 ex
776 2344 809 2371 iis

58 2384 205 2415 potissimum
227 2388 310 2421 petita
335 2395 394 2422 quae
415 2387 577 2416 Coutantius
598 2389 736 2424 congessit
755 2399 761 2416 :
781 2393 809 2416 at

58 2429 129 2456 locum
145 2430 292 2459 lrenaicum
320 2433 353 2460 ab
380 2433 440 2468 ipso
454 2434 598 2461 recitatum
620 2435 710 2468 omisi,
726 2443 805 2471 quem

58 2475 131 2507 potius
153 2477 220 2504 inter
241 2478 396 2505 testimonia
417 2479 588 2507 referendum
605 2482 715 2515 censui;
733 2482 761 2509 in
775 2490 808 2509 eo

58 2525 154 2555 namque
167 2530 218 2550 non
241 2523 343 2558 aliquid
357 2524 430 2556 novi,
454 2525 502 2552 sed
523 2529 627 2552 tantum
648 2525 776 2561 Epistolm
798 2528 807 2554 1

57 2567 167 2601 tynopsin
181 2568 296 2596 lrenaeus
307 2570 460 2598 exhibuisse
471 2571 637 2606 perhibetur,
655 2577 685 2599 ut
700 2573 809 2600 cuilibet

57 2609 177 2653 diligenter
190 2614 337 2642 attendenti
348 2620 515 2652 compertum
528 2618 573 2644 ﬁet
590 2627 596 2644 ε
613 2619 685 2652 quod
698 2619 806 2654 quidem

57 2663 138 2691 magno
149 2657 273 2688 Ecclesiae
283 2662 418 2689 annalium
433 2663 538 2698 parenti
547 2663 709 2698 jampridem
725 2664 807 2691 subo-

57 2700 95 2728 luit
109 2702 224 2739 (7),cum
239 2707 328 2734 adhuc
342 2707 488 2736 Clementis
504 2713 593 2737 textus
612 2709 641 2736 in
663 2709 807 2737 bibliothe-

130 2779 236 2820 llaron"
248 2784 281 2812 ad
292 2793 354 2814 ann.
366 2786 410 2820 95,
420 2795 493 2814 num.
509 2787 536 2814 2.

57 2813 243 2883 Μ’ίβέηίξῗὲἔε.
274 2813 410 2848 Corinth:
425 2813 496 2857 apud
512 2813 622 2851 iliuseh.
646 2823 714 2852 (list.
740 2826 803 2853 εισι.

865 1609 935 1636 idem
963 1610 1084 1644 mireque
1111 1610 1304 1645 interpolatum
1327 1611 1469 1639 obﬁrmate
1498 1611 1644 1638 contende-

864 1656 930 1684 rint.
948 1656 1002 1684 Eos
1030 1657 1101 1684 inter
1122 1657 1222 1692 primas
1235 1661 1307 1684 tenet
1323 1657 1466 1685 Eduardus
1478 1657 1643 1687 Bernardus.

864 1703 942 1737 cujus
964 1704 1064 1731 notulae
1091 1704 1118 1730 in
1141 1707 1256 1738 utraque
1269 1702 1522 1731 Amstmlodamensi
1543 1703 1645 1731 Cotele-

865 1750 942 1776 riana
957 1749 1067 1776 Patrum
1094 1749 1305 1784 apostolicorum
1320 1749 1439 1776 editione
1465 1753 1622 1784 comparent
1636 1759 1642 1776 :

864 1795 964 1830 quibus
982 1795 1109 1822 nimirum
1126 1795 1153 1822 in
1171 1795 1197 1822 id
1214 1795 1306 1830 operis
1327 1794 1498 1830 potissimum
1512 1795 1584 1822 omni
1596 1795 1644 1821 ad-

864 1840 949 1867 hibito
971 1843 1071 1867 conatu
1102 1840 1234 1867 incumbit
1267 1840 1308 1867 vir
1337 1839 1549 1875 κριτικώτατος,
1589 1847 1644 1873 quo

864 1887 933 1913 hanc
949 1887 1089 1921 epistolam
1106 1894 1121 1912 a
1148 1886 1229 1921 plano
1250 1886 1373 1920 improbo
1393 1886 1491 1912 misere
1515 1884 1642 1911 foedatam

864 1931 986 1963 suadeat,
998 1931 1043 1966 qui
1054 1931 1186 1958 Clementi
1203 1930 1325 1957 Romano
1348 1930 1504 1957 innumeras
1519 1929 1643 1957 Clemen-

863 1978 898 2005 tis
912 1978 1088 2005 Alexandrini
1099 1978 1212 2005 lacinias
1225 1978 1356 2005 adsuerit.
1373 1977 1524 2004 Severioris
1552 1982 1641 2004 autem

863 2025 945 2058 hujus
955 2025 1044 2051 critici
1059 2025 1158 2060 placita
1175 2024 1274 2051 Joanni
1288 2024 1393 2051 Clerico
1410 2024 1566 2058 plerumque
1579 2031 1643 2058 pro-

863 2070 973 2103 bantur,
987 2071 1033 2105 qui
1045 2079 1076 2098 ea
1091 2071 1194 2106 primus
1212 2071 1239 2097 in
1254 2069 1351 2104 vulgus
1371 2069 1470 2096 emisit.
1493 2068 1643 2104 Utrumque

862 2124 955 2151 porro,
973 2116 1020 2143 sed
1039 2116 1206 2143 Bernardum
1222 2117 1384 2151 prmsertim,
1403 2115 1489 2142 solide
1514 2115 1643 2142 refutat-it

863 2163 988 2191 laudatus
1004 2163 1136 2191 llenricus
1153 2162 1298 2189 Wottonus
1310 2163 1337 2189 in
1353 2162 1426 2189 notis
1439 2161 1473 2188 ad
1493 2161 1637 2188 Clementi-

862 2217 912 2237 nas
941 2209 1080 2244 epistolas.
1104 2216 1219 2244 quarum
1241 2208 1386 2235 editionem
1412 2214 1445 2234 eo
1469 2207 1640 2241 potissimum

863 2256 973 2284 nomine
987 2264 1003 2283 a
1018 2263 1046 2284 se
1057 2256 1214 2284 adornatam
1232 2254 1432 2290 proﬁtetur(9).
1449 2253 1548 2281 Verum
1568 2253 1640 2280 haud

861 2303 951 2338 pigeat
965 2302 1110 2337 ipsummet
1137 2301 1370 2328 accuratissimum
1396 2300 1526 2327 editorem
1543 2299 1592 2325 hac
1607 2298 1641 2325 de

861 2356 890 2375 re
907 2348 1084 2376 disserentem
1111 2346 1205 2374 audire
1230 2346 1303 2382 (10):
1336 2355 1345 2371 ‹
1364 2344 1436 2372 frriti
1451 2349 1524 2376 sunt,
1541 2343 1638 2378 inquit,

861 2393 943 2428 hujus
959 2392 1110 2428 (Bernardi)
1133 2396 1266 2425 conatus;
1284 2392 1329 2426 qui
1346 2391 1418 2418 enim
1435 2390 1486 2417 hoc
1511 2389 1592 2416 modo
1606 2397 1640 2416 ex

859 2439 998 2466 Clemente
1013 2437 1197 2465 Alexandrino
1216 2437 1315 2472 arguit,
1335 2441 1381 2464 aut
1401 2445 1462 2464 eum
1487 2443 1540 2462 non
1557 2435 1640 2470 probe

860 2485 944 2516 novit,
968 2488 1015 2510 aut
1036 2484 1105 2510 mala
1131 2483 1182 2510 ﬁde
1203 2484 1259 2518 agit
1279 2492 1286 2510 :
1315 2483 1410 2510 eadem
1433 2482 1504 2509 enim
1534 2481 1641 2508 ratione

860 2535 949 2558 actum
964 2531 1016 2558 erit
1031 2531 1064 2558 de
1080 2531 1220 2558 authentia
1236 2535 1262 2557 et
1274 2529 1325 2556 ﬁde
1338 2537 1431 2557 eorum
1447 2528 1580 2559 omnium,
1592 2529 1640 2563 qui

859 2585 873 2605 a
896 2577 1034 2605 Clemente
1062 2577 1247 2604 Alexandrino
1272 2583 1386 2610 usquam
1415 2575 1545 2607 citantur,
1569 2575 1640 2602 scri-

858 2623 1069 2658 ptorum.Nemo
1079 2623 1150 2650 enim
1159 2622 1269 2649 Patrum
1282 2623 1378 2656 majori
1394 2623 1501 2649 licentia
1515 2625 1556 2648 cst
1571 2628 1638 2649 usus

858 2669 884 2695 in
902 2668 1019 2695 citandis
1032 2667 1265 2697 auctoribus.sivc
1278 2668 1363 2694 sacris
1374 2667 1430 2694 sive
1441 2666 1636 2699 ethnicis;cum

857 2713 881 2740 ei
897 2713 924 2740 in
940 2721 1015 2741 more
1029 2713 1073 2742 sit.
1091 2720 1144 2740 non
1157 2713 1260 2748 integra
1275 2716 1416 2740 auctorum
1431 2713 1513 2739 verba
1530 2719 1632 2746 semper

893 2791 930 2826 (9)
959 2790 1243 2819 Prmfat.adClement.
1262 2790 1358 2825 Epist.,
1382 2791 1484 2826 p.207.

856 2826 948 2888 ‘0(lt))
978 2826 1006 2853 In
1031 2831 1086 2853 not.
1115 2826 1148 2853 ad
1174 2826 1258 2853 Clem.
1286 2825 1432 2861 Epistft,
1457 2834 1517 2862 cap.
1545 2825 1581 2854 9.
1607 2834 1624 2862 ρ
