1893 3101
221 177 253 206 91

784 174 829 202 AD
849 174 878 202 S.
898 172 1108 214 CLEMENTEM
1126 173 1136 200 l
1155 172 1270 201 ΡΑΡΑΜ

1802 171 1834 199 92

221 233 348 264 recitare.
376 232 424 260 sed
452 239 502 267 pro
523 232 637 261 arbitrio
665 239 715 260 suo
740 239 813 259 nunc
830 232 1000 264 contrahere,
1016 230 1124 262 Adrini
1140 238 1172 259 ex
1190 238 1245 265 quo
1256 230 1424 265 descriptum
1438 233 1479 257 est
1507 228 1655 264 pretiosum
1684 227 1753 255 illud
1780 236 1834 255 xst-

222 286 296 305 nune
311 279 344 305 de
370 286 420 306 suo
444 278 582 311 inserere,
614 278 667 305 alia
689 280 824 310 omittere.
850 278 904 305 alia
917 277 1001 305 variis

223 324 312 351 modis
340 327 456 352 mutare.
485 339 520 344 —
541 324 571 351 Si
593 324 628 352 ad
665 324 722 352 hare
747 324 842 352 sedulo
865 323 1000 355 attendas,

225 375 368 404 agnosces,
381 369 425 404 pie
433 369 540 402 Lector,
553 376 672 402 mecum,
692 377 725 397 ex
740 369 924 397 Alexandrino
947 377 1001 396 non

225 414 414 448 interpolatam
444 413 540 446 fuisse,
562 415 644 442 toties
669 415 703 441 ab
733 414 852 442 Ecclesia
876 414 1002 449 primaeva

224 458 386 486 celebratam
404 460 540 491 laudibus,
554 460 607 486 imo
620 465 646 487 et
668 467 730 487 cum
754 460 840 487 sacris
854 458 1003 494 Scripturis

224 504 330 539 publice
345 505 440 532 lectam
457 504 573 532 Romani
588 504 735 533 Clementis
752 505 925 540 Epistolam.)
941 505 1003 532 Haec

226 550 372 578 Wottonus
385 560 392 583 ;
404 551 448 578 cui
465 555 555 578 tamen
571 551 714 585 prmiverat
733 550 853 578 Joannes
872 550 1001 577 Potterus

223 596 265 622 vir
280 596 347 624 clar.
364 596 391 623 in
417 596 697 624 animadversionibus
708 596 743 623 ad
764 596 929 623 Clementem
941 595 1003 623 Ale-

223 641 387 668 xandrinum
403 641 470 676 (ii),
486 641 532 668 ubi
549 641 703 668 summatim
722 640 842 675 quidem,
867 640 914 668 sed
933 640 1003 667 acri-

224 692 275 719 ter,
291 687 420 715 Bernardi
433 687 645 721 conjectaliones
657 688 740 715 elisit.

259 733 346 768 Hujus
360 741 425 760 vero
436 733 525 760 critici
539 732 618 768 Angli
630 741 654 761 v<
664 733 743 768 stigia
759 740 853 768 presso
869 733 936 768 pede
945 739 1005 767 per-

228 779 352 814 sequitur
365 778 485 807 Joannes
498 778 661 806 Laurentius
676 779 914 815 Moshemius(l2),
923 787 1003 815 quem

225 825 249 852 si
266 824 372 856 audias,
395 824 544 853 Clementis
567 825 681 859 epistola
707 825 719 852 1
747 830 843 860 quarta
869 826 912 853 sui
927 830 1004 860 parte

223 869 379 896 mulctanda
391 869 440 896 tibi
454 870 505 897 erit
525 870 587 897 hinc
602 873 629 897 et
646 869 731 902 illinc,
748 878 763 897 ιι
780 869 868 905 capite
883 870 900 897 9
915 870 948 898 ad
958 871 1002 898 55.

225 915 279 943 Sed
300 923 353 942 non
377 915 469 950 priora
495 915 604 950 quidem
620 915 712 943 decem
728 916 829 951 capita,
853 924 886 944 eo
900 916 1002 951 judice,

224 961 258 987 ab
270 961 478 996 interpolatione
499 964 562 988 sunt
587 969 699 996 prorsus
713 961 853 990 immunia.
867 962 901 989 At
913 963 1004 990 inania

224 1015 286 1035 esse
302 1015 334 1034 ac
348 1007 436 1034 l'utilia
446 1007 587 1035 Moshemii
601 1013 760 1043 argumenta
774 1008 802 1035 in
814 1008 901 1036 oculis
915 1009 1006 1043 posuit

224 1052 343 1081 Joannes
358 1053 513 1081 Ludovicus
525 1052 593 1089 Frey
607 1053 662 1089 (15)
675 1063 682 1081 :
703 1054 837 1089 siquidem
856 1054 954 1081 invicte
964 1054 1006 1081 vir

223 1099 349 1127 eruditus
363 1099 534 1127 cvincitcum
547 1107 580 1127 ex
596 1100 759 1135 antiquitate
773 1100 877 1128 codicis
889 1100 1006 1128 Alexan-

349 1156 433 1191 Epiat.
450 1157 464 1184 1
485 1156 626 1184 Clementis
648 1157 681 1184 ad
705 1157 864 1185 Corinthios.

259 1213 326 1249 Cap.
343 1213 363 1241 I.
380 1213 503 1246 Γυναιξίν
517 1223 546 1240 τε
561 1230 595 1234 -
608 1214 820 1249 παρηγγέλλετε,
842 1214 1007 1250 στεργούσας

225 1259 399 1294 καθηκόντως
423 1260 485 1291 τοὺς
509 1259 607 1295 ἄνδρας
623 1260 726 1287 ἑαυτῶν
752 1276 786 1281 —
809 1261 878 1287 πάνυ
907 1269 1008 1297 σωφρο-

226 1313 331 1336 νουσας.

260 1351 326 1386 Cap.
342 1350 376 1379 V.
392 1351 538 1387 Πέτρος-
548 1351 618 1378 οὕτω
634 1352 811 1388 μαρτυρήσας
825 1352 959 1388 ἐπορεύθη
969 1353 1007 1384 εἰς

226 1397 271 1424 τὸν
288 1397 457 1433 ὀφειλόμενον
467 1397 548 1424 τόπον
557 1397 608 1433 τῆς
621 1397 708 1433 δόξης.

261 1440 328 1475 Cap.
344 1441 402 1469 VII.
419 1442 464 1468 Διὸ
475 1441 666 1479 ἀπολείπωμεν
675 1442 724 1474 τὰς
738 1442 817 1475 κενὰς
830 1443 877 1469 καὶ
892 1443 1008 1478 ματαίας

227 1488 378 1523 φροντίδας,
394 1489 441 1515 καὶ
462 1488 581 1524 ἔλθωμεν
595 1490 642 1516 ἐπὶ
662 1490 706 1517 τὸν
725 1489 822 1525 εὐκλεῆ
840 1490 887 1516 καὶ
912 1490 1008 1526 σεμνὸν

227 1530 277 1565 τῆς
292 1531 371 1565 ἁγίας
387 1531 508 1567 κλήσεως
521 1532 600 1567 ήμῶν
615 1533 723 1560 κανόνα.

407 1561 452 1602 Aio
467 1561 664 1613 erratiodawpsv
686 1581 718 1614 τῇ
743 1579 942 1615 μεγαλοπρεπεῖ
962 1579 1008 1606 καὶ
1021 1561 1042 1590 C

228 1621 324 1656 ἐνδόξῳ
353 1621 475 1657 βουλήσει
502 1622 584 1649 αὐτοῦ
615 1623 706 1660 [Θεοῦ]
722 1640 755 1644 ——
775 1624 948 1656 ἀπολιπόντες
963 1625 1010 1661 τὴν

231 1666 435 1701 ματαιοπονίαν,
450 1666 500 1702 τήν
513 1675 541 1692 τε
556 1667 655 1703 ἐρινρι.
671 1677 696 1695 τ.
714 1669 739 1695 λ.

265 1711 332 1746 Cap.
361 1711 431 1739 XIII.
455 1713 630 1748 Μεμνημένοι
651 1714 705 1741 τῶν
725 1715 811 1750 λόγων
836 1714 884 1742 τοῦ
909 1715 1010 1751 Κυρίου

230 1757 328 1790 Ἰησοῦ,
344 1757 391 1789 οὒς
402 1758 530 1794 ἐλάλησεν
544 1757 758 1794 διδάσκων’-ᾦ
762 1761 858 1799 μέτρῳ
868 1761 1009 1796 μετρεῖτε,

229 1801 264 1827 ἐν
279 1800 358 1833 αὐτῷ
369 1801 586 1836 μετρηθήσεται
599 1803 679 1838 ὑμῖν.

265 1847 330 1881 Cap.
347 1846 419 1874 XXI.
437 1848 549 1884 ’Ῑδωμεν
563 1848 620 1881 πῶς
628 1849 711 1883 ἐγγύς
724 1850 797 1876 ἐστιν
808 1849 832 1885 [ὁ
842 1849 955 1886 Κύριος]
966 1850 1011 1876 καὶ

231 1891 271 1917 ὅτι
284 1892 358 1919 οὐδὲν
374 1892 482 1928 λέληθεν
499 1893 579 1920 αὑτὸν
593 1893 646 1920 τῶν
661 1894 768 1921 ἐννοιῶν
782 1894 870 1930 ἡμῶν,
886 1894 944 1921 οὐδὲ
958 1894 1011 1921 τῶν

231 1937 410 1973 διαλογισμῶν
425 1937 462 1964 ὧν
483 1938 642 1974 ποιούμεθα·
657 1955 692 1959 -
713 1939 857 1975 ἐρευνητὴς
871 1940 924 1975 γάρ
939 1940 1012 1967 ἐστιν

232 1984 340 2010 ἐννοιῶν
356 1984 402 2010 καὶ
417 1983 599 2020 ἐνθυμήσεων.

268 2029 337 2056 Ibid.
355 2029 424 2060 Τοὺς
445 2030 521 2061 νεοὺς
543 2029 729 2064 παιδεύσωμεν
751 2029 800 2065 τὴν
821 2030 943 2057 παιδείαν
965 2031 1012 2057 τοῦ

233 2076 315 2112 φόϐου
331 2076 377 2102 τοῦ
394 2076 460 2103 Θεοῦ
470 2085 477 2092 ·
499 2076 548 2108 τὰς
571 2078 699 2110 γυναῖκας
714 2078 729 2112 ἡ
735 2076 791 2112 μῶν
805 2078 851 2103 ἐπὶ
868 2077 898 2103 τὺ
913 2078 1013 2112 ἀγαθὸν

232 2121 458 2158 διορθωσὼμεθα·
490 2122 519 2148 τὸ
541 2121 725 2157 ἀξιαγὰπητον
745 2123 794 2157 τῆς
815 2123 924 2156 ἁγνείας
949 2122 1014 2159 ἦθος

234 2167 461 2200 ἐνδειξὰσθωσαν·
489 2183 523 2187 —
549 2167 597 2203 τὴν
628 2168 737 2203 ἀγάπην
765 2168 853 2194 αὐτῶν
882 2168 918 2204 μὴ
945 2170 1014 2196 κατὰ

235 2212 418 2248 προσκλίσεις,
434 2211 501 2238 ἀλλὰ
520 2212 602 2238 πᾶσιν
617 2214 672 2243 τοῖς
687 2212 861 2248 φοϐουμένοις
883 2213 928 2240 τὸν
949 2214 1013 2241 Θεὸν

235 2259 325 2291 ὁσίως,
340 2259 400 2294 ἴσην
415 2258 614 2294 παρεχέτωσαν.

272 2315 310 2342 Ex
324 2315 456 2342 hactenus
471 2314 560 2342 allatis
571 2314 730 2349 collatisque
747 2315 813 2342 locis
832 2315 973 2342 manifeste
989 2316 1017 2343 li-

236 2364 311 2395 quet,
329 2364 357 2386 ut
373 2359 481 2394 quidem
501 2360 629 2390 arbitror,
646 2360 680 2386 ab
696 2360 788 2386 ultima
802 2367 887 2394 usque
896 2360 1015 2395 antiqui-

237 2410 292 2433 tate
303 2403 580 2441 Polycarpo,Jnanuis
590 2406 764 2440 evangelista:
774 2405 918 2440 discipulo,
933 2405 1017 2433 fuisse

238 2451 383 2486 perlectam
411 2449 560 2477 Clementis
589 2449 704 2476 Romani
732 2450 880 2484 Epistolam
903 2458 956 2485 qua
983 2450 1017 2477 de

238 2498 363 2532 agimus,
395 2505 508 2532 eamque
538 2505 593 2533 prae
625 2496 711 2524 oculis
740 2495 867 2523 habuisse
894 2499 1017 2523 sanctum

239 2545 431 2578 Smyrnensem
461 2544 622 2575 antistitem,
647 2542 711 2569 dum
735 2549 811 2568 suam
838 2541 970 2569 scriberet
984 2541 1017 2569 ad

240 2589 447 2624 l‘hilippenses:
465 2589 537 2616 unde
547 2593 606 2616 orta
630 2588 779 2616 similitudo
801 2587 856 2620 illa,
882 2595 942 2622 quae
963 2595 1018 2614 non

240 2635 327 2661 solum
342 2635 466 2662 eumdem
482 2634 582 2670 stylum
604 2634 714 2668 ubique.
741 2633 788 2660 scd
804 2633 897 2660 eadem
911 2640 1020 2667 quoque

243 2688 310 2715 pene
326 2680 407 2707 verba
421 2679 523 2707 referre
538 2679 610 2706 haud
631 2678 714 2706 semel
733 2677 850 2706 videtur.
876 2677 944 2704 Cum
966 2677 1019 2704 ita-

240 2734 293 2761 que
318 2725 346 2753 in
365 2725 562 2761 Polycarpiana
588 2723 711 2760 perbrevi
731 2723 853 2759 Epistola
876 2727 916 2751 tot
936 2730 1020 2758 appa-

279 2794 299 2827 (Ι
322 2792 444 2827 )Potter.
460 2792 494 2819 ad
513 2791 600 2819 Clem.
625 2790 699 2818 Alex.
722 2791 820 2819 Strom.
842 2790 889 2817 lib.
903 2797 939 2821 Iv,
957 2796 1013 2824 cap

245 2827 286 2856 l8.
304 2837 320 2862 ι,
344 2828 407 2858 610,
423 2832 479 2854 ιιοι.
497 2827 523 2854 4.

280 2859 334 2898 (PZ)
350 2863 437 2890 luslil.
453 2863 513 2890 Itin.
526 2861 623 2890 Christ.
638 2861 733 2896 major.
749 2869 809 2888 me.
824 2867 872 2895 I,p.
886 2859 1014 2886 212-215.

1056 275 1160 311 μήλιον,
1187 279 1245 303 ιυω
1263 282 1297 303 ex
1319 279 1440 302 veterum
1455 274 1564 302 Patrum
1578 274 1755 306 testimoniis,
1785 281 1836 301 nos

1053 321 1176 348 eamdem
1192 320 1304 348 omnino
1330 321 1472 356 epistolam
1500 320 1611 352 habere,
1640 327 1721 355 quam
1743 319 1836 347 habuit

1053 369 1161 394 vetusta
1176 365 1316 400 Ecclesia;
1333 373 1414 401 quam
1438 365 1584 393 audierunt
1602 365 1630 392 in
1653 365 1743 392 sacris
1758 366 1836 392 coeti-

1054 411 1105 440 bus
1120 412 1240 447 primaevi
1253 411 1413 443 Christiani,
1434 411 1498 438 dum
1522 410 1611 437 adhuc
1631 410 1692 445 ejus
1707 409 1836 438 lectionis

1053 466 1120 486 usus
1135 458 1254 494 vigeret;
1267 465 1348 494 quam
1359 458 1476 492 denique
1490 457 1611 493 legerunt
1622 455 1772 492 Dionysius
1783 456 1836 483 Co-

1053 504 1183 537 rinthius,
1197 504 1322 532 Clemens
1339 502 1539 530 Alexandrinus
1550 522 1557 535 ,
1574 501 1692 538 Cyrillus
1705 500 1837 529 Hieroso-

1054 549 1212 585 lymitanus,
1226 549 1418 585 Hieronymus,
1435 552 1462 576 et
1476 548 1576 576 caeteri.

1089 594 1190 622 Verum
1206 595 1230 622 si
1253 595 1335 622 altius
1359 594 1450 622 adhuc
1477 593 1672 622 assurrexisset
1696 592 1741 620 vir
1754 593 1836 624 clam,

1053 639 1172 666 vetustis
1200 638 1254 666 illis
1288 638 1418 666 Ecclesiae
1446 638 1626 673 scriptoribus
1654 638 1835 666 vetustiorem

1053 686 1134 715 etiam
1150 685 1250 714 addere
1277 689 1383 721 poterat
1409 685 1601 722 Polycarpum,
1630 685 1837 713 sanctissimum

1055 731 1246 768 Smyrnensem
1260 732 1416 767 episcopum
1432 736 1459 760 et
1469 735 1613 767 martyrem
1626 753 1633 766 ,
1647 731 1692 767 qui
1711 730 1839 758 eamdem.

1057 777 1254 805 Clementinam
1278 777 1426 812 Epistolam
1456 785 1538 805 manu
1563 785 1697 809 versasse,
1727 777 1795 812 quin
1809 780 1836 804 et

1054 823 1186 851 nonnulla
1199 831 1231 850 ex
1243 831 1274 850 ea
1286 831 1354 858 pene
1367 822 1453 850 verbo
1467 827 1545 850 tenus
1560 826 1685 857 excerpta
1700 822 1731 849 in
1759 829 1834 849 suam

1055 869 1088 896 ad
1103 869 1291 904 Philippenses
1308 868 1457 904 Epistolam
1478 868 1651 896 transtulisse
1665 868 1833 902 perhibetur.

1054 915 1146 951 Neque
1161 915 1278 942 fortasse
1291 915 1408 942 otiosum
1428 913 1520 945 fuerit,
1540 921 1600 948 quze
1628 914 1694 941 viris
1719 913 1834 940 eruditis

1054 961 1188 994 nobisque
1214 960 1358 987 observata
1382 958 1416 987 de
1437 959 1630 995 Polycarpiana
1655 959 1773 986 lectione
1791 966 1834 985 oc-

1055 1009 1181 1037 currunt,
1203 1005 1230 1032 in
1250 1013 1334 1032 unum
1346 1010 1473 1040 congesta
1490 1009 1572 1040 atque
1595 1003 1710 1032 invicem
1726 1011 1834 1039 compa-

1055 1055 1116 1078 rata
1132 1051 1159 1078 in
1177 1050 1296 1078 medium
1315 1050 1448 1086 proferre.
1477 1050 1517 1077 En
1543 1051 1633 1086 itaque
1649 1050 1775 1078 locorum
1789 1050 1833 1076 ali-

1056 1100 1122 1131 quot
1137 1096 1347 1131 parallelismum
1360 1096 1525 1124 institutum.

1229 1154 1316 1189 Epist.
1333 1154 1473 1189 Polycarpi
1487 1153 1520 1180 ad
1542 1153 1655 1187 Philipp.

1091 1211 1156 1246 Cap.
1175 1210 1217 1238 IV.
1234 1210 1386 1246 Διδάξωμεν
1413 1227 1447 1231 -
1476 1210 1525 1242 τὰς
1551 1211 1680 1244 γυναῖκας
1708 1209 1787 1245 ὑμῶν
1802 1224 1829 1228 -

1057 1257 1221 1292 στεργοὺσας
1234 1257 1297 1288 τοὺς
1313 1256 1415 1283 ἑαυτῶν
1428 1255 1525 1291 ἄνδρας
1534 1256 1563 1282 ὲν
1577 1255 1651 1292 πάσῃ
1665 1253 1780 1290 ἀληθείᾳ
1792 1254 1833 1280 καὶ

1056 1319 1091 1324 -
1106 1304 1136 1331 ὲν
1151 1304 1225 1340 πάσῃ
1239 1303 1394 1340 ἐγκρατείᾳ.

1092 1350 1158 1386 Cap.
1170 1349 1215 1378 IX.
1228 1350 1330 1385 Πέτρος
1344 1350 1390 1376 καὶ
1406 1348 1511 1380 Παῦλος
1520 1343 1631 1374 -οῦτοι
1646 1346 1748 1378 πάντες
1756 1362 1790 1367 -
1799 1347 1833 1377 εἰς

1057 1397 1101 1424 τὸν
1115 1396 1284 1431 ὀφειλόμενον
1299 1395 1390 1426 αὐτοῖς
1402 1393 1483 1420 τόπον
1498 1393 1550 1419 εἰσὶ
1565 1392 1639 1428 παρὰ
1652 1391 1690 1427 τῷ
1705 1392 1809 1427 Κυρίῳ.

1093 1443 1159 1478 Cap.
1182 1442 1239 1470 VII.
1255 1441 1300 1468 Διὸ
1322 1440 1497 1471 ἀπολιπόντες
1519 1438 1567 1474 τὴν
1591 1438 1759 1474 ματαιότητα
1786 1437 1833 1463 τῶν

1058 1489 1161 1516 πολλῶν
1174 1503 1210 1508 ——
1222 1488 1267 1513 ἐπὶ
1282 1486 1326 1513 τὸν
1347 1485 1377 1518 ἐξ
1397 1485 1483 1521 ἀρχῆς
1504 1486 1570 1520 ἡμῖν
1591 1483 1779 1520 παραδοθέντα
1800 1482 1834 1508 λό-

1058 1544 1106 1570 γον
1119 1533 1333 1570 ὲπιστρέψωμεν.
1790 1533 1793 1538 ’

1093 1581 1161 1615 Cap.
1177 1579 1210 1607 ll.
1225 1578 1270 1605 Διδ
1285 1577 1487 1612 ἀναζωσάμενοι
1497 1576 1545 1608 τὰς
1554 1575 1667 1611 ὀσφύας,
1680 1575 1834 1602 δουλεύσατε

1059 1624 1098 1660 τῷ
1111 1624 1170 1659 Θεῷ
1184 1624 1212 1649 ὲν
1228 1621 1302 1657 φόϐῳ
1316 1623 1362 1648 καὶ
1377 1620 1683 1656 ἁληθείᾳ,ἀπολιπόντες
1697 1619 1748 1655 τὴν
1762 1619 1834 1654 κενὴν

1062 1668 1262 1706 ματαιολογίαν,
1278 1668 1325 1694 καὶ
1339 1667 1387 1702 τὴν
1403 1666 1457 1692 τῶν
1471 1665 1574 1692 πολλῶν
1588 1665 1701 1700 πλάνην.

1093 1714 1159 1749 Cap.
1175 1713 1206 1741 II.
1224 1712 1463 1748 Μνημονεύσαντες
1477 1711 1505 1737 δὲ
1518 1708 1555 1737 ὧν
1570 1708 1645 1737 εἶπεν
1659 1711 1673 1736 ό
1688 1710 1791 1746 Κύριος
1803 1710 1834 1735 δι-

1059 1760 1250 1788 δάσκων-*ὲν
1263 1757 1286 1791 ᾦ
1298 1759 1394 1794 μέτρῳ
1403 1756 1544 1793 μετρεῖτε,
1559 1756 1834 1791 ἀντιμετρηθήσεται

1059 1806 1140 1834 ὑμῖν.

1181 1848 1226 1876 ιν.
1243 1847 1356 1875 Γινώσκ.
1385 1863 1418 1868 -
1446 1847 1486 1873 ὅτι
1513 1846 1538 1882 [ὸ
1560 1845 1637 1881 Θεὸς]
1658 1844 1749 1872 πάντα
1764 1843 1835 1879 ἡμῶν

1062 1897 1217 1926 σκοπεῖται,
1238 1895 1284 1921 καὶ
1307 1892 1415 1927 λέληθεν
1442 1891 1523 1918 αὑτὸν
1550 1889 1635 1921 οὐδὲν,
1664 1888 1727 1915 οὔτε
1756 1889 1835 1922 λογισ-

1063 1942 1120 1977 μῶν
1130 1961 1137 1974 ,
1152 1940 1213 1967 οὗτε
1227 1939 1334 1966 ἐννοιῶν
1344 1958 1351 1970 ,
1374 1937 1434 1964 οὔτε
1455 1946 1482 1963 τι
1501 1936 1553 1962 τῶν
1568 1934 1695 1971 κρυπτῶν
1711 1935 1761 1970 τῆς
1775 1942 1835 1968 καρ-

1061 1988 1129 2019 δίας.
1708 1986 1714 1991 ”

1098 2032 1165 2059 Ibid.
1190 2030 1342 2065 Διδάξωμεν
1369 2044 1404 2049 —
1427 2028 1477 2058 τὰς
1510 2026 1640 2061 γυναῖκας
1666 2024 1743 2060 ὑμῶν
1773 2023 1835 2059 [πο-

1064 2076 1206 2114 ρεύεσθαι]
1221 2077 1250 2103 ὲν
1270 2078 1304 2112 τῇ
1318 2075 1426 2111 δοθείσῃ
1447 2073 1542 2103 αὐταῖς
1563 2072 1652 2098 πίστει
1676 2071 1725 2098 καὶ
1748 2070 1835 2105 ἀγάπῃ

1064 2124 1110 2150 καὶ
1126 2123 1261 2158 ἀγνείᾳ-
1271 2122 1318 2148 καὶ
1331 2119 1480 2155 ἀγαπώσας
1496 2119 1597 2150 πάντας
1607 2117 1636 2150 ἐξ
1653 2118 1710 2144 [σου
1725 2117 1754 2143 ἐν
1769 2116 1835 2151 πάσῃ

1064 2168 1219 2205 ἐγκρατείᾳ·
1234 2167 1281 2194 καὶ
1294 2167 1328 2193 τὰ
1341 2166 1423 2193 τέκνα
1437 2164 1572 2192 παιδεύειν
1585 2163 1634 2199 τὴν
1656 2162 1781 2189 παιδείαν
1794 2159 1835 2186 τοῦ

1029 2231 1051 2259 D
1065 2215 1147 2250 φόϐου
1161 2213 1209 2240 τοῦ
1223 2212 1300 2240 Θεοῦ.

1064 2318 1142 2342 reant
1157 2311 1332 2341 Clementina:
1343 2310 1456 2345 vestigia
1469 2318 1476 2342 ;
1491 2309 1562 2336 hanc
1577 2314 1658 2334 unam
1673 2306 1710 2333 ob
1721 2312 1834 2335 causam.

1065 2359 1211 2390 Bernardi,
1237 2357 1335 2385 Clerici
1361 2363 1392 2383 ac
1421 2354 1560 2382 Moshemii
1585 2353 1795 2387 conjectationes
1807 2351 1835 2377 de

1067 2405 1149 2439 hujus
1161 2403 1269 2431 laciniis
1286 2410 1319 2430 ex
1334 2401 1472 2429 Clemente
1489 2399 1670 2426 Alexandrino
1682 2396 1837 2431 desumptis.

1067 2450 1178 2478 omnino
1192 2451 1356 2477 evanescant
1370 2451 1485 2482 oportet.

1101 2495 1194 2530 Neque
1209 2494 1255 2521 alii
1269 2493 1391 2528 profecto
1404 2492 1513 2523 desunt,
1533 2491 1579 2526 qui
1598 2489 1721 2525 ejusdem
1737 2488 1836 2524 Episto-

1067 2541 1100 2568 lae
1109 2540 1293 2568 sinceritatem
1308 2539 1335 2565 in
1347 2537 1457 2564 dubium
1475 2539 1617 2568 revocent;
1630 2535 1702 2570 quod
1716 2534 1834 2561 nimirum

1067 2586 1197 2613 nonnulla
1214 2584 1337 2611 fabulosa
1353 2591 1407 2618 pra:
1421 2590 1450 2609 se
1465 2582 1531 2609 ferat
1544 2590 1551 2614 ;
1565 2581 1637 2616 quod
1664 2581 1754 2615 aliqua
1770 2580 1794 2606 in
1809 2586 1834 2606 ea

1068 2631 1257 2659 desiderantur
1271 2637 1286 2656 a
1310 2629 1425 2656 vetustis
1440 2628 1566 2655 Patribus
1580 2627 1704 2662 allegata,
1725 2630 1776 2654 etc.
1791 2624 1834 2651 Sed

1069 2677 1120 2704 bos
1135 2677 1302 2704 morosiores
1317 2675 1429 2702 criticos
1443 2675 1542 2701 missos
1558 2673 1689 2700 facimus:
1706 2677 1762 2700 tum
1772 2670 1835 2706 quod

1069 2731 1164 2750 eorum
1175 2722 1341 2757 ohjectiones
1355 2721 1426 2748 ﬂuxo
1439 2720 1506 2747 adeo
1521 2720 1576 2746 talo
1601 2719 1732 2751 nitantur,
1755 2722 1783 2745 ut
1797 2724 1835 2752 pe-

1105 2788 1161 2851 (ἇὸ)
1187 2788 1293 2815 Prmfat.
1321 2785 1354 2814 ad
1378 2785 1463 2821 Epist.
1494 2785 1542 2814 SS.
1561 2785 1611 2813 PP.
1628 2784 1742 2819 apostol.
1772 2783 1833 2811 circa

1069 2832 1129 2852 mea
1134 2845 1140 2850 .
