1893 3101
42 189 69 218 93
666 195 812 225 PROU‘JMI

864 196 1040 226 VARIORUM
1618 201 1650 228 Μ

42 249 91 275 dem
101 255 162 275 cum
179 248 300 286 singulis
315 250 442 280 conferre
460 255 532 280 haud
544 253 679 288 expediat,
703 260 760 282 tum
785 255 812 282 in
829 260 849 286 Α
864 262 946 290 porro
962 263 996 283 ne
1020 255 1094 282 illam
1117 255 1226 290 quidem
1242 255 1451 284 Corinthiorum
1476 258 1588 286 nomine
1613 259 1636 287 si

41 295 124 329 primis
137 295 213 329 quod
235 302 251 322 a
267 296 407 333 plerisque
432 298 499 325 viris
521 299 636 327 eruditis
651 308 696 328 res
710 301 818 328 abunde

41 340 98 367 satis
108 340 190 368 fuerit
198 346 376 375 pertractata.
387 342 506 370 Firmum
522 344 603 379 igitur
616 349 759 380 ratumque
771 347 816 378 sit,

40 395 186 422 germanam
202 389 318 416 omnino
332 397 393 417 esse
416 390 533 424 priorem
549 391 697 419 Clementis
711 393 816 427 episto-

40 433 166 468 lam.qua:
176 433 283 461 utinam
306 433 341 460 ad
364 443 416 464 nos
439 436 817 473 integrapervenissethuid-

39 479 96 513 quid
107 479 180 506 enim
196 481 225 507 in
237 488 269 507 ea
285 482 452 513 continetur.
469 486 590 518 tempora
607 484 686 519 plane
707 489 817 519 aposto-

38 524 83 550 lica
98 524 202 558 refert;
232 534 320 561 neque
336 527 420 554 ullum
435 536 467 555 ex
483 529 556 556 omni
579 533 652 557 retro
667 531 818 565 antiquita-

39 574 61 597 te
75 571 214 605 quispiam
225 575 322 600 testem
338 574 507 608 produxerit.
522 575 568 610 qui
584 575 707 604 homines
720 576 817 604 cordae

38 619 75 642 tos
88 615 122 643 de
138 616 214 644 illius
247 618 404 646 sinceritate
419 619 516 646 merito
543 620 675 655 ancipites
702 621 816 649 reddere

38 660 128 688 valeat.

69 706 111 733 Ill.
129 706 297 736 Posterioris
319 709 383 737 item
399 710 432 737 ad
444 711 601 739 Corinthius
613 712 741 748 Epistolte
754 713 816 741 Cle-

38 752 168 783 mentinaa,
185 757 252 780 sunt
280 754 327 789 qui
360 763 413 782 non
430 757 517 783 solum
541 757 694 790 veritatem,
720 767 813 786 verum

38 797 110 822 etiam
124 798 318 833 antiquitatem
332 800 500 835 impugnant.
516 801 564 830 llis
579 811 664 838 nuper
678 804 758 831 etiam
773 812 816 832 ac-

37 842 111 868 cessit
128 843 205 870 haud
222 844 367 872 incelebris
378 846 492 874 criticus
511 847 681 877 llermannus
696 848 814 877 Vcnema

37 885 60 912 in
75 886 204 922 Epistolis
221 888 359 925 ﬂat-lingu:
369 891 512 926 evulgatis.
529 900 561 920 eo
576 893 748 928 potissimum
764 903 815 922 no-

37 931 111 963 mine,
127 941 185 967 quo
199 935 378 969 epistolarum
393 936 541 964 Clementis
556 927 649 966 arclar.
664 939 815 968 Wetstenio
831 927 851 954 Β

36 979 101 1006 haud
118 980 156 1007 ita
172 981 282 1016 pridem
299 983 433 1010 editarum
462 985 643 1020 integritatem
661 991 814 1015 everteret:

36 1032 82 1059 qua
95 1024 128 1052 de
142 1033 174 1053 re
198 1034 263 1053 mox
279 1027 402 1056 inferius.
431 1027 470 1056 Ne
487 1030 578 1064 itaque
609 1030 696 1058 ofﬁcio
721 1036 815 1059 nostro

36 1070 123 1098 deesse
141 1071 299 1104 videamur,
313 1073 490 1107 Cotelerium,
508 1075 624 1107 Bullum,
640 1076 814 1104 Coutantiutn

35 1116 151 1151 aliosque
165 1118 243 1144 viros
258 1118 355 1146 doctos
376 1121 515 1153 assectati,
533 1121 750 1149 adversariorum
765 1123 815 1150 ob-

34 1163 224 1197 iectationibus
240 1163 331 1192 facere
347 1166 415 1194 satis
436 1174 524 1202 opera:
539 1169 654 1203 pretium
674 1169 815 1195 existima-

35 1216 98 1236 mus.

66 1254 274 1283 Observandum
291 1257 381 1292 itaque
404 1259 521 1293 primum
548 1258 696 1294 Epistulam
712 1264 815 1286 utram-

34 1309 82 1335 que
96 1309 127 1328 ex
143 1310 201 1328 uno
228 1303 375 1337 superstite
390 1305 574 1332 vetustissimo
587 1305 680 1332 codice
695 1305 814 1332 Alexan-

34 1347 108 1374 drino
123 1348 150 1374 in
169 1349 259 1376 lucem
276 1349 420 1384 prodiisse.
439 1349 558 1381 Scilicet,
581 1351 667 1377 codex
679 1351 729 1378 iste
747 1359 814 1386 qua—

34 1397 92 1419 tuor
116 1394 304 1421 voluminibus
324 1399 464 1426 constans,
483 1395 620 1430 praeﬁxum
639 1396 720 1422 habet
744 1396 814 1422 indi-

33 1439 121 1466 culum
137 1440 273 1466 librorum
290 1441 432 1476 utriusque
452 1441 584 1472 Ftederis,
600 1442 634 1468 ab
645 1441 766 1476 ejusdem
782 1442 814 1468 li-

32 1485 112 1512 brarii
138 1493 223 1512 manu
244 1486 446 1514 eharactcribus
474 1487 628 1514 uncialibus
654 1491 811 1515 exaratum:

31 1538 109 1565 quem
124 1531 262 1566 integrum
273 1531 383 1559 exhibet
398 1531 560 1567 Beveregius
575 1532 641 1568 (li),
656 1537 682 1560 et
704 1533 812 1568 quidem

33 1585 135 1604 summa
153 1577 206 1605 ﬁde
217 1577 394 1613 descriptum,
410 1579 477 1606 adeo
488 1583 560 1606 utne
576 1579 689 1607 lacunas
703 1580 811 1615 quidem
826 1592 848 1622 ρ

33 1623 209 1657 suppleverit,
227 1623 274 1650 sed
290 1624 334 1651 ubi
360 1624 455 1651 iittene
466 1624 568 1658 quaevis
589 1629 666 1651 erant
680 1629 812 1653 vetustate

34 1668 145 1701 ποι-θεῖε,
164 1669 201 1695 ibi
218 1669 365 1696 interstitia
380 1673 506 1696 accurate
518 1669 641 1697 dimensa
654 1670 809 1705 reliquerit:

34 1713 101 1746 quod
130 1712 228 1739 itidem
263 1713 389 1747 prmstitit
415 1721 448 1740 ex
472 1713 619 1749 Bcveregio
648 1713 812 1743 lluml‘redus

34 1756 132 1785 llodins
149 1758 226 1792 (15);
251 1762 278 1784 et
303 1758 442 1793 deinceps,
468 1763 495 1784 at
518 1767 571 1785 non
588 1759 645 1793 pari
670 1761 809 1796 religione,

32 1801 151 1830 Joannes
171 1802 304 1829 Ernestus
314 1801 431 1830 Grabius
448 1803 514 1839 (l6).
533 1803 560 1830 ln
575 1803 626 1830 hoc
642 1803 725 1839 igitur
741 1806 812 1834 indi-

32 1848 92 1875 culo
106 1848 160 1875 sub
176 1848 268 1879 ﬁnem,
284 1848 381 1876 litteris
394 1849 584 1883 grandioribus
599 1849 701 1884 absque
715 1858 806 1880 accen-

32 1895 102 1922 tibus
117 1899 146 1921 et
162 1895 306 1929 spiritibus
320 1895 419 1929 quibus
430 1900 514 1926 caret,
529 1895 569 1922 sic
583 1895 680 1930 legitur
695 1906 701 1924 :

134 1941 353 1967 ΚΛΠΜΕΝΤΟΣ
379 1941 409 1966 Ε.
428 1960 434 1966 .
453 1961 460 1966 .
478 1960 485 1967 .
503 1961 509 1967 .
527 1961 533 1966 .
551 1961 558 1968 ,
574 1941 621 1968 ΛΗ
635 1934 657 1969 Χ

153 1986 353 2013 .....sNr02
381 1981 657 2015 Ε.......Λιιῖ

63 2032 138 2065 Quas
153 2037 245 2059 autent
263 2039 316 2067 prie
331 2039 361 2059 se
389 2032 440 2059 fert
462 2032 507 2060 hic
523 2033 659 2062 indiculus
673 2034 741 2062 duas
752 2035 812 2063 Cle-

30 2078 128 2105 mentis
144 2077 297 2112 Epistolas,
311 2084 359 2105 eas
374 2077 483 2104 exhibet
509 2078 543 2105 ad
561 2079 663 2107 calcem
688 2080 812 2115 ejusdem

28 2132 80 2152 ms.
95 2123 202 2151 codicis
214 2124 339 2151 volumen
356 2128 498 2158 quartum:
513 2124 632 2159 priorem
652 2125 760 2161 quidem
772 2127 813 2153 sic

28 2170 190 2205 inscriptam
205 2189 212 2200 ,
245 2169 459 2196 ΚΛΗΜΕΝΤΟΣ
486 2169 574 2196 ΠΡΟΣ
607 2171 813 2199 ΚΟΡΙΝΘΙΟΥΣ

28 2215 203 2242 ΕΠΙΣΤΟΛΗ
225 2215 267 2246 Δ;
295 2215 473 2249 posteriorem
488 2223 553 2243 vero
575 2217 625 2249 sic,
649 2217 812 2244 KAHMEN-

869 305 977 335 gnatam
991 307 1023 327 ex
1039 299 1161 333 ejusdem
1177 300 1290 327 indiculi
1306 301 1414 328 silentio
1430 301 1492 336 jure
1506 304 1618 338 arguat?

902 345 995 380 Neque
1008 345 1071 372 item
1088 345 1226 373 silentium
1245 353 1296 373 nos
1307 352 1414 374 moveat
1432 347 1552 381 Eusebii,
1566 354 1593 376 ct
1605 357 1650 384 qui

867 396 928 416 eum
945 389 1031 416 setuti
1044 393 1117 421 sunt,
1131 389 1290 426 llieronymi
1306 395 1387 426 atque
1399 391 1508 425 Ruﬁni;
1524 393 1570 428 qui
1587 393 1651 420 dum

868 433 995 469 Epistola:
1021 434 1147 462 secundae
1172 436 1375 468 meminerunt,
1399 436 1528 464 Ecclesia:
1553 437 1647 465 Corin-

867 479 964 506 thiacze
979 479 1063 507 fuisse
1078 480 1150 507 illam
1165 480 1324 516 inscriptam
1342 489 1397 508 non
1412 483 1566 516 perhibent.
1582 483 1650 511 Cum

866 526 939 553 enirn
965 526 1065 553 laudati
1081 527 1241 561 scriptores,
1260 531 1289 554 ut
1305 532 1379 555 recte
1405 528 1577 560 Coutantius,
1594 536 1653 558 me-

866 576 971 598 tnorata
997 571 1088 606 priore
1112 571 1259 599 Clementis
1281 571 1315 598 ad
1338 571 1490 600 Corinthios
1517 574 1650 608 Epistola.

866 616 957 644 statim
974 617 1112 644 subdant:
1135 615 1232 644 Fertur
1260 622 1284 644 et
1306 617 1401 649 altera,
1417 627 1506 653 neque
1525 619 1558 646 ad
1581 619 1650 648 alios

866 662 937 689 hanc
951 662 1064 689 alteram
1081 662 1209 697 scriptam
1222 670 1282 689 esse
1297 662 1439 699 designent
1449 684 1456 696 ,
1472 672 1529 691 eam
1541 673 1650 699 quoque

866 707 898 734 ad
915 707 1025 734 eosdem
1041 707 1170 742 scriptam
1196 707 1347 743 intelligere
1371 709 1468 736 merito
1490 709 1650 736 existiman-

865 757 928 781 tur:
941 754 1073 788 alioquin,
1089 754 1112 780 si
1133 753 1164 780 ad
1177 754 1245 781 alios
1266 754 1376 781 missam
1392 759 1514 787 nossent,
1524 763 1611 790 neque
1622 755 1649 782 id

865 799 1106 833 innuissent,h:cc
1117 800 1237 835 ipsorum
1250 800 1391 827 reticentia
1403 801 1466 835 jure
1490 809 1522 828 ac
1550 802 1650 829 merito

865 845 1036 880 negligentia:
1050 845 1185 880 culpanda
1207 846 1357 873 videretur.
1375 846 1446 880 Quid
1467 847 1540 882 quod
1562 847 1649 874 Doro-

865 891 944 918 theus
960 891 1183 923 archimandrita,
1195 891 1314 919 Joannes
1326 891 1509 919 Damascenus
1523 896 1549 919 et
1563 891 1648 919 Nicon

866 937 1018 964 monachus
1032 937 1173 964 secundum
1197 937 1346 965 Clementis
1365 937 1527 972 Epistulam,
1546 944 1571 965 et
1587 938 1649 972 qui-

865 981 925 1009 dem
953 981 988 1008 (ιιι
1014 981 1167 1009 Corinthios
1197 982 1338 1016 scriptam.
1366 986 1506 1017 legerunt,
1533 983 1649 1018 ejusque

866 1035 950 1054 untm
967 1028 1115 1055 alterumve
1131 1027 1310 1062 fragmentum
1326 1029 1397 1064 apttd
1424 1029 1484 1056 illos
1510 1033 1648 1056 servatum

864 1074 1014 1101 etiamnum
1026 1074 1197 1108 reperimus?
1209 1074 1279 1106 Quid
1295 1074 1369 1109 quod
1386 1075 1428 1102 vel
1450 1075 1508 1109 ipse
1535 1074 1648 1102 Photins

865 1119 949 1146 semel
962 1119 1114 1154 iterumque
1125 1120 1213 1154 palam
1223 1122 1351 1152 testatur,
1360 1119 1411 1146 sibi
1422 1120 1517 1146 lectum
1531 1119 1647 1147 libellum

863 1164 892 1190 in
906 1173 955 1199 quo
967 1163 1108 1192 Clementis
1125 1164 1252 1199 Epistula:
1263 1165 1323 1192 dum
1345 1165 1380 1192 ad
1394 1165 1544 1193 Corinthios
1560 1166 1648 1192 conti-

864 1210 1009 1243 nebantur,
1031 1211 1144 1246 ejusque
1159 1211 1192 1240 de
1215 1217 1331 1247 utraque
1348 1212 1480 1249 judicium
1499 1212 1566 1239 mire
1579 1220 1647 1239 con—

864 1261 943 1284 sonat
958 1265 1019 1283 cum
1037 1257 1070 1285 iis
1097 1266 1157 1292 qua:
1185 1258 1273 1285 adhuc
1301 1259 1468 1293 supersunt?
1489 1258 1648 1286 Consulesis

864 1302 936 1329 infra
952 1307 1072 1330 veterum
1087 1305 1239 1331 testimonia
1254 1304 1382 1339 Epistolis
1393 1303 1571 1332 Clementinis
1582 1313 1648 1339 prcc-

864 1347 957 1380 missa,
973 1347 1176 1383 fragmentaque
1189 1349 1284 1376 iisdem
1301 1349 1434 1383 subjecta.
1457 1348 1484 1375 Si
1500 1349 1565 1384 quid
1582 1359 1648 1386 ergo

863 1392 965 1427 negotii
989 1392 1125 1420 lacessant
1150 1393 1333 1428 antiquiorum
1353 1393 1473 1425 Eusebii,
1490 1393 1647 1429 llieronymt

864 1445 896 1465 ac
910 1439 998 1466 Ruﬁni
1015 1439 1074 1466 loca
1090 1439 1161 1466 haud
1184 1439 1250 1468 satis
1274 1443 1368 1474 aperta
1384 1460 1391 1472 ,
1409 1440 1480 1474 qttod
1499 1443 1588 1467 tamen
1602 1441 1646 1467 vix

864 1484 1020 1512 admiserim
1036 1505 1043 1517 ,
1073 1485 1136 1512 hinc
1163 1486 1259 1521 procul
1285 1486 1368 1513 dubio
1386 1485 1532 1513 'diﬁicultas
1559 1486 1648 1513 onmis

864 1530 975 1557 tollatur
990 1535 1113 1565 oportet;
1133 1539 1194 1558 cum
1210 1531 1312 1559 diserta
1335 1533 1515 1566 posteriorum
1532 1532 1648 1566 scripto-

864 1582 924 1602 rum
940 1575 1033 1608 verba,
1061 1577 1183 1611 priorum
1209 1582 1235 1604 et
1265 1577 1427 1605 sententiam
1451 1578 1596 1612 expiant-nt
1621 1581 1648 1605 et

863 1621 1017 1649 testimonia
1032 1623 1188 1649 conﬁrment
1195 1645 1201 1650 .

899 1666 939 1694 Ex
955 1667 998 1695 his
1013 1668 1105 1703 itaque
1123 1673 1292 1704 compertum
1319 1670 1460 1702 habemus,
1478 1673 1507 1697 ut
1521 1670 1645 1705 equidem

862 1712 1009 1745 existimo,
1037 1713 1109 1740 haud
1135 1721 1231 1748 parum
1262 1715 1390 1750 ponderis
1417 1715 1450 1742 ad
1472 1715 1645 1742 asserenvlam

862 1757 993 1786 Clementi
1007 1758 1207 1787 Romanohanc
1219 1761 1365 1788 secundam
1379 1760 1537 1796 Epistulam,
1545 1761 1647 1788 habere

863 1805 1050 1832 auctoritatem
1074 1805 1177 1833 codicis
1203 1806 1390 1837 Alexandrini.
1410 1806 1533 1840 proximo
1559 1809 1588 1832 ut
1605 1807 1632 1832 vi

862 1849 943 1876 detur
968 1850 1068 1877 sacculo
1091 1853 1153 1885 post
1176 1851 1323 1878 concilium
1350 1850 1489 1877 Nictenum
1517 1858 1550 1877 ex
1574 1850 1640 1877 anti-

862 1894 957 1929 quiore
981 1895 1103 1929 proiecto
1130 1896 1278 1931 exemplari
1307 1896 1448 1931 descripti.
1466 1895 1502 1922 Ex
1524 1903 1557 1923 eo
1571 1896 1644 1923 enim

862 1942 948 1977 liquet
957 1945 1100 1976 utramque
1113 1940 1310 1969 Clementinam
1327 1941 1476 1977 Epistolam
1488 1949 1541 1968 non
1555 1942 1644 1968 solum

863 1986 934 2014 inter
968 1987 1115 2014 canonicas
1150 1985 1307 2022 Scripturas
1336 1986 1447 2022 perinde
1480 1987 1644 2014 reccnsitam

863 2031 958 2064 fuisse,
972 2039 1004 2059 ac
1027 2032 1050 2060 si
1066 2036 1180 2067 utraque
1198 2040 1261 2060 vere
1284 2032 1414 2059 canonica
1435 2036 1522 2064 esset,
1550 2040 1644 2060 verum

862 2078 943 2105 etiam
958 2077 1052 2105 ambas
1067 2082 1209 2113 propterea
1217 2078 1243 2105 in
1253 2086 1392 2105 sacrorum
1406 2077 1547 2105 Librorum
1559 2086 1643 2105 censu

862 2124 952 2152 locum
968 2123 1108 2156 habuisse,
1125 2131 1233 2158 unaque
1247 2132 1308 2151 cum
1327 2124 1388 2150 aliis
1401 2124 1542 2151 canonicis
1565 2124 1644 2151 libris

863 2169 948 2198 fuisse
963 2173 1136 2204 compactas,
1164 2169 1236 2204 quod
1252 2174 1364 2205 utraque
1381 2175 1444 2197 tunc
1472 2170 1600 2205 temporis
1616 2171 1643 2197 itt

863 2216 979 2244 coetibus
992 2215 1188 2244 ecclesias‘ticis
1204 2216 1244 2242 vel
1273 2216 1324 2249 legi
1355 2216 1463 2246 soleret,
1480 2216 1520 2243 vel
1546 2216 1642 2243 saltem

28 2261 91 2286 ΤΟΣ
118 2260 295 2287 ΕΠΙΣΤΟΛΗ
320 2260 340 2285 Β
364 2267 373 2286 :
399 2264 428 2287 ut
447 2260 538 2288 videre
565 2265 607 2289 est
637 2263 707 2297 apud
731 2263 811 2290 Wot-
827 2259 849 2287 D
863 2269 947 2289 sacrae
965 2261 1079 2296 publicze
1094 2261 1203 2288 lectioni
1219 2261 1412 2288 destinaretur.
1437 2261 1513 2294 Quod
1532 2261 1642 2296 quidem

28 2311 133 2338 tonum,
163 2306 374 2334 solertissimum
403 2306 505 2333 laudati
528 2307 632 2336 codicis
658 2309 810 2345 exscripto-

27 2360 93 2379 rem.
111 2351 150 2378 Ex
167 2352 220 2379 hoc
236 2351 318 2386 igitur
330 2351 512 2379 Alexandrino
527 2354 675 2388 exemplari
692 2362 813 2389 comper-

27 2403 82 2425 tum
95 2402 149 2430 est,
178 2398 278 2432 primo,
305 2397 373 2425 duas
393 2398 528 2434 Epistolas
558 2398 725 2428 Clementem
746 2401 812 2428 scri-

27 2443 243 2479 psisse;deiude
269 2447 412 2479 utramque
426 2443 512 2472 fuisse
538 2444 687 2473 Corinthiis
711 2446 810 2474 inscri-

26 2494 111 2524 ptam.
125 2488 201 2517 Licet
216 2489 290 2516 enim
304 2490 448 2524 posterior,
460 2497 493 2517 ex
504 2490 677 2518 librariorum
693 2491 810 2520 fortasse

25 2535 142 2568 incuria,
152 2538 304 2569 praenotata
311 2533 380 2569 πρὸς
395 2533 553 2570 Κορινθίους
560 2535 632 2561 haud
640 2540 808 2570 compareat;

23 2579 121 2614 quidni
137 2583 165 2607 et
179 2587 240 2607 eam
255 2577 290 2605 ad
304 2577 462 2606 Corinthios
485 2579 598 2605 missam
614 2579 809 2611 existimemus,

24 2634 85 2653 rum
101 2626 205 2661 prioris
220 2625 363 2659 inscriptio
375 2624 427 2651 hac
440 2624 474 2651 de
492 2632 521 2651 re
535 2624 602 2652 satis
617 2632 753 2660 superque
769 2625 811 2652 in-

22 2671 125 2700 dubios
138 2679 191 2699 nos
204 2671 321 2698 reddat?
350 2669 496 2697 Enimvero
510 2678 598 2705 neque
613 2671 688 2706 prior
713 2671 810 2706 legitur

24 2719 49 2744 in
74 2717 200 2746 indieulo
228 2717 316 2745 fuisse
332 2716 367 2744 ad
393 2715 551 2744 Corinthios
565 2717 727 2752 perscripta.
743 2717 810 2750 Quis

57 2837 117 2897 pc)
141 2837 209 2870 Cod.
224 2846 305 2880 σωκ.
334 2837 408 2866 Eccl.
428 2839 523 2879 prim?
545 2839 592 2867 lib.
616 2847 649 2868 ιι,
668 2847 727 2875 cap.
740 2848 767 2875 9.

74 2873 118 2898 ἰπὶ
142 2873 268 2898 Delli“.
298 2878 362 2898 text.
393 2881 474 2898 arma»
496 2874 541 2898 ltb_
567 2882 602 2898 tv.
634 2881 694 2898 can.
723 2876 749 2898 ι.

24 2873 118 2934 6195)
141 2873 268 2902 DcBibl.
298 2878 362 2900 text.
393 2874 474 2909 στίφη
496 2874 542 2902 lib.
566 2882 604 2907 tv,
634 2873 752 2909 capCL;
781 2883 807 2910 p.

40 2921 56 2935 θ
78 2929 85 2935 .

861 2307 948 2342 magis
960 2307 1049 2333 adhuc
1063 2307 1243 2334 conﬁrmatur
1258 2315 1290 2334 ex
1310 2307 1462 2334 canonihus
1473 2307 1642 2341 apostolicis,

858 2353 931 2380 circa
942 2352 1032 2379 saeculi
1047 2360 1076 2379 Ill
1093 2352 1210 2378 medium
1226 2352 1365 2379 collectis:
1393 2352 1420 2378 in
1445 2352 1542 2378 horum
1567 2352 1639 2379 enim

859 2406 994 2426 canonum
1021 2399 1126 2431 ultimo,
1155 2406 1295 2425 sacrarum
1320 2397 1522 2432 Scripturarum
1547 2406 1643 2426 recen-

859 2444 963 2471 sionem
988 2444 1156 2479 prol'crente,
1175 2447 1236 2478 post
1255 2448 1428 2470 enumeratas
1455 2444 1640 2478 apostolorum

860 2489 995 2524 Epistolas
1010 2490 1101 2517 statim
1118 2489 1301 2524 subjiciuntur
1326 2488 1481 2524 Κλήμεντος
1503 2489 1642 2516 ἐπιστολαὶ

858 2534 905 2561 δύο
920 2544 928 2562 :
956 2542 1018 2569 qum
1043 2534 1167 2570 proiecto
1177 2533 1278 2561 eaedem
1293 2533 1378 2561 fuisse
1390 2533 1516 2560 videntur
1527 2541 1590 2560 cum
1609 2534 1642 2561 iis

859 2588 929 2614 qttas
942 2579 1117 2607 Alexandrini
1139 2580 1244 2606 codicis
1261 2579 1398 2606 indiculus
1412 2579 1538 2612 exhibet;
1554 2587 1586 2606 eo
1600 2581 1641 2606 vel

860 2625 977 2652 maxime
997 2624 1071 2660 quod
1091 2625 1186 2652 eodem
1212 2625 1292 2660 plane
1311 2625 1407 2652 ordine
1435 2633 1490 2660 quo
1515 2625 1641 2652 laudatus

861 2670 1008 2701 indiculus,
1027 2677 1114 2697 canon
1128 2670 1179 2697 iste
1195 2670 1362 2705 apostolicus
1378 2670 1438 2698 illas
1456 2670 1559 2706 digerat.
1576 2680 1582 2697 :
1613 2674 1639 2697 ut

861 2715 976 2749 proinde
988 2715 1062 2742 nulla
1077 2715 1164 2743 subsit
1174 2714 1320 2748 dubitatio,
1337 2717 1483 2751 quominus
1500 2716 1640 2750 utriusque

864 2835 953 2904 s416)
986 2833 1137 2869 Prolcgom.
1158 2833 1191 2861 ad
1209 2841 1278 2862 vers.
1311 2836 1390 2870 LXX,
1404 2839 1470 2864 tom.
1487 2835 1509 2869 Ι,
1529 2843 1589 2872 cap.
1610 2836 1633 2868 ι,
