1893 3101
180 121 214 148 τις
741 112 786 140 ΔΙ)
805 111 834 140 S.
854 109 1063 140 CLEMENTEM
1083 109 1094 136 l
1112 107 1227 136 PAPAM

182 179 269 207 bitror
284 175 355 204 inter
370 175 438 203 duas
455 173 557 209 primas
571 170 784 208 persecutiones,
795 167 911 196 Neronis
925 174 956 194 ac
970 190 975 197 α

1036 166 1060 193 >ὖ
1078 165 1154 199 ἁγίου
1173 164 1327 200 Κλήμεντος
1349 163 1380 189 ὲκ
1416 159 1444 189 S.
1471 160 1612 189 Clementis
1635 169 1667 188 ex
1688 160 1795 196 Epiuo-

182 221 342 254 Bomitiani,
362 225 389 247 et
402 222 464 246 ante
481 217 642 246 seditionem
663 214 786 243 Corinthi
801 213 956 241 excitatam.

216 266 379 294 Omittebam
405 264 464 296 hic,
479 266 509 290 ut
523 263 551 290 in
566 265 687 290 veterum
705 258 885 291 testimoniis,
903 258 957 285 duo

183 320 243 347 qua:
251 315 348 347 postea
360 311 538 337 occurrerunt
552 307 619 334 loca.
631 305 737 333 Primus
749 305 825 332 locus
839 308 881 332 est
892 310 959 339 prae-

184 358 297 395 fationis
319 355 428 383 concilii
452 353 571 386 Nicaeni,
595 352 697 380 Latinae
719 359 751 379 ex
773 349 889 377 Arabico
913 357 960 384 per

183 393 366 430 Abrahamum
375 400 578 427 Ecchellensem
590 398 682 430 factae;
694 397 721 423 in
732 403 785 431 quo
795 395 895 422 dicitur
904 393 962 421 Cle-

185 452 303 475 mentem
317 445 431 481 epistola
448 444 466 471 ‘2
480 444 643 471 mentionem
658 442 756 470 fecisse
769 444 904 468 sectarum
916 439 959 466 '10.

187 493 286 521 Verum
301 492 346 518 illa
358 490 512 526 epistola,si
526 489 618 517 eadem
632 493 673 515 est
692 494 723 514 ac
735 490 827 514 nostra
836 505 843 517 ,
857 492 908 512 nec
921 488 962 511 est

187 541 267 574 plane
281 537 434 573 apocrypha
448 558 455 570 ,
471 542 642 571 nequaquam
662 533 755 561 retulit
776 533 809 559 70
828 531 961 562 haereses,

187 586 278 614 retulit
293 584 385 611 forsan
398 583 423 610 Ἰ.
437 582 557 610 Alterum
570 582 659 608 locum
680 578 834 615 deprompsi
851 586 884 605 ex
895 577 965 613 opti-

188 631 240 658 mis
254 629 418 657 membranis
441 627 544 654 codicis
563 625 707 653 admodum
739 623 841 658 antiqui
873 622 900 649 in
922 622 964 650 bi-

182 675 324 704 .bliotheca
346 673 398 701 PP.
415 672 478 700 Soc.
492 671 572 704 Iesu,
586 671 691 706 copiam
706 669 821 696 faciente
841 667 965 695 Gabriele

185 721 340 752 ‘Cossartio,
357 720 416 746 viro
427 726 488 745 cum
503 717 617 752 insignis
631 715 770 747 doctrinm,
786 721 841 742 tum
855 713 966 748 prolixa:

187 765 378 793 humanitatis.
402 764 448 792 Est
472 767 560 791 autem
580 762 610 790 S.
629 760 787 789 Damasceni
808 759 966 794 Eclogarum

191 819 329 839 sacrarum
355 818 415 846 cap.
429 809 497 844 Περὶ
517 809 570 835 τῶν
585 807 757 844 προσκαῑρων
771 806 818 832 καὶ
839 804 892 831 τῶν
905 804 967 830 alo)-

190 836 476 890 ’καί
491 855 530 880 ὅτι
553 836 672 888 χρὴιτῶν
687 836 826 886 τέαρόντων
851 847 885 875 τὰ
907 847 969 883 μέλ-
983 836 1005 864 Β
1019 836 1147 873 περιϐολὴ
1156 836 1268 870 γίνεται·

191 903 270 929 λοντα
285 901 434 936 προτιμᾷν.
454 899 527 935 quod
548 898 693 933 respondet
713 895 794 931 capiti
813 894 848 921 ‘20
869 893 930 921 libri
950 900 969 919 ιι

192 947 388 975 Parallelorum
401 946 545 974 editorum.

1025 214 1074 249 τῆς
1082 213 1148 249 πρὸς
1159 211 1318 247 Κορινθίους
1326 209 1357 245 β’.

1040 270 1068 297 '0
1081 269 1135 296 τῶν
1145 268 1283 304 παρόντων
1291 266 1385 301 αἰσθη-

1009 318 1082 349 τικδς
1104 316 1223 352 συνίησιν
1237 316 1275 347 ὡς
1288 313 1348 341 οὔτε
1368 313 1386 340 ἃ

1011 362 1162 397 λογίζονται
1170 369 1241 392 τινες
1248 358 1317 387 εἶναι
1324 368 1385 393 τερ-

1011 410 1078 442 πνὰ,
1114 410 1176 442 ξένα
1203 409 1249 436 καὶ
1278 407 1385 443 μακράν

1011 457 1068 482 ἐστι
1086 455 1140 482 τῶν
1154 453 1287 489 ἀπεχθῶν.
1309 452 1386 478 Ἀλλὰ

1011 502 1058 528 καὶ
1099 499 1213 531 πλοῦτος
1258 498 1386 529 πολλάκις

1014 547 1112 584 μᾶλλον
1126 547 1219 578 πενίας
1234 546 1334 581 ἐθλιψε,
1341 547 1388 573 καὶ

1013 597 1089 630 ὑγεία
1099 595 1178 623 πλέον
1191 595 1284 630 ἠνίασε
1299 594 1385 621 νόσου.

1013 645 1068 672 Καὶ
1077 644 1188 671 καθόλου
1195 644 1247 670 τῶν
1261 642 1388 678 λυπηρῶν

1014 694 1061 720 καὶ
1072 693 1192 729 φευκτῶν
1208 691 1315 719 πάντων
1329 691 1390 718 ὑπό-

1015 742 1088 774 θεσις
1102 742 1148 768 καὶ
1161 741 1226 776 ὖλη,
1241 742 1257 777 ὴ
1275 739 1329 767 τῶν
1346 740 1391 766 ἀσ-

1015 790 1126 816 παστῶν
1155 789 1202 815 καὶ
1232 789 1288 823 μετ’
1309 786 1388 822 εὐχὴν

1755 100 1789 128 7G

1443 209 1469 236 la
1485 207 1517 235 II
1548 208 1582 235 ad
1599 207 1762 235 Corinthios.

1457 264 1508 298 Qui
1527 273 1567 291 res
1583 264 1718 298 presenti:
1733 264 1797 290 vitae

1421 310 1553 345 agnoscit,
1571 309 1692 344 intelligit
1713 317 1798 343 neque

1420 365 1451 384 ea
1466 365 1524 392 qum
1540 356 1658 384 nonnulli
1675 354 1799 390 jucunda

1422 408 1559 439 reputant,
1573 403 1660 429 aliena
1677 409 1733 428 esse
1751 405 1799 428 aut

1420 451 1510 486 procul
1525 450 1618 476 dissita
1636 448 1667 475 ab
1682 449 1716 476 iis
1738 455 1801 482 qua

1424 499 1483 526 odio
1497 497 1634 525 habentur.
1646 496 1801 529 Quinetiam

1423 544 1521 571 divitia:
1539 550 1714 577 sapenumero
1738 549 1801 568 ma-

1424 593 1463 628 gis
1484 600 1562 627 quam
1582 594 1723 625 paupertas
1758 589 1803 616 tw-

1424 645 1528 671 serunt,
1556 644 1581 666 et
1608 638 1708 664 sanitas
1739 637 1802 671 plus

1425 688 1514 714 morbo
1525 687 1628 722 aﬂlizit.
1637 685 1670 712 In
1683 693 1802 716 summa,

1425 739 1560 770 gratarum
1572 741 1659 760 rerum
1676 741 1707 759 ac
1725 736 1805 766 opta-

1426 786 1514 807 tarum
1527 779 1657 815 afﬂuentia
1673 778 1762 805 evadit
1777 778 1805 804 in

1427 836 1533 856 causam
1544 833 1568 854 et
1583 827 1722 854 materiam
1747 834 1806 853 om-

1429 875 1500 901 nium
1519 874 1634 900 tristium
1655 877 1733 908 atque
1756 871 1804 898 de-

1430 926 1594 949 testatorum.

194 1019 1795 1047 _________.___._.__._—.—————————

333 1251 440 1314 EX
487 1245 850 1311 EDITIONE
891 1242 1123 1306 PETRI
1171 1237 1662 1305 COUSTANTII.

688 1370 761 1406 (app.
774 1372 843 1396 Rom.
854 1370 925 1396 Pont.
939 1371 958 1394 t.
973 1368 992 1400 ι,
1005 1366 1082 1394 Paris.
1097 1366 1166 1398 mi,
1184 1364 1278 1400 m-roi.)

475 1535 784 1582 EPISTOLIE
828 1534 875 1579 S.
913 1530 1248 1578 CLEMENTIS
1287 1531 1305 1575 Ι
1342 1528 1522 1574 PAPIE.

745 1639 881 1678 Quando
899 1641 931 1670 et
945 1645 1040 1678 quam
1056 1637 1114 1669 diu
1130 1636 1257 1669 sederit.

237 1805 264 1834 Ι.
276 1804 401 1833 Clemens
420 1805 540 1829 veterum
550 1797 703 1827 testimonio
714 1801 744 1824 ut
754 1794 938 1831 apostolorum
952 1801 985 1820 π-
997 1794 1019 1824 C
1035 1791 1064 1818 in
1077 1789 1236 1818 Corbeiensi
1252 1792 1342 1816 autem
1356 1789 1436 1817 annis
1451 1797 1476 1816 ix
1488 1810 1496 1823 ,
1518 1789 1660 1817 mensibus
1682 1797 1698 1816 ι
1708 1809 1716 1822 ,
1741 1789 1784 1818 die
1800 1796 1809 1816 ι

202 1851 291 1887 qualis
313 1847 474 1876 celebratur.
489 1845 668 1879 Quamobrem
690 1850 743 1870 non
768 1842 838 1869 alius
857 1840 978 1868 creditur

203 1900 238 1927 ab
247 1906 289 1930 eo,
304 1898 382 1932 cujus
397 1895 498 1922 Paulus
512 1893 611 1928 Philip.
636 1899 663 1918 ιν
673 1911 681 1924 ,
697 1891 730 1922 5,
753 1889 887 1918 meminit.
903 1887 980 1914 Licet

203 1946 286 1976 hunc,
302 1943 339 1970 uti
353 1942 408 1977 jam
422 1938 641 1976 pratmonuimus,
655 1944 669 1963 a
681 1936 761 1963 Petro
771 1935 926 1970 episcopum
939 1940 982 1959 or-

204 1991 325 2018 dinatum
337 1986 520 2014 Tertullianus
534 1983 591 2010 Lib.
607 1982 638 2009 de
654 1981 811 2016 prazscript.,
824 1986 850 2006 e.
865 1978 910 2009 '52,
924 1981 981 2004 tra-

205 2036 261 2067 dat,
274 2039 356 2068 atque
367 2039 424 2059 aevo
440 2029 615 2064 Hieronymi,
636 2028 695 2062 ipso
715 2026 878 2060 Hieronymo
894 2026 980 2055 teste,

204 2080 318 2116 plerique
332 2077 484 2104 Latinorum
495 2073 634 2102 secundant
647 2077 705 2106 post
716 2071 822 2098 Petrum
837 2069 981 2104 apostolum

206 2128 327 2160 putarent
344 2122 440 2156 fuisse;
459 2119 529 2147 idem
550 2123 640 2145 tamen
656 2116 854 2150 Hieronymus,
878 2121 982 2141 necnon

207 2168 386 2205 Epiphanius,
401 2164 568 2200 Augustinus
577 2183 585 2196 ,
597 2162 711 2197 Optatus
722 2181 728 2193 ,
747 2160 879 2188 Eusebius
890 2179 897 2190 ,
914 2159 984 2186 scri-

207 2220 270 2251 ptor
298 2212 429 2249 poematis
456 2210 586 2237 adversus
617 2207 792 2238 Marcionem,
816 2205 984 2232 Tertulliano

209 2250 273 2288 olim
300 2255 576 2289 tributi,etlrenaaus,
595 2253 667 2281 sicut
688 2257 715 2280 et.
734 2256 837 2279 veteres
850 2250 985 2278 Romano-

208 2314 269 2334 rum
284 2302 439 2341 pontificum
454 2300 579 2335 catalogi,
589 2299 741 2335 proximum
756 2297 828 2324 Petri
843 2303 986 2324 successo-

210 2360 266 2380 rem
278 2358 331 2378 non
348 2349 511 2377 Clementem
523 2367 530 2378 ,
548 2346 594 2374 sed
608 2345 705 2372 Linum
720 2343 873 2378 designant.
889 2341 927 2370 Ita
942 2342 987 2369 ille

210 2397 322 2432 intelligi
338 2400 427 2431 potest
441 2404 455 2422 a
469 2394 550 2421 Petro
562 2392 705 2420 ordinatus
718 2390 861 2425 episcopus
883 2388 916 2416 ad
930 2389 988 2424 epi-

211 2443 347 2479 scopalia,
364 2449 412 2469 seu
431 2439 580 2475 apostolica
595 2437 688 2464 munia
709 2435 851 2467 obeunda,
869 2439 898 2461 ut
920 2435 987 2461 nulli

211 2494 269 2517 tum
283 2488 404 2515 ecclesiae
417 2488 490 2512 esset
504 2484 640 2519 alligatus,
657 2481 704 2509 sed
724 2484 786 2517 post
799 2483 912 2507 mortem
927 2479 987 2507 Lini

211 2538 238 2561 et
250 2532 317 2560 Cleti
333 2539 348 2558 a
363 2530 493 2558 Romanis
507 2530 534 2556 in
549 2529 706 2564 episcopum
721 2526 861 2562 proprium
877 2530 988 2561 coopta-

213 2586 256 2608 tus
271 2579 361 2606 fuerit.
376 2575 518 2612 Epiphanii
528 2583 560 2603 ea
571 2574 605 2602 de
614 2582 643 2601 re
658 2573 841 2608 conjecturam
852 2571 988 2606 superius,

213 2625 259 2652 ubi
273 2624 306 2651 de
317 2623 385 2650 Lino
400 2621 588 2654 disseruimus,
597 2618 689 2647 relatis
701 2617 788 2654 ipsius
801 2616 892 2644 verbis
906 2622 990 2650 expo-

213 2671 329 2698 suimus.
692 2693 695 2696 ,

249 2716 276 2743 2.
292 2715 370 2742 Anno
379 2713 481 2741 Christi
495 2712 540 2744 9i,
555 2711 679 2739 Clemens
692 2709 722 2737 in
735 2708 807 2736 Cleti
823 2708 911 2735 locum
930 2705 990 2733 suf-

215 2762 302 2789 fectus
323 2759 453 2787 creditur.
479 2757 629 2785 Romanam
654 2755 745 2785 sedem
768 2755 797 2781 in
820 2751 990 2780 Bucheriano

214 2806 323 2840 quidem
339 2804 461 2839 catalogo
473 2804 552 2831 annis
563 2810 601 2835 ix,
620 2801 761 2830 mensibus
772 2807 811 2833 ιι,
826 2798 922 2827 diebus
938 2804 988 2830 xu,

1031 1836 1184 1864 obtinuisse
1196 1838 1373 1864 memoratur.
1392 1835 1469 1868 Eum,
1482 1842 1554 1862 anno
1569 1834 1678 1870 Trajani
1695 1834 1810 1870 impera-

1030 1884 1100 1912 toris
1117 1882 1209 1915 tertio,
1225 1882 1277 1909 hoc
1297 1885 1339 1909 est
1357 1880 1459 1909 Christi
1480 1881 1649 1912 centesimo,
1664 1889 1726 1907 cum
1747 1885 1810 1907 totos

1031 1938 1122 1957 novem
1140 1937 1221 1956 annos
1233 1927 1447 1963 praedicationem
1457 1927 1527 1954 uerbi
1540 1927 1621 1953 diuini
1634 1931 1810 1960 procurasset,

1032 1983 1047 2003 e
1062 1975 1118 2003 vita
1137 1975 1238 2002 abiisse
1253 1973 1386 2001 Eusebius
1407 1973 1454 2000 lib.
1479 1980 1510 1999 ιιι
1531 1972 1613 2004 Ilist.,
1628 1980 1653 2000 c.
1680 1972 1733 2005 54,
1745 1972 1812 2000 scri-

1034 2021 1085 2049 bit.
1104 2020 1172 2048 Hinc
1184 2020 1262 2047 valde
1277 2019 1407 2047 sublestae
1421 2023 1463 2046 est
1480 2017 1552 2052 fidei,
1567 2017 1638 2053 quod
1651 2018 1728 2045 solus
1742 2017 1812 2044 Prae-

1033 2066 1187 2094 deslinatus
1209 2073 1224 2091 a
1246 2064 1389 2092 Sirmondo
1408 2064 1533 2100 vulgatus
1559 2072 1620 2099 cap.
1636 2063 1687 2095 12,
1703 2067 1811 2096 narrat,

1032 2111 1176 2147 quemdam
1195 2110 1321 2138 videlicet
1336 2109 1466 2142 Marcum,
1482 2110 1527 2144 qui
1541 2109 1632 2136 carnis
1642 2109 1760 2144 negabat
1772 2116 1813 2136 re-

1034 2158 1246 2188 surrectionem,
1262 2156 1376 2191 ideoque
1393 2155 1531 2183 Christum
1545 2163 1599 2183 non
1614 2163 1677 2183 vere
1691 2162 1811 2189 passum,

1035 2203 1084 2232 sed
1099 2203 1229 2238 putative,
1246 2203 1396 2230 conabatur
1414 2205 1537 2228 astruere
1549 2220 1556 2234 ,
1572 2207 1587 2227 a
1607 2199 1749 2228 Clemente
1763 2199 1814 2226 Ro-

1035 2259 1118 2279 mano
1131 2251 1261 2286 episcopo
1276 2253 1306 2276 ut
1320 2248 1482 2283 dignissimo
1501 2247 1604 2275 Christi
1621 2250 1741 2281 martyre
1756 2246 1814 2273 fixis

1037 2301 1064 2325 et
1074 2297 1187 2331 integris
1198 2295 1397 2322 assertionibus
1410 2292 1590 2325 confutatum,
1604 2296 1632 2319 et
1639 2299 1730 2319 coram
1741 2291 1814 2327 plebe

1038 2343 1065 2370 in
1077 2341 1194 2369 ecclesia
1208 2341 1344 2368 detectum
1354 2359 1362 2372 ,
1385 2343 1487 2366 aeterna
1501 2338 1673 2365 damnatione
1691 2338 1812 2372 punitum

1038 2389 1135 2416 fuisse.
1152 2387 1218 2415 Nam
1228 2392 1255 2414 et
1263 2386 1380 2414 [renatus
1391 2386 1439 2413 lib.
1450 2393 1470 2418 ι,
1482 2391 1506 2412 e.
1517 2384 1544 2415 9.
1554 2384 1626 2411 circa
1642 2390 1743 2409 annum
1755 2383 1812 2412 180,

1040 2438 1087 2462 aut
1101 2434 1182 2461 etiam
1202 2433 1263 2465 190,
1285 2431 1367 2459 Marci
1387 2434 1537 2458 commenta
1556 2428 1719 2460 confutans,
1735 2429 1769 2456 de
1783 2435 1813 2454 eo

1003 2466 1026 2493 Β
1041 2484 1071 2508 ut
1087 2480 1178 2507 adhuc
1198 2479 1346 2514 superstite
1365 2477 1499 2512 loquitur:
1514 2479 1540 2503 et
1557 2474 1691 2502 Eusebius
1705 2474 1755 2502 lib.
1770 2482 1794 2501 tv
1805 2493 1812 2506 ,

1040 2534 1066 2554 c.
1093 2526 1142 2557 li,
1163 2528 1307 2560 postquam
1329 2522 1504 2551 Valentinum
1530 2521 1654 2555 aliosque
1674 2520 1814 2547 haereticos

1041 2572 1146 2608 Hygino
1166 2571 1291 2606 pontiﬁce
1306 2569 1420 2596 Romam
1433 2567 1542 2595 venisse
1552 2586 1559 2598 ,
1576 2570 1656 2600 atque
1672 2565 1705 2592 ad
1721 2565 1814 2592 Anice~

1043 2622 1099 2644 tum
1129 2624 1215 2652 usque
1227 2614 1428 2650 .permansisse
1453 2612 1612 2644 enarravit,
1641 2611 1766 2646 adiungit
1792 2614 1816 2637 et

1043 2663 1116 2690 hunc
1131 2662 1250 2689 Marcum
1266 2660 1355 2688 eodem
1379 2664 1492 2694 tempore
1515 2657 1664 2685 exstitisse.
1685 2656 1764 2689 Quod
1778 2656 1815 2682 in-

1043 2708 1115 2736 dicio
1139 2711 1181 2734 est
1203 2707 1277 2734 hunc
1305 2705 1464 2734 haereticutn
1498 2708 1562 2732 ante
1581 2702 1679 2739 Hygini
1697 2706 1814 2738 tempora

1043 2753 1128 2782 fuisse
1142 2753 1272 2790 ignotum.
