1893 3101
95 145 127 175 TI
711 142 880 171 PROGIMIA
898 141 1090 170 V'AlllORUM.
1676 145 1710 172 73

531 233 762 264 ADMONITIO
790 233 830 263 ΙΝ
858 230 1087 263 EPISTOLAM
1119 230 1291 261 PRIMAM.

126 304 147 332 l.
158 304 260 340 Elapso
275 303 378 331 saeculo
392 302 507 338 Cyrillus
517 301 631 330 Lucaris
640 301 757 337 primum
766 301 881 329 Alexan-
894 303 917 332 Α
931 300 1031 329 tentias
1051 301 1124 337 apud
1147 301 1314 329 Clementem
1337 301 1414 330 Alex.
1431 302 1480 331 lib.
1503 310 1544 335 tv,
1560 312 1621 339 pag.
1639 305 1691 332 516
1701 326 1708 338 ,

91 350 199 382 drinus,
216 357 249 377 ac
270 348 368 377 deinde
389 349 706 383 Constantinopolitanus
725 347 879 383 patriarcha

90 393 190 421 Carolo
210 393 234 425 Ι,
251 394 400 429 Anglorum
412 393 480 428 regi,
506 392 641 428 insignem
654 393 726 420 dono
742 392 816 419 misit
830 399 878 419 co-

90 439 181 466 dicem
207 438 436 470 Alexandrinum,
460 438 655 473 grandioribus
674 437 772 465 litteris
796 443 878 464 manu

90 485 202 512 Thecla
226 485 327 512 nobilis
353 484 458 512 feminze
479 484 635 521 Egyptian,
668 485 741 512 circa
776 484 878 514 Nicami

93 529 102 556 l
121 530 249 562 concilii,
264 535 294 557 ut
308 530 404 562 fertur,
419 536 540 565 tempora
551 534 702 562 exaratum,
721 530 747 557 in
760 538 813 564 quo
828 530 880 558 Ve-

91 577 160 604 teris
177 581 206 604 et
220 576 290 603 Novi
309 575 475 604 Testamenti
491 576 568 603 libris
582 576 643 604 duae
660 576 808 604 Clementis
822 577 879 612 epi-

93 621 170 648 stola:
178 621 373 655 subjiciuntur.
383 620 484 647 Harum
497 621 582 655 prima
594 621 670 648 valde
684 621 798 648 celebris
807 621 878 656 apud

92 671 201 693 veteres
220 666 281 694 fuit.
297 665 372 692 Hanc
387 666 485 700 quippe
506 665 617 693 laudant
637 666 753 694 tremens
770 667 816 694 lib.
834 675 876 700 Ill,

93 719 118 738 c.
131 711 166 744 ὃς
183 715 212 738 et
232 711 304 746 apud
322 710 467 738 Eusebium
491 711 537 738 lib.
550 719 611 743 v,c.
625 712 652 743 6,
672 712 798 740 Clemens
815 712 878 739 Ale-

93 757 250 784 xandrinus
265 756 427 784 Stromatum
446 757 493 784 lib.
511 764 530 790 ι,
548 765 585 788 Iv,
608 766 623 784 v
636 762 662 785 et
687 765 730 791 vt;
746 758 876 793 Origenes

93 802 140 829 lib.
162 810 184 829 ιι
207 802 247 829 De
258 802 402 836 principiis,
416 809 476 837 cap.
493 802 520 834 3.
536 807 563 830 et
581 803 608 829 in
623 801 702 830 Jaan.
720 811 738 834 ι,
758 802 810 836 29;
828 803 878 830 lle-

92 848 224 882 gesippus
242 848 312 882 apud
327 847 471 875 Eusebium
492 847 539 874 lib.
562 856 608 880 1v,
628 855 652 875 c.
673 848 709 875 22
722 858 729 882 ;
743 848 876 876 Eusebius

91 894 151 928 ipse
162 894 213 920 lih.
229 901 260 920 ιιι
281 892 352 920 Hist.
375 892 484 924 ecct.,c.
499 892 549 926 i6;
564 892 682 927 scriptor
693 894 875 928 quaestionum

90 940 194 968 Justini
212 941 322 967 nomine
333 940 514 975 vulgatarum,
525 947 550 968 c.
566 940 613 973 74;
627 939 794 975 Epiphanius
808 941 874 969 hter.

930 347 1103 381 paucioribus
1118 347 1287 382 perstrictas,
1301 352 1327 374 et
1340 351 1435 375 contra
1446 356 1508 384 pag.
1523 350 1574 376 517
1588 350 1710 385 pluribus

928 391 1075 425 explicatas
1085 391 1238 423 offendant,
1255 392 1397 427 epistolam
1410 393 1479 421 hanc
1493 402 1546 421 non
1561 395 1709 425 sinceram.

929 436 976 463 sed
991 436 1052 464 aliis
1068 437 1135 465 locis
1157 442 1310 464 truncatam
1333 442 1360 465 et
1382 439 1444 466 aliis
1465 439 1655 475 interpolatam
1676 441 1711 469 ad

929 488 979 508 nos
994 483 1149 516 pervenisse
1164 484 1348 517 suspicentur.
1366 483 1417 511 Sed
1433 484 1580 513 Clementis
1594 485 1711 516 Romani

928 525 1140 554 Alexandrinum
1165 527 1384 562 interpolatorem
1409 536 1470 556 esse
1496 537 1551 556 non
1575 531 1709 566 ambiget,

929 569 975 603 qui
996 570 1078 596 verba
1095 570 1187 597 addita
1202 571 1235 598 ad
1250 572 1404 599 institutum
1421 573 1508 608 ipsius
1522 574 1709 609 Alexandrini,

929 623 982 650 quo
994 616 1027 644 de
1041 617 1125 645 Gnosi
1141 623 1261 647 tractare
1277 620 1328 647 sibi
1347 627 1536 655 proposuerat,
1557 631 1712 652 accommo-

929 662 991 688 data
1005 669 1066 690 esse
1081 665 1253 699 compererit.
1274 665 1324 698 Qui
1346 670 1435 693 autem
1453 667 1600 697 Clementis
1623 672 1710 699 nostri

929 709 1078 736 sententias
1099 711 1238 738 nonnullis
1254 711 1280 738 in
1296 712 1363 740 locis
1385 713 1549 748 interpolare
1563 716 1615 743 sibi
1631 717 1712 746 licere

927 752 1103 786 existimavit,
1121 755 1147 782 in
1163 756 1225 783 aliis
1239 757 1333 784 eadem
1357 758 1467 786 licentia
1483 760 1515 787 ad
1533 769 1580 789 eas
1600 767 1712 790 contra-

928 797 1031 826 hendas
1046 800 1085 826 uti
1102 802 1224 835 potuisse
1244 810 1298 830 non
1314 803 1463 833 dubitatur.
1481 806 1614 835 Praeterea
1630 809 1710 838 Joan.

927 844 1050 872 Clericus
1067 845 1139 874 Artis
1151 847 1250 876 critica:
1271 853 1341 884 part.
1355 857 1396 882 lli,
1414 855 1481 880 sect.
1502 853 1530 885 2,
1545 861 1569 881 c.
1582 854 1608 887 5,
1624 863 1651 882 n.
1666 856 1710 886 12,

927 889 1068 922 observat,
1084 899 1116 918 ex
1138 892 1254 920 duorum
1279 894 1400 922 locorum
1423 897 1520 931 capitis
1540 898 1574 925 46
1590 900 1712 934 epistola:

928 938 1029 962 nostrae
1050 943 1112 962 cum
1133 937 1225 966 verbis
1245 938 1393 968 Clementis
1414 942 1590 971 Alexandrini
1606 953 1710 980 cogna-

89 987 137 1019 ετ,
154 995 185 1014 η,
211 986 238 1017 6'
252 990 279 1013 ει
295 985 360 1013 ham
390 985 434 1017 30,
449 993 478 1012 η,
499 985 553 1018 15;
567 984 759 1021 Hieronymus,
777 985 835 1012 Lib,
849 985 880 1012 de
893 975 915 1002 Β
929 980 1003 1008 tione
1026 982 1173 1010 nonnullos
1191 985 1310 1016 moveri,
1327 990 1357 1013 ut
1379 986 1436 1014 haec
1455 988 1509 1016 duo
1530 989 1588 1016 loca
1602 975 1712 1020 equle-

91 1034 141 1060 rir.
168 1033 271 1060 illustr.
300 1039 324 1059 c.
347 1032 399 1063 25,
424 1031 471 1059 lib.
500 1039 556 1064 xiv,
573 1031 600 1058 in
624 1031 705 1058 Isaia:
727 1039 775 1062 ιιι,
796 1032 837 1065 15,
852 1036 879 1060 et

88 1077 247 1104 Comment.
260 1077 286 1104 in
301 1076 397 1112 Ephes.
410 1083 468 1109 Iv,1
485 1085 492 1109 ;
510 1075 624 1104 Photius
639 1076 700 1104 cod.
717 1077 769 1104 “'5
779 1081 806 1104 et
816 1076 878 1110 126,

91 1126 122 1149 ut
149 1122 220 1150 alios
247 1125 363 1149 taceam.
389 1121 502 1149 Etiamsi
522 1125 612 1149 autem
635 1129 650 1148 a
667 1122 804 1157 plerisque
818 1121 879 1150 Cle-

91 1168 205 1200 mentis,
227 1175 243 1194 a
254 1167 392 1195 nonnullis
409 1170 500 1195 tamen
517 1167 712 1199 Romanorum,
725 1169 789 1203 quia
803 1168 879 1196 vide-

92 1213 157 1241 licet
171 1221 267 1241 eorum
288 1214 398 1241 nomine
411 1221 425 1240 a
436 1213 573 1240 Clemente
589 1213 744 1248 conscripta
756 1218 808 1246 est,
821 1214 879 1249 epi-

91 1259 163 1286 stola
188 1262 373 1294 nuncupatur.
399 1258 564 1286 Nominatim
590 1266 654 1286 vero
672 1259 799 1286 Clemens
819 1259 879 1287 Ale~

91 1304 258 1337 xandrinus,
276 1305 323 1332 lib.
336 1313 352 1331 v
362 1305 460 1332 Slrom.
474 1312 534 1339 pag.
553 1304 615 1337 584,
631 1305 710 1332 verba
724 1305 829 1332 numeri
843 1305 878 1333 20

90 1350 133 1377 sic
145 1350 259 1377 laudat:
277 1349 355 1376 Ἀλλὰ
366 1350 416 1376 κὰν
431 1351 464 1385 τῇ
479 1350 546 1386 πρὸς
559 1349 717 1386 Κορινθίους
737 1350 878 1386 Ῥωμαίων

88 1394 221 1429 ἐπιστολῇ
236 1394 355 1426 ὠκεανὸς
374 1394 525 1430 ἀπέραντος
546 1394 699 1430 ἀνθρώποις
712 1395 876 1431 γέγραπται,

89 1439 140 1466 καὶ
155 1439 180 1465 ot
200 1440 258 1474 μετ’
274 1439 354 1465 αὑτὸν
368 1439 474 1474 κόσμοι.
490 1439 561 1472 Quin
568 1440 648 1466 etiam
659 1440 686 1466 in
701 1441 812 1475 epistola
825 1441 878 1468 Ro-

89 1492 234 1510 manorum
247 1483 282 1510 ad
295 1483 444 1511 Corinthios
459 1485 586 1519 scriptum
596 1489 635 1512 est
649 1492 659 1511 :
675 1484 807 1519 Oceanus,
820 1492 874 1515 etc.

128 1529 161 1556 ll.
174 1529 324 1564 Epistolam
346 1530 418 1556 illam
435 1530 542 1564 publice
557 1530 620 1556 olim
635 1531 759 1566 plurimis
777 1533 806 1559 in
831 1540 875 1560 ec-

87 1575 185 1603 clesiis
206 1576 303 1602 lectam
329 1575 412 1603 fuisse
433 1574 566 1603 Eusebius
586 1575 657 1604 Hist.
683 1577 746 1604 ecct.
767 1578 815 1605 lib.
831 1585 873 1611 Ill,
895 1607 902 1611 ,

87 1629 117 1649 c.
130 1622 163 1649 16
174 1641 182 1654 ,
198 1622 292 1654 tradit,
309 1625 336 1649 et
354 1621 521 1668 Epiphanius
538 1622 603 1650 baar.
623 1623 667 1657 30,
683 1632 710 1652 η.
723 1625 767 1657 15,
794 1629 875 1660 atque
888 1638 909 1668 α

87 1666 276 1703 Hieronymus
299 1667 347 1695 lib.
366 1667 403 1694 De
426 1668 490 1694 viris
513 1667 613 1695 ittustr.
633 1669 802 1698 confirmant.
818 1671 874 1699 Hoc

87 1718 165 1740 certe
175 1713 300 1740 Corinthi
316 1721 348 1740 ex
365 1714 454 1748 prisca
475 1714 672 1742 consuetudine
693 1716 791 1743 factum
814 1725 875 1746 esse

86 1759 240 1795 Dionysius
263 1759 462 1787 Alexandrinus
486 1759 558 1794 apud
583 1759 729 1789 Eusebium
759 1763 806 1790 lib.
835 1771 872 1796 Iv,

85 1813 114 1833 ε.
129 1805 184 1839 23,
207 1805 438 1840 locupletissimus
455 1807 532 1834 testis
546 1813 596 1835 est.
615 1806 654 1834 Ex
667 1815 699 1835 eo
709 1808 789 1835 etiam
802 1809 872 1841 loco,

86 1859 171 1886 quem
189 1852 218 1878 in
241 1851 351 1878 laudato
368 1851 460 1879 codice
478 1852 661 1881 Alexandrino
679 1854 792 1886 obtinet,
808 1862 875 1882 con-

84 1896 192 1932 jectare
202 1900 245 1924 est
255 1897 280 1924 ei
295 1904 310 1923 a
320 1897 457 1925 nonnullis
469 1899 511 1925 vel
520 1906 611 1933 parem
623 1899 710 1927 sacris
721 1900 797 1927 libris
807 1921 814 1934 ,
832 1902 873 1929 vel

86 1942 244 1977 proximam
264 1945 326 1976 post
349 1942 410 1970 illos
431 1943 561 1971 tributam
581 1952 642 1972 esse
667 1945 870 1974 auctoritatem.

86 1987 138 2015 Cui
150 1988 318 2022 conjectura:
342 1987 414 2016 favet
427 1989 540 2017 ultimus
559 1989 753 2024 Apostolorum
772 1998 871 2024 canon,

86 2033 114 2060 in
129 2041 186 2068 quo
208 2033 280 2060 inter
289 2032 357 2060 Novi
370 2032 537 2061 Testamenti
551 2034 636 2062 libros
650 2034 710 2062 dua:
724 2034 872 2064 Clementis

86 2079 213 2115 epistolae
235 2083 422 2107 recensentur.
440 2079 473 2106 Et
487 2080 613 2108 Clemens
634 2081 742 2115 quidem
758 2081 874 2109 Alexan-

86 2126 186 2152 drinus
200 2124 248 2152 lib.
265 2133 292 2152 Iv
307 2124 419 2157 Strom.,
435 2125 499 2152 dum
521 2125 592 2153 hanc
604 2129 633 2152 ut
646 2125 793 2154 Clementis
807 2135 872 2162 apo-

86 2170 151 2196 stoli
174 2169 278 2201 laudat,
292 2169 363 2197 inter
378 2169 541 2204 apostolicas
557 2169 713 2205 Scripturas
727 2171 833 2198 videtur
846 2172 871 2199 ei

86 2213 178 2240 locum
189 2213 267 2241 dare.
283 2212 338 2240 lmo
352 2221 405 2241 non
418 2214 470 2240 alia
485 2213 517 2241 de
527 2221 609 2242 causa
624 2213 757 2243 Eusebius
771 2216 818 2243 lib.
834 2224 870 2249 vi,

85 2267 111 2286 c.
130 2259 175 2288 l3.
191 2258 358 2286 Clementem
379 2258 593 2285 Alexandrinum
615 2258 817 2294 Scripturarum
836 2259 871 2287 ab

928 1026 1062 1054 xandrino
1073 1028 1159 1055 ascita
1173 1029 1329 1064 opinentur.
1345 1031 1433 1067 Ipsius
1445 1033 1619 1063 Alexandrini
1631 1039 1711 1066 verba

929 1071 962 1098 ad
978 1073 1137 1106 prtedictum
1152 1079 1233 1110 caput
1248 1076 1282 1103 46
1296 1077 1444 1106 referemus
1459 1083 1485 1106 et
1497 1082 1690 1115 expendemus.

964 1117 1008 1145 Ν.
1025 1118 1186 1147 Praeclaram
1207 1121 1276 1148 hanc
1291 1123 1433 1157 epistolam
1450 1126 1554 1160 primus
1574 1127 1710 1157 Patricius

928 1162 1294 1193 JuniusLatineconversam
1319 1174 1351 1194 ac
1373 1169 1445 1196 notis
1460 1169 1623 1199 illustratam
1639 1173 1712 1201 Oxo-

930 1208 967 1235 uii
983 1215 1054 1235 anno
1070 1209 1140 1237 1655
1153 1210 1249 1239 edidit.
1268 1211 1396 1240 Eamdem
1418 1221 1480 1241 cum
1499 1215 1599 1251 insigni
1615 1218 1712 1251 prwfa—

929 1252 1002 1280 tione
1013 1261 1085 1281 anno
1099 1254 1167 1282 1654
1193 1255 1368 1285 Helmestadii
1385 1260 1476 1287 recudi
1491 1262 1597 1289 curavit
1606 1262 1713 1292 Joachi-

928 1305 990 1326 mus
1008 1298 1126 1328 Joannes
1149 1300 1285 1330 Maderus.
1312 1303 1388 1331 Mitto
1409 1309 1435 1332 et
1457 1314 1538 1341 quam
1564 1307 1711 1338 Bartonius

928 1351 1000 1371 anno
1021 1345 1104 1378 1647,
1121 1354 1153 1373 ac
1175 1348 1292 1376 subinde
1313 1349 1478 1379 Codefridus
1498 1352 1665 1382 Vendeliuus
1685 1361 1712 1384 et

926 1389 1044 1419 Joannes
1059 1392 1296 1422 Fell.0xoniensis
1311 1397 1426 1424 antistes
1437 1398 1537 1433 aliique
1552 1400 1668 1429 subinde
1683 1403 1710 1429 in

927 1443 986 1463 eam
999 1442 1133 1465 navarunt
1147 1447 1268 1474 operam.
1287 1439 1463 1469 Postmodum
1480 1447 1506 1470 et
1524 1444 1710 1473 Joannes—Ba-

927 1482 1009 1516 ptista
1024 1482 1175 1512 Cotelerius
1194 1492 1267 1511 anno
1282 1484 1352 1512 1672
1368 1486 1441 1513 illam
1463 1495 1532 1514 nova
1548 1489 1712 1524 interpreta-

918 1528 1002 1556 ‘tione
1017 1530 1150 1565 novisque
1170 1531 1243 1559 notis
1265 1531 1423 1559 adornatam
1444 1532 1559 1562 Parisiis
1576 1535 1603 1561 in
1622 1535 1711 1564 lucem

926 1574 1027 1602 emisit.
1043 1574 1108 1602 Eam
1119 1575 1228 1603 demum
1245 1577 1384 1604 recensuit
1404 1585 1436 1605 ac
1457 1583 1581 1606 notarum
1599 1581 1711 1615 spicile—

926 1619 999 1653 gium
1013 1620 1122 1656 collegit
1145 1620 1247 1649 Paulus
1261 1622 1431 1650 Colomesius
1441 1643 1448 1655 ,
1460 1624 1545 1658 'cujus
1562 1626 1711 1654 novissima

925 1664 1008 1692 editio
1031 1665 1148 1694 Londini
1164 1674 1236 1694 anno
1250 1667 1319 1694 1694
1340 1669 1451 1703 prodiit.
1476 1668 1604 1698 Cotelerii
1626 1671 1712 1699 inter-

925 1712 1113 1747 pretationem,
1131 1716 1160 1739 ut
1171 1713 1266 1740 litterae
1278 1714 1451 1746 tenaciorem,
1468 1715 1559 1743 verbis
1571 1718 1710 1746 nonnullis

926 1758 1073 1785 identidem
1086 1759 1208 1791 mutatis,
1226 1759 1397 1786 retinendam
1413 1760 1489 1788 duxi.

964 1803 994 1831 V.
1011 1803 1049 1831 De
1063 1808 1183 1839 tempore
1191 1812 1244 1840 quo
1254 1805 1354 1840 scripta
1366 1810 1417 1838 est,
1430 1807 1548 1834 nondum
1564 1808 1635 1836 inter
1644 1818 1708 1837 eru-

924 1850 997 1878 ditos
1013 1851 1150 1879 convenit.
1169 1850 1209 1878 Ac
1224 1851 1288 1878 licet
1309 1851 1396 1886 prima
1412 1852 1486 1880 illius
1501 1854 1582 1881 verba
1598 1855 1631 1882 de
1646 1865 1709 1891 per-

924 1895 1064 1924 secutione
1083 1895 1155 1923 dicta
1170 1903 1230 1923 esse
1250 1896 1372 1931 plerique
1397 1905 1492 1925 omnes
1514 1901 1706 1935 consentiant,

923 1948 954 1968 ea
966 1944 1057 1967 tamen
1070 1940 1116 1967 alii
1130 1940 1163 1967 de
1174 1939 1299 1972 Neronis,
1314 1940 1359 1967 alii
1371 1940 1404 1968 de
1418 1940 1563 1969 Domitiani
1578 1951 1708 1978 persecu-

923 1986 998 2014 tione
1022 1986 1246 2020 interpretantur.
1268 1986 1301 2013 Et
1319 1986 1390 2013 hanc
1405 1987 1514 2021 quidem
1535 1988 1580 2015 alii
1599 1988 1707 2017 ferven-

921 2035 975 2058 tem
987 2051 994 2063 ,
1011 2031 1057 2058 alii
1071 2031 1242 2059 desinentem
1266 2032 1432 2067 intelligunt.
1455 2032 1523 2059 llinc
1541 2034 1613 2061 circa
1637 2039 1706 2062 tem-

922 2085 983 2112 pus,
997 2084 1051 2112 quo
1065 2077 1179 2112 epistola
1202 2077 1253 2104 ista
1274 2078 1375 2112 scripta
1396 2082 1454 2110 est,
1474 2079 1573 2114 triplex
1588 2080 1705 2109 maxime

921 2121 1013 2149 existit
1035 2121 1128 2155 opinio
1148 2130 1154 2149 :
1173 2121 1259 2156 prima
1274 2120 1386 2149 Joannis
1402 2121 1508 2149 Ernesti
1530 2121 1639 2154 Grabii,
1655 2124 1703 2159 qui

923 2167 1047 2202 Spicileg.
1060 2167 1136 2195 Patr.
1146 2171 1167 2194 t.
1183 2167 1202 2200 l,
1217 2175 1244 2202 p.
1256 2167 1309 2195 251
1326 2171 1353 2194 et
1367 2167 1430 2199 955,
1445 2175 1504 2194 eam
1519 2167 1633 2196 Neronis
1647 2177 1704 2205 per-

921 2212 1061 2239 secutione
1077 2212 1228 2243 desinente,
1244 2213 1368 2247 proxime
1380 2217 1442 2247 post
1456 2214 1640 2248 apostolorum
1653 2214 1704 2242 Pe-

920 2258 954 2284 tri
965 2262 992 2284 et
1007 2256 1084 2284 Pauli
1098 2258 1270 2292 martyrium,
1285 2258 1337 2285 hoc
1350 2263 1392 2285 est
1407 2266 1478 2286 anno
1493 2258 1593 2286 Christi
1614 2261 1649 2288 68
1660 2261 1702 2288 vel

85 2304 150 2332 aliis
164 2303 380 2338 repudiatarum,
394 2304 606 2339 nominatimque
616 2305 790 2339 epistolarum
805 2305 872 2332 Bar.
887 2314 909 2341 ι)
922 2302 1004 2329 etiam
1019 2302 1053 2329 65
1065 2306 1182 2329 exeunte
1203 2302 1333 2337 scriptam
1357 2311 1418 2331 esse
1440 2304 1596 2338 contendit;
1618 2305 1702 2332 altera

83 2350 175 2381 nabat.
191 2349 341 2377 Clementis
355 2353 381 2376 et
391 2348 468 2376 Judm
484 2350 649 2377 testimoniis
665 2351 703 2376 uti
720 2354 806 2381 notat,
821 2350 874 2378 nisi

84 2397 151 2431 quia
168 2402 220 2430 pro
232 2402 311 2422 sacra
328 2393 468 2429 Scriptura
481 2394 552 2422 hanc
567 2394 715 2422 Clementis
730 2396 872 2430 epistolam

85 2442 214 2469 habebat.
231 2440 270 2467 Eo
283 2446 361 2475 pacto
383 2440 528 2475 quamdam
543 2448 639 2476 pugnae
660 2442 777 2476 speciem
788 2462 795 2474 ,
813 2449 873 2477 quae

83 2487 114 2514 in
127 2485 239 2513 Eusebii
258 2485 376 2512 Historia
389 2485 519 2516 occurrit,
532 2485 596 2512 dum
607 2485 755 2513 Clementis
769 2486 872 2521 episto-

83 2531 140 2558 lam
154 2531 216 2558 loco
229 2537 290 2556 mox
307 2529 414 2556 laudato
426 2530 459 2557 ab
467 2530 528 2557 aliis
539 2529 719 2565 repudiatam,
731 2533 757 2558 et
770 2531 817 2558 lib.
829 2539 870 2564 ιιι,

84 2584 149 2612 cap.
164 2576 199 2603 16
212 2580 239 2603 et
252 2575 297 2607 38,
319 2575 353 2602 ab
374 2575 501 2602 omnibus
516 2583 571 2602 uno
584 2583 718 2603 consensu
733 2579 868 2611 receptam

82 2621 193 2653 scribit,
208 2621 335 2656 componi
347 2628 427 2655 posse
443 2620 596 2648 Cotelerius
609 2621 745 2649 observat.
766 2621 868 2654 Quam-

81 2668 127 2695 vis
144 2667 216 2694 enim
231 2666 267 2694 ab
281 2667 407 2694 omnibus
421 2666 492 2693 inter
503 2666 702 2694 ecclesiasticas
711 2687 719 2698 ,
733 2675 787 2694 non
804 2667 867 2694 item

82 2714 120 2740 ab
130 2713 258 2740 omnibus
268 2712 339 2740 inter
353 2719 446 2739 sacras
459 2711 616 2748 Scripturas
627 2716 670 2740 est
685 2716 802 2747 recepta,
820 2712 866 2739 sed

82 2759 253 2795 aplerisque
270 2766 287 2787 c
304 2758 461 2786 divinorum
486 2758 618 2786 librorum
641 2766 746 2786 canone
767 2759 866 2793 rejecta

118 2849 162 2879 Ill.
180 2849 241 2877 Non
254 2849 374 2882 desunt,
388 2849 434 2884 qui
449 2857 510 2877 cum
532 2849 681 2878 Clementis
698 2849 781 2876 nostri
806 2856 866 2875 scn-

922 2346 1060 2374 Codefridi
1076 2346 1220 2374 Vendelini
1234 2347 1356 2375 eamdem
1371 2354 1443 2374 anno
1464 2348 1565 2376 Christi
1585 2349 1630 2382 95,
1649 2349 1703 2377 fcr-

919 2396 1001 2419 vente
1019 2391 1165 2419 Domitiani
1187 2392 1376 2427 persecutione
1397 2392 1543 2428 illigantis;
1566 2399 1702 2429 postrema

919 2435 1047 2464 Cotelerii
1055 2440 1136 2471 atque
1143 2436 1320 2468 Tillemontii,
1332 2437 1378 2472 qui
1388 2437 1461 2464 illam
1475 2438 1614 2467 desinente
1627 2439 1701 2474 ejus-

918 2482 978 2510 dem
993 2483 1165 2518 imperatoris
1182 2484 1381 2518 persecutione,
1399 2484 1470 2511 circa
1484 2492 1584 2512 annum
1599 2486 1700 2515 Christi

921 2529 956 2556 97
981 2528 1109 2563 scriptam
1124 2528 1300 2556 arbitrantur.
1323 2528 1452 2561 Quartam
1476 2531 1517 2556 vir
1529 2530 1701 2560 clarissimus

920 2573 1049 2601 Claudius
1063 2572 1221 2608 Fleury,t.l
1240 2572 1312 2600 Hist.
1340 2574 1415 2606 πει,
1434 2583 1493 2610 pag.
1510 2575 1573 2607 248,
1590 2577 1700 2612 excogi-

919 2619 1003 2648 tavit.
1026 2626 1086 2654 qua:
1100 2619 1133 2646 ad
1153 2617 1245 2647 Grabii
1265 2620 1427 2647 sententiam
1449 2622 1561 2656 propius
1576 2623 1698 2651 accedat.

918 2663 1021 2700 Nempe
1035 2664 1068 2692 ad
1084 2663 1110 2691 id
1123 2668 1240 2699 tempus.
1256 2665 1327 2700 quod
1339 2665 1453 2693 Neronis
1469 2666 1606 2694 interitum
1620 2675 1700 2696 exce-

919 2710 975 2746 pit,
990 2715 1016 2738 et
1032 2709 1288 2745 Jerosolymitanum
1312 2712 1459 2738 antecessit
1481 2713 1631 2744 excidium,
1654 2722 1699 2741 re-

919 2756 983 2784 ferri
997 2764 1077 2791 posse
1088 2756 1233 2791 opinatur;
1247 2761 1274 2783 et
1287 2764 1369 2785 casus
1383 2757 1523 2789 adversos,
1540 2758 1567 2785 in
1576 2759 1698 2794 epistola;

919 2802 1054 2837 principio
1069 2805 1243 2832 memoratos.
1260 2801 1293 2828 de
1307 2802 1378 2829 bello
1393 2803 1480 2836 civili,
1496 2804 1567 2838 quod
1583 2803 1697 2832 Neronis

920 2855 993 2875 mors
1008 2847 1142 2879 excitavit,
1161 2847 1362 2881 interpretatur.
