1893 3101
191 133 231 161 ’ῗ9

737 133 781 160 AD
801 133 830 161 S.
851 132 1062 160 CLEMENTEM
1082 135 1092 161 l
1112 134 1226 162 PAPAM

1774 141 1804 167 80

230 191 274 220 Vi.
296 191 448 220 Obscurum
463 200 518 220 non
531 197 584 225 est,
597 193 762 221 Clementem
776 193 812 220 ibi
827 193 861 220 de
876 200 974 220 mrum-
990 191 1012 220 Δ
1027 199 1089 219 sens
1106 196 1214 228 tempus
1227 194 1371 221 enuntiare
1385 196 1507 222 narranti
1523 195 1595 223 licet.
1612 196 1682 229 Quid
1698 196 1769 224 enim
1781 197 1806 224 in

195 238 256 269 nis,
275 239 374 273 quibus
389 246 520 273 oppressa
543 243 601 266 eral.
626 238 747 266 Romana
767 238 890 266 Ecclesia
912 246 974 265 cum

194 283 397 312 Corinthiorum
412 285 553 319 epistolam
563 285 677 320 accepit,
691 285 736 313 sed
752 292 766 311 a
777 285 875 320 quibus
889 285 975 319 respi-

194 330 271 356 rabat
294 337 355 356 cum
385 329 457 355 hanc
485 329 645 364 rescripsit,
674 329 773 357 habere
799 337 973 362 sermonem,

194 374 314 409 adeoque
326 373 466 401 Vcndelini
482 375 515 402 de
526 374 716 408 persecutione
730 373 850 401 fervente
865 378 975 401 senten-

192 420 257 446 tiam
281 420 392 447 minime
412 420 578 454 probandam
593 427 664 447 esse.
685 419 778 454 Neque
792 419 882 447 minus
899 423 973 446 certo

192 473 224 491 ex
243 465 338 492 eodem
352 465 465 492 exordio
480 466 634 496 coniicitur,
653 472 789 493 aerumnas
805 465 865 492 illas
878 465 911 492 de
921 464 973 492 Ne-

192 510 268 538 ronis
289 511 478 545 persecutione
501 510 675 545 interpretari
702 518 757 537 non
780 510 871 536 licere.
899 509 972 536 Nihil

191 557 263 584 enim
278 561 351 588 erat,
373 565 424 584 cur
444 557 471 584 in
496 557 647 584 litterarum
675 556 801 583 tarditate
824 555 972 584 Corinthiis

190 603 347 631 excusanda
363 603 415 630 hoc
432 606 569 629 taceretur
580 621 587 634 ,
601 602 710 629 Petrum
729 602 871 633 videlicet,
892 601 972 636 cujus

189 652 248 676 erat
263 649 385 683 ipsorum
402 647 561 675 satisfacere
575 647 788 683 quaestionibus,
803 647 837 674 iis
852 647 971 682 acceptis

190 694 339 725 detentum,
355 701 453 721 cazsum
466 697 493 720 et
507 701 522 720 e
532 693 600 721 vivis
615 693 700 721 fuisse
711 693 856 721 sublatum.
869 693 970 720 Deinde

190 741 216 767 in
228 745 284 768 toto
294 739 415 775 epistolae
426 742 555 767 contextu
569 738 634 765 illud
649 738 785 771 innuitur,
804 746 866 765 eum
879 738 968 773 ipsum

189 786 236 821 qui
249 793 322 812 nunc
337 785 475 818 rescribit,
492 785 569 820 prius
581 784 786 812 Corinthiorum
804 784 905 818 scripta
923 791 969 811 ac-

189 834 304 865 cepisse.
318 830 451 863 Quocirca
467 830 501 857 ad
518 830 635 857 litteram
650 829 816 865 intelligendi
832 833 897 856 sunt
910 833 966 856 tum

189 877 305 904 irenzeus
319 877 366 904 lib.
380 885 421 908 ιιι,
436 876 502 903 Adv.
515 875 606 903 Intres.
623 883 648 902 c.
661 875 687 907 5,
700 881 725 902 et
737 875 808 910 apud
822 874 967 903 Eusebium

192 923 261 949 Hist.
287 922 368 954 eccl.,
385 922 433 950 lib.
448 931 479 954 v,
495 929 556 956 cap.
574 921 608 954 6;
629 925 684 947 tum
706 920 876 956 liegesippus
897 921 969 956 apud

188 969 310 995 mmden
331 968 478 995 Eusebium
495 967 543 995 lib.
563 975 607 1000 Iv,
626 975 651 994 c.
669 967 718 998 22,
738 974 799 993 cum
819 967 969 994 dissensio-

188 1022 260 1044 nem,
277 1021 357 1048 quam
372 1014 468 1041 sedare
482 1021 556 1040 nunc
570 1017 686 1041 conatur
696 1013 832 1044 Clemens,
848 1020 902 1039 non
917 1012 968 1040 sub

188 1059 277 1088 Petro.
295 1059 342 1085 sed
354 1059 404 1086 sub
414 1058 553 1086 Clemente
567 1063 654 1086 ortam
672 1066 733 1086 esse
745 1062 890 1086 testantur.
900 1058 969 1086 Prae-

188 1111 258 1132 terea
273 1113 333 1132 cum
346 1105 416 1132 idem
431 1105 548 1133 [remeas
559 1125 565 1137 ,
584 1105 795 1140 apostolicorum
816 1109 967 1140 temporum

186 1156 240 1178 tam
255 1152 368 1183 vicinus,
378 1151 543 1178 Clementem
558 1151 637 1178 tertio
652 1151 711 1178 loco
722 1151 756 1178 ab
768 1151 897 1186 apostolis
906 1155 967 1185 post

185 1197 282 1223 Linum
296 1200 323 1223 et
336 1196 453 1228 Cletum,
470 1203 518 1223 seu
530 1200 560 1222 ut
577 1200 667 1228 vocat,
683 1196 857 1228 Anacletum,
874 1195 967 1224 Romae

185 1243 372 1277 episcopatum
385 1241 512 1269 sortitum
524 1249 586 1270 esse
599 1243 718 1274 scribat,
735 1244 869 1278 reliquum
884 1247 926 1271 est
938 1247 967 1271 ut

185 1295 247 1316 eum
263 1287 385 1323 pluribus
397 1291 458 1323 post
471 1287 602 1316 Neronem
610 1290 688 1317 annis
699 1288 828 1317 Romana:
840 1289 966 1318 Ecclesia).

185 1333 445 1361 administrationem
452 1334 606 1368 suscepisse
617 1335 770 1363 crediderit.
787 1335 864 1364 liunc
875 1340 965 1364 autem

184 1386 215 1405 ea
230 1379 258 1406 in
272 1386 302 1406 re
316 1378 414 1406 falsum
435 1387 496 1407 esse
511 1381 573 1415 quis
595 1381 647 1408 sibi
668 1381 848 1416 persuadeat?
870 1381 964 1410 Eidem

183 1424 367 1459 suﬁragantur
385 1429 412 1452 et
432 1425 554 1461 plerique
576 1425 689 1458 Patres,
712 1427 758 1462 qui
780 1427 964 1455 Romanorum

183 1471 344 1498 Pontiﬁcum
359 1471 456 1500 seriem
470 1475 579 1504 texunt,
602 1477 682 1508 atque
704 1474 756 1509 ipsi
771 1480 874 1502 veteres
888 1479 964 1502 cata-

183 1517 248 1552 logi,
263 1518 290 1544 in
301 1517 403 1565 quibus
414 1516 494 1565 Petro
514 1518 614 1565 Linus,
625 1519 693 1547 Lino
708 1519 810 1554 CEetus,
826 1521 890 1548 huic
902 1521 963 1548 Cle-
976 1536 997 1565 ο

183 1570 260 1590 mens
284 1563 451 1591 successisse
474 1563 582 1599 legitur.
605 1564 666 1600 lpsa
689 1574 796 1602 quoque
817 1566 963 1595 Clementis

181 1608 264 1636 verba
276 1616 351 1636 num.
365 1608 400 1636 ﬂ
415 1609 461 1643 qui
476 1610 645 1644 expenderit,
661 1611 705 1638 ubi
727 1612 836 1639 iaudata
854 1617 964 1647 aposto-

181 1653 269 1680 lorum
293 1653 464 1688 providentia
488 1654 580 1682 subdit
595 1664 602 1682 :
615 1655 667 1688 Qui
690 1656 770 1690 igitur
790 1657 821 1683 ab
835 1657 899 1688 illis,
917 1661 962 1684 aut

181 1698 302 1734 deinceps
325 1699 357 1726 ab
378 1699 439 1726 aliis
464 1700 526 1726 viris
545 1700 650 1728 eximiis
671 1702 805 1728 constituti
819 1706 914 1729 sunt...
931 1710 962 1729 ac

181 1745 258 1780 longo
280 1749 394 1779 tempore
418 1745 576 1780 prwclarum
597 1745 628 1772 ab
647 1747 766 1774 omnibus
785 1748 961 1775 testimonium

181 1794 362 1824 repertarum,
377 1790 424 1818 hos
440 1799 573 1818 censemus
587 1791 669 1826 ofﬁcio
677 1792 773 1827 injuste
784 1792 877 1827 dejici;
891 1793 959 1827 inec,

181 1837 302 1871 inquam,
317 1838 363 1872 qui
375 1837 545 1872 expenderit,
562 1838 585 1865 is
606 1846 767 1873 persuasum
782 1838 891 1867 habebit
903 1839 960 1874 epi-

180 1883 276 1909 stolam
293 1883 372 1910 istam
387 1887 452 1911 tunc
465 1884 595 1919 temporis
610 1885 793 1920 conscriptam
806 1893 877 1916 esse,
896 1893 959 1912 cum

180 1929 213 1956 ab
236 1929 322 1956 ollicio
345 1937 396 1957 suo
412 1931 508 1958 remoti
527 1930 642 1958 fuissent
657 1932 824 1966 presbyteri,
846 1933 892 1966 qui
905 1939 959 1959 non

179 1974 266 2002 solum
282 1975 316 2002 ab
330 1975 471 2010 apostolis,
487 1975 532 2002 sed
544 1975 626 2003 etiam
641 1975 672 2002 ab
686 1976 747 2002 aliis
762 1975 891 2011 deinceps,
906 1976 959 2004 hoc

178 2023 220 2047 est
233 2019 267 2046 ab
281 2027 376 2046 eorum
395 2020 603 2047 successoribus
618 2020 746 2053 ordinati,
764 2028 864 2048 munus
880 2029 958 2048 suum

179 2065 255 2100 longo
267 2069 382 2100 tempore
395 2065 529 2092 obierant.
547 2065 679 2092 Standum
695 2066 777 2101 igitur
796 2069 837 2093 est
850 2070 959 2093 senten-

178 2111 222 2137 tiae
236 2110 357 2142 Eusebii,
374 2110 401 2137 in
413 2110 492 2143 cujus
508 2110 636 2138 Chronico
649 2118 709 2145 cap.
731 2111 772 2142 l5,
785 2112 958 2145 pontiﬁcatus

177 2156 326 2184 Clementis
346 2156 423 2183 initia
451 2157 485 2184 ad
506 2160 659 2192 postremos
676 2156 820 2184 Domitiani
841 2158 958 2192 impera-

1026 237 1077 265 hac
1091 239 1204 273 epistola
1223 239 1275 266 sibi
1297 240 1370 272 vult,
1387 239 1527 276 Sacriﬁcia
1542 250 1593 269 non
1607 242 1635 269 in
1647 243 1717 269 omni
1740 243 1804 274 loco,

1025 284 1070 310 sed
1083 283 1257 318 Jerosolymis
1273 289 1377 312 tantum
1402 286 1565 319 offeruntur,
1586 287 1639 314 nisi
1663 286 1747 319 illud,
1771 287 1806 316 Ex

1023 330 1182 365 praescripto
1197 331 1264 366 legis
1278 330 1410 358 sacriﬁcia
1423 330 1599 367 Jerosolymis
1618 337 1721 359 tantum
1744 333 1807 367 oﬂ'e-

1024 377 1139 404 runtur?
1153 375 1231 409 Quod
1252 377 1362 412 quidem
1377 378 1566 412 prascriptum
1582 385 1643 404 cum
1658 379 1806 406 etiamnum

1023 421 1052 448 in
1068 421 1126 456 lege
1139 425 1264 455 maneat,
1284 423 1342 457 ipsa
1356 422 1506 450 Clementis
1524 423 1605 450 verba
1621 424 1704 451 etiam
1726 424 1805 452 nobis

1022 466 1118 494 efferre
1139 475 1194 494 non
1221 468 1311 503 inepte
1335 476 1409 495 nunc
1426 468 1531 496 liceret.
1553 468 1654 503 Nempe
1678 469 1804 497 Clemens

1022 513 1223 548 comparatione
1231 520 1262 540 ac
1276 521 1351 541 more
1365 513 1530 545 Judaeoruul,
1544 514 1642 548 quibus
1655 514 1806 543 sacriﬁcio-

1021 566 1081 585 rum
1096 558 1168 593 leges
1184 566 1199 585 a
1217 558 1308 594 Moyse
1323 559 1555 593 pratscribuntur,
1573 559 1742 587 Christianis
1755 568 1804 587 au-

1021 607 1080 631 ctor
1092 608 1149 637 est,
1166 608 1194 631 ut
1208 608 1235 631 et
1251 604 1302 639 ipsi
1324 608 1456 631 statutum
1479 604 1512 631 ab
1533 605 1664 640 apostolis
1688 605 1805 632 oblatio-

1019 657 1084 676 num
1098 653 1125 677 et
1137 649 1287 677 ofﬁciorum
1309 650 1432 677 ordinem
1448 655 1604 678 reverenter
1621 651 1758 686 accipiant
1774 659 1804 679 ac

1020 698 1137 722 servent.
1152 694 1209 722 Hoc
1221 699 1322 727 autem,
1337 699 1366 722 ut
1379 695 1437 730 ipse
1452 704 1478 723 v.
1493 696 1528 723 cl.
1544 696 1640 724 Claud.
1652 695 1751 732 Fleury
1766 696 1804 724 fa-

1019 742 1103 771 tetur,
1120 740 1147 767 in
1161 740 1331 775 exponendis
1345 741 1597 776 comparationibus
1612 742 1758 774 usuvenit,
1777 746 1804 768 ut

1019 793 1062 812 res
1075 787 1219 820 praeterita
1238 787 1350 821 perinde
1371 794 1403 814 ac
1417 787 1441 814 si
1454 791 1602 822 prteseutes
1616 787 1755 822 adessent,
1771 789 1804 816 ob

1019 832 1114 859 oculos
1129 837 1274 867 ponantur.

983 862 1008 893 Β
1057 862 1255 904 “IL-Frustra
1267 878 1347 905 etiam
1361 878 1525 906 Clementem
1540 878 1663 913 proxime
1678 883 1741 913 post
1756 878 1804 907 Pe-

1022 924 1055 950 tri
1069 931 1100 950 ac
1118 923 1194 950 Pauli
1210 925 1370 960 martyrium
1387 925 1531 959 scripsisse
1545 932 1577 951 ex
1594 932 1627 952 eo
1645 925 1802 961 colligitur,

1019 968 1091 1003 quod
1105 976 1179 996 num.
1195 969 1211 996 4
1226 970 1328 1001 Abelis,
1342 969 1440 1002 Jacob,
1462 969 1562 1005 Mogsis
1575 977 1606 997 ac
1620 969 1743 1003 Davidis,
1757 972 1803 1005 qui

1019 1022 1067 1048 per
1082 1014 1279 1041 aemulationem
1288 1018 1314 1041 et
1329 1014 1456 1042 invidiam
1470 1015 1552 1041 multa
1564 1015 1637 1050 passi
1649 1021 1724 1048 sunt,
1735 1024 1804 1050 pra-

1018 1060 1111 1088 missis
1124 1060 1266 1095 exemplis,
1284 1068 1360 1087 num.
1373 1061 1389 1088 5
1411 1060 1490 1087 initio
1506 1061 1635 1095 subiicit,
1651 1060 1697 1088 sed
1713 1062 1802 1089 missis

1017 1105 1143 1132 celeribus
1153 1106 1287 1139 exemplis,
1303 1105 1436 1132 veniamus
1451 1106 1485 1132 ad
1497 1107 1631 1140 proximos
1640 1107 1768 1139 athletas,
1779 1113 1803 1134 et

1018 1151 1104 1177 natalis
1120 1156 1217 1177 nostra:
1230 1159 1353 1185 generosa
1368 1151 1485 1185 exempla
1496 1159 1641 1184 sumamus,
1655 1159 1688 1179 ac
1703 1151 1802 1180 deinde

1016 1195 1088 1223 Petri
1106 1201 1133 1224 et
1153 1196 1229 1224 Pauli
1247 1197 1405 1232 martyrium
1419 1202 1538 1224 enarrat.
1554 1196 1639 1225 Nemo
1653 1198 1727 1225 enim
1745 1206 1801 1226 non

1016 1241 1089 1269 videt
1104 1249 1186 1276 quam
1201 1246 1274 1270 recte
1295 1241 1421 1269 Clemens
1436 1242 1508 1269 circa
1523 1250 1624 1269 annum
1639 1242 1742 1271 Christi
1755 1243 1799 1274 97.

1016 1286 1088 1314 Petri
1104 1295 1134 1315 ac
1150 1287 1225 1314 Pauli
1239 1288 1407 1322 martyrium,
1423 1296 1484 1315 cum
1497 1288 1664 1323 temporibus
1677 1288 1798 1321 Davidis.

1016 1333 1125 1368 Moysis.
1141 1333 1224 1361 Jacob
1235 1337 1263 1360 et
1277 1334 1368 1361 Abelis
1382 1338 1567 1368 comparatum
1579 1354 1586 1366 ,
1601 1335 1752 1368 proximum
1770 1343 1800 1362 ac

1015 1380 1127 1406 ricinum
1138 1380 1222 1406 wtatis
1238 1384 1334 1406 nostrae
1346 1379 1454 1406 dixerit.
1471 1380 1527 1407 lmo
1542 1387 1629 1414 neque
1643 1381 1799 1415 proximum

1015 1425 1049 1451 ab
1059 1433 1091 1452 eo
1104 1425 1206 1452 dicitur
1221 1424 1317 1452 diebus
1333 1425 1431 1460 quibus
1447 1425 1553 1458 scribit,
1569 1425 1616 1453 sed
1624 1425 1800 1462 tatam-{avsa

1014 1477 1095 1505 quam
1106 1471 1163 1505 agit
1174 1490 1181 1501 ,
1198 1471 1289 1497 seu-in
1305 1478 1358 1505 qua
1372 1471 1459 1506 degit.
1477 1470 1589 1498 Demum
1604 1479 1679 1498 num.
1697 1472 1733 1498 47
1752 1472 1799 1499 ubi

1015 1517 1048 1543 ad
1064 1516 1218 1551 evangelica
1233 1520 1355 1551 tempora
1367 1517 1488 1543 animum
1501 1515 1602 1548 refert,
1625 1524 1712 1551 eaque
1735 1525 1797 1544 cum

1014 1562 1061 1589 illo
1082 1562 1187 1589 confert
1210 1569 1264 1597 quo
1278 1562 1392 1594 scribit,
1416 1562 1618 1589 Corinthiorum
1644 1561 1797 1590 Ecciesiam

1013 1608 1152 1642 antiquam
1169 1615 1284 1639 vocare,
1300 1612 1326 1634 et
1349 1607 1465 1642 primum
1481 1615 1575 1635 eorum
1590 1608 1748 1641 dissidium,
1764 1609 1798 1636 de

1013 1662 1066 1689 quo
1081 1653 1182 1682 Paulus
1196 1654 1206 1681 Ι
1220 1654 1285 1682 Cor.
1299 1661 1318 1687 ι,
1335 1653 1464 1688 loquitur.
1480 1657 1509 1680 ut
1519 1654 1545 1680 in
1560 1654 1690 1687 principio
1705 1653 1796 1681 Evan-

1011 1699 1071 1733 gelii
1085 1704 1173 1726 ortum
1190 1706 1350 1730 memorare,
1361 1700 1505 1734 ipsamque
1516 1699 1631 1733 apostoli
1647 1699 1731 1733 hujus
1743 1700 1799 1734 epi-

1011 1745 1108 1773 stolam
1121 1765 1129 1778 ,
1147 1745 1253 1772 tametsi
1277 1745 1483 1780 quatuordecim
1505 1749 1609 1771 tantum
1626 1745 1708 1772 annis
1721 1746 1796 1772 exci-

1011 1791 1085 1818 dium
1099 1791 1262 1826 Jcrosolym.
1276 1791 1459 1826 praecesserit,
1476 1792 1502 1817 in
1515 1791 1643 1825 principio
1659 1791 1795 1826 Evangelii

1010 1838 1136 1872 scriptam
1152 1837 1244 1865 dicere
1263 1845 1318 1864 non
1339 1837 1457 1865 dubitat.
1479 1837 1557 1870 Quod
1583 1845 1649 1864 sane
1674 1838 1792 1865 evidenti

1009 1886 1170 1918 argumento
1184 1886 1226 1910 est
1244 1890 1322 1914 eum,
1337 1890 1399 1909 cum
1414 1882 1452 1909 ita
1467 1882 1614 1913 scriberet,
1632 1882 1743 1917 longius
1760 1884 1793 1910 ab

1009 1928 1103 1955 eodem
1118 1928 1252 1963 principio
1266 1928 1433 1961 recessisse;
1455 1935 1505 1956 nec
1518 1927 1554 1954 ab
1566 1928 1630 1954 hinc
1643 1929 1793 1956 recessisse

1008 1973 1115 2008 longius
1140 1972 1293 2004 videretur,
1318 1972 1353 2004 si,
1376 1976 1407 1999 ut
1425 1972 1483 2000 vult
1506 1971 1640 2005 Grabius,
1664 1974 1793 2008 pmdicta

1008 2017 1084 2045 Pauli
1093 2017 1215 2053 Epistola
1232 2018 1288 2045 haec
1309 2017 1456 2045 Clementis
1477 2025 1575 2045 novem
1593 2017 1729 2046 duntaxat
1750 2018 1791 2046 vel

1009 2063 1042 2090 ad
1057 2071 1194 2091 summum
1208 2063 1350 2091 duodecim
1364 2063 1442 2090 annis
1456 2063 1590 2098 posterior
1603 2063 1684 2090 foret.

1042 2108 1087 2136 IX.
1103 2109 1143 2136 Ex
1160 2109 1313 2137 venerando
1335 2109 1382 2136 illo
1404 2116 1489 2136 sacrae
1504 2109 1676 2144 antiquitatis
1692 2116 1791 2136 monu-

1008 2160 1115 2187 mento,
1139 2156 1211 2190 quod
1237 2163 1370 2183 summam
1395 2155 1545 2190 primorum
1568 2155 1789 2183 Christianorum

177 2203 245 2229 toris
262 2209 348 2229 annos
371 2202 537 2230 referuntur.
562 2201 639 2229 Unde
661 2202 729 2230 nihil
746 2203 844 2230 rationi
867 2204 955 2238 magis
971 2201 993 2228 D
1007 2201 1208 2235 simplicitatem
1224 2201 1304 2236 sapit,
1320 2201 1374 2228 duo
1390 2200 1514 2235 inprimis
1532 2200 1643 2227 maximi
1657 2201 1788 2228 momenti

176 2251 388 2274 consentaneum
400 2247 530 2279 occurrit,
547 2255 628 2282 quam
643 2253 673 2274 ut
682 2247 884 2275 Corinthiorum
899 2249 956 2283 epi—

176 2292 273 2319 stolam
300 2292 426 2320 saeviente
455 2291 601 2320 Domitiani
627 2294 816 2328 persecutione
841 2293 954 2321 Romam

175 2338 349 2372 pervenisse,
378 2341 459 2372 atque
479 2337 535 2365 illis
558 2337 652 2365 eadem
670 2339 860 2373 persecutione
882 2339 954 2366 desi-

175 2387 256 2410 nenle
271 2390 285 2409 a
300 2382 439 2410 Clemente
452 2383 524 2411 circa
541 2391 641 2410 annum
664 2383 767 2411 Christi
788 2384 833 2416 97,
851 2384 953 2412 rescri-

176 2432 249 2462 plum
267 2436 328 2456 esse
343 2435 512 2456 censeamus.

210 2471 265 2500 V'll.
285 2473 377 2508 Neque
391 2473 433 2500 his
455 2473 614 2500 adversatur
627 2474 704 2505 illud,
722 2482 796 2501 num.
822 2474 853 2501 Η
868 2483 877 2502 :
893 2474 953 2501 Non

173 2518 276 2553 ubique,
292 2518 398 2552 fratres,
419 2518 564 2552 oiferuntur
587 2520 718 2552 sacriﬁcia
737 2520 822 2554 jugia,
849 2520 888 2547 vel
909 2529 952 2547 vo-

174 2564 236 2594 tiva,
253 2564 290 2590 vel
300 2572 346 2598 pro
362 2569 467 2598 peccato
482 2569 505 2591 et
523 2564 627 2595 delicto,
642 2564 687 2591 sed
702 2565 875 2600 Jerosolgmt's
890 2571 951 2592 tan-

173 2613 240 2640 tum,
256 2609 318 2636 licet
331 2608 447 2636 Grabius
462 2608 525 2636 hinc
541 2613 615 2636 certo
640 2615 766 2636 constare
786 2611 838 2637 sibi
859 2611 949 2642 dicat,

172 2655 301 2689 templum
314 2653 569 2689 Jerosolymitanum
581 2659 635 2680 tum
652 2654 770 2686 stetisse,
785 2659 865 2689 atque
876 2656 951 2682 exci-

171 2700 246 2727 dium
262 2699 344 2730 illius,
360 2699 433 2734 quod
447 2700 473 2726 in
484 2706 584 2725 annum
601 2699 634 2726 70
645 2699 749 2731 incidit,
763 2700 876 2727 necdum
889 2708 951 2728 con-

170 2746 280 2781 tigisse;
295 2744 396 2779 alioqui
408 2752 463 2771 non
479 2744 623 2778 offeruntur
635 2744 661 2771 in
674 2745 813 2779 praesenti,
825 2745 873 2773 sed
886 2746 949 2773 olim

170 2791 345 2825 o/lercbantur
360 2790 444 2818 fuisse
457 2789 613 2817 dicendum.
629 2789 729 2818 Verum
752 2798 806 2818 non
826 2792 892 2818 satis
907 2794 949 2818 at-

169 2838 257 2864 tendit
270 2837 311 2863 vir
325 2835 450 2863 eruditus
462 2835 597 2863 sermonis
620 2842 775 2870 usum,quo
782 2842 826 2862 res
834 2839 946 2870 praeter-

173 2885 225 2911 itas
253 2882 334 2909 veluti
354 2886 499 2917 praesentes
514 2882 549 2909 ob
559 2882 651 2910 oculos
666 2889 765 2916 ponere
779 2885 804 2910 et
817 2889 864 2916 per
876 2888 946 2918 prae-

1005 2246 1169 2274 documeuta
1186 2247 1278 2274 ﬁdeles
1296 2246 1460 2282 percipiunt.
1477 2245 1597 2272 Primum
1611 2246 1685 2273 enim
1698 2246 1746 2273 ubi
1760 2247 1789 2272 in

1005 2292 1134 2327 primaria
1146 2292 1278 2324 Ecclesia,
1296 2296 1334 2319 tot
1347 2292 1466 2327 Spiritus
1481 2291 1568 2318 sancti
1583 2290 1663 2319 donis
1674 2296 1768 2319 ornata
1778 2312 1787 2324 ,

1005 2344 1036 2364 ac
1048 2337 1174 2365 maximis
1188 2337 1373 2371 apostolorum
1390 2336 1536 2363 sudoribus
1550 2335 1657 2363 exculta
1669 2356 1675 2367 ,
1693 2336 1787 2371 spinas

1004 2383 1206 2410 dissensionum
1223 2386 1332 2410 exortas
1344 2382 1446 2414 vident,
1464 2382 1555 2410 minus
1567 2381 1623 2416 jam
1637 2382 1784 2412 mirantur,

1003 2428 1026 2456 si
1043 2429 1112 2455 inter
1124 2426 1292 2455 Christianas
1303 2428 1455 2461 societates,
1466 2435 1526 2462 quae
1539 2430 1613 2453 recte
1627 2427 1786 2460 composita}

1003 2473 1140 2504 audiunt,
1165 2473 1322 2507 hujusmodi
1346 2472 1474 2500 scandala
1501 2472 1603 2499 oboriri
1627 2472 1783 2506 contigerit.

1004 2518 1149 2553 Nunquam
1175 2518 1304 2545 nimirum
1328 2518 1444 2552 quiescit
1467 2518 1593 2552 antiquus
1615 2517 1784 2544 zizaniorum

1003 2564 1166 2595 seminator,
1188 2567 1215 2591 et
1243 2571 1338 2598 agrum
1357 2563 1463 2591 Domini
1485 2562 1613 2590 infaustis
1633 2564 1784 2590 seminibus

1003 2609 1106 2636 foedare
1127 2617 1181 2636 non
1203 2613 1303 2636 cessat.
1321 2608 1374 2636 Sed
1389 2608 1514 2643 quamvis
1524 2608 1666 2642 antiquum
1681 2608 1717 2635 sit
1733 2608 1784 2634 hoc

1002 2654 1112 2687 malum,
1128 2662 1182 2681 non
1195 2654 1255 2681 ideo
1268 2657 1357 2680 tamen
1371 2654 1462 2680 minus
1478 2653 1642 2687 lugendum;
1658 2652 1706 2679 sed
1722 2653 1784 2679 nul"

1002 2699 1056 2726 lum
1071 2707 1145 2731 esse,
1170 2699 1214 2726 cui
1237 2698 1388 2726 remedium
1411 2698 1493 2725 citius
1517 2697 1702 2725 adhibendum
1726 2701 1780 2729 snt,

1001 2746 1064 2772 item
1079 2752 1112 2772 ex
1126 2744 1178 2771 hoc
1192 2743 1304 2778 scripto,
1318 2748 1348 2770 ut
1362 2751 1396 2770 ex
1410 2743 1486 2770 Pauli
1497 2743 1627 2778 Epistola,
1640 2743 1780 2770 docemur.

999 2790 1100 2824 Nempe
1115 2790 1190 2817 tenui
1203 2789 1402 2817 discordiarum
1415 2788 1521 2815 ﬂamma
1531 2808 1538 2820 ,
1553 2788 1604 2815 nisi
1621 2796 1703 2823 quam
1724 2788 1782 2822 pri-

1000 2843 1074 2863 mum
1090 2835 1294 2869 exstinguatur,
1314 2834 1389 2862 brevi
1407 2835 1504 2869 ingens
1517 2833 1671 2861 incendium
1687 2833 1778 2861 conci-

999 2882 1052 2909 tari
1063 2881 1184 2916 apprime
1193 2881 1337 2908 callebant.
