1893 3101
96 202 122 230 81

693 199 863 228 PROLEMIA
885 199 1012 227 VARIOR
1018 200 1036 228 υ
1042 200 1064 226 Μ
1070 222 1076 228 .

1653 201 1688 228 ε’]

483 299 712 332 ADMONITIO
734 300 775 330 ΙΝ
804 297 1033 329 EPISTOLAM
1059 299 1279 329 SECUNDAM.

125 377 142 404 l.
155 376 190 403 Ex
201 374 292 402 eodem
302 373 396 401 codice
406 372 600 404 Alexandrino,
609 379 641 400 ex
653 379 708 407 quo
720 371 854 407 superior,

96 421 182 458 prodiit
193 419 360 454 subsequens
370 417 494 453 epistola.
505 416 544 444 De
556 417 606 443 hac
614 416 748 444 Eusebius
759 415 806 442 lib.
824 423 854 442 ιιι

97 467 157 494 Hist.
170 465 228 493 eccl.
243 473 267 492 c.
281 465 333 492 38:
350 463 445 490 ἰστέον
459 464 480 490 δ’
496 463 534 495 ὡς
549 463 595 489 καὶ
608 462 720 498 δευτέρα
732 470 774 494 τις
788 459 856 488 εἶναι

95 514 186 547 λέγεται
201 511 245 538 τοῦ
259 511 416 546 Κλήμεντος
438 509 576 545 ἐπιστολὴ,
591 509 621 535 οὐ
637 508 690 544 μὴν
704 507 741 534 ἔθ’
756 507 856 542 ὁμοίως

95 561 122 594 τῇ
129 558 236 594 προτέρᾳ
242 556 393 591 mimis-qv
402 556 537 592 γνώριμον
546 554 724 590 ἐπιστάμεοα,
732 554 772 580 ὃτι
780 553 809 580 δὲ
818 553 855 589 μὴ

94 605 146 635 τοὺς
154 603 274 638 ἀρχαίους
282 602 351 638 αὐτῇ
366 602 548 638 κεχρημένους
562 602 649 636 ἴσμεν.
659 600 798 628 Sciendum
807 608 856 626 au-

95 655 136 675 tem
146 653 179 675 est
185 648 249 683 quod
255 648 400 674 etsecunda
410 646 528 682 qutrdam
537 646 676 673 Clementis
682 645 792 680 epistola
800 653 855 671 esse

94 694 196 720 dicatur:
203 701 258 719 eam
267 697 413 719 autemnon
422 692 542 719 similiter
548 700 578 718 ac
585 692 697 726 priorem
705 695 793 717 notam
800 698 855 717 esse

94 741 244 773 comperimus
254 747 262 770 ,'
272 739 395 773 quoniam
402 746 446 765 nec
455 743 549 764 veteres
556 746 587 764 ea
594 745 656 764 usos
663 745 718 764 esse
724 737 852 764 novimus.

93 784 206 811 Observat
216 782 368 811 Cotelerius
381 783 437 810 haec
455 782 564 810 Eusebii
579 782 661 810 verba
682 781 854 816 indiligenter

93 838 104 856 a
116 829 203 856 Ruﬁno
211 823 367 856 sic’reddita
381 838 387 855 :
404 828 508 855 Dicitur
523 833 607 854 tamen
621 835 676 854 esse
689 831 713 854 et
728 827 782 853 alia
795 826 854 854 Cle-

92 875 171 901 mentis
180 874 298 908 epistola,
315 874 391 908 cujus
412 881 459 900 nos
479 873 600 900 notitiam
615 880 666 900 non
686 872 852 906 accepimus;

92 927 166 954 neque
179 919 260 953 magis
283 922 414 945 accurate
433 917 468 944 ab
491 917 655 952 Hieronymo
669 916 728 944 Lib.
748 916 780 943 de
803 917 851 944 uir.

91 967 176 992 illustr.
191 966 222 1000 (si
239 970 330 992 tamen
348 965 385 991 ibi
400 963 434 991 ad
445 963 556 991 Eusebii
569 963 649 990 verba
667 962 791 998 respicit)
806 971 852 990 ex-

91 1019 170 1047 pressa
192 1011 274 1038 fuisse
297 1010 326 1037 in
341 1010 414 1036 hunc
431 1009 540 1037 modum
555 1018 563 1036 :
587 1008 684 1036 Fertur
699 1013 724 1035 et
739 1008 852 1035 secunda

90 1065 136 1083 me
148 1065 176 1083 ex
187 1057 240 1091 ejus
253 1056 359 1083 nomine
373 1055 484 1090 epistola
493 1075 500 1087 ,
516 1063 574 1090 quae
589 1063 605 1081 a
618 1055 744 1082 veteribus
764 1062 852 1088 repro-

91 1102 306 1135 batur;Photium
324 1101 441 1136 denique
461 1101 523 1128 cod.
540 1101 590 1128 H3
610 1100 766 1136 Hieronymi
788 1107 852 1127 sen-

91 1150 186 1177 tentiain
197 1149 283 1183 sequi,
296 1148 345 1175 ubi
359 1148 412 1175 ait:
423 1147 488 1180 Quae
501 1146 615 1174 secunda
631 1146 665 1173 ad
674 1145 776 1173 eosdem
789 1145 852 1182 (Coo

90 1194 199 1229 rinthios)
215 1193 324 1225 dicitur,
336 1198 366 1220 ut
383 1193 463 1219 notha
483 1192 620 1227 rejicitur;
635 1196 709 1220 certe
722 1192 793 1218 hanc
808 1199 852 1219 se-

89 1239 189 1265 cundam
204 1238 347 1273 epistolam
363 1237 474 1265 minime
488 1238 522 1264 ab
541 1236 658 1265 Eusebio
671 1237 725 1264 dici
740 1237 850 1264 notham

89 1287 111 1311 ct
129 1283 309 1314 adulterinam,
334 1286 382 1309 aut
402 1289 418 1308 a
437 1282 574 1309 veteribus
596 1281 785 1316 reprobatam,
804 1280 850 1307 sed

88 1329 161 1364 prima
173 1329 258 1356 minus
269 1333 363 1356 notam
376 1332 456 1363 atque
467 1327 494 1354 in
504 1326 679 1354 citationibus
692 1325 851 1354 aveteribus

88 1375 290 1410 praetermissam.
304 1374 348 1402 Ab
359 1373 467 1401 Eusebii
479 1378 568 1400 mente
580 1372 703 1400 nonnihil
715 1372 797 1400 etiam
812 1380 852 1399 re-

88 1423 158 1448 cessit
170 1420 338 1456 Nicephorus
360 1419 464 1446 Callisti
478 1419 527 1446 lib.
540 1425 581 1449 ιιι,
600 1425 624 1445 c.
641 1418 685 1449 18,
700 1417 745 1445 ubi
760 1417 793 1444 de
805 1425 852 1444 ea-

89 1466 140 1493 dem
152 1466 187 1492 sic
200 1464 390 1500 loquitur:Ka‘t
399 1463 465 1498 ἄλλη
472 1463 500 1490 δὲ
510 1462 590 1489 αὑτοῦ
600 1462 710 1498 φέρεται
724 1461 850 1497 ἐπιστολὴ

87 1512 128 1546 τῆς
140 1511 267 1547 προτέρας
280 1510 354 1537 κατὰ
366 1509 431 1536 πολὺ
443 1509 602 1536 ἀποδέουσα’
618 1509 682 1544 περὶ
695 1505 728 1544 ἧς
743 1509 757 1534 ὁ
771 1507 851 1539 αὑτός

87 1565 156 1591 φησιν
162 1557 293 1588 Εὐσέϐιος,
306 1555 344 1591 μὴ
362 1557 390 1582 ὲν
404 1555 501 1589 ἐπιστὴ
506 1554 648 1591 μῃταύτης
654 1555 715 1585 τοὺς
723 1553 851 1589 ἀρχαίους

87 1600 154 1628 εἶναι.
165 1601 256 1628 Fertur
265 1606 289 1628 et
298 1601 354 1628 alia
363 1601 419 1635 ejus
431 1600 540 1635 epistola
548 1600 630 1627 multo
639 1599 849 1634 inferiorprima,

86 1648 112 1674 tle
125 1657 170 1683 qua
190 1649 250 1675 dicit
268 1648 339 1675 idem
365 1647 511 1679 Eusebius,
527 1651 622 1674 veteres
649 1646 706 1680 ejus
727 1647 850 1673 notitiam

87 1702 129 1720 non
139 1694 234 1721 habere.
242 1695 287 1721 Ait
296 1694 397 1728 quippe
405 1693 539 1720 Eusebius
547 1700 606 1720 eam
615 1693 751 1721 veteribus
763 1692 853 1719 minus

86 1744 164 1766 notam
175 1741 267 1774 prima,
280 1739 329 1767 sed
345 1747 398 1766 non
407 1739 447 1766 eis
458 1745 570 1774 prorsus
585 1739 707 1774 ignotam
725 1739 831 1765 scribit.

115 1785 144 1812 ll.
160 1785 203 1812 llic
219 1785 368 1812 notandum
380 1804 388 1816 ,
402 1793 435 1812 ex
451 1785 577 1812 munibus
594 1785 775 1820 scriptoribus
787 1792 849 1811 mox

87 1831 173 1861 citatis,
187 1832 287 1858 nullum
303 1839 378 1862 esse,
394 1832 440 1866 qui
455 1831 562 1858 duabus
576 1831 674 1858 litteris
688 1831 779 1866 plures
789 1830 849 1857 Cle-

87 1877 156 1903 menti
166 1876 284 1904 Romano
296 1876 428 1903 attribuat
442 1881 488 1902 aut
499 1876 642 1904 attributas
658 1879 796 1911 agnoscat.
810 1875 847 1902 Ex

86 1930 132 1954 quo
142 1923 260 1957 colligere
275 1926 329 1954 est,
343 1921 520 1956 Epiphanium
533 1930 594 1949 cum
607 1922 703 1949 haeres.
720 1921 764 1954 27,
776 1930 804 1949 ιι.
819 1922 847 1954 6,

86 1968 233 1996 Clementem
251 1970 277 1996 in
297 1976 352 1996 una
375 1968 550 2003 cpistolarum
566 1975 676 1994 suarum
698 1969 780 2001 citat,
802 1972 848 1995 aut

87 2022 137 2040 cuni
148 2015 208 2042 hatr.
222 2015 265 2045 ΞΟ,
280 2023 308 2042 ιι.
324 2015 368 2045 15,
382 2014 472 2041 laudat
483 2012 614 2048 Epistolas
628 2013 770 2040 circulares
783 2021 848 2048 quas

87 2059 155 2091 (idem
169 2060 298 2094 pontifex)
311 2059 434 2092 scripsit,
448 2066 554 2093 qumque
571 2057 597 2084 in
617 2058 715 2084 sanctis
725 2056 848 2084 Ecclesiis

87 2103 201 2136 leguntur,
218 2109 243 2131 ct
259 2105 285 2131 in
299 2104 399 2139 quibus
412 2104 593 2138 virginitatem
607 2103 695 2134 docet,
713 2110 766 2129 non
780 2103 847 2130 alias

87 2149 120 2175 rel
140 2157 153 2175 a
174 2151 310 2184 praemissa
330 2149 371 2176 vel
391 2157 405 2176 a
425 2153 554 2184 sequente
572 2156 732 2176 memorare.
749 2148 782 2175 Et
796 2148 848 2175 hoc

86 2195 179 2227 qniJem
198 2203 230 2222 co
244 2199 284 2223 est
298 2195 477 2230 probabilius,
494 2195 566 2229 quod
587 2202 650 2221 cum
667 2194 847 2229 Hieronymus

87 2238 134 2266 Lib.
149 2240 177 2267 de
195 2242 285 2275 script.
301 2241 366 2268 εδει.
382 2244 487 2267 tantum
505 2241 574 2267 duas
588 2240 734 2267 Clementis
746 2240 847 2275 episto-

87 2285 119 2311 las
130 2291 270 2318 recenseat,
285 2294 333 2314 eas
357 2287 441 2321 ipsas,
455 2293 524 2321 quas
544 2286 711 2321 Epiphanius
726 2286 848 2321 proxime

86 2330 199 2362 laudarit.
216 2333 263 2360 lib.
281 2341 288 2360 ι
304 2332 436 2360 Adversus
461 2331 633 2358 Iovinianum
656 2332 846 2360 commendare

86 2384 130 2404 non
148 2379 282 2405 dubitatur
302 2379 346 2406 his
367 2379 478 2406 verbis:
503 2378 543 2404 Ad
565 2379 611 2405 hos
632 2378 793 2412 (eunuchosi
820 2385 845 2406 et

87 2423 188 2451 Clemens
202 2434 335 2452 successor
351 2426 462 2460 apostoli
478 2425 562 2458 Petri,
574 2426 649 2460 cujus
665 2425 766 2452 Paulus
782 2434 846 2460 apu-

86 2471 156 2497 ttolus
169 2473 294 2503 meminit,
310 2471 401 2498 scribit
421 2472 560 2506 epistolas,
580 2480 731 2507 omnemque
747 2480 846 2499 sermo-

86 2524 132 2543 nem
145 2525 215 2544 suum
230 2517 261 2544 de
276 2516 434 2552 virginitatis
445 2518 559 2552 puritate
576 2518 717 2544 contexuit.
737 2517 769 2544 Et
781 2525 846 2545 vero

86 2561 138 2595 quis
158 2562 247 2589 credat
269 2562 463 2597 Hieronymum
487 2569 559 2589 anno
583 2562 636 2589 392
658 2563 685 2589 in
710 2561 791 2589 Libro
814 2562 846 2590 de

85 2607 164 2640 script.
186 2608 247 2636 eccl.
267 2609 295 2635 in
311 2616 365 2644 quo
387 2608 450 2635 data
463 2616 544 2643 opera
559 2609 678 2636 virorum
698 2611 844 2645 insignium

86 2651 173 2686 scripta
186 2657 324 2686 recenset,
339 2658 444 2681 tantum
459 2654 574 2681 duarum
589 2655 765 2689 epistularum
785 2657 845 2683 Cle-

86 2698 342 2726 mentismentionem
359 2699 444 2726 fuisse
459 2699 605 2731 facturum,
624 2701 646 2727 si
658 2702 691 2727 ab
707 2709 780 2728 anno
793 2702 845 2728 381r

87 2745 168 2769 contra
182 2742 329 2772 Helvidium
344 2745 467 2772 scribens
481 2746 547 2772 alias
563 2746 596 2772 ab
616 2746 660 2772 bis
671 2747 777 2774 duabus
789 2747 844 2781 jam

87 2792 175 2816 nosset.
187 2789 263 2822 Quod
277 2791 299 2817 si
315 2790 404 2817 nullas
421 2791 489 2818 alias
505 2792 596 2823 novit,
620 2793 665 2819 ubi
678 2792 844 2820 Clementem

87 2832 142 2860 dicit
153 2842 255 2863 omnem
271 2844 421 2864 sermonem
439 2845 517 2864 suum
539 2838 573 2865 de
592 2839 752 2873 virginitatis
771 2841 845 2873 puri-

88 2882 132 2905 tate
145 2881 319 2915 contexuisse,
352 2883 527 2917 hyperbolico
549 2885 674 2919 quidem,
692 2885 738 2912 sed
754 2889 843 2914 tamen

870 359 893 388 Α
906 367 1033 396 familiari
1047 377 1123 397 more
1138 370 1333 405 intelligendus
1344 374 1385 398 est
1396 371 1478 406 loqui.
1495 370 1544 398 Ubi
1556 371 1626 398 enim
1639 371 1686 398 ali-

906 422 960 448 qua
975 414 1008 442 de
1024 422 1053 441 re
1062 415 1125 449 quis
1137 415 1284 442 identidem
1301 415 1408 443 locutus
1420 419 1478 448 est,
1494 416 1518 443 is
1533 423 1640 444 omnem
1654 416 1688 444 de

906 467 938 486 ea
954 459 1105 487 orationem
1120 462 1294 489 contexuisse
1310 462 1377 490 satis
1389 461 1560 488 familiariter
1573 461 1685 489 dicitur.

905 504 1031 533 Clemens
1052 513 1114 533 vero
1129 514 1190 533 cum
1207 507 1287 542 epist.
1306 507 1331 539 Ι,
1349 515 1377 535 n.
1392 507 1423 534 2i
1435 527 1443 539 ,
1459 507 1504 539 29,
1520 507 1564 539 30,
1581 507 1626 539 58,
1640 507 1687 538 ιδ,

905 551 951 583 ιθ,
963 551 1009 584 58,
1024 556 1081 579 tum
1093 553 1173 588 epist.
1191 553 1225 585 2,
1239 562 1266 582 n.
1283 554 1310 587 8,
1325 555 1341 581 9
1357 562 1387 581 ac
1401 555 1443 586 l2,
1463 558 1492 582 ut
1509 559 1612 582 taceam
1627 563 1688 589 qua:

906 595 975 625 forte
987 597 1014 624 in
1028 597 1100 626 foliis
1113 599 1214 627 avulsis
1225 606 1256 626 ea
1272 600 1305 627 de
1320 608 1349 627 re
1367 600 1586 633 disserebantur,
1610 601 1687 635 puri-

906 646 1006 674 tatem,
1031 645 1221 671 continentiam
1237 665 1245 677 ,
1273 646 1474 680 castitatemque
1502 645 1685 674 commendat.

906 688 975 716 llinc
993 693 1020 717 et
1037 690 1103 717 illud
1127 698 1298 726 consequens
1317 696 1347 718 ut
1360 712 1367 724 ,
1383 692 1406 719 si
1422 692 1590 727 Epiphanius
1605 695 1686 727 atque

906 734 1087 770 Hieronymus
1111 743 1164 763 non
1187 737 1213 764 in
1232 737 1364 771 epistola,
1382 737 1429 764 sed
1446 738 1473 764 in
1486 738 1609 772 epistolis
1623 735 1686 765 Cle-

904 779 1003 806 mentis
1030 781 1173 815 puritatem
1197 782 1355 816 virginitatis
1373 783 1465 809 doceri
1487 783 1684 818 praedicantes,

904 828 1046 860 utramque
1060 826 1180 854 indicare
1189 829 1334 860 voluerint,
1347 837 1438 864 parem
1450 830 1532 857 simul
1542 831 1685 864 ambabus,

904 873 933 896 ut
946 869 1069 904 ejusdem
1091 873 1223 906 parentis,
1240 873 1385 901 tribuerint
1403 876 1601 903 auctoritatem.
1626 876 1686 911 Ipse

903 913 984 940 etiam
998 914 1074 942 locus
1088 935 1095 947 ,
1119 923 1198 950 quem
1217 917 1244 944 in
1260 918 1353 946 codice
1367 919 1551 947 Alexandrino
1565 921 1684 955 obtinet,

904 959 930 986 in
946 967 1000 994 quo
1015 968 1077 987 cum
1095 963 1181 989 sacris
1197 963 1339 998 utriusque
1356 964 1467 992 foederis
1484 966 1561 994 libris
1581 967 1684 993 nullum

903 1005 976 1032 aliud
998 1013 1066 1042 opus
1087 1013 1182 1043 praeter
1208 1009 1278 1037 hanc
1299 1015 1326 1038 et
1348 1012 1514 1046 superiorem
1539 1012 1685 1040 Clementis

902 1051 1043 1086 epistolam
1055 1055 1220 1087 continetur,
1239 1059 1381 1091 utramque
1396 1058 1535 1085 nonnullis
1551 1059 1577 1084 in
1591 1058 1686 1086 Eccle-

902 1097 950 1125 siis
963 1098 1033 1126 inter
1043 1107 1135 1127 sacras
1152 1099 1307 1136 Scripturas
1323 1102 1469 1130 admissam
1487 1103 1570 1132 fuisse
1584 1104 1685 1132 indicio

901 1147 964 1170 est:
985 1143 1065 1179 idque
1081 1146 1224 1173 confirmat
1240 1147 1273 1174 84
1296 1156 1344 1175 seu
1366 1149 1478 1176 ultimus
1499 1150 1684 1184 apostolorum

901 1195 999 1221 canon,
1011 1191 1056 1225 qui
1066 1191 1173 1226 quidem
1187 1193 1212 1218 in
1227 1193 1350 1228 catalogo
1366 1195 1495 1221 librorum
1507 1193 1574 1222 Novi
1587 1194 1684 1223 Testa-

902 1235 985 1261 menti
999 1235 1069 1264 duas
1083 1237 1230 1265 Clementis
1244 1239 1375 1273 epistolas
1386 1241 1472 1275 ponit.

938 1279 982 1308 lll.
1001 1281 1031 1308 In
1046 1283 1172 1310 omnibus
1186 1285 1294 1318 quidem
1308 1286 1484 1318 editionibus,
1501 1294 1554 1313 una
1573 1286 1688 1314 Patrinii.

900 1325 974 1353 Junii
988 1329 1227 1367 excepta,65u1épa
1241 1332 1309 1367 πρὸς
1321 1333 1481 1368 Κορινθίους
1495 1333 1623 1369 ἐπιστολή
1641 1334 1666 1360 in
1677 1349 1683 1353 -

901 1374 1048 1402 scribitur:
1061 1375 1110 1403 sed
1119 1376 1175 1404 haec
1192 1378 1334 1413 inscriptio
1349 1379 1382 1406 ad
1393 1379 1550 1407 Corinthios
1563 1388 1627 1407 num
1639 1388 1684 1415 ge-

901 1419 984 1446 nuina
1000 1424 1047 1447 aut
1063 1421 1240 1451 Alexandrini
1256 1425 1360 1452 codicis
1376 1426 1538 1453 auctoritate
1551 1426 1617 1453 fulta
1634 1427 1682 1457 sit,

901 1467 1025 1495 nonnulli
1049 1467 1193 1503 dubitant;
1224 1471 1340 1499 maxime
1364 1479 1426 1499 cum
1448 1473 1475 1500 in
1497 1473 1613 1501 Juniana
1626 1475 1684 1501 edi-

901 1513 984 1544 tione,
999 1514 1026 1540 in
1035 1522 1087 1548 qua
1099 1515 1214 1549 primum
1225 1515 1315 1544 Graec
1327 1519 1436 1552 prodiit,
1452 1519 1524 1546 hunc
1535 1528 1618 1546 unum
1629 1528 1684 1556 prze

904 1566 933 1585 se
950 1557 1019 1586 ferat
1033 1560 1142 1588 titulum
1155 1581 1162 1592 ,
1181 1561 1369 1597 Fragmentum
1384 1565 1502 1599 episton
1514 1566 1634 1593 secunda:
1651 1575 1684 1594 ex

901 1603 988 1630 eodem
1008 1613 1069 1638 ms.,
1086 1614 1136 1633 nec
1149 1606 1298 1640 Eusebius,
1315 1608 1440 1642 Rufinus,
1454 1610 1634 1648 Hieronymus
1650 1621 1682 1640 ac

901 1648 1070 1684 Nicephorus
1093 1651 1198 1680 Callisti
1219 1653 1251 1681 de
1271 1655 1355 1682 altera
1381 1656 1522 1690 loquentes
1536 1657 1682 1685 Clementis

867 1695 888 1725 C
904 1695 1017 1729 epistola
1028 1717 1035 1728 ,
1052 1698 1085 1724 ad
1099 1706 1167 1733 quos
1181 1700 1283 1734 scripta
1308 1701 1343 1728 sit
1365 1701 1497 1729 indicent.
1520 1701 1618 1730 Verum
1639 1703 1682 1730 hic

901 1742 1056 1776 scrupulus,
1073 1751 1105 1770 ex
1124 1743 1290 1780 indiligentia
1304 1746 1362 1781 ejus
1387 1747 1515 1781 injectus,
1529 1747 1574 1783 qui
1588 1749 1682 1782 prima:

899 1785 1047 1815 Clementis
1073 1789 1194 1823 epistola}
1217 1798 1232 1816 a
1257 1790 1338 1818 Junio
1363 1791 1441 1819 cditm
1469 1793 1581 1820 alteram
1611 1793 1681 1820 hanc

899 1833 1003 1860 omisso
1016 1833 1076 1867 ejus
1093 1834 1171 1861 titulo
1187 1835 1344 1867 subnexuit,
1367 1836 1445 1863 facile
1459 1837 1597 1864 eximitur.
1614 1837 1680 1864 Nam

899 1885 961 1904 cum
973 1878 1172 1907 Alexandrinus
1187 1881 1270 1907 codex
1285 1881 1406 1907 omnium
1422 1882 1605 1916 scriptorum,
1621 1893 1680 1918 ψιλῇ

899 1923 926 1950 in
942 1931 974 1950 e0
990 1926 1176 1957 continentur,
1195 1927 1347 1960 generalem
1368 1935 1422 1961 pra:
1437 1935 1466 1954 se
1481 1927 1549 1954 ferat
1564 1929 1680 1956 iudicem

899 1968 993 1995 eadem
1008 1976 1100 2000 manu,
1117 1977 1169 2004 qua
1185 1973 1257 1997 totus
1278 1971 1363 1997 codex
1379 1971 1499 2007 scriptus
1511 1975 1563 2003 est,
1585 1981 1680 2000 exara-

899 2017 975 2046 tum;
990 2013 1047 2040 huic
1061 2013 1145 2040 altera
1161 2014 1274 2048 epistola
1291 2022 1344 2040 non
1363 2015 1451 2042 solum
1468 2015 1494 2041 in
1509 2015 1559 2042 hoc
1572 2016 1661 2044 indice
1671 2037 1678 2049 ,

900 2059 948 2087 sed
962 2059 1043 2086 etiam
1056 2059 1083 2086 in
1094 2059 1180 2094 ipsius
1195 2059 1284 2087 fronte
1299 2060 1426 2096 ἐπιστολὴ
1442 2060 1510 2096 πρὸς
1521 2061 1679 2097 Κορινθίους

898 2109 1076 2140 praenotatur.
1098 2105 1190 2140 Neque
1211 2106 1298 2133 codici
1314 2106 1378 2133 huic
1399 2105 1571 2142 refragantur
1594 2106 1680 2135 Eusc-

896 2150 973 2182 bius,
999 2149 1114 2177 Rufinus
1125 2170 1132 2182 ,
1149 2149 1330 2186 Hieronymus
1353 2155 1399 2177 aut
1414 2150 1593 2185 Nieepliorus.
1610 2149 1678 2178 Dum

897 2196 1141 2227 enim,memorata
1162 2195 1309 2223 Clementis
1332 2196 1366 2223 ad
1385 2196 1540 2223 Corinthios
1564 2196 1678 2231 epistola

898 2241 996 2276 prima,
1014 2241 1135 2276 proxime
1153 2242 1302 2276 subjiciunt
1320 2251 1326 2267 :
1344 2241 1442 2268 Fertur
1465 2246 1489 2268 et
1510 2242 1612 2271 altera,
1628 2249 1679 2268 nec

898 2286 931 2313 ad
944 2286 1014 2314 alios
1029 2287 1100 2314 hanc
1118 2287 1232 2314 alteram
1252 2288 1380 2322 scriptam
1393 2295 1454 2315 esse
1473 2286 1634 2322 designant,
1651 2291 1678 2315 οἱ

898 2333 968 2360 hanc
981 2332 1015 2359 ad
1027 2333 1135 2360 eosdem
1151 2333 1279 2367 scriptam
1293 2336 1439 2360 censentur
1455 2333 1612 2368 intelligere.
1624 2334 1679 2360 Aut

896 2382 980 2410 certe,
993 2379 1015 2405 si
1030 2378 1064 2405 ad
1079 2378 1147 2406 alios
1162 2379 1290 2413 scriptam
1307 2384 1428 2409 nossent,
1441 2379 1497 2406 haec
1510 2379 1616 2406 illorum
1633 2387 1675 2406 re-

895 2424 1007 2451 ticentia
1023 2424 1119 2451 merito
1136 2425 1304 2459 negligentiae
1314 2424 1480 2458 culparetur.
1496 2424 1549 2451 Sed
1564 2428 1591 2452 et
1606 2424 1678 2451 Pho-

897 2470 961 2501 tius,
978 2470 1023 2504 qui
1038 2470 1147 2505 aliquod
1168 2470 1263 2497 saltem
1288 2470 1409 2504 epistolae
1431 2470 1514 2504 hujus
1539 2471 1686 2505 exemplar.

897 2524 980 2550 penes
992 2524 1021 2543 se
1037 2516 1140 2548 habuit,
1156 2521 1182 2543 et
1199 2516 1398 2547 Damascenus,
1414 2516 1461 2550 qui
1477 2524 1559 2543 unum
1571 2520 1598 2542 et
1608 2517 1676 2544 alte-

896 2570 955 2589 rum
966 2562 1044 2589 nobis
1053 2562 1231 2597 fragmentum
1241 2562 1313 2589 illius
1327 2561 1490 2594 transmisit,
1498 2562 1562 2588 dum
1572 2569 1630 2589 eam
1642 2561 1676 2588 ad

896 2608 1051 2636 Corinthios
1059 2608 1188 2642 seriptam
1203 2607 1314 2635 disertis
1328 2608 1417 2636 verbis
1432 2608 1554 2638 tradunt,
1567 2608 1593 2635 id
1603 2609 1675 2643 quod

898 2663 945 2690 per
951 2663 979 2682 se
986 2653 1330 2687 innuimtEusebiiﬁulini,
1337 2653 1684 2685 etc.,verba,conlirmant..

932 2700 976 2728 ιν.
1002 2700 1066 2727 Eam
1083 2700 1258 2727 nihilonunus
1276 2699 1398 2727 nonnulli
1416 2698 1610 2733 suppositionis
1625 2707 1672 2725 su-

897 2752 1016 2783 spectam
1031 2747 1148 2778 habent,
1163 2746 1243 2781 idque
1256 2746 1416 2774 nominatim
1428 2745 1507 2773 Joan.
1523 2745 1588 2772 Ern.
1604 2744 1673 2772 Grat-

897 2794 958 2821 bius
983 2793 1074 2827 Spicil.
1096 2793 1172 2820 Patr.
1189 2797 1209 2820 t.
1228 2793 1248 2826 l,
1265 2801 1325 2828 pag.
1347 2792 1416 2824 265,
1442 2792 1536 2819 conlici
1550 2794 1627 2826 putat
1641 2799 1674 2818 ex

896 2840 986 2867 verbis
1000 2839 1121 2874 Dionysii
1136 2838 1339 2866 Corinthiorum
1354 2838 1474 2872 episcopi
1500 2837 1570 2872 apud
1590 2836 1674 2864 Eusc-

895 2887 969 2913 bium
982 2885 1029 2912 lib.
1049 2892 1085 2916 tv,
1101 2892 1125 2912 c.
1141 2884 1187 2914 9.5.
1205 2883 1238 2911 ad
1254 2883 1402 2910 Romanam
1419 2882 1566 2910 Ecclesium
1583 2881 1621 2908 sic
1633 2888 1674 2907 re-

867 1030 890 1058 B

861 2361 883 2388 D
