1893 3101
205 210 242 238 83

754 211 798 239 All
819 211 848 239 S.
867 211 1078 239 CLEMENTEM
1099 207 1109 238 l
1127 211 1242 240 PAPAM

1780 210 1814 239 84

204 269 350 297 scribentis
367 278 374 297 :
395 268 478 296 Hodie
498 277 603 297 sacrum
619 269 688 297 diem
709 269 874 297 Dominicum
896 274 984 297 lrans-
995 270 1022 301 Α
1036 276 1100 296 num
1120 268 1154 296 de
1173 268 1228 296 illis
1238 267 1370 303 judicium
1382 267 1448 296 ferri
1459 271 1559 304 posset.
1576 267 1678 297 Deinde
1690 268 1815 304 primane

203 315 314 350 egimus,
328 315 356 341 in
367 322 417 349 quo
430 315 568 350 epistolam
579 321 692 343 vestram
705 316 824 351 legimus;
835 324 914 352 quam
924 316 982 351 qui-

203 360 260 387 dem
272 365 394 395 perpetuo
404 361 522 396 deinceps
535 361 655 397 legentes,
667 362 772 397 perinde
783 367 859 398 atque
869 363 982 398 priorem

202 405 277 432 illam
293 405 369 433 nobis
383 415 399 433 a
417 405 547 434 Clemente
560 407 702 443 scriptam,
719 408 825 443 optimis
844 407 982 443 praeceptis

202 459 233 477 ac
245 450 407 478 documentis
421 451 623 481 abundabimus.
639 452 782 486 Quomodo
795 457 883 480 tamen
894 460 927 480 ex
939 452 981 480 his

201 495 293 523 verbis
306 496 332 523 id
346 496 418 530 quod
430 497 486 523 vult
500 497 671 527 conficiatur.
684 505 737 525 non
749 501 790 525 est
801 497 979 532 exploratum.

202 539 259 568 Hoc
273 549 356 568 unum
373 549 405 569 ex
425 542 460 569 iis
474 542 619 569 conficitur
629 563 636 575 ,
652 544 766 578 primam
783 542 909 570 videlicet
919 542 974 570 Cle-

201 588 302 615 mentis
317 588 469 623 epistolam,
484 596 538 616 non
550 589 612 616 item
627 589 697 616 hanc
712 589 823 617 alteram
834 609 841 620 ,
856 588 979 616 Corinthi

200 631 309 666 publice
324 632 375 666 legi
387 634 564 660 consuevisse
577 643 582 660 :
597 638 624 660 at
635 638 665 660 ut
679 633 736 660 haec
747 634 831 660 altera
847 633 914 660 falsa
931 633 977 664 sit,

200 676 264 704 inde
277 685 330 704 non
344 681 386 704 est
398 685 577 713 consequens.
595 679 635 705 An
651 679 677 706 id
695 680 779 706 moris
791 683 854 706 tunc
867 683 934 710 erat,
951 681 980 705 ut

200 729 296 750 omnes
311 730 365 750 non
379 724 564 758 apostolorum
577 727 679 751 tantum
689 744 695 756 ,
713 724 760 751 sed
778 727 805 751 et
818 723 982 759 apostolico-

199 774 261 794 rum
271 767 391 795 virorum
407 768 528 803 epistola
543 769 569 795 in
584 769 701 804 publicis
714 768 895 796 Ecclesiarum
914 775 976 794 con-

199 813 325 841 ventibus
351 813 519 848 legerentur;
541 814 656 849 ideoque
688 814 749 841 falsi
779 813 916 849 arguenda
944 813 979 841 sit

198 859 285 886 altera
305 859 454 887 Clementis
480 860 610 894 epistola,
634 859 706 895 quod
731 861 759 887 in
786 860 839 888 illis
864 867 979 888 conven-

198 905 273 932 tibus
297 904 408 932 minime
425 905 496 932 lecta
518 905 622 933 fuerit?
642 905 723 933 Certe
745 905 768 933 si
797 905 899 932 valeret
927 905 977 932 hu-

195 951 316 986 jusmodi
342 956 549 986 argumentum,
574 952 618 978 vix
644 950 832 986 ambigendum
853 950 975 983 videtur,
992 939 1013 966 Β

196 997 263 1031 quin
275 1004 308 1024 eo
324 996 468 1028 Eusebius,
484 996 666 1032 Hieronymus
684 1004 716 1023 ac
731 996 845 1024 Photius
862 995 895 1023 ad
916 997 975 1031 epi-

195 1042 292 1070 stolam
308 1042 386 1070 istam
402 1042 576 1076 rejiciendam
589 1043 630 1070 usi
645 1046 747 1070 essent.
764 1041 871 1069 Certius
886 1045 976 1069 autem

195 1095 230 1115 ex
243 1087 294 1114 hac
307 1087 476 1122 disparitate,
493 1095 546 1123 qua
560 1088 673 1123 primam
691 1087 717 1114 in
732 1086 855 1114 ecclesiis
867 1087 975 1119 lectam,

195 1133 308 1161 alteram
323 1141 377 1161 non
390 1133 487 1161 lectam
510 1134 641 1161 docemur
652 1153 659 1165 ,
683 1133 831 1168 percipitur
843 1133 912 1159 ratio
927 1140 976 1159 cur

195 1179 282 1216 prima
295 1179 384 1206 notior
402 1187 434 1205 ac
448 1178 584 1206 celebrior
596 1179 679 1205 altera
693 1177 819 1205 evaserit.

229 1223 263 1251 V.
282 1223 364 1250 Addit
377 1222 493 1250 Grahius
508 1223 703 1257 suppositionis
727 1222 777 1249 sibi
793 1221 975 1256 suspicionem

194 1271 288 1305 augeri
303 1279 335 1298 ex
352 1271 412 1298 loco
427 1269 568 1304 cujusdam
592 1269 653 1296 libri
671 1269 817 1304 apocryphi
828 1289 835 1300 ,
852 1269 896 1304 qui
912 1275 974 1294 cum

193 1316 273 1351 epist.
291 1317 316 1347 l,
337 1324 353 1342 ιι
376 1316 422 1346 25,
440 1316 475 1343 sit
491 1316 626 1346 laudatus,
648 1315 675 1342 in
691 1315 740 1341 hac
755 1315 869 1349 cpistola
884 1323 912 1341 ιι.
930 1315 973 1347 Η,

192 1361 292 1388 iterum
316 1361 434 1394 citatur;
454 1361 532 1395 quasi
555 1360 668 1395 repetita
691 1360 812 1395 ejusdem
833 1360 975 1387 sententiae

192 1407 287 1434 citatio
299 1406 396 1434 idonea
412 1407 448 1435 sit
464 1407 523 1434 falsi
539 1406 695 1441 suspicandi
712 1413 804 1433 causa.
821 1405 874 1433 Sed
889 1413 973 1432 unum

191 1453 372 1488 eumdemque
386 1453 486 1485 locum,
503 1454 548 1480 ubi
564 1460 624 1480 sese
639 1451 716 1479 offert
731 1452 856 1483 occasio,
874 1452 908 1479 ab
924 1459 971 1479 eo-

191 1501 253 1529 dem
275 1502 408 1536 scriptore
423 1501 450 1528 in
465 1501 560 1528 eodem
572 1508 662 1535 opere,
679 1505 781 1536 quanto
792 1501 877 1535 magis
893 1500 919 1527 in
931 1499 974 1527 di-

190 1548 289 1579 versis,
307 1547 403 1574 iterato
422 1547 502 1574 citari
522 1547 587 1582 quid
607 1547 725 1574 mirum?
739 1546 798 1580 Quo
818 1547 898 1573 etiam
915 1546 972 1574 sin-

190 1592 312 1627 gularior
324 1595 367 1619 est
378 1592 512 1620 sententia
528 1592 625 1619 iterum
646 1593 761 1627 prolata,
779 1600 812 1620 eo
829 1592 917 1627 aptior
930 1596 972 1620 est
986 1601 1007 1630 ο

190 1635 223 1662 ad
236 1635 453 1671 persuadendum
464 1656 471 1668 ,
492 1636 621 1670 epistolas
641 1636 668 1663 in
684 1637 783 1671 quibus
800 1637 901 1672 pariter
915 1637 974 1663 lau-

190 1680 282 1712 datur,
293 1680 327 1707 ab
340 1687 395 1707 uno
408 1685 520 1708 auctore
532 1679 739 1715 proﬁcisci.Aut
753 1679 777 1707 si
790 1681 846 1708 lucc
862 1684 973 1708 sentcn-

190 1726 237 1757 tia,
248 1725 311 1760 quia
317 1732 350 1752 ex
365 1725 433 1752 libro
444 1725 535 1759 aliquo
547 1724 702 1760 apocrypho
710 1729 835 1759 excerpta
845 1729 896 1756 est,
907 1733 972 1753 sus-

188 1775 295 1805 pectam
308 1769 396 1797 reddit
408 1770 554 1797 secundam
564 1779 572 1803 ;
582 1779 631 1797 cur
641 1778 694 1797 non
709 1771 836 1798 reddatet
844 1771 971 1806 primam?

226 1815 268 1842 Vl.
284 1814 356 1842 Idem
368 1815 511 1843 dicendum
523 1820 549 1843 et
561 1816 593 1843 de
607 1824 722 1843 censura
737 1815 836 1849 Photii,
850 1816 896 1852 qui
907 1817 970 1852 qui-

188 1860 250 1889 dem
267 1862 312 1889 ubi
333 1861 478 1896 praemisit,
494 1861 588 1888 Lectus
604 1866 642 1888 est
658 1861 778 1894 libellus,
795 1862 822 1889 in
840 1871 890 1898 quo
910 1863 970 1891 Cle-

187 1907 282 1934 mentis
295 1907 412 1941 episton
427 1907 486 1934 date
501 1907 535 1934 ad
549 1906 699 1934 Corinthios
713 1909 922 1940 continebantur,
938 1917 970 1937 ac

186 1951 221 1978 de
234 1951 320 1986 prima
340 1952 406 1986 quid
426 1953 539 1980 sentiret
554 1952 599 1979 tibi
612 1953 748 1987 exposuit,
761 1954 871 1988 subjicit
883 1954 916 1982 de
930 1955 970 1981 al-

186 2000 266 2024 tera:
284 1996 407 2024 Secunda
428 2006 487 2025 vero
503 2003 527 2024 et
542 1998 601 2031 ipsa
623 1998 830 2026 admonitionem
852 1999 968 2026 melioris

185 2042 247 2069 vitae
262 2043 374 2074 inducit,
387 2048 464 2077 atque
479 2043 507 2069 in
520 2043 646 2077 principio
661 2042 795 2070 Christum
806 2044 889 2071 Deum
904 2052 971 2078 pra:-

185 2088 268 2115 dicat.
290 2089 384 2116 Verum
396 2089 468 2115 dicta
481 2089 602 2124 quwdam
623 2091 759 2125 peregrina
774 2091 842 2117 velut
860 2098 874 2118 ε
890 2099 969 2118 sacra

186 2135 326 2168 Scriptura
340 2134 505 2165 subinducit,
522 2135 615 2169 quibus
632 2143 662 2162 ne
680 2137 766 2171 prima
787 2136 891 2172 quidem
914 2138 969 2171 epi-

185 2181 256 2208 stola
267 2180 372 2207 omnino
387 2185 472 2208 vacat.
494 2180 528 2207 Et
550 2181 774 2215 interpretationes
794 2183 967 2215 quorumdam

186 2225 302 2251 locorum
328 2224 467 2251 alieniores
488 2225 598 2259 profert.
614 2225 653 2252 Ac
667 2226 775 2254 demum
795 2226 828 2254 de
852 2232 967 2264 utraque

1034 321 1068 342 an
1083 313 1202 342 secunda
1222 313 1370 342 Clementis
1393 314 1508 349 epistola
1531 314 1569 342 ibi
1591 314 1735 346 laudetur,
1760 323 1814 342 non

1032 365 1149 389 constat.
1166 360 1295 388 Usserius
1307 360 1417 396 quidem
1437 360 1547 388 dissert.
1561 359 1595 388 de
1609 361 1720 396 scriptis
1738 360 1817 395 lgna-

1032 404 1062 431 tii
1077 412 1136 440 cap.
1153 405 1197 437 10,
1215 403 1433 440 pseudo-Justini
1448 405 1539 432 verbis
1554 405 1699 433 secundam
1709 405 1818 440 episto—

1032 449 1084 477 lam
1099 451 1242 478 memorari
1256 453 1349 485 putat;
1363 449 1411 477 sed
1425 449 1582 478 Blondellus
1596 450 1643 478 lib.
1658 449 1715 477 tDe
1726 447 1818 482 Sibyl-

1031 494 1075 526 lis,
1090 502 1116 522 c.
1130 494 1176 526 20,
1192 494 1231 522 sic
1246 494 1338 522 eadem
1348 493 1449 522 Gallice
1459 494 1549 526 vertit,
1561 494 1640 529 quasi
1657 493 1773 529 primam
1790 494 1818 519 in

1031 539 1071 567 eis
1087 540 1197 567 citatam
1219 540 1338 575 legisset.
1358 539 1450 567 Tertio
1471 547 1521 567 nec
1542 540 1619 568 deest
1633 540 1795 573 coniectura
1808 558 1817 570 ν

1031 585 1120 612 locum
1132 585 1217 617 illum,
1233 593 1312 620 quem
1327 585 1568 620 pseudo-Justinus
1583 586 1743 621 perstringit
1753 606 1760 617 ,
1778 585 1814 613 ad

1030 637 1090 657 cum
1109 631 1259 665 pertinere,
1279 638 1358 665 quem
1381 630 1497 658 lremeus
1516 631 1561 658 lib.
1582 638 1612 658 ιιι
1634 631 1702 658 Adv.
1732 631 1813 662 Ικεν..

1029 683 1055 703 c.
1071 676 1098 707 3,
1114 676 1228 703 velutex
1241 676 1328 710 prima
1341 676 1455 711 epistola
1477 677 1562 709 citat,
1580 677 1626 704 ubi
1641 677 1813 704 Clementem

1030 721 1064 748 de
1078 721 1143 756 igne,
1155 729 1230 756 quem
1244 721 1314 748 Deus
1329 720 1436 748 diabolo
1450 726 1476 748 et
1490 722 1589 756 angelis
1601 722 1660 756 ejus
1671 731 1813 758 prwpara-

1031 767 1077 797 vit,
1100 774 1253 794 sermonem
1275 767 1404 794 habuisse
1429 771 1555 796 testatur.
1575 768 1651 801 Quod
1664 769 1686 796 si
1700 769 1737 796 ita
1757 773 1812 801 est,

1029 812 1097 839 nihil
1109 811 1194 839 officit
1208 812 1328 847 epistolae
1343 812 1469 839 secundae
1484 813 1600 841 veritati.
1625 813 1747 849 Denique
1767 822 1814 842 ar-

1029 862 1185 893 gumentum
1197 865 1230 884 ex
1249 857 1358 892 Sibylla:
1374 858 1511 885 mentione
1524 859 1651 893 petitum,
1674 860 1753 888 valde
1768 861 1814 888 in-

1029 903 1136 931 firmum
1151 910 1212 930 esse
1225 902 1379 930 Cotelerius
1393 903 1500 931 erudite
1511 905 1640 932 ostendit.

1065 948 1130 976 Vill.
1153 947 1220 976 ltem
1242 948 1283 975 vir
1303 947 1472 977 clarissimus
1491 950 1558 976 nihil
1574 950 1684 978 obstare
1697 957 1811 985 censet,

1028 995 1173 1029 quominus
1201 998 1229 1022 et
1253 993 1310 1022 haec
1337 995 1456 1022 secunda
1483 996 1596 1031 epistola
1622 1005 1671 1032 pro
1690 998 1813 1033 genuino

1026 1040 1175 1068 Clementis
1199 1041 1254 1068 fetu
1268 1042 1410 1069 habeatur.
1424 1041 1601 1077 lllamprima:
1615 1042 1768 1070 subnexam
1784 1047 1812 1071 et

1026 1085 1173 1114 Clementis
1195 1087 1305 1115 nomine
1325 1087 1482 1123 insignitam
1503 1088 1613 1116 exhibet
1636 1093 1812 1124 pervetustus

1026 1132 1111 1160 codex
1126 1132 1325 1161 Alexandrinus
1338 1154 1346 1167 ,
1364 1133 1391 1160 in
1405 1141 1459 1169 quo
1473 1133 1548 1160 nulla
1563 1133 1701 1162 Clemente
1718 1140 1811 1170 poste-

1026 1178 1097 1204 riora
1119 1177 1220 1212 scripta
1234 1178 1418 1206 continentur.
1443 1177 1538 1205 Eidem
1553 1178 1738 1214 suﬂ'raganlur
1754 1189 1810 1208 non

1026 1221 1106 1249 modo
1119 1221 1243 1252 l’hotius.
1257 1223 1301 1258 qui
1314 1223 1430 1250 similem
1448 1231 1531 1258 penes
1545 1231 1575 1252 se
1588 1224 1683 1252 habuit
1693 1244 1701 1256 ,
1717 1226 1765 1253 sed
1783 1230 1811 1254 et

1025 1268 1137 1296 ultimus
1161 1269 1345 1303 apostolorum
1360 1276 1465 1302 canon,
1484 1269 1530 1304 qui
1558 1270 1706 1297 secundam
1734 1271 1810 1299 illam

1024 1314 1165 1349 epistolam
1176 1322 1230 1341 non
1242 1322 1321 1342 secus
1335 1322 1367 1341 ac
1377 1316 1490 1350 primam
1501 1315 1623 1350 proxime
1638 1320 1701 1350 post
1713 1324 1810 1345 sacros

1025 1359 1110 1387 libros
1121 1364 1253 1388 recenset.
1271 1359 1418 1395 Utriusque
1434 1360 1514 1388 etiam
1533 1362 1724 1396 cognationem
1740 1369 1808 1397 pro-

1024 1404 1089 1432 bant
1103 1406 1252 1439 peculiares
1266 1405 1375 1441 quidam
1392 1406 1444 1433 loci
1468 1414 1501 1434 ex
1525 1407 1702 1443 apocryphis,
1719 1411 1750 1434 ut
1765 1409 1808 1434 vi-

1024 1450 1119 1483 detur,
1135 1451 1267 1486 expressi.
1291 1450 1366 1479 Alios
1391 1451 1470 1478 mitto
1492 1453 1640 1488 scriptores
1652 1472 1660 1485 ,
1679 1453 1726 1488 qui
1744 1461 1807 1481 eam

1023 1495 1170 1523 Clementis
1181 1496 1290 1524 nomine
1303 1498 1455 1526 laudarunt.
1468 1498 1584 1526 Tantum
1593 1499 1719 1530 observo,
1733 1500 1806 1535 apud

1024 1542 1187 1570 Dorotheum
1203 1543 1327 1571 abbatem
1338 1565 1345 1577 ,
1362 1546 1408 1580 qui
1421 1546 1491 1573 inter
1505 1546 1566 1574 illos
1580 1547 1677 1574 merito
1692 1551 1807 1582 propter

1024 1588 1207 1616 testimonium
1222 1596 1255 1616 ex
1266 1597 1295 1616 ea
1310 1590 1444 1624 prolatum
1461 1598 1493 1617 ac
1511 1590 1645 1618 Doctrime
1661 1591 1696 1618 25
1713 1591 1803 1619 inser-

1024 1638 1080 1660 tum
1093 1633 1269 1668 appellandus
1283 1637 1342 1661 erat
1352 1654 1359 1665 ,
1377 1634 1404 1661 in
1420 1633 1544 1662 Bibliolh.
1563 1634 1674 1662 Patrum
1688 1636 1804 1664 Climaci

1023 1678 1082 1706 loco
1097 1678 1243 1706 Clementis
1258 1686 1355 1706 nomen
1371 1687 1420 1714 per
1439 1680 1610 1708 oscitantiam
1626 1681 1802 1710 librariorum

1023 1724 1176 1759 irrepsisse.
1198 1725 1239 1752 Ad
1264 1733 1315 1753 nos
1336 1725 1409 1760 quod
1435 1726 1547 1759 attinet,
1569 1727 1710 1761 epistolam
1727 1732 1805 1756 tanto

1023 1775 1173 1805 temporum
1191 1775 1279 1799 tractu
1293 1780 1353 1799 cum
1369 1773 1455 1807 prima
1469 1772 1641 1807 conjunctam
1656 1781 1802 1808 separare,

1021 1820 1068 1843 aut
1079 1824 1177 1844 nomen
1189 1817 1260 1852 quod
1273 1825 1307 1845 ex
1321 1818 1395 1845 omni
1407 1817 1545 1844 hominum
1560 1819 1689 1846 memoria
1706 1827 1762 1854 prae
1774 1828 1803 1847 se

1022 1861 1083 1894 t‘ert,
1097 1863 1122 1890 ei
1137 1863 1296 1897 abjudicare
1310 1864 1434 1899 religioni
1456 1864 1536 1891 nobis
1550 1869 1601 1891 est.
1618 1863 1692 1891 Illam
1709 1865 1782 1900 piam
1793 1886 1801 1897 ,

1020 1908 1114 1936 utilem
1130 1913 1158 1936 et
1171 1909 1310 1937 Clemente
1330 1917 1384 1936 non
1397 1909 1537 1944 indignam
1548 1917 1610 1937 esse
1624 1918 1712 1945 neque
1726 1911 1779 1946 ipsi
1792 1932 1800 1943 ,

1019 1954 1065 1990 qui
1081 1962 1139 1982 eam
1155 1955 1351 1990 suppositionis
1365 1955 1547 1990 suspicantur,
1560 1960 1669 1991 negant.
1686 1956 1800 1985 Deside-

1019 2000 1135 2026 randum
1149 2003 1231 2032 eSSet,
1247 2004 1277 2027 ut
1291 1999 1422 2035 integrior
1436 1999 1469 2026 ad
1488 2007 1538 2027 nos
1550 2000 1728 2034 pervenisset.

1054 2045 1098 2073 IX.
1115 2045 1170 2073 Nec
1185 2045 1286 2073 morari
1302 2053 1352 2072 nos
1367 2045 1446 2072 debet
1467 2046 1560 2080 opinio
1573 2053 1681 2078 eorum,
1700 2047 1800 2081 quibus

1018 2091 1335 2119 Grabiusincunctanter
1348 2091 1505 2124 subscribit,
1521 2092 1577 2127 qui,
1594 2096 1705 2127 propter
1719 2101 1800 2120 exor-

1017 2137 1103 2168 dium,
1117 2137 1144 2163 in
1163 2144 1218 2171 quo
1233 2137 1361 2164 salutatio
1374 2145 1436 2164 cum
1450 2145 1530 2172 prece
1544 2137 1688 2172 conjuncta
1701 2143 1799 2165 contra

1017 2182 1201 2217 apostolorum
1217 2186 1298 2216 atque
1320 2182 1406 2217 ipsius
1424 2181 1571 2209 Clementis
1585 2189 1687 2209 morem
1701 2182 1797 2214 deest,

1017 2228 1043 2256 id
1058 2228 1129 2263 quod
1142 2228 1290 2255 etiamnum
1306 2228 1448 2260 habemus,
1466 2227 1584 2254 humilia:
1604 2228 1694 2262 potius
1714 2236 1797 2263 quam

184 2270 323 2297 concludit
339 2279 345 2298 :
362 2270 486 2306 Alioquin
502 2271 569 2305 ipsa,
584 2272 677 2306 quain
692 2272 732 2300 his
744 2273 860 2307 epistolis
876 2274 964 2303 insunt
982 2274 1002 2301 D
1017 2275 1137 2309 epistola:
1157 2278 1260 2308 partem
1278 2273 1413 2308 judicant.
1430 2273 1489 2300 Non
1500 2273 1571 2300 enim
1591 2277 1667 2301 tanta
1689 2277 1732 2301 est
1751 2274 1798 2301 illa

184 2324 276 2347 sensa,
289 2315 408 2342 nonnihil
423 2315 525 2350 objecta
538 2321 609 2349 sunt,
623 2324 668 2343 nec
683 2318 855 2346 continentem
873 2321 966 2347 seriem

184 2367 215 2384 ac
227 2359 438 2394 consequentiam
452 2364 567 2388 servant.
579 2360 645 2387 Nam
659 2361 728 2388 nihil
742 2363 768 2389 in
784 2363 835 2390 hac
846 2366 966 2392 secunda

182 2405 365 2439 reprehendit,
383 2405 454 2440 quod
463 2413 516 2432 non
532 2406 626 2440 prima:
637 2414 698 2434 cum
708 2415 740 2435 ea
751 2416 893 2436 commune
904 2418 965 2438 esse

183 2452 320 2478 fateatur:
337 2459 424 2486 eoque
444 2456 523 2486 pacto
539 2452 702 2489 singularem
725 2458 801 2481 notat
821 2456 965 2490 utriusque

181 2497 410 2529 consensionem,
437 2497 509 2524 unde
532 2497 567 2525 ad
591 2502 736 2534 utramque
761 2501 962 2536 suscipiendam

178 2544 240 2578 jure
255 2543 424 2570 Inducamur.

218 2587 273 2615 V'll.
291 2587 383 2622 Neque
399 2587 535 2616 efficacius
560 2588 700 2616 veritatem
721 2590 842 2625 epistolae
863 2596 964 2619 nostra:

181 2633 322 2668 impugnat
330 2633 395 2660 illud
403 2632 619 2668 pseudo—Justini
629 2642 752 2670 respons.
760 2637 793 2664 ad
801 2641 896 2671 quaest.
908 2638 940 2665 74
953 2648 959 2665 :

182 2678 212 2706 Si
238 2679 374 2713 pra’sentis
396 2687 483 2706 rerum
506 2684 593 2707 status
617 2681 678 2715 ﬁnis
696 2686 736 2708 est
759 2683 897 2716 impiorum
917 2691 963 2717 per

181 2724 266 2758 ignem
277 2723 419 2758 judicium,
436 2729 514 2760 prout
531 2729 661 2752 testantur
672 2726 856 2762 prophetarum
866 2732 890 2754 el
900 2736 963 2762 apo-

181 2769 310 2797 stolorum
328 2770 444 2804 scripta,
468 2775 545 2805 atque
568 2771 675 2806 insuper
690 2771 799 2806 Sibylla'
820 2773 959 2806 vaticinia,

181 2815 401 2850 quemadmodum
415 2815 452 2843 ait
467 2815 500 2844 Β.
521 2815 640 2844 Clemens
652 2818 679 2844 in
697 2826 746 2845 sua
761 2819 795 2845 ad
810 2818 959 2847 Corinthios

179 2862 301 2895 epistola.
318 2861 407 2890 Primo
422 2862 493 2889 enim
506 2862 533 2890 in
543 2863 595 2890 hoc
608 2863 678 2890 libro
691 2863 750 2899 ipsa
765 2869 888 2893 tacentur
899 2866 960 2894 Cle-

182 2912 256 2935 ment
269 2916 280 2934 s
296 2907 386 2940 verba,
399 2915 458 2942 qua:
473 2908 548 2942 prius
563 2913 655 2937 essent
666 2910 852 2943 expcndmna,
869 2915 897 2938 ut
913 2920 958 2938 sa-

1016 2320 1096 2351 ratio,
1109 2323 1139 2346 ut
1151 2324 1284 2351 veterum,
1296 2319 1341 2354 qui
1353 2319 1495 2354 epistolam
1507 2323 1675 2354 nuncupant,
1689 2327 1798 2347 summo

1014 2364 1160 2392 consensui
1174 2371 1227 2391 non
1242 2364 1330 2391 dicam
1343 2364 1480 2396 anteferri,
1493 2365 1539 2391 sed
1555 2365 1597 2392 vel
1610 2365 1729 2392 conferri
1741 2365 1797 2392 ullo

1013 2411 1094 2438 modo
1108 2411 1205 2437 valeat.
1220 2409 1312 2444 Neque
1325 2410 1404 2437 etiam
1416 2410 1444 2437 in
1463 2410 1639 2444 inquisitione
1652 2411 1794 2446 temporis.

1013 2464 1067 2492 quo
1086 2457 1187 2491 scripta
1201 2459 1260 2487 est,
1277 2464 1326 2483 nos
1343 2463 1412 2491 opus
1426 2460 1468 2483 est
1489 2456 1593 2484 diutius
1605 2457 1742 2484 distineri.
1761 2457 1795 2484 Ut

1013 2503 1085 2531 enim
1108 2503 1174 2530 illud
1197 2506 1272 2529 certo
1284 2501 1462 2537 dignoseatur
1474 2510 1527 2529 non
1544 2503 1690 2530 admodum
1709 2504 1794 2531 inter-

1011 2553 1063 2581 est,
1084 2556 1146 2576 cum
1172 2549 1277 2575 nullum
1294 2548 1320 2575 in
1344 2556 1376 2576 ea
1395 2548 1496 2575 factum
1511 2549 1671 2583 explicetur.
1693 2548 1793 2577 Obser-

1011 2598 1076 2622 vant
1087 2599 1176 2622 tamen
1191 2594 1300 2625 eruditi,
1316 2601 1375 2621 eam
1390 2594 1511 2621 redolere
1533 2599 1649 2629 tempus,
1670 2603 1726 2629 quo
1747 2603 1792 2623 ec-

1011 2640 1101 2667 clesia:
1115 2647 1180 2674 pace
1194 2639 1363 2666 fruebantur.
1380 2639 1499 2666 Primum
1514 2647 1586 2666 anno
1604 2639 1684 2672 1653,
1701 2639 1792 2668 Graece

1011 2688 1116 2711 tantum
1132 2684 1165 2711 ad
1180 2684 1283 2711 calcem
1300 2684 1422 2719 epistolae
1436 2683 1456 2714 1.
1475 2692 1490 2710 a
1507 2684 1624 2711 Patricio
1638 2684 1721 2712 Junio
1735 2685 1791 2712 edi-

1011 2734 1044 2757 tae
1056 2730 1184 2764 adjuncta
1197 2729 1296 2757 Oxonii
1320 2730 1432 2765 prodiit.
1455 2730 1520 2757 Eam
1536 2734 1630 2765 postea
1648 2731 1791 2759 Latinitate

1009 2775 1146 2803 donarunt
1166 2775 1266 2803 Joann.
1290 2775 1368 2811 Bapt.
1392 2776 1543 2804 Cotelerius
1569 2780 1597 2804 et
1621 2776 1790 2804 Cottifredus

1012 2821 1185 2856 Vendelinus,
1200 2821 1350 2856 exindeque
1364 2821 1457 2848 Graece
1477 2825 1503 2848 et
1527 2821 1622 2848 Latine
1635 2821 1734 2855 saepius
1749 2829 1790 2848 re-

1009 2874 1074 2893 cusa
1086 2870 1137 2893 est.
1151 2865 1278 2894 Cotelerii
1297 2866 1533 2901 interpretationi,
1546 2874 1578 2894 ea
1591 2873 1644 2902 qua
1659 2866 1686 2894 in
1703 2867 1788 2902 prima

1011 2912 1052 2940 usi
1070 2919 1164 2939 sumus
1180 2911 1312 2944 libertate,
1329 2912 1508 2940 adhaeremus.
