1893 3101
199 213 230 241 87

768 208 813 234 AD
828 206 857 233 S.
873 204 1083 233 CLEMENTEM
1103 205 1113 232 ι
1132 201 1245 231 PAPAM

1771 194 1805 220 εδ

199 272 267 298 sitne
286 268 428 301 dimensis.
449 268 584 304 supplevit
601 273 628 296 et
642 267 726 295 minio
744 266 827 294 rubro
851 263 974 296 notavit;
990 265 1012 293 Δ
1027 263 1111 297 plaria
1131 269 1192 297 quae
1215 267 1308 288 eorum
1327 262 1439 292 uterque
1460 262 1522 283 cum
1537 262 1589 282 ms.
1605 253 1699 281 codice
1721 259 1805 286 quam

198 324 230 344 eo
245 317 372 343 nimlrum
387 315 511 346 consilio,
528 318 558 341 ut
573 321 633 349 quae
650 314 677 340 ln
700 312 796 340 laceris
811 309 975 338 membranis

199 360 330 396 temporis
345 361 444 396 injuria
460 363 620 394 consumpta
638 358 872 388 desiderabantur,
892 356 925 382 ab
941 355 974 381 iis

199 413 259 441 quae
279 405 369 432 addita
391 405 434 433 vel
459 405 581 440 suppleta
612 403 711 431 fuerint
735 403 850 429 lectores
869 400 975 428 facilius

201 453 380 478 secernerent.
407 449 472 483 Qua:
503 449 611 485 quidem
644 448 831 483 supplementa
858 445 974 473 Juniana

202 497 364 532 posteriores
384 496 514 528 editores,
531 498 560 522 ut
576 494 713 521 uncinulis
728 493 820 520 clausa
835 491 906 527 typis
922 491 974 517 im-

200 542 400 576 primerentur,
427 542 569 577 diligenter
604 543 745 568 curarunt.
768 538 862 573 Magna
892 537 976 565 enim-

198 595 263 615 vero
277 593 304 617 et
323 587 457 616 laudanda
467 587 540 614 Junii
562 587 672 615 solertia
683 607 690 618 ,
710 586 733 614 si
749 585 814 612 lides
829 584 880 619 ipsi
898 582 975 610 adhi-

198 633 296 662 benda.
310 633 410 662 Verum
425 640 503 660 secus
520 632 641 659 sentiunt
655 631 689 658 de
702 638 735 658 eo
757 630 843 664 deque
860 629 919 663 ejus
936 628 975 654 la-

199 679 265 708 bore
288 679 315 706 in
341 678 520 707 describendo
546 685 598 704 ms.
616 675 800 703 Alexandrino
824 674 874 701 viri
897 674 975 708 longe

198 722 360 755 doctissimi,
385 721 528 750 Wottonus
546 720 583 756 (1)
600 721 626 748 in
642 719 747 754 primis,
765 719 865 746 Millius
880 717 918 754 (2)
947 722 974 746 et

198 767 315 796 (irabius
331 769 368 804 (ὅ)
387 778 393 795 ;
409 773 437 794 ut
451 768 563 803 proinde
574 768 662 794 minus
677 771 750 794 recte
762 766 900 793 censuerit
913 764 974 792 Fel-

199 812 310 847 lus(1),
334 821 343 838 ε
373 817 463 839 actum
490 811 595 839 scilicet
617 812 695 839 irrito
722 814 821 838 conatu
850 814 974 837 acturum

200 858 285 885 fuisse
304 858 390 889 illum,
407 858 452 892 qui
463 861 523 893 post
537 857 646 884 Junium
662 857 695 884 ad
710 856 848 891 exemplar
861 856 975 883 Alexan-

198 904 306 931 drinum
321 905 412 931 omnia
429 904 518 931 denuo
531 903 666 938 exegisset
687 913 694 931 :
712 902 856 938 siquidem,
870 901 973 933 subdit,

1024 311 1151 335 accurate
1165 305 1327 336 contulerat,
1339 302 1405 330 mihi
1416 300 1585 336 comparavi,
1597 304 1679 334 atque
1692 297 1805 325 illorum

1024 355 1184 382 collationes
1211 356 1237 379 et
1265 348 1468 378 emendationes
1498 346 1642 381 diligenter
1664 344 1698 371 ad
1727 350 1806 370 oram

1024 400 1086 428 libri
1114 399 1166 426 mei
1185 396 1322 425 adnotavi.
1339 394 1417 428 Quod
1433 401 1493 420 cum
1516 388 1643 427 egissem,
1658 397 1711 418 ms.
1731 388 1808 416 codi-

1025 453 1083 472 cem
1099 447 1200 480 quanta
1219 442 1276 470 ﬁeri
1294 440 1381 475 potuit
1396 437 1535 474 diligentia
1553 436 1614 471 plus
1626 443 1707 470 quam
1720 434 1806 462 semel

1025 489 1059 517 de
1073 478 1144 516 novo
1161 487 1282 519 contuli;
1299 492 1391 520 quem,
1411 491 1473 510 cum
1486 482 1584 509 unicus
1600 480 1646 512 sit,
1665 486 1752 512 usque
1770 478 1807 506 ad

1024 534 1141 563 litteram
1163 537 1274 562 secutus
1291 538 1361 562 sum,
1382 533 1564 565 praeterquam
1578 527 1605 553 in
1621 525 1804 553 abbreviatio—

1025 582 1116 612 nibus,
1140 587 1208 615 quas
1229 579 1280 606 hoc
1304 577 1333 605 in
1346 577 1407 605 loco
1423 572 1705 615 potius_adnotandas
1725 569 1808 612 duxi;

1025 612 1189 662 llujusmodi
1205 631 1268 653 sunt
1284 635 1290 656 ;
1307 617 1348 652 δὲ
1363 631 1412 659 pro
1427 622 1503 653 Θεὸς.
1513 612 1630 662 Tit—111m
1644 617 1758 662 19—92;,
1773 616 1808 642 ΙΣ

1026 659 1075 708 pro
1087 672 1200 708 Ἰησοῦς,
1226 664 1278 698 ’ἦ
1294 678 1344 706 pro
1372 668 1499 708 XM,
1520 659 1598 695 m
1612 670 1640 694 et
1661 659 1808 708 l—l—Niﬁ

1025 718 1136 754 Πνεῦμα
1155 721 1181 745 et
1196 717 1362 752 Πνεύματος,
1378 715 1489 754 οΥΝοΣ
1504 721 1554 750 pro
1574 711 1810 754 oopzvéﬂﬂot‘.

1026 775 1074 802 pro
1099 750 1252 802 dvepwmg,
1270 750 1336 790 Vm
1351 766 1377 790 et
1402 753 1462 788 ITIK
1477 769 1525 797 pro
1538 760 1658 796 Ἰσραήλ,
1669 750 1736 786 ῙῙΜ
1753 766 1806 794 pro

1026 803 1288 847 'lspouoakﬁp,m
1303 817 1353 845 pro
1368 808 1484 844 πατέρα.
1499 806 1550 834 Ubi
1565 813 1629 834 vero
1646 805 1731 832 codex
1751 812 1807 832 ms.

1025 856 1141 884 discedit
1165 864 1180 883 a
1202 855 1308 890 vulgari
1336 852 1474 881 scribendi
1499 851 1615 882 ratione,
1644 850 1686 877 vel
1709 857 1809 884 parum

1026 906 1099 930 recte
1110 909 1139 930 se
1149 901 1241 933 habet,
1263 907 1356 927 veram
1375 906 1407 926 ac
1421 898 1592 926 usitatiorem
1605 895 1743 924 scribendi
1760 902 1809 922 ra-

198 956 229 976 ea
241 948 357 976 habetur
371 948 404 976 de
419 948 580 980 eruditione,
598 948 733 976 industria
748 951 775 975 et
790 947 842 975 fide
856 946 887 974 D.
903 946 977 973 Junii
992 942 1014 970 Β
1029 948 1140 979 tionem,
1157 950 1186 973 ut
1199 950 1225 972 et
1245 945 1386 977 lectiones,
1399 942 1604 971 emendationes
1625 945 1652 968 et
1666 940 1813 974 conjectu-

199 994 270 1029 apud
293 1001 386 1021 omnes
411 993 492 1026 fama,
518 997 548 1020 ut
569 993 691 1020 eamdem
713 992 869 1028 suspicione
886 992 977 1027 aliqua

198 1039 372 1073 labetactare,
386 1047 439 1066 non
455 1039 565 1066 incivile
584 1038 675 1071 modo,
690 1038 738 1066 sed
758 1038 882 1073 iniquum
899 1045 977 1073 pror-

199 1093 247 1113 sus
258 1085 393 1113 videatur.
413 1095 423 1111 ι

233 1132 267 1158 At
278 1132 395 1167 pretium
408 1131 488 1158 fuerit
504 1139 594 1167 operte
604 1131 649 1158 hic
670 1131 697 1158 in
712 1131 830 1158 medium
844 1129 976 1165 proferre.

198 1185 258 1212 quae
274 1177 308 1204 de
326 1177 442 1204 Juniana
464 1177 696 1205 Clementinarum
719 1176 901 1211 Epistolarum
921 1175 979 1202 edi-

199 1223 271 1249 tione
291 1221 366 1250 fuere
384 1222 418 1250 ab
436 1223 496 1257 ipso
509 1221 611 1250 Grabio
626 1222 765 1249 adnotata.
784 1220 830 1247 Sic
845 1224 934 1247 autem
949 1227 979 1247 se

198 1268 298 1295 habent
308 1268 345 1303 (5)
360 1276 366 1295 :
379 1277 387 1293 ι
401 1267 467 1301 Quae
478 1276 511 1295 ex
519 1267 664 1295 collatione
674 1267 737 1303 (ms.
746 1266 850 1294 codicis
861 1265 978 1294 Alexan-

197 1313 282 1348 driui‘)
297 1314 511 1341 emendationem
528 1313 660 1348 prazbent.
684 1313 716 1340 ad
738 1313 795 1340 bzec
816 1312 872 1339 fere
890 1312 978 1346 capita

197 1359 376 1387 reducuntur.
400 1360 420 1388 l.
442 1359 578 1387 Nonnulla
596 1361 624 1387 in
636 1359 718 1387 editis
736 1358 899 1386 omittuntur
917 1365 978 1393 quae

198 1406 226 1433 in
240 1411 384 1441 prototypo
392 1410 510 1439 exstant,
521 1410 550 1433 ut
564 1414 597 1434 ex
611 1406 736 1433 versione
748 1404 844 1431 Latina
857 1407 976 1431 constat.

199 1451 231 1478 ll.
245 1451 322 1478 Haud
337 1459 422 1486 pauca
442 1453 574 1479 vocabula
589 1452 688 1479 litteris
709 1451 830 1478 miniatis
845 1450 975 1482 eduntur,

198 1505 258 1532 quae
277 1498 304 1524 in
323 1498 417 1525 codice
434 1502 559 1531 exstant;
580 1498 651 1532 quod
667 1497 768 1523 factum
790 1504 852 1524 esse
866 1503 881 1522 a
897 1501 978 1531 typo-

198 1543 281 1569 tlietis
311 1543 457 1570 verisimile
483 1546 534 1570 est.
565 1543 608 1569 lll.
627 1542 780 1569 Suntliaud
798 1549 895 1576 pauca,
917 1548 978 1576 qua

199 1596 254 1615 non
278 1592 350 1615 recte
374 1589 520 1623 exscripsit
544 1588 642 1616 editor.
671 1587 716 1615 ιν.
744 1587 877 1614 Nonnulla
900 1583 978 1614 aliter

198 1633 301 1667 scripta
317 1638 391 1664 sunt,
409 1641 490 1669 quam
509 1634 598 1660 editor
615 1633 819 1668 reprtesentavit
834 1640 867 1659 ex
883 1632 979 1666 singu-

199 1679 249 1705 lari
266 1679 382 1714 quadam
395 1680 454 1714 ejus
468 1680 612 1714 opinione;
625 1687 678 1714 qua
693 1679 790 1706 adduci
808 1687 862 1706 non
878 1679 978 1713 potuit,

200 1730 229 1752 ut
248 1726 423 1760 scriptionem
440 1729 555 1753 veterem
580 1726 658 1753 aliter
672 1726 821 1757 exhiberet,
840 1732 921 1759 qualn
937 1731 979 1751 se-

198 1775 317 1803 cundum
333 1776 468 1810 vulgarem
488 1775 623 1803 scribendi
647 1783 759 1802 morem.
778 1774 807 1802 V.
832 1774 908 1809 Stepe
919 1782 979 1801 cum

197 1821 257 1856 ipse
271 1821 341 1848 male
354 1821 540 1856 exscripserit,
557 1821 754 1848 correctionem
771 1828 804 1847 ex
820 1820 980 1854 conjectura

199 1866 273 1893 addit
293 1866 326 1893 ad
350 1866 516 1900 marginem;
538 1874 598 1901 qua:
615 1866 750 1893 correctio
765 1866 792 1892 in
814 1865 873 1900 ipso
886 1864 980 1892 codice

200 1913 341 1946 reperitur.
362 1923 370 1937 ι
389 1911 525 1939 Hactenus
542 1906 670 1939 Grabius.
693 1911 798 1945 Quibus
821 1919 886 1946 ergo
906 1911 980 1937 vitiis

200 1958 324 1985 laborant
343 1958 474 1996 editiones
497 1958 580 1985 ferme
597 1966 703 1989 omnes,
721 1961 814 1992 utpote
826 1964 886 1992 quae
905 1955 980 1983 fuere

200 2003 233 2029 ad
257 2002 400 2030 Junianam
425 2009 527 2030 exactae
543 2014 550 2030 :
567 2003 637 2038 quod
661 2003 769 2038 quidem
786 2002 886 2037 liquido
907 2006 980 2036 patet

200 2057 232 2076 ex
243 2048 428 2081 Wottoniana,
438 2050 557 2076 Omnium
573 2049 803 2076 emendatissima.

237 2093 298 2120 "me
310 2095 391 2128 igitur
403 2093 637 2129 Cantabrigiensis
646 2095 714 2122 satis
727 2095 864 2122 luculenta
876 2094 980 2126 ἔκδυσις

201 2139 228 2165 in
251 2139 347 2174 vulgus
361 2141 460 2174 prodiit
475 2148 546 2168 anno
566 2140 645 2173 1718,
662 2148 768 2168 summa
792 2147 857 2168 cura
871 2139 980 2167 Henrici

200 2185 323 2212 Wottoni
341 2186 490 2214 elaborata.
505 2186 570 2212 Eam
592 2186 664 2214 enim
679 2186 751 2213 haud
764 2186 848 2214 semel
868 2184 980 2220 exigens

202 2229 234 2258 Υ.
251 2230 281 2258 C.
298 2231 331 2258 ad
348 2230 428 2257 fidem
444 2239 496 2259 ms.
523 2231 626 2259 codicis
643 2231 834 2262 Alexandrini,
858 2231 980 2258 adhibito

992 1616 1012 1644 C

1027 1001 1072 1021 ras
1084 992 1168 1024 Junii,
1182 992 1277 1024 Boisii,
1289 990 1428 1021 Cotelerii.
1443 988 1521 1021 Felli,
1534 986 1680 1015 Colomesii
1696 993 1727 1012 ac
1744 985 1811 1013 Cle-

1026 1040 1094 1072 rici,
1129 1039 1200 1066 inter
1230 1037 1369 1065 variantes
1399 1035 1531 1063 lectiones
1559 1033 1649 1069 posui.
1678 1031 1812 1058 Plurimis

1027 1087 1108 1114 etiam
1129 1086 1156 1112 in
1175 1085 1244 1112 locis
1258 1087 1361 1111 textum
1380 1080 1522 1110 emendavi
1541 1084 1568 1107 et
1586 1086 1642 1107 suae
1658 1076 1811 1112 integritati

1027 1131 1144 1163 restitui,
1161 1130 1206 1157 ubi
1226 1137 1321 1164 parum
1334 1132 1408 1155 recte
1424 1135 1438 1154 a
1448 1126 1531 1153 Junio
1543 1123 1762 1152 describebatur.
1774 1136 1814 1143 —

1027 1176 1093 1211 Quae
1108 1184 1151 1204 me
1166 1176 1199 1203 ad
1213 1175 1283 1202 hanc
1293 1174 1439 1202 editionem
1456 1170 1658 1206 suscipiendam
1672 1168 1813 1204 praecipue

1027 1222 1202 1257 impulerunt,
1219 1221 1276 1247 haec
1296 1220 1425 1246 fuerunt:
1447 1225 1482 1245 ne
1510 1217 1618 1245 deesset
1640 1213 1812 1242 emendatior

1027 1268 1113 1296 Graeci
1133 1271 1224 1294 textus
1236 1266 1329 1297 editio,
1351 1269 1394 1293 etc
1426 1274 1435 1290 ι
1453 1263 1529 1290 llanc
1544 1266 1634 1289 autem
1651 1259 1810 1288 Wottonia-

1027 1321 1090 1340 nam
1102 1312 1261 1343 editionem,
1279 1310 1400 1338 omnium
1421 1309 1485 1337 licet
1496 1305 1747 1336 accuratissimam,
1763 1304 1812 1339 qui

1027 1359 1156 1394 deinceps
1179 1356 1309 1392 epistolas
1329 1354 1514 1383 Clementinas
1540 1353 1613 1389 typis
1639 1350 1813 1379 excuderunt

1027 1405 1079 1432 viri
1110 1404 1223 1436 eruditi,
1249 1404 1272 1430 si
1301 1401 1468 1429 Ricbardum
1483 1399 1639 1427 Russelium
1669 1397 1810 1432 excipias.

1028 1450 1182 1485 praeteriere
1196 1448 1391 1476 inconsultam.
1407 1446 1486 1479 Quod
1504 1444 1614 1481 quidem
1635 1443 1746 1475 mirum,
1767 1442 1812 1470 sin

1028 1496 1120 1523 minus
1136 1495 1169 1522 de
1181 1494 1304 1529 reliquis,
1321 1497 1347 1520 at
1356 1493 1451 1520 saltem
1461 1492 1494 1519 de
1505 1491 1612 1518 Clerico
1626 1489 1672 1524 qui
1687 1488 1812 1517 eamdem

1029 1549 1084 1576 pra:
1094 1541 1220 1568 manibus
1233 1540 1329 1566 habuit
1346 1549 1352 1566 :
1369 1546 1403 1565 ex
1416 1545 1447 1565 ea
1462 1537 1534 1564 enim
1551 1534 1709 1564 selectiorcs
1724 1533 1812 1560 Boisii

1029 1587 1218 1615 adnotationes
1232 1594 1247 1612 a
1258 1585 1390 1613 Wottono
1402 1588 1459 1611 tum
1475 1583 1591 1618 primum
1605 1581 1694 1609 editas
1704 1579 1811 1607 descri-

1030 1633 1096 1668 psit,
1112 1640 1180 1668 quas
1195 1632 1222 1659 in
1239 1630 1386 1659 secundam
1399 1627 1684 1654 Amsttelodamensem
1697 1623 1812 1650 Patrum

1031 1679 1241 1715 apostolicorum
1255 1676 1401 1705 editionem
1409 1673 1605 1702 Cotelerianam
1614 1669 1767 1698 transtulit.
1776 1668 1812 1695 At

1030 1713 1062 1753 eo
1076 1725 1102 1751 in
1115 1723 1210 1759 primis
1224 1722 1333 1750 nomine
1345 1721 1417 1747 illam
1432 1720 1543 1754 insuper
1557 1716 1685 1744 habuisse
1700 1713 1811 1742 videtur

1030 1758 1163 1801 Clericus,
1180 1769 1252 1803 quod
1264 1768 1352 1795 editor
1364 1764 1598 1799 Cantabrigiensis
1620 1766 1676 1788 tum
1691 1758 1812 1787 Eduardi

1030 1815 1161 1843 Bernardi
1177 1814 1285 1842 notulas
1303 1812 1404 1847 quibus
1419 1810 1545 1846 Epistolze
1563 1809 1576 1835 1
1592 1807 1735 1834 αὐθεντίαν
1753 1805 1808 1832 ele-

1031 1869 1094 1890 vare
1114 1865 1229 1888 conatus
1243 1863 1284 1887 est
1301 1857 1465 1886 exsulllarit,
1485 1860 1541 1882 tum
1565 1855 1709 1889 ipsummet
1723 1851 1812 1879 Cleri-

1031 1915 1092 1934 cum
1107 1906 1253 1934 identidem
1270 1904 1340 1931 haud
1365 1902 1502 1930 immerito
1516 1900 1666 1934 castigarit.

1066 1953 1289 1988 Quandoquidem
1308 1959 1373 1978 vero
1392 1949 1510 1977 Russclii
1529 1948 1631 1975 mentio
1656 1945 1764 1977 incidit,
1781 1944 1813 1971 il-

1031 2000 1076 2027 lud
1089 2000 1203 2026 interest
1217 1998 1359 2029 adnotare,
1371 1995 1535 2023 industrium
1551 1994 1624 2020 bunc
1637 1992 1769 2019 editorem
1783 1991 1812 2017 in

1031 2046 1089 2074 suis
1105 2044 1217 2072 Patrum
1236 2043 1438 2078 apostolicorum
1456 2040 1575 2075 operibus
1590 2038 1719 2074 genuinis,
1738 2036 1812 2064 Lon-

1030 2091 1088 2118 dini
1105 2097 1175 2117 anno
1192 2088 1261 2116 1746
1287 2088 1429 2123 evulgatis,
1442 2085 1646 2113 Wottonianam
1661 2083 1811 2110 editionem

1030 2145 1086 2171 prae
1097 2136 1202 2163 caeteris
1213 2135 1264 2162 sibi
1278 2133 1442 2169 sequendam
1456 2133 1518 2167 jure
1531 2130 1680 2158 censuisse.
1699 2128 1753 2162 Qui
1786 2132 1813 2155 et

1031 2183 1065 2210 ad
1090 2182 1191 2210 calcem
1214 2181 1342 2209 secundae
1366 2179 1451 2215 partis
1479 2177 1626 2205 voluminis
1644 2176 1657 2203 1
1679 2174 1812 2202 laudabili

1031 2228 1146 2255 consilio
1169 2227 1298 2262 pleraque
1327 2225 1445 2260 subjecit
1470 2223 1608 2254 adnotata,
1635 2229 1668 2249 ex
1696 2220 1813 2248 Joannis

200 2275 282 2302 etiam
301 2274 375 2302 Junii
389 2275 461 2303 edito
474 2284 534 2304 cum
547 2276 642 2303 eodem
661 2275 754 2304 codice
772 2283 787 2302 a
803 2275 886 2302 Millio
899 2279 980 2310 atque
996 2281 1016 2307 ι)
1031 2273 1108 2300 Millii
1128 2273 1284 2308 apograpbo
1303 2274 1430 2298 accurate
1452 2269 1485 2296 ad
1500 2275 1551 2296 ms.
1574 2267 1676 2295 codicis
1693 2267 1813 2294 Alexan-

202 2331 217 2350 a
232 2321 334 2349 Grabio
358 2322 468 2355 collato,
488 2322 635 2350 Junianum
657 2325 760 2349 textum
783 2329 864 2357 quem
890 2321 980 2349 caeteri

201 2371 319 2399 editores
341 2373 405 2397 sunt
425 2369 521 2400 secuti,
536 2369 656 2403 octogies
671 2368 824 2396 emendavit
837 2368 981 2402 supplevit-

201 2423 270 2451 que;
290 2423 349 2450 qme
370 2422 434 2442 vero
458 2415 571 2442 aberant
590 2421 605 2441 a
622 2422 674 2442 ms.
691 2413 849 2449 exemplari,
865 2417 946 2448 atque
966 2421 981 2441 a

201 2460 283 2488 Junio
299 2461 396 2488 litteris
411 2460 531 2488 miniatis
547 2459 771 2495 designabantur,
786 2459 981 2487 minutioribus

202 2507 274 2544 typis
288 2506 466 2541 imprimcnda
487 2506 603 2534 curavit.
621 2505 673 2533 Sed
694 2509 805 2540 praestat
821 2504 980 2533 Wottonum

200 2553 291 2590 ipsum
322 2552 426 2584 audire,
456 2553 502 2587 qui
528 2552 671 2580 consilium
696 2551 871 2586 studiumque
899 2559 979 2578 suum

201 2600 229 2627 in
244 2600 295 2627 hac
306 2598 424 2626 editione
435 2598 592 2625 adornanda
603 2598 679 2626 hisce
690 2597 781 2625 verbis
793 2597 905 2631 exponit
920 2597 928 2630 ί
931 2595 958 2630 6)
972 2606 978 2623 :

205 2657 213 2672 ι
233 2646 300 2673 Cum
317 2645 435 2680 primum
456 2652 561 2671 mecum
585 2644 766 2671 decrevissem
781 2643 925 2670 editionem
950 2642 979 2670 S.

202 2691 350 2719 Clementis
363 2690 390 2717 in
406 2698 449 2717 me
469 2690 619 2725 suscipere,
632 2689 725 2717 Grabii
741 2688 870 2724 Milliique
888 2696 980 2716 exem-

204 2771 276 2833 5³(ι)
303 2770 454 2804 Prolegom.
477 2769 510 2796 ad
538 2770 606 2796 Bibl.
637 2769 788 2804 polyglott.,
815 2772 881 2796 sect.
905 2777 943 2801 Ix,
965 2769 978 2804 ς

204 2815 362 2902 riga-pud
373 2839 491 2872 Russel.,
504 2840 569 2868 edit.
581 2839 746 2874 PP.Apost.,
758 2843 823 2866 tom.
836 2838 858 2871 Ι,
868 2842 936 2872 part.
949 2846 977 2872 ιι,

226 2899 230 2903 .
248 2885 310 2903 Ζῖὶῦ.

205 2885 220 2911 Ρ
241 2912 278 2946 ὦ)
295 2910 443 2945 Prolegom.
461 2911 493 2938 ad
510 2919 580 2938 vers.
592 2910 735 2944 l.XI\',rap.
754 2916 784 2942 η,
800 2908 813 2944 §
830 2909 853 2936 1.

1031 2319 1104 2346 dt'ini
1122 2319 1199 2345 {idem
1219 2322 1315 2345 exaclo
1337 2316 1495 2350 descripta:
1516 2321 1577 2349 quae
1593 2312 1705 2348 quidem
1726 2313 1813 2340 adno-

1031 2367 1086 2390 tata
1095 2363 1252 2390 Wottonum
1266 2362 1483 2398 prwtermisisse,
1499 2359 1623 2395 quamvis
1636 2362 1663 2386 et
1675 2359 1735 2393 ipse
1751 2366 1815 2393 apo-

1031 2409 1161 2444 graplium
1192 2409 1340 2435 lllillianum
1369 2407 1420 2435 sibi
1450 2412 1626 2441 comparasse
1650 2407 1812 2435 asseveret,

1031 2457 1115 2482 miror
1130 2462 1284 2487 cnunvero;
1300 2461 1333 2481 co
1351 2453 1394 2480 vel
1412 2452 1530 2479 maxime
1544 2450 1616 2487 quod
1633 2450 1768 2477 nonnulla
1786 2450 1814 2477 in

1032 2501 1065 2528 iis
1081 2500 1260 2535 reperiantur,
1279 2499 1378 2535 quibus
1392 2506 1425 2525 ex
1446 2497 1542 2525 eodem
1555 2504 1607 2523 ms.
1621 2494 1813 2523 vetustissimo

1031 2546 1153 2572 codicum
1182 2545 1315 2572 editorum
1347 2543 1428 2570 lectio
1455 2541 1558 2577 passim
1587 2540 1713 2568 exactior
1753 2540 1813 2567 red-

1031 2591 1113 2618 ditur.

1066 2636 1156 2671 Neque
1170 2643 1251 2670 porro
1261 2635 1326 2662 illud
1342 2633 1612 2669 prmtermittendum,
1625 2631 1658 2659 V.
1669 2631 1701 2658 C.
1712 2630 1813 2658 Joanni

1031 2682 1168 2709 Ludovico
1186 2681 1264 2716 Frcy,
1278 2681 1324 2716 qui
1340 2688 1411 2707 anno
1437 2680 1506 2706 1742
1529 2678 1663 2713 Epistolas
1697 2677 1810 2704 Pam":

1065 2760 1102 2795 (-1)
1118 2759 1232 2795 Prusia};
1246 2758 1278 2784 ad
1298 2758 1379 2792 epist.
1394 2757 1512 2795 1_Clcm.,
1526 2757 1591 2795 edit.
1605 2756 1708 2795 Oxhonq
1731 2756 1809 2783 1669.

1065 2791 1103 2830 (5)
1113 2795 1190 2829 Apud
1200 2791 1357 2821 Wottonum
1377 2792 1410 2819 ad
1424 2793 1525 2820 calcem
1539 2792 1618 2827 epist.
1631 2791 1732 2823 Clem,
1751 2799 1807 2825 pag.

1031 2831 1093 2858 102.

1065 2866 1102 2901 (6)
1117 2863 1239 2896 Praefat.,
1256 2872 1282 2898 p.
1294 2871 1374 2890 ccvu.
