1893 3101
49 196 80 224 89

695 188 865 219 ΡΒΟἝΜΙΑ
884 188 1036 217 VARIORU
1043 189 1077 218 Μ.

1624 189 1660 216 90

50 253 249 289 apostolicos-um
262 254 337 289 typis
353 253 555 282 Basiteensibus
564 248 830 287 consignavit,W0t-
846 249 870 277 Α
883 254 978 274 carum
1011 248 1123 275 latebris
1153 247 1334 275 delitesceret.
1365 247 1519 274 Summaria
1543 246 1660 281 denique

49 300 186 327 tonianum
205 300 363 335 exemplar,
384 300 457 335 quod
477 299 586 335 quidem
605 297 763 333 exoptabat,
787 296 830 323 vi-

49 346 108 373 dere
121 350 181 372 tum
193 345 305 373 demum
321 346 432 374 licuisse
442 366 449 378 ,
466 353 528 373 cum
541 345 597 380 jam
611 344 727 379 epistola
739 343 751 370 l
772 342 833 370 Cle-

49 392 142 419 mentis
158 399 175 418 e
196 391 274 426 prelo
287 392 421 420 evasisset
437 401 444 419 :
462 396 491 418 ut
509 390 622 426 proinde
642 389 825 425 posteriorem

50 435 235 462 tantummodo
250 436 334 470 paulo
348 435 560 463 emendatiorem
579 433 742 461 exhibuerit.
759 433 832 466 Qua-

49 481 210 517 lemcunque
228 486 320 509 tamen
337 481 418 516 hujus
428 481 557 510 editionis
574 479 714 516 Freyanaa,
730 478 831 514 alioqui

51 528 111 555 satis
120 528 229 559 nitidae,
247 527 382 555 defectum
394 528 519 562 supplere
532 527 644 554 adnisus
658 529 700 554 est
712 525 755 552 vir
768 532 832 552 cru-

50 573 119 600 ditus
137 574 279 600 Antonius
293 573 397 601 Birrius
413 573 442 600 in
455 573 559 608 publica
571 571 725 607 Specimine,
740 570 831 598 itidem

51 618 159 646 Basilczc
180 626 257 646 anno
274 619 343 646 l7“
365 620 450 652 edito,
471 623 552 654 atque
571 618 736 653 conjecturis
760 616 832 643 haud

50 665 218 699 pcenitendis
231 665 266 692 ad
280 670 383 693 textum
396 665 596 692 Clementinum
614 665 740 692 editionis
755 662 833 690 Wet-

50 713 167 739 tonianze
176 711 296 739 ulterius
304 710 392 739 adhttc
403 711 596 746 detergendum
611 710 723 738 referto.
744 708 832 743 Hujus

51 762 135 784 autem
166 757 334 790 Speciminis
359 756 475 784 Birriani
490 756 630 791 exemplar
643 763 705 783 cum
729 755 831 782 frustra

50 805 93 831 diu
113 804 357 838 conquisivissem,
373 811 480 832 summo
491 803 555 830 licet
571 802 660 830 studio
672 801 830 838 expetitum,

49 851 100 878 voti
117 850 233 877 tandem
249 853 400 885 compotem
416 857 459 877 me
474 849 537 877 fecit
551 849 593 876 vir
607 849 754 877 liberaliter
768 856 831 876 eruu

50 896 119 923 ditus
131 894 243 930 Gaspar
258 895 476 931 llagenbuchius,
490 903 505 922 a
522 904 576 931 quo
594 903 648 923 una
660 903 721 922 cum
732 894 831 922 litteris

51 941 232 968 humanitatis
251 945 277 968 et
296 941 376 968 cilicii
392 941 557 976 plenissimis
577 941 677 969 Turico
701 939 832 968 Helvetio-

49 994 107 1013 rum
126 987 204 1014 dono
225 986 294 1014 illud
310 987 403 1022 accepi
422 996 430 1014 :
452 994 505 1021 quo
521 987 630 1023 quidem
645 987 754 1014 nomine
774 987 832 1013 viro

49 1033 152 1068 optimo
165 1033 270 1068 gratias
291 1040 342 1067 ago
361 1036 388 1059 et
402 1032 499 1059 habeo.

83 1079 136 1106 His
151 1080 246 1114 itaque
262 1079 375 1113 aliisque
394 1078 524 1106 subsidiis
545 1078 705 1109 instructus,
726 1077 758 1104 ad
773 1084 832 1104 eam

49 1133 132 1160 quam
151 1125 199 1152 hic
227 1125 335 1160 profero
360 1125 506 1152 editionem
523 1123 670 1160 parandam
691 1123 830 1150 elaboran-

49 1172 170 1206 damque
184 1178 228 1198 me
242 1171 343 1198 contuli
357 1179 364 1196 :
379 1178 432 1205 quo
442 1170 552 1206 quidem
567 1170 595 1196 in
606 1177 687 1204 opere
701 1172 831 1204 quantum

49 1217 193 1244 industriae
208 1224 240 1243 ac
259 1217 342 1243 studii
357 1216 540 1248 adhibuerim,
561 1215 675 1242 aliorum
690 1218 749 1242 esto
759 1213 832 1248 judi-

47 1262 133 1290 cium.
158 1261 229 1289 lllud
250 1269 317 1290 sane
340 1261 473 1289 afﬁrmare
490 1262 590 1292 ausim,
606 1260 753 1288 Clementis
770 1259 834 1294 Epi~

47 1308 136 1335 stolas
158 1308 193 1334 ad
215 1306 372 1335 Corinthios
392 1315 466 1334 nunc
489 1306 599 1334 demum
622 1306 730 1341 prodire
749 1305 834 1332 multo

47 1354 252 1389 castigatiores,
268 1361 350 1389 quam
365 1353 497 1381 hactenus
514 1353 589 1380 fuere
602 1352 630 1379 in
643 1353 740 1387 vulgus
752 1351 835 1379 emis-

45 1407 81 1425 sa:
100 1409 109 1426 :
126 1402 168 1426 tot
189 1399 263 1426 enim
285 1399 344 1426 loca
369 1403 432 1426 sunt
448 1399 583 1432 restituta,
606 1402 646 1426 tot
664 1397 833 1425 mendasub-

47 1445 102 1471 lata
116 1453 125 1474 ;
154 1448 186 1471 ut
203 1451 349 1480 perpauca,
366 1444 389 1471 si
404 1452 457 1479 qua
473 1448 546 1476 sunt,
562 1444 651 1471 adhuc
666 1442 834 1471 emendanda

45 1497 196 1524 superesse
223 1490 377 1517 videantur.
404 1489 473 1517 Cum
502 1497 566 1517 vero
595 1492 624 1516 in
646 1493 721 1516 textu
740 1488 834 1515 Grmeo

44 1535 233 1564 emaculando
255 1543 361 1563 summa
376 1544 437 1563 cum
458 1536 538 1563 laude
560 1543 615 1570 pne
629 1535 754 1562 omnibus
769 1541 831 1561 ver-

45 1587 121 1610 satus
137 1582 229 1610 fuisse
249 1582 374 1610 videatur
387 1582 520 1610 Henricus
533 1581 687 1614 Woltenus,
705 1582 832 1609 solertem

45 1628 118 1656 hunc
140 1628 276 1656 editorem
296 1628 381 1656 ferme
407 1629 506 1663 ubique
528 1635 589 1655 sum
614 1631 765 1654 assectatus
781 1633 832 1653 :ea

44 1677 137 1701 tamen
160 1674 282 1700 adhibita
300 1674 415 1704 ratione,
430 1678 460 1701 ut
482 1673 611 1701 nonnulla
626 1672 790 1708 quandoque
804 1671 831 1698 in

46 1719 118 1747 notis
136 1718 304 1752 subjecerim
329 1727 362 1746 ex
386 1719 462 1746 Millii
489 1719 639 1754 praesertim
664 1717 830 1753 apographo,

46 1773 105 1799 qua;
116 1766 162 1792 vel
175 1765 264 1799 ipsum
275 1765 406 1792 editoretn
422 1764 675 1800 Cantabrigiensem
688 1764 827 1799 fugerunt,

46 1816 74 1837 ut
93 1811 178 1838 modo
195 1810 365 1846 praemonui;
380 1811 446 1846 quin
461 1815 487 1838 et
499 1811 526 1838 in
542 1811 660 1839 medium
671 1810 830 1846 protulerim

46 1858 152 1893 aliquot
174 1857 297 1884 virorum
307 1857 478 1884 eruditorum
489 1857 676 1892 conjecturas,
693 1857 832 1884 Birrianas

46 1904 72 1930 in
84 1903 196 1938 primis,
212 1910 274 1937 qua:
289 1902 323 1929 ad
341 1910 432 1929 veram
450 1903 592 1930 lectionem
611 1902 770 1934 eruendam,
785 1902 831 1929 ubi

45 1954 138 1977 textus
159 1949 273 1980 defecit,
294 1949 406 1983 propius
420 1948 568 1977 accessisse
578 1949 643 1977 visa:
656 1952 729 1975 sunt.
745 1947 831 1974 Inter-

46 1996 233 2032 pretationem
254 1994 387 2022 Cotelcrii
407 2002 423 2022 a
443 1993 588 2023 Coutantio
606 1994 770 2022 recensitam
785 2001 830 2021 re-

45 2043 126 2074 tinui,
152 2041 208 2069 nisi
225 2041 306 2068 aliter
318 2040 434 2067 suaserit
453 2041 574 2068 exactior
594 2040 697 2068 codicis
714 2040 832 2068 Alexan-

45 2087 117 2115 drini
134 2086 261 2118 collatio,
278 2093 293 2112 a
306 2084 469 2113 Wottonoet
482 2086 566 2114 Millio
579 2087 726 2120 instituta;
742 2086 831 2114 sicubi

44 2134 117 2160 enim
142 2140 177 2159 ex
202 2132 255 2159 ﬁde
276 2139 329 2159 ms.
348 2132 429 2159 lectio
443 2132 550 2167 vulgata
576 2132 749 2160 reformanda
764 2132 825 2164 fuit,

45 2178 240 2213 interpretatio
254 2185 363 2211 quoque
380 2181 410 2204 ut
430 2177 463 2204 ad
480 2181 583 2205 textum
596 2177 722 2205 Grzecum
741 2179 831 2212 exige-

46 2227 121 2250 retur
131 2222 267 2257 oportuit.
284 2222 392 2254 Adhtce,
403 2221 530 2250 Veterum
542 2223 699 2250 testimonia
712 2223 828 2257 przemisi

45 2276 76 2294 ex
96 2267 274 2296 Coteleriana
300 2267 419 2294 editione
439 2267 598 2302 desumpta;
625 2267 723 2302 quibus
738 2271 829 2294 tamen

44 2314 97 2340 alia
113 2313 248 2340 nonnulla
267 2313 380 2345 intexui,
396 2313 501 2340 caneris
517 2318 565 2340 aut
581 2314 763 2348 praetermissa
783 2318 828 2340 attt

45 2360 143 2386 invisa.
166 2358 332 2394 Fragmenta
356 2359 418 2386 item
439 2358 609 2386 Clementina
624 2360 721 2394 adjeei,
738 2368 771 2387 ex
795 2360 828 2387 iis

44 2405 222 2439 potissimum
246 2404 329 2438 petita
354 2411 414 2439 quae
434 2404 596 2433 Coutantius
617 2406 755 2440 congessit
774 2415 780 2433 :
801 2410 828 2432 at

44 2453 135 2478 locum
154 2450 311 2477 lrenaicum
339 2450 373 2476 ab
400 2450 459 2484 ipso
473 2451 617 2478 recitatum
639 2452 729 2485 omisi,
745 2460 824 2487 quem

43 2498 138 2531 potius
163 2496 238 2523 inter
261 2495 415 2522 testimonia
437 2495 608 2524 referendum
624 2498 735 2531 censui;
752 2499 780 2525 in
795 2506 828 2526 eo

42 2549 164 2576 namque
179 2549 235 2569 non
259 2540 363 2576 aliquid
377 2541 449 2573 novi,
474 2541 521 2569 sed
542 2546 646 2568 tantum
667 2542 796 2578 Epistola:
817 2545 826 2571 l

42 2588 179 2623 synopsin
197 2587 315 2614 lrenazus
325 2587 480 2615 exhibuisse
491 2588 656 2623 perhibetur,
674 2593 704 2615 ut
719 2590 828 2617 cuilibet

41 2633 191 2668 diligenter
205 2632 356 2660 attendenti
368 2637 535 2669 compertum
547 2634 592 2661 fiet
609 2644 616 2661 :
633 2635 705 2669 quod
718 2635 825 2670 quidem

42 2686 146 2714 magno
160 2677 290 2706 Ecclesiae
300 2679 438 2706 annalium
453 2679 557 2715 parenti
567 2679 728 2715 jampridem
744 2681 827 2707 subo-

42 2725 92 2751 luit
108 2723 166 2760 (7),
178 2731 241 2752 cum
256 2724 348 2752 adhuc
362 2724 508 2753 Clementis
524 2729 612 2754 textus
632 2726 660 2753 in
681 2726 826 2754 bibliothe-

75 2801 116 2837 (7)
137 2800 252 2837 ἓποη..
264 2802 298 2830 ad
310 2810 374 2830 ann.
386 2803 430 2837 95,
440 2812 513 2831 num.
529 2805 555 2831 2.

51 2872 55 2875 _
75 2836 117 2870 (8)
147 2835 259 2872 Dionys.
290 2835 427 2866 Corinth]
445 2840 516 2874 apud
541 2840 641 2868 Euseb.
665 2840 733 2868 Hist.
760 2842 822 2870 εδει.

41 2872 88 2898 ιιι».
107 2878 148 2904 Iv,
160 2878 185 2898 c.
197 2871 242 2899 23.

881 295 970 329 capita
993 303 1009 323 e
1030 295 1211 323 Coutantiana
1226 299 1253 322 et
1268 293 1389 330 Freyana
1409 293 1575 322 editionibus
1598 302 1661 322 con-

881 345 955 369 texta
966 342 1142 376 subjecimus.

917 387 949 415 ll.
965 387 1024 414 Jam
1039 395 1114 419 vero,
1131 392 1161 414 ut
1177 387 1210 415 de
1229 387 1323 414 harum
1343 386 1518 420 epistolarum
1530 390 1662 420 praestan-

882 434 918 461 tia
935 437 962 460 et
976 434 1132 461 sinceritate
1146 433 1324 462 disseramus.
1341 432 1517 460 celeberrima
1530 432 1662 466 est.quod

881 489 976 509 omnes
991 481 1088 507 eruditi
1104 484 1214 512 norunt,
1231 487 1291 514 qua:
1314 479 1388 514 prior
1403 478 1551 506 Corinthiis
1564 478 1662 505 inscri-

882 528 955 555 bitur
967 537 973 555 :
995 527 1156 561 ’ῐκανωτάτη
1170 526 1261 561 γραφή
1275 525 1345 552 dicta
1358 524 1386 552 S.
1396 525 1506 556 lrenazo,
1521 524 1662 560 Ἐπιστολὴ

884 571 987 607 μεγάλη
1015 580 1045 598 τε
1073 572 1119 598 καὶ
1143 571 1280 606 θαυμασὶα
1310 569 1425 597 Eusebio
1451 580 1457 597 :
1488 574 1568 604 atque
1594 570 1661 597 adeo

883 621 987 643 tantum
1001 624 1054 644 non
1066 616 1209 648 canonica,
1231 624 1290 643 eam
1315 616 1385 651 apud
1402 623 1496 642 omnes
1512 616 1661 642 auctorita-

882 668 936 691 tem
952 663 1079 696 obtinuit,
1109 667 1138 690 ut
1158 663 1270 697 perinde
1294 670 1325 689 ac
1343 662 1452 697 reliquae
1477 662 1661 696 apostolorum

882 710 1019 745 Epistolas,
1029 709 1136 744 publice
1156 709 1290 743 aliquibus
1306 708 1332 735 in
1348 708 1470 735 ecclesiis
1486 708 1554 735 lecta
1570 708 1659 735 fuerit:

882 756 953 791 quod
990 756 1098 791 quidem
1137 759 1236 790 praeter
1269 755 1436 787 Eusebium,
1469 754 1661 789 Hieronymum

882 804 1005 838 aliosque
1020 807 1126 830 veteres
1136 802 1296 837 scriptores,
1312 805 1427 829 testatur
1446 801 1583 835 antiquior
1599 801 1663 827 Din-

882 850 977 885 nysius
1007 848 1211 876 Corinthiorum
1244 848 1389 882 episcopus
1429 847 1477 881 (8).
1503 847 1564 874 Haec
1597 854 1663 873 sane

883 895 1002 929 priscum
1030 893 1167 929 Evangelii
1197 894 1317 928 vigorem
1346 893 1450 927 spirat:
1475 893 1561 927 stylus
1581 900 1662 927 quam

885 941 1006 975 proxime
1021 940 1054 966 ad
1065 940 1167 967 Novum
1184 939 1388 966 Testamentum
1404 939 1527 966 accedit:
1542 946 1586 965 res
1604 945 1664 964 ver-

884 986 971 1020 baque
987 986 1045 1020 ipsa
1061 985 1202 1020 desumpta
1218 986 1245 1011 in
1258 986 1354 1020 primis
1373 994 1405 1014 ex
1427 985 1556 1020 Epistolis
1571 983 1663 1010 Pauli-

883 1031 947 1058 nis:
969 1031 1085 1066 denique
1106 1031 1174 1058 nihil
1199 1031 1255 1058 fere
1281 1031 1307 1058 in
1324 1039 1355 1058 ea
1384 1031 1498 1067 reperiri
1517 1030 1662 1065 contingit,

883 1078 954 1112 quod
970 1078 1096 1113 primawa
1124 1078 1263 1105 nascentis
1278 1077 1406 1105 Ecclesia:
1429 1076 1593 1104 incunabula
1608 1083 1663 1103 non

882 1122 1001 1155 referat,
1023 1123 1143 1157 nihilque
1174 1123 1246 1157 quod
1271 1124 1358 1151 virum
1381 1123 1461 1158 plane
1484 1123 1662 1158 apostolicum

882 1175 935 1194 non
950 1168 1066 1195 maxime
1076 1167 1178 1195 deceat.

916 1214 950 1240 At
966 1215 1091 1248 quamvis
1106 1214 1261 1248 hujusmodi
1285 1214 1470 1242 venerandum
1495 1222 1581 1242 sacrae
1593 1215 1666 1241 anti-

883 1261 997 1295 quitatis
1010 1265 1215 1288 monumentum
1234 1268 1249 1288 a
1264 1261 1402 1296 plerisque
1415 1261 1529 1289 vetustis
1542 1261 1663 1296 locuple-

883 1307 997 1335 tissimis
1012 1307 1127 1335 testibus
1149 1315 1218 1342 quos
1240 1307 1327 1335 eidem
1346 1307 1541 1342 praemisimus,
1563 1314 1663 1341 usque-

884 1358 993 1386 quaque
1011 1355 1167 1384 astruatur;
1193 1355 1284 1386 atque.
1310 1351 1391 1379 simul
1422 1359 1454 1379 ac
1476 1360 1509 1379 ex
1535 1351 1664 1387 antiquis-

884 1397 954 1424 simo
974 1404 1026 1424 ms.
1046 1396 1140 1424 codice
1162 1397 1346 1425 Alexandrino
1369 1398 1436 1425 illud
1460 1399 1488 1425 in
1510 1398 1599 1425 lucem
1615 1398 1665 1425 fuit

883 1443 997 1474 editum,
1023 1449 1129 1470 summo
1144 1443 1312 1470 eruditorum
1337 1443 1422 1471 ferme
1449 1443 1570 1470 omnium
1599 1450 1665 1471 con-

883 1496 976 1520 sensu,
991 1489 1125 1516 sincerum
1140 1490 1251 1517 omnino
1264 1493 1505 1525 quantumcunque
1518 1493 1571 1521 est,
1588 1490 1665 1524 agni-

883 1537 939 1560 tum
954 1533 1045 1566 fuerit,
1075 1538 1213 1569 receptum
1240 1535 1520 1570 comprobatumque:
1547 1543 1602 1562 non
1617 1535 1665 1562 de-

847 1584 867 1614 (;
886 1580 960 1607 fuere
975 1584 1065 1607 tamen
1079 1580 1131 1607 hoc
1146 1584 1172 1607 et
1187 1581 1328 1616 superiore
1339 1581 1454 1612 smeulo,
1478 1580 1523 1616 qui
1539 1581 1663 1608 vitiatum

884 1626 954 1653 idem
982 1627 1103 1661 mireque
1130 1627 1323 1662 interpolatum
1346 1627 1488 1655 obfirmate
1516 1627 1663 1654 contende-

883 1673 949 1701 rint.
967 1672 1020 1701 Eos
1049 1673 1120 1701 inter
1140 1674 1241 1708 primas
1254 1677 1327 1701 tenet
1341 1673 1485 1702 Eduardus
1497 1673 1662 1703 Bernardus.

883 1721 961 1754 cujus
983 1721 1083 1747 notulae
1109 1721 1137 1747 in
1160 1724 1275 1755 utraque
1288 1718 1541 1747 Amstmlodamensi
1562 1720 1664 1747 Cotelc-

884 1766 961 1793 riana
976 1765 1086 1793 Patrum
1112 1766 1324 1801 apostolieorum
1339 1765 1458 1793 editione
1484 1770 1641 1800 comparent
1655 1775 1661 1792 :

883 1812 983 1846 quibus
1001 1812 1128 1838 nimirum
1145 1812 1171 1838 in
1190 1811 1216 1838 id
1233 1812 1325 1847 operis
1346 1810 1517 1846 potissimum
1531 1811 1603 1838 omni
1615 1811 1662 1837 ad-

883 1857 968 1884 hibito
990 1860 1089 1884 conatu
1120 1857 1253 1884 incutnbit
1285 1857 1327 1883 vir
1356 1855 1568 1892 κριτικώτατος.
1608 1863 1663 1890 quo

883 1903 952 1930 hanc
968 1903 1107 1937 epistolam
1125 1910 1139 1929 a
1167 1902 1248 1937 plano
1269 1902 1392 1937 improbo
1411 1902 1510 1929 misere
1534 1901 1661 1928 foedatam

883 1948 1004 1980 suadeat,
1017 1948 1062 1982 qui
1073 1948 1205 1975 Clementi
1222 1946 1344 1974 Romano
1366 1947 1523 1973 innumeras
1538 1946 1662 1973 Clemen-

882 1995 917 2022 tis
931 1994 1106 2021 Alexandrini
1118 1994 1231 2022 lacinias
1243 1994 1375 2021 adsuerit.
1392 1993 1543 2021 Severioris
1571 1998 1660 2020 autem

882 2041 964 2075 hujus
974 2041 1063 2068 critici
1078 2041 1177 2076 placita
1194 2040 1292 2068 Joanni
1307 2040 1412 2068 Clerico
1429 2040 1585 2076 plerumque
1598 2048 1662 2075 pro-

881 2087 991 2120 bantur,
1006 2087 1052 2122 qui
1064 2095 1095 2114 ea
1110 2087 1213 2122 primus
1231 2087 1258 2113 in
1273 2086 1369 2121 vulgus
1390 2086 1488 2113 emisit.
1511 2085 1662 2120 Utrumque

881 2140 974 2168 porro,
992 2133 1039 2160 sed
1058 2133 1225 2160 Bernardnm
1241 2135 1403 2167 prmsertim,
1422 2132 1508 2159 solide
1533 2131 1661 2158 rcfutavit

883 2180 1007 2207 laudatus
1023 2179 1155 2207 llenricus
1172 2179 1318 2206 Wottonus
1329 2179 1356 2206 in
1372 2178 1445 2206 notis
1458 2178 1492 2205 ad
1512 2177 1656 2205 Clementi-

881 2233 932 2254 nas
960 2225 1099 2260 epistolas,
1123 2233 1238 2260 quarunt
1260 2225 1405 2252 editionem
1431 2231 1463 2250 eo
1487 2223 1659 2257 potissimum

882 2273 992 2300 nomine
1007 2280 1021 2299 a
1037 2280 1065 2300 se
1076 2273 1234 2300 adornatam
1251 2271 1392 2307 profitetur
1402 2271 1451 2306 (9).
1468 2269 1567 2298 Verum
1588 2270 1659 2296 haud

880 2320 971 2355 pigeat
984 2319 1130 2354 ipsummet
1156 2318 1390 2345 accuratissimum
1415 2316 1545 2343 editorem
1562 2315 1611 2342 hac
1626 2315 1661 2342 de

880 2373 909 2392 re
926 2365 1104 2392 disserentem
1130 2363 1224 2391 audire
1249 2363 1322 2398 (10):
1355 2371 1364 2387 ‹
1384 2361 1455 2388 lrriti
1470 2366 1543 2392 sunt,
1560 2360 1657 2395 inquit,

881 2410 962 2444 hujus
978 2408 1129 2444 (Bernardi)
1152 2412 1285 2441 conatus;
1303 2408 1348 2442 qui
1366 2407 1437 2434 enim
1454 2407 1505 2434 hoc
1530 2405 1611 2432 modo
1625 2413 1659 2432 ex

879 2455 1017 2483 Clemente
1031 2454 1216 2481 Alexandrino
1235 2454 1334 2488 arguit,
1354 2457 1400 2479 aut
1420 2461 1481 2480 cum
1506 2460 1560 2479 non
1576 2451 1659 2486 probe

879 2501 963 2532 novit,
987 2505 1034 2527 aut
1055 2500 1125 2527 mala
1149 2499 1201 2527 fide
1223 2500 1278 2534 agit
1298 2508 1305 2526 :
1334 2499 1429 2526 eadem
1452 2498 1523 2526 enim
1553 2497 1660 2524 ratione

879 2552 969 2575 actum
983 2547 1035 2574 erit
1051 2548 1084 2574 de
1099 2547 1239 2574 authentia
1255 2551 1281 2573 et
1292 2545 1344 2573 ﬁde
1357 2553 1450 2573 eorum
1466 2545 1599 2576 omnium,
1611 2545 1659 2580 qui

878 2602 893 2621 a
915 2594 1053 2622 Clemente
1081 2593 1266 2620 Alexandrino
1291 2600 1404 2627 usquam
1434 2591 1564 2623 citantur,
1588 2591 1659 2619 scri-

877 2639 1088 2674 ptorum.Nemo
1098 2639 1169 2667 enim
1179 2639 1288 2666 Patrum
1301 2639 1397 2673 majori
1412 2639 1521 2665 licentia
1535 2642 1576 2665 cst
1591 2645 1657 2665 usus

877 2685 903 2712 in
921 2684 1038 2711 citandis
1051 2684 1285 2713 auctoribus,sivc
1297 2684 1382 2711 sacris
1393 2683 1449 2711 sive
1460 2682 1655 2715 ctbnicis;cum

876 2729 900 2756 ei
916 2729 943 2756 in
959 2737 1034 2757 more
1048 2730 1092 2758 sit.
1110 2737 1164 2757 non
1176 2730 1279 2765 integra
1294 2732 1435 2756 auctorum
1450 2729 1532 2756 verba
1550 2735 1652 2762 semper

846 2257 867 2283 ι)

912 2807 950 2841 (9)
978 2807 1262 2836 Praefat.adCIemcnt.
1281 2806 1377 2842 Epist.,
1401 2807 1503 2842 μεὶθὶ

875 2843 967 2904 40(11))
998 2842 1024 2869 In
1050 2847 1106 2869 not.
1133 2842 1167 2869 ad
1193 2843 1277 2870 Clem.
1305 2843 1391 2877 Epist.
1419 2844 1451 2874 l,
1476 2850 1536 2878 cap.
1565 2842 1601 2871 9.
1627 2850 1643 2878 ρ
