1893 3101
217 176 250 206 9|

781 175 825 202 AD
845 175 874 204 S.
894 173 1104 215 CLEMENTEM
1122 175 1132 202 l
1152 174 1267 203 PAPAM

1799 174 1834 203 93

217 232 344 263 recitare,
372 232 420 260 sed
448 239 498 267 pro
519 233 633 261 arbitrio
661 240 712 261 suo
736 241 809 261 nunc
825 233 996 265 contrahere,
1012 234 1036 264 Α
1049 232 1121 260 drini
1136 240 1168 261 ex
1186 240 1240 268 quo
1253 232 1420 268 descriptum
1434 236 1476 260 est
1503 232 1652 268 pretiosum
1681 232 1750 260 illud
1776 241 1835 259 κει-

219 285 292 304 nunc
307 278 340 304 de
365 285 416 305 suo
441 278 578 311 inserere,
610 279 662 306 alia
684 281 820 310 omittere.
846 279 900 306 alia
913 279 997 306 variis

220 323 309 350 modis
335 327 452 352 mutare.
480 339 516 344 —
537 324 566 352 Si
589 325 624 353 ad
660 325 718 353 haec
743 324 838 353 sedulo
861 324 996 356 attendas,

221 375 364 402 agnosces,
377 368 420 403 pie
429 368 536 403 Lector,
548 377 668 402 mecum,
688 378 721 398 ex
735 370 920 398 Alexandrino
943 378 997 398 non

221 413 410 447 interpolatam
440 413 535 446 fuisse,
558 415 640 442 toties
664 415 698 442 ab
728 415 848 443 Ecclesia
871 415 998 451 primaeva

220 457 381 486 celebratam
401 459 536 491 laudibus,
549 460 602 487 imo
615 466 642 488 et
663 468 725 487 cum
749 461 835 489 sacris
849 460 998 496 Scripturis

219 503 326 538 publice
340 504 435 531 lectam
453 504 568 532 Romani
583 505 730 534 Clementis
747 505 921 541 Epistolam.»
936 506 998 534 Haec

222 549 367 577 Wottonus
380 559 387 583 ;
399 551 443 578 cui
460 554 550 578 tamen
566 551 709 586 prariverat
729 551 848 579 Joannes
867 551 996 579 Potterus

217 595 261 622 vir
275 595 343 623 clar.
359 596 386 622 in
412 596 693 624 animadversionibus
703 596 738 623 ad
759 596 924 624 Clementem
936 596 998 625 Ale-

218 640 382 668 xandrinum
398 640 465 676 (ll).
482 641 527 668 ubi
544 641 698 668 summatim
717 641 837 676 quidem,
862 641 910 669 sed
927 642 998 668 acri-

219 691 270 718 ter,
286 686 415 714 Bernardi
428 687 640 722 conjectaliones
652 688 734 716 elisit.

255 732 341 767 Hujus
355 740 420 760 vero
431 733 519 760 critici
534 732 613 768 Angli
625 741 648 761 Vl
658 734 737 768 sligia
753 741 848 769 presso
863 733 930 769 pede
940 741 999 769 per-

222 778 347 813 sequitur
360 778 479 806 Joannes
493 777 656 807 Laurentius
671 780 997 817 Moshemius(l‘2),quem

219 824 244 851 si
261 823 367 855 audias.
389 823 538 852 Clementis
561 825 675 860 epistola
701 826 713 852 l
741 831 837 860 quarta
864 827 907 854 sui
922 832 998 862 parle

218 868 373 896 mulctanda
386 869 434 896 tibi
448 869 499 897 erit
518 870 581 897 hinc
596 873 623 897 et
640 870 725 902 illinc,
742 878 757 898 a
773 871 862 906 capite
877 871 894 898 9
909 871 942 899 ad
952 872 995 899 55.

220 914 273 942 Sed
294 922 347 942 non
372 915 463 949 priora
489 915 598 951 quidem
614 915 706 944 decem
722 917 823 952 capita,
847 925 880 945 eo
894 917 996 952 judice,

218 959 252 986 ab
263 960 472 995 interpolatione
492 964 556 988 sunt
581 969 693 996 prorsus
707 962 847 991 immunia.
861 963 895 990 At
906 964 998 991 inania

218 1014 280 1035 esse
295 1014 327 1034 ac
342 1006 429 1034 iutilia
439 1006 580 1035 Moshemii
595 1014 754 1043 argumenta
768 1009 795 1036 in
807 1009 894 1037 oculis
908 1010 1000 1044 posuit

218 1051 336 1080 Joannes
351 1051 506 1080 Ludovicus
518 1052 586 1089 Frey
600 1053 655 1088 (15)
669 1064 675 1081 :
697 1054 831 1089 siquidem
849 1055 948 1082 invicte
957 1055 1000 1082 vir

217 1099 342 1126 eruditus
356 1099 457 1126 evincit
465 1106 527 1126 cum
540 1107 573 1127 ex
589 1101 752 1135 antiquitate
766 1101 870 1129 codicis
881 1101 1000 1129 Alexan-

342 1155 426 1190 Ερίει.
444 1156 456 1183 1
479 1155 619 1184 Clementis
641 1157 674 1184 ad
697 1157 857 1186 Corinthios.

252 1212 319 1248 Cap.
336 1212 357 1240 I.
373 1213 496 1246 Γυναιξίν
510 1222 539 1240 τε
553 1230 587 1234 -
601 1215 813 1250 παρηγγέλλετε,
835 1215 999 1251 στεργούσας

219 1258 392 1293 καθηκόντως
416 1260 478 1291 τοὺς
501 1259 600 1296 ἄνδρας
616 1261 718 1287 ἑαυτῶν
745 1277 779 1282 ——
801 1261 870 1288 πάνυ
899 1271 1000 1299 σωφρο-

219 1312 324 1335 νουσας.

252 1351 319 1386 Cap.
334 1350 369 1378 ν.
385 1351 488 1387 Πέτρος
497 1368 531 1372 -
540 1352 610 1378 οὕτω
626 1353 804 1388 μαρτυρήσας
817 1353 951 1389 ἐπορεύθη
962 1355 1000 1386 εἰς

219 1395 264 1422 τὸν
280 1396 450 1432 ὀφειλόμενον
460 1397 540 1424 τόπον
550 1398 600 1433 τῆς
613 1398 700 1433 δόξης.

254 1439 321 1475 Cap.
337 1440 394 1468 Vll.
411 1441 456 1468 Διὸ
468 1442 658 1479 ἀπολείπωμεν
667 1442 716 1474 τὰς
730 1443 809 1476 κενὰς
823 1444 869 1471 καὶ
884 1445 1000 1479 ματαίας

220 1487 371 1523 φροντίδας,
387 1489 433 1515 καὶ
455 1488 573 1524 ἔλθωμεν
588 1490 634 1516 ἐπὶ
654 1490 698 1517 τὸν
717 1490 814 1526 εὐκλεῆ
832 1491 880 1517 καὶ
904 1491 1000 1527 σεμνὸν

218 1529 269 1564 τῆς
284 1530 363 1564 ἁγίας
379 1531 500 1566 κλήσεως
514 1532 591 1568 ἡμῶν
607 1534 715 1561 κανόνα.

255 1563 322 1610 Cap.
337 1574 383 1603 IX.
399 1563 444 1602 Δίδ
459 1563 655 1614 ὑπαέούσωμεν
678 1581 711 1616 τῇ
734 1579 934 1616 μεγαλοπρεπεῖ
954 1581 1000 1607 καὶ
1013 1563 1035 1592 C

219 1619 316 1656 ἐνδόξῳ
344 1620 466 1657 βουλήσει
494 1622 577 1649 αὑτοῦ
607 1623 698 1661 [Θεοῦ]
714 1641 747 1646 ——
767 1625 940 1658 ἀπολιπόντες
954 1627 1002 1662 τὴν

222 1666 426 1700 ματαιοπονίαν,
442 1666 492 1701 τήν
504 1675 533 1693 τε
548 1667 647 1703 ἔριν,κ.
663 1678 688 1696 τ.
705 1669 731 1696 λ.

256 1710 323 1745 Cap.
352 1711 422 1739 Xlll.
447 1713 621 1749 Μεμνημένοι
643 1715 697 1741 τῶν
716 1715 803 1750 λόγων
827 1715 875 1743 τοῦ
900 1717 1001 1753 Κυρίου

221 1756 320 1790 Ἰησοῦ,
336 1757 382 1800 οὓς
394 1758 521 1794 ἐλάλησεν
535 1759 717 1787 διδάσκων·-
725 1757 850 1800 ᾦμέτρῳ
859 1763 1001 1798 μετρεῖτε,

220 1800 255 1826 ἐν
270 1799 349 1832 αὐτῷ
360 1801 577 1835 μετρηθήσεται
590 1803 669 1838 ὑμῖν.

257 1847 322 1880 Cap.
339 1846 409 1874 XXI.
428 1848 540 1884 ’ἴδωμεν
555 1848 612 1881 πῶς
619 1849 702 1884 ἐγγύς
715 1850 788 1877 ἐστιν
799 1850 823 1886 [ὁ
833 1851 946 1887 Κύριος]
957 1852 1003 1877 καὶ

221 1891 262 1917 ὅτι
275 1892 350 1918 οὐδὲν
364 1891 473 1927 λέληθεν
489 1893 570 1920 αὐτὸν
583 1894 636 1921 τῶν
651 1895 758 1922 ἐννοιῶν
773 1896 789 1931 ἡ
794 1895 861 1930 μῶν,
877 1896 936 1923 οὐδὲ
949 1896 1002 1922 τῶν

221 1937 401 1972 διαλογισμῶν
415 1937 452 1965 ὧν
474 1939 633 1974 ποιούμεθα”
648 1956 682 1960 -
703 1940 847 1976 ἐρευνητὴς
861 1941 915 1976 γάρ
929 1942 1003 1969 ἐστιν

222 1983 331 2009 ἐννοιῶν
346 1983 392 2009 καὶ
408 1983 589 2020 ἐνθυμήσεων.

258 2028 327 2055 Ibid.
346 2028 415 2060 Τοὺς
435 2030 512 2061 νεοὺς
533 2029 719 2065 παιδεύσωμεν
741 2031 790 2066 τὴν
812 2032 934 2059 παιδείαν
955 2033 1002 2059 τοῦ

223 2075 306 2111 φόϐου
322 2075 368 2101 τοῦ
384 2075 468 2102 Θεοῦο
489 2076 538 2108 τὰς
561 2079 690 2110 γυναῖκας
703 2077 781 2112 ἡμῶν
795 2079 841 2105 ἐπὶ
857 2079 888 2104 τὸ
904 2079 1003 2113 ἀγαθὸν

223 2120 448 2157 διορθωσὼμεθα·
479 2122 510 2148 τὸ
532 2121 715 2157 ἀξιαγάπητον
735 2123 783 2158 τῆς
805 2124 914 2158 ἁγνείας
939 2123 1004 2160 ἦθος

224 2166 451 2199 ἐνδειξάσθωσαν·
479 2183 513 2187 -
539 2167 587 2203 τὴν
618 2168 726 2203 ἀγάπην
755 2169 843 2195 αὐτῶν
871 2169 907 2205 μὴ
935 2171 1004 2198 κατὰ

225 2212 408 2247 προτκλίσεις,
425 2211 490 2238 ἀλλὰ
510 2213 592 2238 πᾶσιν
606 2214 662 2243 τοῖς
677 2212 851 2248 φοϐουμένοις
873 2214 917 2241 τὸν
939 2215 1003 2243 Θεὸν

224 2259 315 2289 ὁσίως,
330 2258 390 2293 ἴσην
405 2258 603 2294 παρεχέτωσαν.

261 2314 300 2340 Ex
314 2314 446 2341 hactenus
461 2314 549 2342 allatis
561 2314 720 2349 collatisque
736 2315 802 2343 locis
821 2316 963 2344 manifeste
978 2318 1007 2344 li-

225 2362 301 2394 tguet,
318 2363 346 2384 ut
363 2358 470 2393 quidem
490 2359 618 2390 arbitror,
635 2360 669 2387 ab
685 2360 777 2386 ultima
792 2369 876 2395 usque
885 2361 1004 2396 antiqui-

226 2409 281 2431 tate
292 2403 569 2439 Polycarpo,.loannis
580 2406 753 2440 evangelisla‘
763 2406 907 2441 discipulo,
922 2406 1006 2434 fuisse

227 2449 373 2485 perlectam
401 2449 549 2476 Clementis
578 2448 693 2477 Romani
721 2450 868 2485 Epistolam
892 2459 944 2486 qua
972 2452 1006 2479 de

227 2496 353 2531 agimus,
383 2504 496 2532 eamque
527 2505 582 2532 pra:
613 2496 700 2524 oculis
728 2496 855 2523 habuisse
883 2501 1006 2524 sanctum

228 2544 420 2577 Smyrnensem
450 2543 611 2575 antistitem,
635 2542 700 2569 dum
724 2549 799 2568 suam
827 2542 959 2570 scriberet
973 2543 1006 2570 ad

229 2588 436 2623 l’hilippenses:
453 2588 525 2616 unde
536 2592 596 2616 orta
619 2588 767 2616 similitudo
789 2588 845 2620 illa,
871 2595 931 2623 quae
952 2596 1006 2616 non

228 2634 315 2660 solum
331 2634 454 2661 eumdem
470 2634 570 2669 stylum
592 2633 703 2668 ubique,
729 2633 776 2660 sed
792 2633 886 2660 eadem
899 2641 1008 2668 quoque

231 2687 299 2714 pene
314 2679 395 2706 verba
409 2678 511 2706 referre
527 2678 599 2706 haud
619 2678 702 2706 semel
721 2677 838 2706 videtur.
865 2678 932 2705 Cum
954 2679 1007 2705 ita-

229 2733 282 2760 que
307 2724 334 2751 in
353 2724 550 2760 Polycarpiana
576 2724 700 2760 perbrevi
719 2723 841 2759 Epistola
863 2727 905 2751 tot
925 2731 1007 2759 appa-

267 2792 287 2825 (l
310 2791 432 2826 )Potter.
448 2791 482 2818 ad
501 2790 587 2819 Clem.
612 2790 687 2818 Alex.
710 2791 808 2819 Strom.
830 2790 877 2818 lib.
890 2797 927 2822 tv.
944 2797 1001 2826 cap

233 2826 273 2854 l8.
292 2835 308 2861 ι.
332 2827 394 2857 filo.
411 2831 466 2853 not.
484 2826 511 2853 4.
946 2860 953 2861 7

267 2846 322 2897 ξιὲ)
335 2846 611 2890 ἳίιὲίὶίίῖέεῖϐἠνὶιι.
626 2861 720 2896 major.
737 2869 797 2888 εαιε.
812 2868 859 2896 I,p.
874 2860 1001 2887 212-213.

1052 277 1156 313 μήλιον,
1183 281 1241 305 tum
1260 285 1293 306 ex
1316 281 1436 306 veterum
1451 277 1560 306 Patrum
1574 278 1750 310 testimoniis,
1781 285 1836 305 nos

1049 323 1172 350 eamdem
1188 323 1300 351 omnino
1326 323 1468 359 epistolam
1496 324 1607 356 habere,
1635 331 1717 359 quam
1739 324 1837 351 habuit

1049 372 1157 396 vetusta
1172 368 1311 403 Ecclesia;
1328 376 1410 404 quam
1433 369 1580 397 audierunt
1598 369 1626 396 in
1649 370 1738 397 sacris
1753 370 1837 396 ceti-

1049 413 1101 442 bus
1116 414 1236 449 primaevi
1249 414 1408 446 Christiani,
1429 414 1494 442 dum
1518 414 1606 441 adhuc
1627 414 1688 449 ejus
1703 414 1837 442 lectionis

1048 469 1116 488 usus
1131 461 1249 497 vigeret;
1263 468 1344 496 quam
1355 461 1472 496 denique
1486 461 1607 496 legerunt
1618 459 1765 496 Diouysius
1776 461 1838 488 Co-

1048 506 1178 539 rinthius,
1193 506 1318 534 Clemens
1335 505 1534 533 Alexandrinus
1545 526 1552 539 ,
1569 505 1687 541 Cyrillus
1701 505 1838 534 Hieroso-

1049 552 1206 588 lymitanus,
1222 551 1414 588 Hieronymus,
1431 556 1458 580 et
1471 552 1571 580 caeteri.

1084 596 1185 625 Verum
1201 597 1225 625 si
1249 597 1330 625 altius
1355 597 1445 625 adhuc
1472 597 1667 625 assurrexisset
1692 597 1734 624 vir
1747 598 1837 629 clam,

1048 641 1166 669 vetustis
1195 641 1249 668 illis
1284 641 1413 669 Ecclesiae
1441 641 1621 677 scriptoribus
1649 642 1836 670 vetustiorem

1048 689 1129 717 etiam
1144 688 1245 716 addere
1271 692 1378 724 poterat
1404 688 1595 725 Polycarpum,
1624 689 1838 718 sanctissimum

1049 733 1240 770 Smyrnensem
1255 735 1411 770 episcopum
1426 739 1454 763 et
1463 739 1608 771 martyrem
1621 757 1628 769 ,
1641 736 1687 771 qui
1706 735 1837 763 eamdem

1052 778 1249 807 Clementinam
1273 780 1421 815 Epistolam
1450 788 1532 808 manu
1557 789 1693 813 versasse,
1720 781 1789 816 quin
1808 785 1836 809 et

1048 825 1180 853 nonnulla
1193 833 1225 852 ex
1237 833 1268 853 ea
1280 833 1348 860 pene
1361 825 1446 853 verbo
1461 831 1539 854 tenus
1553 830 1679 861 excerpta
1695 827 1723 854 in
1751 834 1835 854 suam

1050 871 1082 898 ad
1098 870 1286 906 Philippenses
1303 871 1451 906 Epistolam
1472 872 1645 899 transtulisse
1659 872 1834 906 perhibetur.

1048 916 1140 952 Neque
1155 917 1272 945 fortasse
1285 918 1402 945 otiosum
1422 916 1514 948 fuerit,
1534 925 1594 952 quae
1621 917 1689 945 viris
1713 917 1835 944 eruditis

1048 962 1182 996 nobisque
1208 962 1352 989 observata
1376 961 1410 990 de
1430 961 1624 998 Polycarpiana
1649 963 1766 990 lectione
1784 971 1834 990 oc-

1049 1011 1175 1039 currunt,
1197 1007 1224 1034 in
1243 1015 1327 1034 unum
1340 1013 1467 1042 congesta
1484 1012 1565 1043 atque
1588 1008 1704 1036 invicem
1720 1015 1834 1043 compa-

1049 1056 1110 1080 rata
1125 1053 1153 1080 in
1171 1053 1290 1080 medium
1308 1053 1442 1088 proferre.
1471 1053 1511 1081 En
1536 1054 1627 1089 itaque
1642 1055 1767 1082 locorum
1782 1054 1834 1080 ali-

1049 1101 1116 1133 quot
1130 1099 1341 1133 parallelismum
1354 1099 1518 1127 institutum.

1222 1156 1309 1191 Epist.
1327 1156 1466 1192 Polycarpi
1480 1157 1514 1184 ad
1535 1156 1649 1191 Philipp.

1084 1212 1150 1248 Cap.
1167 1212 1210 1240 IV.
1227 1213 1379 1249 Διδάξωμεν
1406 1229 1440 1234 ——
1469 1213 1518 1245 τὰς
1544 1215 1674 1248 γυναῖκας
1702 1213 1780 1249 ὑμῶν
1798 1229 1829 1234 —-

1050 1259 1215 1294 στεργούσας
1227 1259 1290 1290 τοὺς
1306 1259 1408 1286 ἑαυτῶν
1421 1258 1518 1294 ἄνδρας
1527 1259 1556 1286 ὲν
1570 1259 1644 1295 πάσῃ
1658 1258 1773 1294 ἀληθείᾳ
1786 1259 1834 1285 καὶ

1049 1321 1083 1326 -
1099 1307 1128 1333 ὲν
1144 1307 1218 1342 πάσῃ
1232 1306 1386 1342 ἐγκρατείᾳ.

1085 1352 1150 1388 Cap.
1163 1351 1208 1380 IX.
1221 1353 1322 1388 Πέτρος
1336 1353 1383 1378 καὶ
1399 1351 1504 1383 Παῦλος
1513 1347 1624 1377 -οὗτοι
1638 1350 1783 1382 πάντες-
1794 1351 1833 1382 εις

1049 1399 1094 1426 τον
1107 1398 1276 1433 ὀφειλόμενον
1292 1398 1382 1428 αὐτοῖς
1395 1397 1475 1423 τόπον
1491 1397 1543 1422 εἰσὶ
1557 1396 1632 1432 παρά
1645 1395 1684 1431 τῷ
1698 1396 1806 1431 Κυρίῳ.

1085 1445 1151 1480 Cap.
1175 1444 1231 1472 Vll.
1247 1443 1293 1471 Διδ
1314 1443 1489 1474 ἀπολιπόντες
1511 1442 1560 1478 τὴν
1583 1443 1751 1478 ματαιότητα
1778 1442 1834 1468 τῶν

1050 1491 1153 1518 πολλῶν
1166 1505 1202 1511 -
1214 1490 1260 1516 ἐπὶ
1274 1489 1319 1516 τὸν
1340 1488 1370 1521 ἐξ
1388 1488 1475 1524 ἀρχῆς
1497 1489 1562 1523 ἡμῖν
1584 1487 1772 1524 παραδοθέντα
1795 1487 1835 1514 λό-

1050 1546 1097 1572 γον
1111 1536 1326 1572 ὲπιστρέψωμεν.
1783 1538 1788 1542 ·

1085 1583 1152 1617 Cap.
1170 1581 1201 1609 ll.
1217 1581 1262 1608 Διὺ
1277 1580 1479 1615 ἀναζωσάμενοι
1488 1580 1537 1612 τὰς
1546 1579 1659 1614 ὀσφύας,
1673 1580 1834 1606 δουλεύει-ατε

1051 1626 1090 1662 τῷ
1103 1626 1162 1661 Θεῴ
1176 1626 1204 1652 ὲν
1219 1624 1294 1660 φόϐῳ
1308 1625 1354 1651 καὶ
1369 1624 1490 1659 ἀληθείᾳ,
1499 1623 1674 1655 ἀπολιπόντες
1689 1623 1739 1659 τὴν
1753 1624 1834 1659 κενὴν

1053 1671 1253 1708 ματαιολογίαν,
1270 1671 1317 1697 καὶ
1331 1669 1379 1705 τὴν
1395 1669 1448 1695 τῶν
1463 1668 1566 1695 πολλῶν
1580 1669 1693 1704 πλάνην.

1084 1716 1150 1751 Cap.
1166 1715 1198 1743 ll.
1216 1715 1454 1750 Μνημονεύσαντες
1468 1714 1496 1740 δὲ
1509 1711 1546 1741 ὧν
1561 1712 1636 1741 εἶπεν
1651 1715 1665 1740 ὁ
1679 1714 1785 1750 Κύριος
1799 1715 1834 1741 δι-

1051 1762 1242 1790 δάσκων-ὲν
1255 1760 1278 1793 ᾧ
1289 1761 1385 1796 μέτρῳ
1395 1760 1535 1796 μετρεῖτε,
1550 1760 1834 1795 ἀντιμετρηθήσεται

1051 1808 1130 1836 ὑμῖν.

1068 1818 1152 1887 μέλ.
1173 1851 1217 1879 IV.
1234 1850 1347 1877 Γινώσκ.
1376 1866 1409 1870 -
1436 1850 1477 1876 ὅτι
1503 1849 1530 1886 [ὁ
1551 1848 1628 1885 Θεὸς]
1649 1849 1740 1876 πάντα
1755 1849 1835 1884 ἡμῶν

1053 1899 1208 1929 σκοπεῖται,
1229 1897 1275 1923 καὶ
1298 1895 1406 1930 λέληθεν
1433 1894 1514 1921 αὑτὸν
1541 1893 1626 1925 οὐδὲν,
1655 1892 1717 1919 οὔτε
1746 1893 1836 1927 λογισ-

1054 1944 1128 1979 μῶν,
1143 1942 1203 1970 οὔτε
1217 1942 1325 1969 ἐννοιῶν
1335 1961 1342 1973 ,
1365 1940 1425 1968 οὔτε
1446 1949 1472 1966 τι
1491 1939 1544 1966 τῶν
1558 1938 1686 1975 κρυπτῶν
1702 1939 1752 1974 τῆς
1767 1947 1835 1974 καρ-

1051 1989 1120 2021 δίας.
1698 1990 1705 1996 ’

1088 2034 1155 2061 Ibid.
1180 2032 1332 2068 Διδάξωμεν
1359 2047 1394 2052 -
1418 2031 1467 2062 τὰς
1500 2030 1630 2064 γυναῖκας
1657 2029 1734 2064 ὑμῶν

1054 2079 1196 2116 ρεύεσθαι]
1211 2079 1240 2106 ἐν
1260 2080 1294 2114 τῇ
1308 2078 1416 2114 δοθείσῃ
1437 2076 1532 2107 αὑταῖς
1554 2076 1642 2102 πίστει
1666 2076 1714 2102 καὶ
1739 2075 1835 2111 ἀγάπῃ

1054 2126 1100 2152 καὶ
1115 2125 1251 2160 ἀγνείᾳ-
1261 2124 1308 2151 καὶ
1321 2123 1470 2158 ἀγαπώσας
1486 2122 1587 2153 πάντας
1597 2121 1626 2154 ἐξ
1644 2122 1699 2148 ἴσον
1713 2122 1745 2148 ὲν
1760 2121 1835 2157 πάσῃ

1053 2171 1209 2207 ἐγκρατείᾳ·
1224 2170 1271 2197 καὶ
1283 2169 1318 2196 τὰ
1331 2169 1413 2196 τέκνα
1427 2168 1562 2196 παιδεύειν
1575 2167 1624 2203 τὴν
1646 2166 1774 2193 παιδείαν
1788 2166 1834 2192 τοῦ

1019 2233 1040 2260 D
1055 2217 1136 2252 φόϐου
1151 2215 1198 2242 τοῦ
1212 2215 1290 2243 Θεοῦ,

1054 2320 1131 2344 reant
1147 2314 1322 2343 Clementinaa
1332 2313 1446 2348 vestigia
1458 2321 1465 2346 ;
1481 2312 1552 2339 hanc
1566 2318 1647 2338 unam
1663 2310 1699 2338 ob
1709 2318 1833 2342 causam,

1054 2361 1200 2393 Bcrnardi,
1226 2360 1324 2388 Clerici
1350 2367 1382 2386 ac
1409 2358 1550 2386 Moshemii
1574 2357 1789 2391 conjectationes
1803 2357 1834 2384 de

1056 2407 1137 2442 hujus
1150 2406 1258 2433 laciniis
1275 2413 1308 2432 ex
1323 2405 1461 2432 Clemente
1478 2403 1659 2430 Alexandrino
1671 2401 1836 2437 desumptis,

1055 2452 1167 2480 omnino
1181 2455 1344 2479 evanescant
1359 2454 1474 2485 oportet.

1090 2497 1182 2532 Neque
1198 2497 1243 2524 alii
1258 2496 1380 2531 profecto
1393 2495 1502 2526 desunt,
1522 2495 1569 2530 qui
1588 2493 1710 2529 ejusdem
1726 2493 1835 2529 Episto-

1057 2543 1089 2570 la‘.
1098 2542 1281 2570 sinceritatem
1297 2541 1324 2568 in
1335 2541 1446 2567 dubium
1463 2543 1605 2572 revocent;
1619 2539 1690 2574 quod
1705 2539 1833 2566 nimirum

1056 2588 1185 2615 nonnulla
1203 2587 1326 2614 fabulosa
1341 2593 1395 2621 prae
1410 2593 1438 2613 se
1454 2585 1520 2612 lerat
1533 2594 1539 2618 ;
1553 2585 1625 2620 quod
1653 2585 1744 2620 aliqua
1762 2586 1788 2612 in
1804 2593 1834 2612 ea

1057 2633 1246 2661 desiderantur
1259 2639 1275 2659 a
1299 2632 1414 2660 vetustis
1428 2631 1554 2658 Patribus
1569 2631 1693 2666 allegata,
1713 2635 1768 2658 etc.
1783 2630 1833 2658 Sed

1057 2679 1108 2706 hos
1123 2679 1290 2706 morosiorcs
1305 2678 1417 2705 criticos
1431 2678 1531 2705 missos
1546 2677 1677 2704 facimus:
1695 2681 1753 2704 tum
1764 2677 1834 2712 quod

1057 2733 1151 2752 eorum
1163 2724 1329 2759 ohjectiones
1342 2724 1414 2751 ﬂuxo
1427 2724 1494 2750 adeo
1509 2723 1564 2750 talo
1589 2722 1721 2756 nitantur,
1746 2727 1775 2750 ut
1790 2731 1833 2758 pe-

1093 2790 1149 2852 (ἆῦ)
1175 2790 1280 2818 Prwl‘at.
1309 2788 1342 2816 ad
1366 2788 1451 2824 Epist.
1482 2789 1530 2818 SS.
1549 2789 1599 2817 PP.
1615 2789 1731 2824 apostol.
1763 2789 1831 2817 circa

1057 2833 1127 2854 mea.
