  <div class='ocr_page' id='page_1' title='image "/cluster/home/n/w/nwhite01/storage/ocr_20150623/1/njp.32101077772331/086.png"; bbox 0 0 1893 3101; ppageno 0'>
   <div class='ocr_carea' id='block_1_1' title="bbox 55 191 80 220">
    <p class='ocr_par' dir='ltr' id='par_1_1' title="bbox 55 191 80 220">
     <span class='ocr_line' id='line_1_1' title="bbox 55 191 80 220; baseline -0.08 0"><span class='ocrx_word' id='word_1_1' title='bbox 55 191 80 220; x_wconf 78' lang='lat'><strong>93</strong></span> 
     </span>
    </p>
   </div>
   <div class='ocr_carea' id='block_1_2' title="bbox 55 249 831 287">
    <p class='ocr_par' dir='ltr' id='par_1_2' title="bbox 55 249 831 287">
     <span class='ocr_line' id='line_1_2' title="bbox 55 249 831 287; baseline 0.009 -11"><span class='ocrx_word' id='word_1_2' title='bbox 55 252 99 277; x_wconf 86' lang='lat' dir='ltr'><strong>dem</strong></span> <span class='ocrx_word' id='word_1_3' title='bbox 108 257 160 277; x_wconf 87' lang='lat' dir='ltr'><strong>eum</strong></span> <span class='ocrx_word' id='word_1_4' title='bbox 175 249 282 286; x_wconf 74' lang='lat' dir='ltr'><strong>singulis</strong></span> <span class='ocrx_word' id='word_1_5' title='bbox 295 249 423 279; x_wconf 75' lang='lat' dir='ltr'><strong>conferre</strong></span> <span class='ocrx_word' id='word_1_6' title='bbox 442 255 513 279; x_wconf 82' lang='lat' dir='ltr'><strong>haud</strong></span> <span class='ocrx_word' id='word_1_7' title='bbox 525 253 660 287; x_wconf 81' lang='lat' dir='ltr'><strong>expediat,</strong></span> <span class='ocrx_word' id='word_1_8' title='bbox 685 259 741 282; x_wconf 91' lang='lat' dir='ltr'><strong>tum</strong></span> <span class='ocrx_word' id='word_1_9' title='bbox 766 255 793 282; x_wconf 92' lang='lat' dir='ltr'><strong>in</strong></span> <span class='ocrx_word' id='word_1_10' title='bbox 810 260 831 285; x_wconf 76' lang='grc' dir='ltr'><strong>Α</strong></span> 
     </span>
    </p>
   </div>
   <div class='ocr_carea' id='block_1_3' title="bbox 54 296 799 333">
    <p class='ocr_par' dir='ltr' id='par_1_3' title="bbox 54 296 799 333">
     <span class='ocr_line' id='line_1_3' title="bbox 54 296 799 333; baseline 0.009 -12"><span class='ocrx_word' id='word_1_11' title='bbox 54 296 127 330; x_wconf 77' lang='lat' dir='ltr'><strong>primis</strong></span> <span class='ocrx_word' id='word_1_12' title='bbox 138 296 202 330; x_wconf 88' lang='lat' dir='ltr'><strong>quod</strong></span> <span class='ocrx_word' id='word_1_13' title='bbox 222 303 236 322; x_wconf 84' lang='lat' dir='ltr'><strong>a</strong></span> <span class='ocrx_word' id='word_1_14' title='bbox 251 296 388 333; x_wconf 83' lang='lat' dir='ltr'><strong>plerisque</strong></span> <span class='ocrx_word' id='word_1_15' title='bbox 413 297 480 325; x_wconf 88' lang='lat' dir='ltr'><strong>viris</strong></span> <span class='ocrx_word' id='word_1_16' title='bbox 503 299 617 326; x_wconf 78' lang='lat' dir='ltr'><strong>eruditis</strong></span> <span class='ocrx_word' id='word_1_17' title='bbox 633 308 677 327; x_wconf 89' lang='lat' dir='ltr'><strong>res</strong></span> <span class='ocrx_word' id='word_1_18' title='bbox 691 300 799 328; x_wconf 81' lang='lat' dir='ltr'><strong>abunde</strong></span> 
     </span>
    </p>
   </div>
   <div class='ocr_carea' id='block_1_4' title="bbox 53 341 796 380">
    <p class='ocr_par' dir='ltr' id='par_1_4' title="bbox 53 341 796 380">
     <span class='ocr_line' id='line_1_4' title="bbox 53 341 796 380; baseline 0.005 -11"><span class='ocrx_word' id='word_1_19' title='bbox 53 342 104 369; x_wconf 81' lang='lat' dir='ltr'><strong>satis</strong></span> <span class='ocrx_word' id='word_1_20' title='bbox 113 341 357 376; x_wconf 86' lang='lat' dir='ltr'><strong>fueritpertractata.</strong></span> <span class='ocrx_word' id='word_1_21' title='bbox 368 341 487 370; x_wconf 79' lang='lat' dir='ltr'><strong>Firmum</strong></span> <span class='ocrx_word' id='word_1_22' title='bbox 503 343 584 379; x_wconf 80' lang='lat' dir='ltr'><strong>igitur</strong></span> <span class='ocrx_word' id='word_1_23' title='bbox 598 349 740 380; x_wconf 89' lang='lat' dir='ltr'><strong>ratumque</strong></span> <span class='ocrx_word' id='word_1_24' title='bbox 752 347 796 378; x_wconf 88' lang='lat' dir='ltr'><strong>sit,</strong></span> 
     </span>
    </p>
   </div>
   <div class='ocr_carea' id='block_1_5' title="bbox 53 388 797 426">
    <p class='ocr_par' dir='ltr' id='par_1_5' title="bbox 53 388 797 426">
     <span class='ocr_line' id='line_1_5' title="bbox 53 388 797 426; baseline 0.008 -12"><span class='ocrx_word' id='word_1_25' title='bbox 53 395 178 423; x_wconf 70' lang='lat' dir='ltr'><strong>germanam</strong></span> <span class='ocrx_word' id='word_1_26' title='bbox 192 388 299 415; x_wconf 86' lang='lat' dir='ltr'><strong>omnino</strong></span> <span class='ocrx_word' id='word_1_27' title='bbox 313 397 374 417; x_wconf 87' lang='lat' dir='ltr'><strong>esse</strong></span> <span class='ocrx_word' id='word_1_28' title='bbox 398 390 514 424; x_wconf 85' lang='lat' dir='ltr'><strong>priorem</strong></span> <span class='ocrx_word' id='word_1_29' title='bbox 530 391 679 419; x_wconf 72' lang='lat' dir='ltr'><strong>Clementis</strong></span> <span class='ocrx_word' id='word_1_30' title='bbox 692 393 797 426; x_wconf 90' lang='lat' dir='ltr'><strong>episto-</strong></span> 
     </span>
    </p>
   </div>
   <div class='ocr_carea' id='block_1_6' title="bbox 53 433 798 472">
    <p class='ocr_par' dir='ltr' id='par_1_6' title="bbox 53 433 798 472">
     <span class='ocr_line' id='line_1_6' title="bbox 53 433 798 472; baseline 0.007 -12"><span class='ocrx_word' id='word_1_31' title='bbox 53 433 264 468; x_wconf 80' lang='lat' dir='ltr'><strong>iam,qu:eutinam</strong></span> <span class='ocrx_word' id='word_1_32' title='bbox 287 433 322 460; x_wconf 92' lang='lat' dir='ltr'><strong>ad</strong></span> <span class='ocrx_word' id='word_1_33' title='bbox 345 442 397 464; x_wconf 91' lang='lat' dir='ltr'><strong>nos</strong></span> <span class='ocrx_word' id='word_1_34' title='bbox 420 435 798 472; x_wconf 80' lang='lat' dir='ltr'><strong>integrapcrvenissethuid-</strong></span> 
     </span>
    </p>
   </div>
   <div class='ocr_carea' id='block_1_7' title="bbox 52 480 798 519">
    <p class='ocr_par' dir='ltr' id='par_1_7' title="bbox 52 480 798 519">
     <span class='ocr_line' id='line_1_7' title="bbox 52 480 798 519; baseline 0.008 -13"><span class='ocrx_word' id='word_1_35' title='bbox 52 480 102 514; x_wconf 87' lang='lat' dir='ltr'><strong>quid</strong></span> <span class='ocrx_word' id='word_1_36' title='bbox 111 480 171 507; x_wconf 80' lang='lat' dir='ltr'><strong>enim</strong></span> <span class='ocrx_word' id='word_1_37' title='bbox 184 481 210 507; x_wconf 90' lang='lat' dir='ltr'><strong>in</strong></span> <span class='ocrx_word' id='word_1_38' title='bbox 221 487 250 506; x_wconf 84' lang='lat' dir='ltr'><strong>ea</strong></span> <span class='ocrx_word' id='word_1_39' title='bbox 266 482 433 512; x_wconf 77' lang='lat' dir='ltr'><strong>continetur,</strong></span> <span class='ocrx_word' id='word_1_40' title='bbox 450 486 572 517; x_wconf 87' lang='lat' dir='ltr'><strong>tempora</strong></span> <span class='ocrx_word' id='word_1_41' title='bbox 589 483 667 519; x_wconf 85' lang='lat' dir='ltr'><strong>plane</strong></span> <span class='ocrx_word' id='word_1_42' title='bbox 688 490 798 519; x_wconf 85' lang='lat' dir='ltr'><strong>aposto-</strong></span> 
     </span>
    </p>
   </div>
   <div class='ocr_carea' id='block_1_8' title="bbox 52 524 798 565">
    <p class='ocr_par' dir='ltr' id='par_1_8' title="bbox 52 524 798 565">
     <span class='ocr_line' id='line_1_8' title="bbox 52 524 798 565; baseline 0.008 -14"><span class='ocrx_word' id='word_1_43' title='bbox 52 525 91 551; x_wconf 83' lang='lat' dir='ltr'><strong>lica</strong></span> <span class='ocrx_word' id='word_1_44' title='bbox 103 524 188 558; x_wconf 82' lang='lat' dir='ltr'><strong>refert;</strong></span> <span class='ocrx_word' id='word_1_45' title='bbox 215 533 302 561; x_wconf 76' lang='lat' dir='ltr'><strong>neque</strong></span> <span class='ocrx_word' id='word_1_46' title='bbox 317 527 401 554; x_wconf 91' lang='lat' dir='ltr'><strong>ullum</strong></span> <span class='ocrx_word' id='word_1_47' title='bbox 417 536 448 555; x_wconf 84' lang='lat' dir='ltr'><strong>ex</strong></span> <span class='ocrx_word' id='word_1_48' title='bbox 464 529 537 556; x_wconf 92' lang='lat' dir='ltr'><strong>omni</strong></span> <span class='ocrx_word' id='word_1_49' title='bbox 561 533 633 556; x_wconf 89' lang='lat' dir='ltr'><strong>retro</strong></span> <span class='ocrx_word' id='word_1_50' title='bbox 648 530 798 565; x_wconf 81' lang='lat' dir='ltr'><strong>antiquita-</strong></span> 
     </span>
    </p>
   </div>
   <div class='ocr_carea' id='block_1_9' title="bbox 52 571 798 609">
    <p class='ocr_par' dir='ltr' id='par_1_9' title="bbox 52 571 798 609">
     <span class='ocr_line' id='line_1_9' title="bbox 52 571 798 609; baseline 0.008 -12"><span class='ocrx_word' id='word_1_51' title='bbox 52 575 71 597; x_wconf 89' lang='lat' dir='ltr'><strong>te</strong></span> <span class='ocrx_word' id='word_1_52' title='bbox 84 571 197 606; x_wconf 84' lang='lat' dir='ltr'><strong>quispiam</strong></span> <span class='ocrx_word' id='word_1_53' title='bbox 209 575 304 600; x_wconf 81' lang='lat' dir='ltr'><strong>testem</strong></span> <span class='ocrx_word' id='word_1_54' title='bbox 320 574 488 608; x_wconf 74' lang='lat' dir='ltr'><strong>produxerit,</strong></span> <span class='ocrx_word' id='word_1_55' title='bbox 504 575 549 609; x_wconf 88' lang='lat' dir='ltr'><strong>qui</strong></span> <span class='ocrx_word' id='word_1_56' title='bbox 565 575 688 603; x_wconf 86' lang='lat' dir='ltr'><strong>homines</strong></span> <span class='ocrx_word' id='word_1_57' title='bbox 701 576 798 603; x_wconf 81' lang='lat' dir='ltr'><strong>corda-</strong></span> 
     </span>
    </p>
   </div>
   <div class='ocr_carea' id='block_1_10' title="bbox 51 615 797 655">
    <p class='ocr_par' dir='ltr' id='par_1_10' title="bbox 51 615 797 655">
     <span class='ocr_line' id='line_1_10' title="bbox 51 615 797 655; baseline 0.009 -14"><span class='ocrx_word' id='word_1_58' title='bbox 51 620 83 643; x_wconf 89' lang='lat' dir='ltr'><strong>tos</strong></span> <span class='ocrx_word' id='word_1_59' title='bbox 94 615 122 643; x_wconf 91' lang='lat' dir='ltr'><strong>de</strong></span> <span class='ocrx_word' id='word_1_60' title='bbox 134 616 197 644; x_wconf 87' lang='lat' dir='ltr'><strong>illius</strong></span> <span class='ocrx_word' id='word_1_61' title='bbox 228 617 386 646; x_wconf 87' lang='lat' dir='ltr'><strong>sinceritate</strong></span> <span class='ocrx_word' id='word_1_62' title='bbox 400 619 498 646; x_wconf 86' lang='lat' dir='ltr'><strong>merito</strong></span> <span class='ocrx_word' id='word_1_63' title='bbox 524 620 656 655; x_wconf 78' lang='lat' dir='ltr'><strong>ancipites</strong></span> <span class='ocrx_word' id='word_1_64' title='bbox 683 621 797 648; x_wconf 82' lang='lat' dir='ltr'><strong>reddere</strong></span> 
     </span>
    </p>
   </div>
   <div class='ocr_carea' id='block_1_11' title="bbox 50 661 126 688">
    <p class='ocr_par' dir='ltr' id='par_1_11' title="bbox 50 661 126 688">
     <span class='ocr_line' id='line_1_11' title="bbox 50 661 126 688; baseline 0.026 -2"><span class='ocrx_word' id='word_1_65' title='bbox 50 661 126 688; x_wconf 75' lang='lat' dir='ltr'><strong>raleat.</strong></span> 
     </span>
    </p>
   </div>
   <div class='ocr_carea' id='block_1_12' title="bbox 78 706 797 747">
    <p class='ocr_par' dir='ltr' id='par_1_12' title="bbox 78 706 797 747">
     <span class='ocr_line' id='line_1_12' title="bbox 78 706 797 747; baseline 0.013 -15"><span class='ocrx_word' id='word_1_66' title='bbox 78 706 112 733; x_wconf 91' lang='lat' dir='ltr'><strong>lll.</strong></span> <span class='ocrx_word' id='word_1_67' title='bbox 127 706 277 736; x_wconf 83' lang='lat' dir='ltr'><strong>Posterioris</strong></span> <span class='ocrx_word' id='word_1_68' title='bbox 301 709 364 737; x_wconf 89' lang='lat' dir='ltr'><strong>item</strong></span> <span class='ocrx_word' id='word_1_69' title='bbox 381 711 413 737; x_wconf 89' lang='lat' dir='ltr'><strong>ad</strong></span> <span class='ocrx_word' id='word_1_70' title='bbox 426 711 582 739; x_wconf 84' lang='lat' dir='ltr'><strong>Corinthios</strong></span> <span class='ocrx_word' id='word_1_71' title='bbox 595 711 722 747; x_wconf 68' lang='lat' dir='ltr'><strong>Epistula:</strong></span> <span class='ocrx_word' id='word_1_72' title='bbox 735 713 797 741; x_wconf 91' lang='lat' dir='ltr'><strong>Cle-</strong></span> 
     </span>
    </p>
   </div>
   <div class='ocr_carea' id='block_1_13' title="bbox 50 753 793 790">
    <p class='ocr_par' dir='ltr' id='par_1_13' title="bbox 50 753 793 790">
     <span class='ocr_line' id='line_1_13' title="bbox 50 753 793 790; baseline 0.012 -13"><span class='ocrx_word' id='word_1_73' title='bbox 50 753 159 782; x_wconf 63' lang='lat' dir='ltr'><strong>mentiost.</strong></span> <span class='ocrx_word' id='word_1_74' title='bbox 173 757 231 779; x_wconf 88' lang='lat' dir='ltr'><strong>sunt</strong></span> <span class='ocrx_word' id='word_1_75' title='bbox 259 754 308 788; x_wconf 88' lang='lat' dir='ltr'><strong>qui</strong></span> <span class='ocrx_word' id='word_1_76' title='bbox 341 763 394 782; x_wconf 86' lang='lat' dir='ltr'><strong>non</strong></span> <span class='ocrx_word' id='word_1_77' title='bbox 411 757 498 783; x_wconf 89' lang='lat' dir='ltr'><strong>solum</strong></span> <span class='ocrx_word' id='word_1_78' title='bbox 522 757 675 790; x_wconf 88' lang='lat' dir='ltr'><strong>veritatem,</strong></span> <span class='ocrx_word' id='word_1_79' title='bbox 701 767 793 786; x_wconf 85' lang='lat' dir='ltr'><strong>verum</strong></span> 
     </span>
    </p>
   </div>
   <div class='ocr_carea' id='block_1_14' title="bbox 50 797 796 838">
    <p class='ocr_par' dir='ltr' id='par_1_14' title="bbox 50 797 796 838">
     <span class='ocr_line' id='line_1_14' title="bbox 50 797 796 838; baseline 0.013 -16"><span class='ocrx_word' id='word_1_80' title='bbox 50 797 111 822; x_wconf 78' lang='lat' dir='ltr'><strong>ctiam</strong></span> <span class='ocrx_word' id='word_1_81' title='bbox 122 798 299 832; x_wconf 77' lang='lat' dir='ltr'><strong>antiquitatem</strong></span> <span class='ocrx_word' id='word_1_82' title='bbox 313 800 480 836; x_wconf 79' lang='lat' dir='ltr'><strong>impugnant.</strong></span> <span class='ocrx_word' id='word_1_83' title='bbox 497 801 545 830; x_wconf 85' lang='lat' dir='ltr'><strong>liis</strong></span> <span class='ocrx_word' id='word_1_84' title='bbox 559 811 645 838; x_wconf 89' lang='lat' dir='ltr'><strong>nuper</strong></span> <span class='ocrx_word' id='word_1_85' title='bbox 658 804 738 831; x_wconf 84' lang='lat' dir='ltr'><strong>etiam</strong></span> <span class='ocrx_word' id='word_1_86' title='bbox 754 812 796 832; x_wconf 86' lang='lat' dir='ltr'><strong>ac-</strong></span> 
     </span>
    </p>
   </div>
   <div class='ocr_carea' id='block_1_15' title="bbox 49 842 795 877">
    <p class='ocr_par' dir='ltr' id='par_1_15' title="bbox 49 842 795 877">
     <span class='ocr_line' id='line_1_15' title="bbox 49 842 795 877; baseline 0.013 -10"><span class='ocrx_word' id='word_1_87' title='bbox 49 842 111 867; x_wconf 80' lang='lat' dir='ltr'><strong>cessit</strong></span> <span class='ocrx_word' id='word_1_88' title='bbox 125 842 187 870; x_wconf 89' lang='lat' dir='ltr'><strong>haud</strong></span> <span class='ocrx_word' id='word_1_89' title='bbox 202 844 348 871; x_wconf 80' lang='lat' dir='ltr'><strong>incelebris</strong></span> <span class='ocrx_word' id='word_1_90' title='bbox 359 846 472 873; x_wconf 83' lang='lat' dir='ltr'><strong>criticus</strong></span> <span class='ocrx_word' id='word_1_91' title='bbox 491 847 662 876; x_wconf 84' lang='lat' dir='ltr'><strong>llermannus</strong></span> <span class='ocrx_word' id='word_1_92' title='bbox 676 848 795 877; x_wconf 83' lang='lat' dir='ltr'><strong>Venema</strong></span> 
     </span>
    </p>
   </div>
   <div class='ocr_carea' id='block_1_16' title="bbox 49 885 796 928">
    <p class='ocr_par' dir='ltr' id='par_1_16' title="bbox 49 885 796 928">
     <span class='ocr_line' id='line_1_16' title="bbox 49 885 796 928; baseline 0.015 -17"><span class='ocrx_word' id='word_1_93' title='bbox 49 885 68 911; x_wconf 88' lang='lat' dir='ltr'><strong>in</strong></span> <span class='ocrx_word' id='word_1_94' title='bbox 81 885 187 921; x_wconf 84' lang='lat' dir='ltr'><strong>Epistolis</strong></span> <span class='ocrx_word' id='word_1_95' title='bbox 202 888 340 925; x_wconf 67' lang='lat' dir='ltr'><strong>Harlingm</strong></span> <span class='ocrx_word' id='word_1_96' title='bbox 350 891 493 926; x_wconf 78' lang='lat' dir='ltr'><strong>evulgatis.</strong></span> <span class='ocrx_word' id='word_1_97' title='bbox 510 900 542 919; x_wconf 87' lang='lat' dir='ltr'><strong>eo</strong></span> <span class='ocrx_word' id='word_1_98' title='bbox 557 894 728 928; x_wconf 83' lang='lat' dir='ltr'><strong>potissimum</strong></span> <span class='ocrx_word' id='word_1_99' title='bbox 745 903 796 922; x_wconf 90' lang='lat' dir='ltr'><strong>no-</strong></span> 
     </span>
    </p>
   </div>
   <div class='ocr_carea' id='block_1_17' title="bbox 49 927 832 968">
    <p class='ocr_par' dir='ltr' id='par_1_17' title="bbox 49 927 832 968">
     <span class='ocr_line' id='line_1_17' title="bbox 49 927 832 968; baseline 0.015 -11"><span class='ocrx_word' id='word_1_100' title='bbox 49 931 111 963; x_wconf 85' lang='lat' dir='ltr'><strong>mine,</strong></span> <span class='ocrx_word' id='word_1_101' title='bbox 124 941 172 967; x_wconf 88' lang='lat' dir='ltr'><strong>quo</strong></span> <span class='ocrx_word' id='word_1_102' title='bbox 183 934 359 968; x_wconf 78' lang='lat' dir='ltr'><strong>epistolarum</strong></span> <span class='ocrx_word' id='word_1_103' title='bbox 375 936 521 964; x_wconf 88' lang='lat' dir='ltr'><strong>Clementis</strong></span> <span class='ocrx_word' id='word_1_104' title='bbox 536 927 630 966; x_wconf 22' lang='lat' dir='ltr'><strong>arclar.</strong></span> <span class='ocrx_word' id='word_1_105' title='bbox 645 939 796 968; x_wconf 85' lang='lat' dir='ltr'><strong>Wetstenio</strong></span> <span class='ocrx_word' id='word_1_106' title='bbox 812 927 832 954; x_wconf 64' lang='grc' dir='ltr'>Β</span> 
     </span>
    </p>
   </div>
   <div class='ocr_carea' id='block_1_18' title="bbox 49 978 795 1019">
    <p class='ocr_par' dir='ltr' id='par_1_18' title="bbox 49 978 795 1019">
     <span class='ocr_line' id='line_1_18' title="bbox 49 978 795 1019; baseline 0.015 -15"><span class='ocrx_word' id='word_1_107' title='bbox 49 978 102 1005; x_wconf 86' lang='lat' dir='ltr'><strong>baud</strong></span> <span class='ocrx_word' id='word_1_108' title='bbox 117 980 148 1006; x_wconf 85' lang='lat' dir='ltr'><strong>ita</strong></span> <span class='ocrx_word' id='word_1_109' title='bbox 161 981 260 1015; x_wconf 84' lang='lat' dir='ltr'><strong>pridem</strong></span> <span class='ocrx_word' id='word_1_110' title='bbox 278 983 415 1010; x_wconf 87' lang='lat' dir='ltr'><strong>editarum</strong></span> <span class='ocrx_word' id='word_1_111' title='bbox 443 984 624 1019; x_wconf 83' lang='lat' dir='ltr'><strong>integritatem</strong></span> <span class='ocrx_word' id='word_1_112' title='bbox 642 990 795 1015; x_wconf 72' lang='lat' dir='ltr'><strong>everteret:</strong></span> 
     </span>
    </p>
   </div>
   <div class='ocr_carea' id='block_1_19' title="bbox 48 1024 795 1064">
    <p class='ocr_par' dir='ltr' id='par_1_19' title="bbox 48 1024 795 1064">
     <span class='ocr_line' id='line_1_19' title="bbox 48 1024 795 1064; baseline 0.013 -15"><span class='ocrx_word' id='word_1_113' title='bbox 48 1031 87 1058; x_wconf 80' lang='lat' dir='ltr'><strong>qua</strong></span> <span class='ocrx_word' id='word_1_114' title='bbox 97 1024 125 1052; x_wconf 89' lang='lat' dir='ltr'><strong>de</strong></span> <span class='ocrx_word' id='word_1_115' title='bbox 137 1032 162 1052; x_wconf 90' lang='lat' dir='ltr'><strong>re</strong></span> <span class='ocrx_word' id='word_1_116' title='bbox 182 1033 241 1053; x_wconf 76' lang='lat' dir='ltr'><strong>mox</strong></span> <span class='ocrx_word' id='word_1_117' title='bbox 256 1026 384 1055; x_wconf 85' lang='lat' dir='ltr'><strong>inferius.</strong></span> <span class='ocrx_word' id='word_1_118' title='bbox 413 1027 451 1056; x_wconf 74' lang='lat' dir='ltr'><strong>Ne</strong></span> <span class='ocrx_word' id='word_1_119' title='bbox 467 1030 558 1064; x_wconf 80' lang='lat' dir='ltr'><strong>itaque</strong></span> <span class='ocrx_word' id='word_1_120' title='bbox 590 1029 678 1058; x_wconf 79' lang='lat' dir='ltr'><strong>ofﬁcio</strong></span> <span class='ocrx_word' id='word_1_121' title='bbox 702 1036 795 1059; x_wconf 90' lang='lat' dir='ltr'><strong>nostro</strong></span> 
     </span>
    </p>
   </div>
   <div class='ocr_carea' id='block_1_20' title="bbox 48 1069 794 1107">
    <p class='ocr_par' dir='ltr' id='par_1_20' title="bbox 48 1069 794 1107">
     <span class='ocr_line' id='line_1_20' title="bbox 48 1069 794 1107; baseline 0.012 -12"><span class='ocrx_word' id='word_1_122' title='bbox 48 1069 120 1096; x_wconf 78' lang='lat' dir='ltr'><strong>deesse</strong></span> <span class='ocrx_word' id='word_1_123' title='bbox 135 1071 276 1104; x_wconf 80' lang='lat' dir='ltr'><strong>videamur,</strong></span> <span class='ocrx_word' id='word_1_124' title='bbox 292 1073 470 1107; x_wconf 81' lang='lat' dir='ltr'><strong>Cotclerium,</strong></span> <span class='ocrx_word' id='word_1_125' title='bbox 489 1075 605 1107; x_wconf 86' lang='lat' dir='ltr'><strong>Bullum,</strong></span> <span class='ocrx_word' id='word_1_126' title='bbox 621 1076 794 1104; x_wconf 85' lang='lat' dir='ltr'><strong>Coutautium</strong></span> 
     </span>
    </p>
   </div>
   <div class='ocr_carea' id='block_1_21' title="bbox 47 1114 796 1152">
    <p class='ocr_par' dir='ltr' id='par_1_21' title="bbox 47 1114 796 1152">
     <span class='ocr_line' id='line_1_21' title="bbox 47 1114 796 1152; baseline 0.012 -12"><span class='ocrx_word' id='word_1_127' title='bbox 47 1114 143 1150; x_wconf 87' lang='lat' dir='ltr'><strong>aliusque</strong></span> <span class='ocrx_word' id='word_1_128' title='bbox 155 1117 222 1144; x_wconf 90' lang='lat' dir='ltr'><strong>viros</strong></span> <span class='ocrx_word' id='word_1_129' title='bbox 236 1117 336 1146; x_wconf 84' lang='lat' dir='ltr'><strong>doctos</strong></span> <span class='ocrx_word' id='word_1_130' title='bbox 357 1121 495 1152; x_wconf 84' lang='lat' dir='ltr'><strong>assectati,</strong></span> <span class='ocrx_word' id='word_1_131' title='bbox 514 1121 730 1149; x_wconf 83' lang='lat' dir='ltr'><strong>adversariorum</strong></span> <span class='ocrx_word' id='word_1_132' title='bbox 746 1123 796 1149; x_wconf 92' lang='lat' dir='ltr'><strong>ob-</strong></span> 
     </span>
    </p>
   </div>
   <div class='ocr_carea' id='block_1_22' title="bbox 46 1161 795 1202">
    <p class='ocr_par' dir='ltr' id='par_1_22' title="bbox 46 1161 795 1202">
     <span class='ocr_line' id='line_1_22' title="bbox 46 1161 795 1202; baseline 0.011 -15"><span class='ocrx_word' id='word_1_133' title='bbox 46 1161 205 1195; x_wconf 79' lang='lat' dir='ltr'><strong>jcclationibus</strong></span> <span class='ocrx_word' id='word_1_134' title='bbox 218 1163 312 1192; x_wconf 86' lang='lat' dir='ltr'><strong>facere</strong></span> <span class='ocrx_word' id='word_1_135' title='bbox 329 1166 396 1194; x_wconf 84' lang='lat' dir='ltr'><strong>satis</strong></span> <span class='ocrx_word' id='word_1_136' title='bbox 417 1174 505 1201; x_wconf 69' lang='lat' dir='ltr'><strong>opera:</strong></span> <span class='ocrx_word' id='word_1_137' title='bbox 520 1168 635 1202; x_wconf 88' lang='lat' dir='ltr'><strong>pretittm</strong></span> <span class='ocrx_word' id='word_1_138' title='bbox 655 1169 795 1195; x_wconf 84' lang='lat' dir='ltr'><strong>existima-</strong></span> 
     </span>
    </p>
   </div>
   <div class='ocr_carea' id='block_1_23' title="bbox 47 1214 98 1235">
    <p class='ocr_par' dir='ltr' id='par_1_23' title="bbox 47 1214 98 1235">
     <span class='ocr_line' id='line_1_23' title="bbox 47 1214 98 1235; baseline 0.059 -3"><span class='ocrx_word' id='word_1_139' title='bbox 47 1214 98 1235; x_wconf 88' lang='lat' dir='ltr'><strong>mus.</strong></span> 
     </span>
    </p>
   </div>
   <div class='ocr_carea' id='block_1_24' title="bbox 72 1252 796 1294">
    <p class='ocr_par' dir='ltr' id='par_1_24' title="bbox 72 1252 796 1294">
     <span class='ocr_line' id='line_1_24' title="bbox 72 1252 796 1294; baseline 0.008 -14"><span class='ocrx_word' id='word_1_140' title='bbox 72 1252 251 1282; x_wconf 69' lang='lat' dir='ltr'><strong>Observandum</strong></span> <span class='ocrx_word' id='word_1_141' title='bbox 268 1257 362 1292; x_wconf 90' lang='lat' dir='ltr'><strong>itaque</strong></span> <span class='ocrx_word' id='word_1_142' title='bbox 386 1258 501 1292; x_wconf 90' lang='lat' dir='ltr'><strong>primum</strong></span> <span class='ocrx_word' id='word_1_143' title='bbox 529 1258 677 1294; x_wconf 78' lang='lat' dir='ltr'><strong>Epistulam</strong></span> <span class='ocrx_word' id='word_1_144' title='bbox 693 1263 796 1286; x_wconf 81' lang='lat' dir='ltr'><strong>utram-</strong></span> 
     </span>
    </p>
   </div>
   <div class='ocr_carea' id='block_1_25' title="bbox 45 1303 794 1337">
    <p class='ocr_par' dir='ltr' id='par_1_25' title="bbox 45 1303 794 1337">
     <span class='ocr_line' id='line_1_25' title="bbox 45 1303 794 1337; baseline 0.008 -12"><span class='ocrx_word' id='word_1_145' title='bbox 45 1307 85 1333; x_wconf 90' lang='lat' dir='ltr'><strong>que</strong></span> <span class='ocrx_word' id='word_1_146' title='bbox 96 1307 122 1326; x_wconf 76' lang='lat' dir='ltr'><strong>ex</strong></span> <span class='ocrx_word' id='word_1_147' title='bbox 135 1308 184 1327; x_wconf 87' lang='lat' dir='ltr'><strong>ttno</strong></span> <span class='ocrx_word' id='word_1_148' title='bbox 207 1303 357 1337; x_wconf 81' lang='lat' dir='ltr'><strong>superstite</strong></span> <span class='ocrx_word' id='word_1_149' title='bbox 371 1304 555 1331; x_wconf 86' lang='lat' dir='ltr'><strong>vetustissimo</strong></span> <span class='ocrx_word' id='word_1_150' title='bbox 567 1304 662 1331; x_wconf 81' lang='lat' dir='ltr'><strong>codice</strong></span> <span class='ocrx_word' id='word_1_151' title='bbox 676 1304 794 1331; x_wconf 62' lang='lat' dir='ltr'><strong>Alexan-</strong></span> 
     </span>
    </p>
   </div>
   <div class='ocr_carea' id='block_1_26' title="bbox 45 1345 795 1385">
    <p class='ocr_par' dir='ltr' id='par_1_26' title="bbox 45 1345 795 1385">
     <span class='ocr_line' id='line_1_26' title="bbox 45 1345 795 1385; baseline 0.008 -14"><span class='ocrx_word' id='word_1_152' title='bbox 45 1345 105 1372; x_wconf 85' lang='lat' dir='ltr'><strong>drino</strong></span> <span class='ocrx_word' id='word_1_153' title='bbox 118 1347 140 1373; x_wconf 93' lang='lat' dir='ltr'><strong>in</strong></span> <span class='ocrx_word' id='word_1_154' title='bbox 156 1347 236 1375; x_wconf 90' lang='lat' dir='ltr'><strong>lucem</strong></span> <span class='ocrx_word' id='word_1_155' title='bbox 253 1348 401 1384; x_wconf 84' lang='lat' dir='ltr'><strong>prodiisse.</strong></span> <span class='ocrx_word' id='word_1_156' title='bbox 420 1349 539 1381; x_wconf 84' lang='lat' dir='ltr'><strong>Scilicet,</strong></span> <span class='ocrx_word' id='word_1_157' title='bbox 562 1350 648 1377; x_wconf 77' lang='lat' dir='ltr'><strong>codex</strong></span> <span class='ocrx_word' id='word_1_158' title='bbox 660 1350 710 1377; x_wconf 89' lang='lat' dir='ltr'><strong>istc</strong></span> <span class='ocrx_word' id='word_1_159' title='bbox 728 1358 795 1385; x_wconf 84' lang='lat' dir='ltr'><strong>qua-</strong></span> 
     </span>
    </p>
   </div>
   <div class='ocr_carea' id='block_1_27' title="bbox 45 1392 795 1430">
    <p class='ocr_par' dir='ltr' id='par_1_27' title="bbox 45 1392 795 1430">
     <span class='ocr_line' id='line_1_27' title="bbox 45 1392 795 1430; baseline 0.008 -14"><span class='ocrx_word' id='word_1_160' title='bbox 45 1394 92 1417; x_wconf 87' lang='lat' dir='ltr'><strong>tuor</strong></span> <span class='ocrx_word' id='word_1_161' title='bbox 111 1392 282 1421; x_wconf 80' lang='lat' dir='ltr'><strong>voluminibus</strong></span> <span class='ocrx_word' id='word_1_162' title='bbox 304 1399 445 1425; x_wconf 85' lang='lat' dir='ltr'><strong>constans,</strong></span> <span class='ocrx_word' id='word_1_163' title='bbox 464 1395 601 1430; x_wconf 66' lang='lat' dir='ltr'><strong>praeﬁxum</strong></span> <span class='ocrx_word' id='word_1_164' title='bbox 621 1395 700 1422; x_wconf 84' lang='lat' dir='ltr'><strong>habet</strong></span> <span class='ocrx_word' id='word_1_165' title='bbox 725 1395 795 1422; x_wconf 89' lang='lat' dir='ltr'><strong>indi-</strong></span> 
     </span>
    </p>
   </div>
   <div class='ocr_carea' id='block_1_28' title="bbox 44 1438 795 1475">
    <p class='ocr_par' dir='ltr' id='par_1_28' title="bbox 44 1438 795 1475">
     <span class='ocr_line' id='line_1_28' title="bbox 44 1438 795 1475; baseline 0.007 -12"><span class='ocrx_word' id='word_1_166' title='bbox 44 1438 115 1464; x_wconf 78' lang='lat' dir='ltr'><strong>culum</strong></span> <span class='ocrx_word' id='word_1_167' title='bbox 129 1439 250 1466; x_wconf 89' lang='lat' dir='ltr'><strong>librorum</strong></span> <span class='ocrx_word' id='word_1_168' title='bbox 267 1441 413 1475; x_wconf 84' lang='lat' dir='ltr'><strong>utriusque</strong></span> <span class='ocrx_word' id='word_1_169' title='bbox 433 1440 564 1471; x_wconf 69' lang='lat' dir='ltr'><strong>Ftedcris,</strong></span> <span class='ocrx_word' id='word_1_170' title='bbox 581 1441 615 1468; x_wconf 83' lang='lat' dir='ltr'><strong>ab</strong></span> <span class='ocrx_word' id='word_1_171' title='bbox 626 1441 746 1475; x_wconf 89' lang='lat' dir='ltr'><strong>ejusdem</strong></span> <span class='ocrx_word' id='word_1_172' title='bbox 763 1441 795 1468; x_wconf 87' lang='lat' dir='ltr'><strong>li-</strong></span> 
     </span>
    </p>
   </div>
   <div class='ocr_carea' id='block_1_29' title="bbox 43 1481 792 1515">
    <p class='ocr_par' dir='ltr' id='par_1_29' title="bbox 43 1481 792 1515">
     <span class='ocr_line' id='line_1_29' title="bbox 43 1481 792 1515; baseline 0.009 -7"><span class='ocrx_word' id='word_1_173' title='bbox 43 1481 107 1510; x_wconf 87' lang='lat' dir='ltr'><strong>brarii</strong></span> <span class='ocrx_word' id='word_1_174' title='bbox 129 1492 203 1511; x_wconf 87' lang='lat' dir='ltr'><strong>manu</strong></span> <span class='ocrx_word' id='word_1_175' title='bbox 221 1486 426 1514; x_wconf 86' lang='lat' dir='ltr'><strong>characteribus</strong></span> <span class='ocrx_word' id='word_1_176' title='bbox 454 1486 609 1513; x_wconf 89' lang='lat' dir='ltr'><strong>uucialibus</strong></span> <span class='ocrx_word' id='word_1_177' title='bbox 635 1491 792 1515; x_wconf 84' lang='lat' dir='ltr'><strong>exaratum:</strong></span> 
     </span>
    </p>
   </div>
   <div class='ocr_carea' id='block_1_30' title="bbox 42 1530 793 1567">
    <p class='ocr_par' dir='ltr' id='par_1_30' title="bbox 42 1530 793 1567">
     <span class='ocr_line' id='line_1_30' title="bbox 42 1530 793 1567; baseline 0.007 -13"><span class='ocrx_word' id='word_1_178' title='bbox 42 1535 104 1562; x_wconf 83' lang='lat' dir='ltr'><strong>quem</strong></span> <span class='ocrx_word' id='word_1_179' title='bbox 117 1530 239 1565; x_wconf 80' lang='lat' dir='ltr'><strong>integrum</strong></span> <span class='ocrx_word' id='word_1_180' title='bbox 251 1531 364 1558; x_wconf 79' lang='lat' dir='ltr'><strong>exhibet</strong></span> <span class='ocrx_word' id='word_1_181' title='bbox 379 1531 540 1566; x_wconf 81' lang='lat' dir='ltr'><strong>Beveregius</strong></span> <span class='ocrx_word' id='word_1_182' title='bbox 555 1532 622 1567; x_wconf 72' lang='grc'><strong>(14),</strong></span> <span class='ocrx_word' id='word_1_183' title='bbox 637 1537 663 1559; x_wconf 92' lang='lat' dir='ltr'><strong>et</strong></span> <span class='ocrx_word' id='word_1_184' title='bbox 684 1533 793 1567; x_wconf 87' lang='lat' dir='ltr'><strong>quidem</strong></span> 
     </span>
    </p>
   </div>
   <div class='ocr_carea' id='block_1_31' title="bbox 43 1576 830 1622">
    <p class='ocr_par' dir='ltr' id='par_1_31' title="bbox 43 1576 830 1622">
     <span class='ocr_line' id='line_1_31' title="bbox 43 1576 830 1622; baseline 0.009 -22"><span class='ocrx_word' id='word_1_185' title='bbox 43 1582 126 1601; x_wconf 80' lang='lat' dir='ltr'><strong>summa</strong></span> <span class='ocrx_word' id='word_1_186' title='bbox 140 1576 186 1604; x_wconf 86' lang='lat' dir='ltr'><strong>ﬁde</strong></span> <span class='ocrx_word' id='word_1_187' title='bbox 196 1577 374 1612; x_wconf 86' lang='lat' dir='ltr'><strong>descriptum,</strong></span> <span class='ocrx_word' id='word_1_188' title='bbox 390 1578 458 1606; x_wconf 88' lang='lat' dir='ltr'><strong>adeo</strong></span> <span class='ocrx_word' id='word_1_189' title='bbox 469 1583 497 1605; x_wconf 92' lang='lat' dir='ltr'><strong>ut</strong></span> <span class='ocrx_word' id='word_1_190' title='bbox 507 1586 541 1605; x_wconf 91' lang='lat' dir='ltr'><strong>ne</strong></span> <span class='ocrx_word' id='word_1_191' title='bbox 556 1579 670 1607; x_wconf 82' lang='lat' dir='ltr'><strong>lacunas</strong></span> <span class='ocrx_word' id='word_1_192' title='bbox 684 1579 791 1614; x_wconf 88' lang='lat' dir='ltr'><strong>quidem</strong></span> <span class='ocrx_word' id='word_1_193' title='bbox 807 1592 830 1622; x_wconf 68' lang='grc' dir='ltr'>ε</span> 
     </span>
    </p>
   </div>
   <div class='ocr_carea' id='block_1_32' title="bbox 43 1621 793 1658">
    <p class='ocr_par' dir='ltr' id='par_1_32' title="bbox 43 1621 793 1658">
     <span class='ocr_line' id='line_1_32' title="bbox 43 1621 793 1658; baseline 0.007 -12"><span class='ocrx_word' id='word_1_194' title='bbox 43 1621 190 1654; x_wconf 79' lang='lat' dir='ltr'><strong>suppleverit,</strong></span> <span class='ocrx_word' id='word_1_195' title='bbox 205 1622 251 1650; x_wconf 91' lang='lat' dir='ltr'><strong>scd</strong></span> <span class='ocrx_word' id='word_1_196' title='bbox 267 1623 315 1650; x_wconf 92' lang='lat' dir='ltr'><strong>ubi</strong></span> <span class='ocrx_word' id='word_1_197' title='bbox 340 1623 435 1650; x_wconf 70' lang='lat' dir='ltr'><strong>littera:</strong></span> <span class='ocrx_word' id='word_1_198' title='bbox 446 1623 548 1658; x_wconf 69' lang='lat' dir='ltr'><strong>quaxvis</strong></span> <span class='ocrx_word' id='word_1_199' title='bbox 569 1628 647 1650; x_wconf 85' lang='lat' dir='ltr'><strong>erant</strong></span> <span class='ocrx_word' id='word_1_200' title='bbox 661 1629 793 1653; x_wconf 84' lang='lat' dir='ltr'><strong>vetustate</strong></span> 
     </span>
    </p>
   </div>
   <div class='ocr_carea' id='block_1_33' title="bbox 43 1665 790 1705">
    <p class='ocr_par' dir='ltr' id='par_1_33' title="bbox 43 1665 790 1705">
     <span class='ocr_line' id='line_1_33' title="bbox 43 1665 790 1705; baseline 0.011 -15"><span class='ocrx_word' id='word_1_201' title='bbox 43 1665 134 1699; x_wconf 63' lang='grc' dir='ltr'><strong>δικ-ειεξιτ,</strong></span> <span class='ocrx_word' id='word_1_202' title='bbox 149 1667 182 1694; x_wconf 87' lang='lat' dir='ltr'><strong>ibi</strong></span> <span class='ocrx_word' id='word_1_203' title='bbox 198 1668 346 1696; x_wconf 89' lang='lat' dir='ltr'><strong>interstitia</strong></span> <span class='ocrx_word' id='word_1_204' title='bbox 361 1672 487 1696; x_wconf 84' lang='lat' dir='ltr'><strong>accurate</strong></span> <span class='ocrx_word' id='word_1_205' title='bbox 499 1669 622 1696; x_wconf 90' lang='lat' dir='ltr'><strong>dimensa</strong></span> <span class='ocrx_word' id='word_1_206' title='bbox 635 1669 790 1705; x_wconf 85' lang='lat' dir='ltr'><strong>reliquerit:</strong></span> 
     </span>
    </p>
   </div>
   <div class='ocr_carea' id='block_1_34' title="bbox 42 1710 793 1749">
    <p class='ocr_par' dir='ltr' id='par_1_34' title="bbox 42 1710 793 1749">
     <span class='ocr_line' id='line_1_34' title="bbox 42 1710 793 1749; baseline 0.011 -14"><span class='ocrx_word' id='word_1_207' title='bbox 42 1710 97 1742; x_wconf 89' lang='lat' dir='ltr'><strong>quod</strong></span> <span class='ocrx_word' id='word_1_208' title='bbox 121 1711 206 1738; x_wconf 91' lang='lat' dir='ltr'><strong>itidem</strong></span> <span class='ocrx_word' id='word_1_209' title='bbox 240 1712 369 1746; x_wconf 64' lang='lat' dir='ltr'><strong>praestitit</strong></span> <span class='ocrx_word' id='word_1_210' title='bbox 396 1720 429 1739; x_wconf 81' lang='lat' dir='ltr'><strong>ex</strong></span> <span class='ocrx_word' id='word_1_211' title='bbox 453 1712 599 1749; x_wconf 78' lang='lat' dir='ltr'><strong>Beveregio</strong></span> <span class='ocrx_word' id='word_1_212' title='bbox 629 1713 793 1743; x_wconf 85' lang='lat' dir='ltr'><strong>lIumfredus</strong></span> 
     </span>
    </p>
   </div>
   <div class='ocr_carea' id='block_1_35' title="bbox 43 1752 790 1796">
    <p class='ocr_par' dir='ltr' id='par_1_35' title="bbox 43 1752 790 1796">
     <span class='ocr_line' id='line_1_35' title="bbox 43 1752 790 1796; baseline 0.009 -16"><span class='ocrx_word' id='word_1_213' title='bbox 43 1752 124 1783; x_wconf 86' lang='lat' dir='ltr'><strong>ilodius</strong></span> <span class='ocrx_word' id='word_1_214' title='bbox 137 1756 204 1791; x_wconf 69' lang='lat'><strong>(15);</strong></span> <span class='ocrx_word' id='word_1_215' title='bbox 229 1761 255 1784; x_wconf 89' lang='lat' dir='ltr'><strong>et</strong></span> <span class='ocrx_word' id='word_1_216' title='bbox 281 1757 422 1792; x_wconf 85' lang='lat' dir='ltr'><strong>deinceps,</strong></span> <span class='ocrx_word' id='word_1_217' title='bbox 449 1761 476 1784; x_wconf 86' lang='lat' dir='ltr'><strong>at</strong></span> <span class='ocrx_word' id='word_1_218' title='bbox 498 1766 552 1785; x_wconf 89' lang='lat' dir='ltr'><strong>non</strong></span> <span class='ocrx_word' id='word_1_219' title='bbox 569 1759 626 1793; x_wconf 87' lang='lat' dir='ltr'><strong>pari</strong></span> <span class='ocrx_word' id='word_1_220' title='bbox 651 1760 790 1796; x_wconf 79' lang='lat' dir='ltr'><strong>religione,</strong></span> 
     </span>
    </p>
   </div>
   <div class='ocr_carea' id='block_1_36' title="bbox 42 1797 792 1839">
    <p class='ocr_par' dir='ltr' id='par_1_36' title="bbox 42 1797 792 1839">
     <span class='ocr_line' id='line_1_36' title="bbox 42 1797 792 1839; baseline 0.011 -13"><span class='ocrx_word' id='word_1_221' title='bbox 42 1797 138 1828; x_wconf 80' lang='lat' dir='ltr'><strong>Joannes</strong></span> <span class='ocrx_word' id='word_1_222' title='bbox 155 1801 281 1829; x_wconf 85' lang='lat' dir='ltr'><strong>Eruestus</strong></span> <span class='ocrx_word' id='word_1_223' title='bbox 293 1801 412 1830; x_wconf 87' lang='lat' dir='ltr'><strong>Grabius</strong></span> <span class='ocrx_word' id='word_1_224' title='bbox 429 1802 495 1839; x_wconf 82' lang='grc'>(16).</span> <span class='ocrx_word' id='word_1_225' title='bbox 513 1802 541 1829; x_wconf 92' lang='lat' dir='ltr'><strong>In</strong></span> <span class='ocrx_word' id='word_1_226' title='bbox 556 1803 607 1830; x_wconf 90' lang='lat' dir='ltr'><strong>hoc</strong></span> <span class='ocrx_word' id='word_1_227' title='bbox 623 1803 706 1838; x_wconf 73' lang='lat' dir='ltr'><strong>igitur</strong></span> <span class='ocrx_word' id='word_1_228' title='bbox 722 1806 792 1834; x_wconf 91' lang='lat' dir='ltr'><strong>indi—</strong></span> 
     </span>
    </p>
   </div>
   <div class='ocr_carea' id='block_1_37' title="bbox 42 1845 787 1884">
    <p class='ocr_par' dir='ltr' id='par_1_37' title="bbox 42 1845 787 1884">
     <span class='ocr_line' id='line_1_37' title="bbox 42 1845 787 1884; baseline 0.013 -14"><span class='ocrx_word' id='word_1_229' title='bbox 42 1845 90 1872; x_wconf 82' lang='lat' dir='ltr'><strong>eulo</strong></span> <span class='ocrx_word' id='word_1_230' title='bbox 102 1846 146 1873; x_wconf 90' lang='lat' dir='ltr'><strong>sub</strong></span> <span class='ocrx_word' id='word_1_231' title='bbox 159 1847 246 1878; x_wconf 86' lang='lat' dir='ltr'><strong>linem,</strong></span> <span class='ocrx_word' id='word_1_232' title='bbox 261 1848 361 1876; x_wconf 83' lang='lat' dir='ltr'><strong>litteris</strong></span> <span class='ocrx_word' id='word_1_233' title='bbox 375 1848 565 1883; x_wconf 77' lang='lat' dir='ltr'><strong>grandioribus</strong></span> <span class='ocrx_word' id='word_1_234' title='bbox 580 1849 682 1884; x_wconf 87' lang='lat' dir='ltr'><strong>absque</strong></span> <span class='ocrx_word' id='word_1_235' title='bbox 696 1858 787 1879; x_wconf 84' lang='lat' dir='ltr'><strong>accen-</strong></span> 
     </span>
    </p>
   </div>
   <div class='ocr_carea' id='block_1_38' title="bbox 42 1891 681 1929">
    <p class='ocr_par' dir='ltr' id='par_1_38' title="bbox 42 1891 681 1929">
     <span class='ocr_line' id='line_1_38' title="bbox 42 1891 681 1929; baseline 0.009 -12"><span class='ocrx_word' id='word_1_236' title='bbox 42 1891 98 1919; x_wconf 88' lang='lat' dir='ltr'><strong>tibus</strong></span> <span class='ocrx_word' id='word_1_237' title='bbox 111 1898 134 1919; x_wconf 90' lang='lat' dir='ltr'><strong>et</strong></span> <span class='ocrx_word' id='word_1_238' title='bbox 147 1894 283 1928; x_wconf 88' lang='lat' dir='ltr'><strong>spiritibus</strong></span> <span class='ocrx_word' id='word_1_239' title='bbox 298 1894 400 1929; x_wconf 87' lang='lat' dir='ltr'><strong>quibus</strong></span> <span class='ocrx_word' id='word_1_240' title='bbox 411 1900 494 1926; x_wconf 84' lang='lat' dir='ltr'><strong>caret,</strong></span> <span class='ocrx_word' id='word_1_241' title='bbox 510 1895 550 1922; x_wconf 91' lang='lat' dir='ltr'><strong>sic</strong></span> <span class='ocrx_word' id='word_1_242' title='bbox 564 1895 661 1929; x_wconf 77' lang='lat' dir='ltr'><strong>legitur</strong></span> <span class='ocrx_word' id='word_1_243' title='bbox 675 1906 681 1923; x_wconf 83' lang='lat'>:</span> 
     </span>
    </p>
   </div>
   <div class='ocr_carea' id='block_1_39' title="bbox 124 1933 638 1968">
    <p class='ocr_par' dir='ltr' id='par_1_39' title="bbox 124 1933 638 1968">
     <span class='ocr_line' id='line_1_39' title="bbox 124 1933 638 1968; baseline 0.006 -3"><span class='ocrx_word' id='word_1_244' title='bbox 124 1939 333 1966; x_wconf 58' lang='lat' dir='ltr'><strong>sanusne:</strong></span> <span class='ocrx_word' id='word_1_245' title='bbox 360 1940 390 1966; x_wconf 85' lang='lat' dir='ltr'><strong>E.</strong></span> <span class='ocrx_word' id='word_1_246' title='bbox 408 1960 415 1966; x_wconf 92' lang='lat'><strong>.</strong></span> <span class='ocrx_word' id='word_1_247' title='bbox 434 1961 440 1966; x_wconf 94' lang='lat'>.</span> <span class='ocrx_word' id='word_1_248' title='bbox 459 1959 466 1966; x_wconf 90' lang='lat'><em>.</em></span> <span class='ocrx_word' id='word_1_249' title='bbox 483 1960 489 1966; x_wconf 87' lang='lat'><strong>.</strong></span> <span class='ocrx_word' id='word_1_250' title='bbox 507 1960 514 1966; x_wconf 89' lang='lat'><em>.</em></span> <span class='ocrx_word' id='word_1_251' title='bbox 532 1961 539 1967; x_wconf 90' lang='lat'><strong>.</strong></span> <span class='ocrx_word' id='word_1_252' title='bbox 555 1941 602 1967; x_wconf 82' lang='grc' dir='ltr'><strong>ΛΗ</strong></span> <span class='ocrx_word' id='word_1_253' title='bbox 616 1933 638 1968; x_wconf 68' lang='grc' dir='ltr'>Χ</span> 
     </span>
    </p>
   </div>
   <div class='ocr_carea' id='block_1_40' title="bbox 139 1980 638 2014">
    <p class='ocr_par' dir='ltr' id='par_1_40' title="bbox 139 1980 638 2014">
     <span class='ocr_line' id='line_1_40' title="bbox 139 1980 638 2014; baseline 0.004 -2"><span class='ocrx_word' id='word_1_254' title='bbox 139 1986 333 2013; x_wconf 73' lang='lat' dir='ltr'><strong>.....ENTox</strong></span> <span class='ocrx_word' id='word_1_255' title='bbox 362 1986 392 2012; x_wconf 86' lang='lat' dir='ltr'><strong>E.</strong></span> <span class='ocrx_word' id='word_1_256' title='bbox 411 2006 417 2013; x_wconf 95' lang='lat'><em>.</em></span> <span class='ocrx_word' id='word_1_257' title='bbox 435 2006 442 2012; x_wconf 93' lang='lat'><em>.</em></span> <span class='ocrx_word' id='word_1_258' title='bbox 459 2006 466 2012; x_wconf 94' lang='lat'><em>.</em></span> <span class='ocrx_word' id='word_1_259' title='bbox 483 2006 490 2013; x_wconf 95' lang='lat'><em>.</em></span> <span class='ocrx_word' id='word_1_260' title='bbox 507 2006 514 2012; x_wconf 90' lang='lat'><strong>.</strong></span> <span class='ocrx_word' id='word_1_261' title='bbox 533 2007 539 2013; x_wconf 92' lang='lat'>.</span> <span class='ocrx_word' id='word_1_262' title='bbox 555 1980 638 2014; x_wconf 60' lang='lat' dir='ltr'><strong>AH‘B</strong></span> 
     </span>
    </p>
   </div>
   <div class='ocr_carea' id='block_1_41' title="bbox 67 2028 793 2066">
    <p class='ocr_par' dir='ltr' id='par_1_41' title="bbox 67 2028 793 2066">
     <span class='ocr_line' id='line_1_41' title="bbox 67 2028 793 2066; baseline 0.008 -9"><span class='ocrx_word' id='word_1_263' title='bbox 67 2028 127 2061; x_wconf 83' lang='lat' dir='ltr'><strong>Quas</strong></span> <span class='ocrx_word' id='word_1_264' title='bbox 139 2036 223 2058; x_wconf 87' lang='lat' dir='ltr'><strong>autem</strong></span> <span class='ocrx_word' id='word_1_265' title='bbox 240 2039 296 2066; x_wconf 74' lang='lat' dir='ltr'><strong>pra&#39;:</strong></span> <span class='ocrx_word' id='word_1_266' title='bbox 310 2039 341 2059; x_wconf 88' lang='lat' dir='ltr'><strong>se</strong></span> <span class='ocrx_word' id='word_1_267' title='bbox 369 2032 420 2059; x_wconf 91' lang='lat' dir='ltr'><strong>fert</strong></span> <span class='ocrx_word' id='word_1_268' title='bbox 443 2031 488 2059; x_wconf 91' lang='lat' dir='ltr'><strong>hic</strong></span> <span class='ocrx_word' id='word_1_269' title='bbox 503 2033 640 2061; x_wconf 87' lang='lat' dir='ltr'><strong>indiculus</strong></span> <span class='ocrx_word' id='word_1_270' title='bbox 653 2034 722 2062; x_wconf 91' lang='lat' dir='ltr'><strong>duas</strong></span> <span class='ocrx_word' id='word_1_271' title='bbox 733 2035 793 2063; x_wconf 84' lang='lat' dir='ltr'><strong>Cle—</strong></span> 
     </span>
    </p>
   </div>
   <div class='ocr_carea' id='block_1_42' title="bbox 40 2075 793 2114">
    <p class='ocr_par' dir='ltr' id='par_1_42' title="bbox 40 2075 793 2114">
     <span class='ocr_line' id='line_1_42' title="bbox 40 2075 793 2114; baseline 0.009 -14"><span class='ocrx_word' id='word_1_272' title='bbox 40 2076 118 2102; x_wconf 81' lang='lat' dir='ltr'><strong>mentis</strong></span> <span class='ocrx_word' id='word_1_273' title='bbox 132 2075 275 2111; x_wconf 83' lang='lat' dir='ltr'><strong>Epistolas,</strong></span> <span class='ocrx_word' id='word_1_274' title='bbox 289 2084 339 2104; x_wconf 88' lang='lat' dir='ltr'><strong>eas</strong></span> <span class='ocrx_word' id='word_1_275' title='bbox 355 2076 464 2104; x_wconf 78' lang='lat' dir='ltr'><strong>exhibet</strong></span> <span class='ocrx_word' id='word_1_276' title='bbox 490 2077 524 2104; x_wconf 89' lang='lat' dir='ltr'><strong>ad</strong></span> <span class='ocrx_word' id='word_1_277' title='bbox 541 2079 644 2107; x_wconf 85' lang='lat' dir='ltr'><strong>calcem</strong></span> <span class='ocrx_word' id='word_1_278' title='bbox 669 2080 793 2114; x_wconf 89' lang='lat' dir='ltr'><strong>ejusdem</strong></span> 
     </span>
    </p>
   </div>
   <div class='ocr_carea' id='block_1_43' title="bbox 40 2121 793 2160">
    <p class='ocr_par' dir='ltr' id='par_1_43' title="bbox 40 2121 793 2160">
     <span class='ocr_line' id='line_1_43' title="bbox 40 2121 793 2160; baseline 0.009 -14"><span class='ocrx_word' id='word_1_279' title='bbox 40 2127 80 2147; x_wconf 89' lang='lat' dir='ltr'><strong>ms.</strong></span> <span class='ocrx_word' id='word_1_280' title='bbox 92 2121 182 2149; x_wconf 84' lang='lat' dir='ltr'><strong>codicis</strong></span> <span class='ocrx_word' id='word_1_281' title='bbox 193 2123 319 2150; x_wconf 86' lang='lat' dir='ltr'><strong>volumen</strong></span> <span class='ocrx_word' id='word_1_282' title='bbox 337 2127 479 2158; x_wconf 89' lang='lat' dir='ltr'><strong>quartum:</strong></span> <span class='ocrx_word' id='word_1_283' title='bbox 493 2124 613 2158; x_wconf 86' lang='lat' dir='ltr'><strong>priorem</strong></span> <span class='ocrx_word' id='word_1_284' title='bbox 633 2125 741 2160; x_wconf 92' lang='lat' dir='ltr'><strong>quidem</strong></span> <span class='ocrx_word' id='word_1_285' title='bbox 753 2126 793 2153; x_wconf 88' lang='lat' dir='ltr'><strong>sic</strong></span> 
     </span>
    </p>
   </div>
   <div class='ocr_carea' id='block_1_44' title="bbox 39 2164 794 2202">
    <p class='ocr_par' dir='ltr' id='par_1_44' title="bbox 39 2164 794 2202">
     <span class='ocr_line' id='line_1_44' title="bbox 39 2164 794 2202; baseline 0.011 -11"><span class='ocrx_word' id='word_1_286' title='bbox 39 2164 191 2202; x_wconf 82' lang='lat' dir='ltr'><strong>inscriptam,</strong></span> <span class='ocrx_word' id='word_1_287' title='bbox 223 2169 440 2196; x_wconf 76' lang='grc' dir='ltr'><strong>ΚΛΗΜΕΝΤΟΣ</strong></span> <span class='ocrx_word' id='word_1_288' title='bbox 466 2169 555 2196; x_wconf 88' lang='grc' dir='ltr'><strong>ΠΡΟΣ</strong></span> <span class='ocrx_word' id='word_1_289' title='bbox 588 2171 794 2199; x_wconf 81' lang='grc' dir='ltr'><strong>ΚΟΡΙΝΘΙΟΥΣ</strong></span> 
     </span>
    </p>
   </div>
   <div class='ocr_carea' id='block_1_45' title="bbox 39 2210 793 2249">
    <p class='ocr_par' dir='ltr' id='par_1_45' title="bbox 39 2210 793 2249">
     <span class='ocr_line' id='line_1_45' title="bbox 39 2210 793 2249; baseline 0.011 -13"><span class='ocrx_word' id='word_1_290' title='bbox 39 2210 183 2240; x_wconf 82' lang='grc' dir='ltr'><strong>ΕΠΙΣΤΟΛΠ</strong></span> <span class='ocrx_word' id='word_1_291' title='bbox 204 2215 244 2246; x_wconf 82' lang='lat' dir='ltr'><strong>A;</strong></span> <span class='ocrx_word' id='word_1_292' title='bbox 274 2214 454 2249; x_wconf 87' lang='lat' dir='ltr'><strong>posteriorem</strong></span> <span class='ocrx_word' id='word_1_293' title='bbox 468 2222 533 2242; x_wconf 89' lang='lat' dir='ltr'><strong>vero</strong></span> <span class='ocrx_word' id='word_1_294' title='bbox 556 2217 606 2248; x_wconf 89' lang='lat' dir='ltr'><strong>sic,</strong></span> <span class='ocrx_word' id='word_1_295' title='bbox 631 2218 793 2244; x_wconf 82' lang='grc' dir='ltr'><strong>ΚΛΗΜΕΝ-</strong></span> 
     </span>
    </p>
   </div>
   <div class='ocr_carea' id='block_1_46' title="bbox 647 194 1021 225">
    <p class='ocr_par' dir='ltr' id='par_1_46' title="bbox 647 194 1021 225">
     <span class='ocr_line' id='line_1_46' title="bbox 647 194 1021 225; baseline 0.005 -2"><span class='ocrx_word' id='word_1_296' title='bbox 647 194 820 225; x_wconf 62' lang='grc' dir='ltr'>ΡηοωιιιΑ</span> <span class='ocrx_word' id='word_1_297' title='bbox 840 195 1021 225; x_wconf 65' lang='grc' dir='ltr'>νΑιιιοιιυιι</span> 
     </span>
    </p>
   </div>
   <div class='ocr_carea' id='block_1_47' title="bbox 1599 201 1631 228">
    <p class='ocr_par' dir='ltr' id='par_1_47' title="bbox 1599 201 1631 228">
     <span class='ocr_line' id='line_1_47' title="bbox 1599 201 1631 228; baseline 0 0"><span class='ocrx_word' id='word_1_298' title='bbox 1599 201 1631 228; x_wconf 80' lang='grc'><strong>91</strong></span> 
     </span>
    </p>
   </div>
   <div class='ocr_carea' id='block_1_48' title="bbox 846 255 1617 290">
    <p class='ocr_par' dir='ltr' id='par_1_48' title="bbox 846 255 1617 290">
     <span class='ocr_line' id='line_1_48' title="bbox 846 255 1617 290; baseline 0.008 -9"><span class='ocrx_word' id='word_1_299' title='bbox 846 262 927 290; x_wconf 91' lang='lat' dir='ltr'><strong>porro</strong></span> <span class='ocrx_word' id='word_1_300' title='bbox 943 263 977 282; x_wconf 90' lang='lat' dir='ltr'><strong>ne</strong></span> <span class='ocrx_word' id='word_1_301' title='bbox 1001 255 1075 282; x_wconf 85' lang='lat' dir='ltr'><strong>illam</strong></span> <span class='ocrx_word' id='word_1_302' title='bbox 1098 255 1207 290; x_wconf 88' lang='lat' dir='ltr'><strong>quidem</strong></span> <span class='ocrx_word' id='word_1_303' title='bbox 1223 255 1432 284; x_wconf 88' lang='lat' dir='ltr'><strong>Corinthiorum</strong></span> <span class='ocrx_word' id='word_1_304' title='bbox 1457 258 1569 286; x_wconf 90' lang='lat' dir='ltr'><strong>nomine</strong></span> <span class='ocrx_word' id='word_1_305' title='bbox 1594 259 1617 287; x_wconf 85' lang='lat' dir='ltr'><strong>si</strong></span> 
     </span>
    </p>
   </div>
   <div class='ocr_carea' id='block_1_49' title="bbox 850 299 1599 338">
    <p class='ocr_par' dir='ltr' id='par_1_49' title="bbox 850 299 1599 338">
     <span class='ocr_line' id='line_1_49' title="bbox 850 299 1599 338; baseline 0.005 -12"><span class='ocrx_word' id='word_1_306' title='bbox 850 304 958 335; x_wconf 74' lang='lat' dir='ltr'><strong>gnatam</strong></span> <span class='ocrx_word' id='word_1_307' title='bbox 973 307 1004 326; x_wconf 79' lang='lat' dir='ltr'><strong>ex</strong></span> <span class='ocrx_word' id='word_1_308' title='bbox 1020 299 1141 334; x_wconf 81' lang='lat' dir='ltr'><strong>ejusdem</strong></span> <span class='ocrx_word' id='word_1_309' title='bbox 1158 300 1271 327; x_wconf 88' lang='lat' dir='ltr'><strong>indiculi</strong></span> <span class='ocrx_word' id='word_1_310' title='bbox 1287 301 1395 328; x_wconf 90' lang='lat' dir='ltr'><strong>silentio</strong></span> <span class='ocrx_word' id='word_1_311' title='bbox 1411 301 1473 336; x_wconf 86' lang='lat' dir='ltr'><strong>jure</strong></span> <span class='ocrx_word' id='word_1_312' title='bbox 1487 304 1599 338; x_wconf 73' lang='lat' dir='ltr'><strong>arguat?</strong></span> 
     </span>
    </p>
   </div>
   <div class='ocr_carea' id='block_1_50' title="bbox 883 344 1632 383">
    <p class='ocr_par' dir='ltr' id='par_1_50' title="bbox 883 344 1632 383">
     <span class='ocr_line' id='line_1_50' title="bbox 883 344 1632 383; baseline 0.007 -12"><span class='ocrx_word' id='word_1_313' title='bbox 883 344 976 380; x_wconf 86' lang='lat' dir='ltr'><strong>Neque</strong></span> <span class='ocrx_word' id='word_1_314' title='bbox 990 345 1052 372; x_wconf 90' lang='lat' dir='ltr'><strong>item</strong></span> <span class='ocrx_word' id='word_1_315' title='bbox 1069 345 1207 373; x_wconf 88' lang='lat' dir='ltr'><strong>silentium</strong></span> <span class='ocrx_word' id='word_1_316' title='bbox 1226 353 1277 373; x_wconf 89' lang='lat' dir='ltr'><strong>nos</strong></span> <span class='ocrx_word' id='word_1_317' title='bbox 1287 352 1395 374; x_wconf 83' lang='lat' dir='ltr'><strong>moveat</strong></span> <span class='ocrx_word' id='word_1_318' title='bbox 1412 347 1534 380; x_wconf 81' lang='lat' dir='ltr'><strong>Eusebii,</strong></span> <span class='ocrx_word' id='word_1_319' title='bbox 1547 353 1574 376; x_wconf 89' lang='lat' dir='ltr'><strong>ct</strong></span> <span class='ocrx_word' id='word_1_320' title='bbox 1586 357 1632 383; x_wconf 86' lang='lat' dir='ltr'><strong>qm</strong></span> 
     </span>
    </p>
   </div>
   <div class='ocr_carea' id='block_1_51' title="bbox 848 389 1632 428">
    <p class='ocr_par' dir='ltr' id='par_1_51' title="bbox 848 389 1632 428">
     <span class='ocr_line' id='line_1_51' title="bbox 848 389 1632 428; baseline 0.006 -13"><span class='ocrx_word' id='word_1_321' title='bbox 848 396 909 416; x_wconf 89' lang='lat' dir='ltr'><strong>eum</strong></span> <span class='ocrx_word' id='word_1_322' title='bbox 926 389 1012 416; x_wconf 74' lang='lat' dir='ltr'><strong>seruti</strong></span> <span class='ocrx_word' id='word_1_323' title='bbox 1025 393 1098 421; x_wconf 86' lang='lat' dir='ltr'><strong>sunt,</strong></span> <span class='ocrx_word' id='word_1_324' title='bbox 1113 389 1270 426; x_wconf 79' lang='lat' dir='ltr'><strong>Hieronymi</strong></span> <span class='ocrx_word' id='word_1_325' title='bbox 1287 395 1368 425; x_wconf 87' lang='lat' dir='ltr'><strong>atque</strong></span> <span class='ocrx_word' id='word_1_326' title='bbox 1380 391 1489 426; x_wconf 81' lang='lat' dir='ltr'><strong>Ruﬁni;</strong></span> <span class='ocrx_word' id='word_1_327' title='bbox 1505 393 1550 428; x_wconf 90' lang='lat' dir='ltr'><strong>qui</strong></span> <span class='ocrx_word' id='word_1_328' title='bbox 1567 393 1632 420; x_wconf 86' lang='lat' dir='ltr'><strong>dum</strong></span> 
     </span>
    </p>
   </div>
   <div class='ocr_carea' id='block_1_52' title="bbox 849 433 1628 468">
    <p class='ocr_par' dir='ltr' id='par_1_52' title="bbox 849 433 1628 468">
     <span class='ocr_line' id='line_1_52' title="bbox 849 433 1628 468; baseline 0.006 -8"><span class='ocrx_word' id='word_1_329' title='bbox 849 433 976 468; x_wconf 74' lang='lat' dir='ltr'><strong>Epistola:</strong></span> <span class='ocrx_word' id='word_1_330' title='bbox 1002 434 1128 462; x_wconf 71' lang='lat' dir='ltr'><strong>secunda:</strong></span> <span class='ocrx_word' id='word_1_331' title='bbox 1153 436 1356 468; x_wconf 87' lang='lat' dir='ltr'><strong>meminerunt,</strong></span> <span class='ocrx_word' id='word_1_332' title='bbox 1380 436 1509 464; x_wconf 78' lang='lat' dir='ltr'><strong>Ecclesia:</strong></span> <span class='ocrx_word' id='word_1_333' title='bbox 1534 437 1628 465; x_wconf 92' lang='lat' dir='ltr'><strong>Corin-</strong></span> 
     </span>
    </p>
   </div>
   <div class='ocr_carea' id='block_1_53' title="bbox 847 479 1631 516">
    <p class='ocr_par' dir='ltr' id='par_1_53' title="bbox 847 479 1631 516">
     <span class='ocr_line' id='line_1_53' title="bbox 847 479 1631 516; baseline 0.008 -11"><span class='ocrx_word' id='word_1_334' title='bbox 847 479 945 506; x_wconf 76' lang='lat' dir='ltr'><strong>thiacae</strong></span> <span class='ocrx_word' id='word_1_335' title='bbox 960 479 1044 507; x_wconf 88' lang='lat' dir='ltr'><strong>fuisse</strong></span> <span class='ocrx_word' id='word_1_336' title='bbox 1059 480 1131 506; x_wconf 88' lang='lat' dir='ltr'><strong>illam</strong></span> <span class='ocrx_word' id='word_1_337' title='bbox 1146 481 1304 516; x_wconf 90' lang='lat' dir='ltr'><strong>inscriptam</strong></span> <span class='ocrx_word' id='word_1_338' title='bbox 1323 489 1378 508; x_wconf 89' lang='lat' dir='ltr'><strong>non</strong></span> <span class='ocrx_word' id='word_1_339' title='bbox 1394 483 1547 516; x_wconf 88' lang='lat' dir='ltr'><strong>perhibent.</strong></span> <span class='ocrx_word' id='word_1_340' title='bbox 1563 483 1631 511; x_wconf 88' lang='lat' dir='ltr'><strong>Cum</strong></span> 
     </span>
    </p>
   </div>
   <div class='ocr_carea' id='block_1_54' title="bbox 847 526 1634 561">
    <p class='ocr_par' dir='ltr' id='par_1_54' title="bbox 847 526 1634 561">
     <span class='ocr_line' id='line_1_54' title="bbox 847 526 1634 561; baseline 0.006 -9"><span class='ocrx_word' id='word_1_341' title='bbox 847 526 919 553; x_wconf 93' lang='lat' dir='ltr'><strong>enim</strong></span> <span class='ocrx_word' id='word_1_342' title='bbox 945 526 1046 553; x_wconf 89' lang='lat' dir='ltr'><strong>laudati</strong></span> <span class='ocrx_word' id='word_1_343' title='bbox 1063 527 1222 561; x_wconf 86' lang='lat' dir='ltr'><strong>scriptores,</strong></span> <span class='ocrx_word' id='word_1_344' title='bbox 1241 531 1270 554; x_wconf 92' lang='lat' dir='ltr'><strong>ut</strong></span> <span class='ocrx_word' id='word_1_345' title='bbox 1285 532 1360 555; x_wconf 86' lang='lat' dir='ltr'><strong>recte</strong></span> <span class='ocrx_word' id='word_1_346' title='bbox 1385 528 1558 560; x_wconf 86' lang='lat' dir='ltr'><strong>Coutantius,</strong></span> <span class='ocrx_word' id='word_1_347' title='bbox 1575 536 1634 558; x_wconf 85' lang='lat' dir='ltr'><strong>me-</strong></span> 
     </span>
    </p>
   </div>
   <div class='ocr_carea' id='block_1_55' title="bbox 847 570 1631 608">
    <p class='ocr_par' dir='ltr' id='par_1_55' title="bbox 847 570 1631 608">
     <span class='ocr_line' id='line_1_55' title="bbox 847 570 1631 608; baseline 0.003 -10"><span class='ocrx_word' id='word_1_348' title='bbox 847 575 952 598; x_wconf 89' lang='lat' dir='ltr'><strong>morata</strong></span> <span class='ocrx_word' id='word_1_349' title='bbox 978 571 1069 605; x_wconf 90' lang='lat' dir='ltr'><strong>priore</strong></span> <span class='ocrx_word' id='word_1_350' title='bbox 1093 570 1240 599; x_wconf 90' lang='lat' dir='ltr'><strong>Clementis</strong></span> <span class='ocrx_word' id='word_1_351' title='bbox 1262 571 1296 598; x_wconf 79' lang='lat' dir='ltr'><strong>ad</strong></span> <span class='ocrx_word' id='word_1_352' title='bbox 1319 571 1471 600; x_wconf 75' lang='lat' dir='ltr'><strong>Corinthios</strong></span> <span class='ocrx_word' id='word_1_353' title='bbox 1497 574 1631 608; x_wconf 83' lang='lat' dir='ltr'><strong>Epistula,</strong></span> 
     </span>
    </p>
   </div>
   <div class='ocr_carea' id='block_1_56' title="bbox 847 615 1631 653">
    <p class='ocr_par' dir='ltr' id='par_1_56' title="bbox 847 615 1631 653">
     <span class='ocr_line' id='line_1_56' title="bbox 847 615 1631 653; baseline 0.004 -9"><span class='ocrx_word' id='word_1_354' title='bbox 847 616 938 644; x_wconf 87' lang='lat' dir='ltr'><strong>statim</strong></span> <span class='ocrx_word' id='word_1_355' title='bbox 955 617 1092 644; x_wconf 87' lang='lat' dir='ltr'><strong>subdant:</strong></span> <span class='ocrx_word' id='word_1_356' title='bbox 1116 615 1213 643; x_wconf 81' lang='lat' dir='ltr'><strong>Fertur</strong></span> <span class='ocrx_word' id='word_1_357' title='bbox 1240 622 1264 644; x_wconf 80' lang='lat' dir='ltr'><strong>et</strong></span> <span class='ocrx_word' id='word_1_358' title='bbox 1287 618 1382 650; x_wconf 80' lang='lat' dir='ltr'><strong>altera,</strong></span> <span class='ocrx_word' id='word_1_359' title='bbox 1398 627 1487 653; x_wconf 79' lang='lat' dir='ltr'><strong>neque</strong></span> <span class='ocrx_word' id='word_1_360' title='bbox 1506 619 1538 646; x_wconf 88' lang='lat' dir='ltr'><strong>ad</strong></span> <span class='ocrx_word' id='word_1_361' title='bbox 1561 619 1631 648; x_wconf 89' lang='lat' dir='ltr'><strong>alios</strong></span> 
     </span>
    </p>
   </div>
   <div class='ocr_carea' id='block_1_57' title="bbox 847 661 1631 700">
    <p class='ocr_par' dir='ltr' id='par_1_57' title="bbox 847 661 1631 700">
     <span class='ocr_line' id='line_1_57' title="bbox 847 661 1631 700; baseline 0.004 -12"><span class='ocrx_word' id='word_1_362' title='bbox 847 661 917 689; x_wconf 86' lang='lat' dir='ltr'><strong>hanc</strong></span> <span class='ocrx_word' id='word_1_363' title='bbox 932 662 1044 689; x_wconf 77' lang='lat' dir='ltr'><strong>alteram</strong></span> <span class='ocrx_word' id='word_1_364' title='bbox 1061 661 1190 697; x_wconf 88' lang='lat' dir='ltr'><strong>scriptam</strong></span> <span class='ocrx_word' id='word_1_365' title='bbox 1203 670 1263 690; x_wconf 86' lang='lat' dir='ltr'><strong>esse</strong></span> <span class='ocrx_word' id='word_1_366' title='bbox 1277 662 1437 699; x_wconf 75' lang='lat' dir='ltr'><strong>designent,</strong></span> <span class='ocrx_word' id='word_1_367' title='bbox 1453 672 1510 692; x_wconf 91' lang='lat' dir='ltr'><strong>eam</strong></span> <span class='ocrx_word' id='word_1_368' title='bbox 1522 673 1631 700; x_wconf 89' lang='lat' dir='ltr'><strong>quoque</strong></span> 
     </span>
    </p>
   </div>
   <div class='ocr_carea' id='block_1_58' title="bbox 847 707 1631 743">
    <p class='ocr_par' dir='ltr' id='par_1_58' title="bbox 847 707 1631 743">
     <span class='ocr_line' id='line_1_58' title="bbox 847 707 1631 743; baseline 0.004 -10"><span class='ocrx_word' id='word_1_369' title='bbox 847 707 879 734; x_wconf 87' lang='lat' dir='ltr'><strong>ad</strong></span> <span class='ocrx_word' id='word_1_370' title='bbox 896 707 1006 734; x_wconf 89' lang='lat' dir='ltr'><strong>eosdem</strong></span> <span class='ocrx_word' id='word_1_371' title='bbox 1022 707 1151 742; x_wconf 81' lang='lat' dir='ltr'><strong>scriptam</strong></span> <span class='ocrx_word' id='word_1_372' title='bbox 1176 707 1328 743; x_wconf 83' lang='lat' dir='ltr'><strong>intelligere</strong></span> <span class='ocrx_word' id='word_1_373' title='bbox 1352 710 1449 736; x_wconf 88' lang='lat' dir='ltr'><strong>merito</strong></span> <span class='ocrx_word' id='word_1_374' title='bbox 1470 710 1631 736; x_wconf 79' lang='lat' dir='ltr'><strong>existimau-</strong></span> 
     </span>
    </p>
   </div>
   <div class='ocr_carea' id='block_1_59' title="bbox 846 753 1629 791">
    <p class='ocr_par' dir='ltr' id='par_1_59' title="bbox 846 753 1629 791">
     <span class='ocr_line' id='line_1_59' title="bbox 846 753 1629 791; baseline 0.004 -11"><span class='ocrx_word' id='word_1_375' title='bbox 846 757 909 781; x_wconf 84' lang='lat' dir='ltr'><strong>tur:</strong></span> <span class='ocrx_word' id='word_1_376' title='bbox 921 753 1054 788; x_wconf 85' lang='lat' dir='ltr'><strong>alioquin,</strong></span> <span class='ocrx_word' id='word_1_377' title='bbox 1070 754 1093 780; x_wconf 90' lang='lat' dir='ltr'><strong>si</strong></span> <span class='ocrx_word' id='word_1_378' title='bbox 1113 753 1145 780; x_wconf 91' lang='lat' dir='ltr'><strong>ad</strong></span> <span class='ocrx_word' id='word_1_379' title='bbox 1159 754 1226 781; x_wconf 90' lang='lat' dir='ltr'><strong>alios</strong></span> <span class='ocrx_word' id='word_1_380' title='bbox 1247 754 1357 782; x_wconf 83' lang='lat' dir='ltr'><strong>missam</strong></span> <span class='ocrx_word' id='word_1_381' title='bbox 1373 759 1495 787; x_wconf 88' lang='lat' dir='ltr'><strong>nossent,</strong></span> <span class='ocrx_word' id='word_1_382' title='bbox 1505 763 1592 791; x_wconf 87' lang='lat' dir='ltr'><strong>neque</strong></span> <span class='ocrx_word' id='word_1_383' title='bbox 1603 756 1629 782; x_wconf 90' lang='lat' dir='ltr'><strong>id</strong></span> 
     </span>
    </p>
   </div>
   <div class='ocr_carea' id='block_1_60' title="bbox 845 799 1630 836">
    <p class='ocr_par' dir='ltr' id='par_1_60' title="bbox 845 799 1630 836">
     <span class='ocr_line' id='line_1_60' title="bbox 845 799 1630 836; baseline 0.003 -10"><span class='ocrx_word' id='word_1_384' title='bbox 845 799 1000 828; x_wconf 88' lang='lat' dir='ltr'><strong>innuissent</strong></span> <span class='ocrx_word' id='word_1_385' title='bbox 1010 821 1017 834; x_wconf 99' lang='lat'><strong>,</strong></span> <span class='ocrx_word' id='word_1_386' title='bbox 1030 800 1087 827; x_wconf 63' lang='lat' dir='ltr'><strong>haec</strong></span> <span class='ocrx_word' id='word_1_387' title='bbox 1098 800 1217 835; x_wconf 89' lang='lat' dir='ltr'><strong>ipsorum</strong></span> <span class='ocrx_word' id='word_1_388' title='bbox 1230 800 1372 828; x_wconf 88' lang='lat' dir='ltr'><strong>reticentia</strong></span> <span class='ocrx_word' id='word_1_389' title='bbox 1385 801 1447 836; x_wconf 86' lang='lat' dir='ltr'><strong>jure</strong></span> <span class='ocrx_word' id='word_1_390' title='bbox 1471 809 1502 828; x_wconf 90' lang='lat' dir='ltr'><strong>ac</strong></span> <span class='ocrx_word' id='word_1_391' title='bbox 1531 802 1630 829; x_wconf 87' lang='lat' dir='ltr'><strong>merito</strong></span> 
     </span>
    </p>
   </div>
   <div class='ocr_carea' id='block_1_61' title="bbox 845 845 1630 882">
    <p class='ocr_par' dir='ltr' id='par_1_61' title="bbox 845 845 1630 882">
     <span class='ocr_line' id='line_1_61' title="bbox 845 845 1630 882; baseline 0.003 -10"><span class='ocrx_word' id='word_1_392' title='bbox 845 845 1017 881; x_wconf 59' lang='lat' dir='ltr'><strong>negligentia!</strong></span> <span class='ocrx_word' id='word_1_393' title='bbox 1031 846 1166 880; x_wconf 89' lang='lat' dir='ltr'><strong>culpanda</strong></span> <span class='ocrx_word' id='word_1_394' title='bbox 1188 846 1339 874; x_wconf 83' lang='lat' dir='ltr'><strong>videretur.</strong></span> <span class='ocrx_word' id='word_1_395' title='bbox 1355 846 1427 880; x_wconf 85' lang='lat' dir='ltr'><strong>Quid</strong></span> <span class='ocrx_word' id='word_1_396' title='bbox 1447 847 1521 882; x_wconf 89' lang='lat' dir='ltr'><strong>quod</strong></span> <span class='ocrx_word' id='word_1_397' title='bbox 1542 847 1630 874; x_wconf 88' lang='lat' dir='ltr'><strong>Doro-</strong></span> 
     </span>
    </p>
   </div>
   <div class='ocr_carea' id='block_1_62' title="bbox 845 891 1629 924">
    <p class='ocr_par' dir='ltr' id='par_1_62' title="bbox 845 891 1629 924">
     <span class='ocr_line' id='line_1_62' title="bbox 845 891 1629 924; baseline 0.001 -6"><span class='ocrx_word' id='word_1_398' title='bbox 845 891 925 919; x_wconf 89' lang='lat' dir='ltr'><strong>theus</strong></span> <span class='ocrx_word' id='word_1_399' title='bbox 941 891 1163 924; x_wconf 82' lang='lat' dir='ltr'><strong>archimandrita,</strong></span> <span class='ocrx_word' id='word_1_400' title='bbox 1176 891 1296 919; x_wconf 84' lang='lat' dir='ltr'><strong>Joannes</strong></span> <span class='ocrx_word' id='word_1_401' title='bbox 1308 891 1490 919; x_wconf 86' lang='lat' dir='ltr'><strong>Damascenus</strong></span> <span class='ocrx_word' id='word_1_402' title='bbox 1504 896 1530 920; x_wconf 84' lang='lat' dir='ltr'><strong>et</strong></span> <span class='ocrx_word' id='word_1_403' title='bbox 1544 892 1629 919; x_wconf 83' lang='lat' dir='ltr'><strong>Nicon</strong></span> 
     </span>
    </p>
   </div>
   <div class='ocr_carea' id='block_1_63' title="bbox 846 937 1630 972">
    <p class='ocr_par' dir='ltr' id='par_1_63' title="bbox 846 937 1630 972">
     <span class='ocr_line' id='line_1_63' title="bbox 846 937 1630 972; baseline 0 -8"><span class='ocrx_word' id='word_1_404' title='bbox 846 937 999 964; x_wconf 88' lang='lat' dir='ltr'><strong>monachus</strong></span> <span class='ocrx_word' id='word_1_405' title='bbox 1012 937 1153 964; x_wconf 77' lang='lat' dir='ltr'><strong>secundam</strong></span> <span class='ocrx_word' id='word_1_406' title='bbox 1178 937 1327 965; x_wconf 87' lang='lat' dir='ltr'><strong>Clementis</strong></span> <span class='ocrx_word' id='word_1_407' title='bbox 1346 937 1508 972; x_wconf 83' lang='lat' dir='ltr'><strong>Epistulam,</strong></span> <span class='ocrx_word' id='word_1_408' title='bbox 1526 945 1552 965; x_wconf 87' lang='lat' dir='ltr'><strong>ct</strong></span> <span class='ocrx_word' id='word_1_409' title='bbox 1568 938 1630 972; x_wconf 89' lang='lat' dir='ltr'><strong>qui-</strong></span> 
     </span>
    </p>
   </div>
   <div class='ocr_carea' id='block_1_64' title="bbox 845 981 1629 1018">
    <p class='ocr_par' dir='ltr' id='par_1_64' title="bbox 845 981 1629 1018">
     <span class='ocr_line' id='line_1_64' title="bbox 845 981 1629 1018; baseline 0.001 -10"><span class='ocrx_word' id='word_1_410' title='bbox 845 981 906 1009; x_wconf 88' lang='lat' dir='ltr'><strong>dem</strong></span> <span class='ocrx_word' id='word_1_411' title='bbox 934 981 969 1008; x_wconf 83' lang='lat' dir='ltr'><strong>ad</strong></span> <span class='ocrx_word' id='word_1_412' title='bbox 995 981 1148 1009; x_wconf 83' lang='lat' dir='ltr'><strong>Corinthios</strong></span> <span class='ocrx_word' id='word_1_413' title='bbox 1178 982 1320 1016; x_wconf 84' lang='lat' dir='ltr'><strong>scriptam,</strong></span> <span class='ocrx_word' id='word_1_414' title='bbox 1347 986 1486 1017; x_wconf 76' lang='lat' dir='ltr'><strong>legerunt,</strong></span> <span class='ocrx_word' id='word_1_415' title='bbox 1514 983 1629 1018; x_wconf 86' lang='lat' dir='ltr'><strong>ejusque</strong></span> 
     </span>
    </p>
   </div>
   <div class='ocr_carea' id='block_1_65' title="bbox 846 1027 1628 1064">
    <p class='ocr_par' dir='ltr' id='par_1_65' title="bbox 846 1027 1628 1064">
     <span class='ocr_line' id='line_1_65' title="bbox 846 1027 1628 1064; baseline 0.001 -10"><span class='ocrx_word' id='word_1_416' title='bbox 846 1035 930 1054; x_wconf 83' lang='lat' dir='ltr'><strong>unlm</strong></span> <span class='ocrx_word' id='word_1_417' title='bbox 948 1028 1097 1055; x_wconf 88' lang='lat' dir='ltr'><strong>alterumve</strong></span> <span class='ocrx_word' id='word_1_418' title='bbox 1112 1027 1291 1062; x_wconf 81' lang='lat' dir='ltr'><strong>fragmentum</strong></span> <span class='ocrx_word' id='word_1_419' title='bbox 1307 1029 1378 1064; x_wconf 87' lang='lat' dir='ltr'><strong>apud</strong></span> <span class='ocrx_word' id='word_1_420' title='bbox 1405 1029 1465 1056; x_wconf 90' lang='lat' dir='ltr'><strong>illos</strong></span> <span class='ocrx_word' id='word_1_421' title='bbox 1491 1034 1628 1056; x_wconf 79' lang='lat' dir='ltr'><strong>servatum</strong></span> 
     </span>
    </p>
   </div>
   <div class='ocr_carea' id='block_1_66' title="bbox 845 1073 1628 1109">
    <p class='ocr_par' dir='ltr' id='par_1_66' title="bbox 845 1073 1628 1109">
     <span class='ocr_line' id='line_1_66' title="bbox 845 1073 1628 1109; baseline 0.001 -9"><span class='ocrx_word' id='word_1_422' title='bbox 845 1073 994 1101; x_wconf 90' lang='lat' dir='ltr'><strong>etiamnum</strong></span> <span class='ocrx_word' id='word_1_423' title='bbox 1006 1074 1178 1108; x_wconf 87' lang='lat' dir='ltr'><strong>reperimus?</strong></span> <span class='ocrx_word' id='word_1_424' title='bbox 1190 1073 1260 1107; x_wconf 86' lang='lat' dir='ltr'><strong>Quid</strong></span> <span class='ocrx_word' id='word_1_425' title='bbox 1276 1074 1349 1109; x_wconf 90' lang='lat' dir='ltr'><strong>quod</strong></span> <span class='ocrx_word' id='word_1_426' title='bbox 1367 1075 1408 1102; x_wconf 87' lang='lat' dir='ltr'><strong>vel</strong></span> <span class='ocrx_word' id='word_1_427' title='bbox 1431 1075 1489 1109; x_wconf 89' lang='lat' dir='ltr'><strong>ipse</strong></span> <span class='ocrx_word' id='word_1_428' title='bbox 1515 1074 1628 1102; x_wconf 87' lang='lat' dir='ltr'><strong>Photius</strong></span> 
     </span>
    </p>
   </div>
   <div class='ocr_carea' id='block_1_67' title="bbox 846 1119 1628 1154">
    <p class='ocr_par' dir='ltr' id='par_1_67' title="bbox 846 1119 1628 1154">
     <span class='ocr_line' id='line_1_67' title="bbox 846 1119 1628 1154; baseline 0.001 -9"><span class='ocrx_word' id='word_1_429' title='bbox 846 1119 929 1145; x_wconf 88' lang='lat' dir='ltr'><strong>semel</strong></span> <span class='ocrx_word' id='word_1_430' title='bbox 943 1119 1095 1154; x_wconf 87' lang='lat' dir='ltr'><strong>iterumque</strong></span> <span class='ocrx_word' id='word_1_431' title='bbox 1106 1119 1194 1154; x_wconf 87' lang='lat' dir='ltr'><strong>palam</strong></span> <span class='ocrx_word' id='word_1_432' title='bbox 1204 1122 1331 1152; x_wconf 89' lang='lat' dir='ltr'><strong>testatur,</strong></span> <span class='ocrx_word' id='word_1_433' title='bbox 1341 1119 1391 1146; x_wconf 89' lang='lat' dir='ltr'><strong>sibi</strong></span> <span class='ocrx_word' id='word_1_434' title='bbox 1403 1120 1498 1146; x_wconf 82' lang='lat' dir='ltr'><strong>lectum</strong></span> <span class='ocrx_word' id='word_1_435' title='bbox 1511 1119 1628 1147; x_wconf 79' lang='lat' dir='ltr'><strong>libellum</strong></span> 
     </span>
    </p>
   </div>
   <div class='ocr_carea' id='block_1_68' title="bbox 844 1163 1628 1199">
    <p class='ocr_par' dir='ltr' id='par_1_68' title="bbox 844 1163 1628 1199">
     <span class='ocr_line' id='line_1_68' title="bbox 844 1163 1628 1199; baseline 0.003 -9"><span class='ocrx_word' id='word_1_436' title='bbox 844 1164 872 1190; x_wconf 80' lang='lat' dir='ltr'><strong>in</strong></span> <span class='ocrx_word' id='word_1_437' title='bbox 886 1172 936 1198; x_wconf 88' lang='lat' dir='ltr'><strong>quo</strong></span> <span class='ocrx_word' id='word_1_438' title='bbox 948 1163 1089 1192; x_wconf 77' lang='lat' dir='ltr'><strong>Clementis</strong></span> <span class='ocrx_word' id='word_1_439' title='bbox 1105 1164 1232 1199; x_wconf 81' lang='lat' dir='ltr'><strong>Epistula:</strong></span> <span class='ocrx_word' id='word_1_440' title='bbox 1243 1165 1304 1192; x_wconf 65' lang='lat' dir='ltr'><strong>dua:</strong></span> <span class='ocrx_word' id='word_1_441' title='bbox 1327 1165 1360 1192; x_wconf 86' lang='lat' dir='ltr'><strong>ad</strong></span> <span class='ocrx_word' id='word_1_442' title='bbox 1375 1164 1524 1193; x_wconf 84' lang='lat' dir='ltr'><strong>Corinthios</strong></span> <span class='ocrx_word' id='word_1_443' title='bbox 1541 1166 1628 1192; x_wconf 89' lang='lat' dir='ltr'><strong>conti-</strong></span> 
     </span>
    </p>
   </div>
   <div class='ocr_carea' id='block_1_69' title="bbox 845 1210 1628 1249">
    <p class='ocr_par' dir='ltr' id='par_1_69' title="bbox 845 1210 1628 1249">
     <span class='ocr_line' id='line_1_69' title="bbox 845 1210 1628 1249; baseline 0.003 -13"><span class='ocrx_word' id='word_1_444' title='bbox 845 1210 990 1243; x_wconf 86' lang='lat' dir='ltr'><strong>nebantur,</strong></span> <span class='ocrx_word' id='word_1_445' title='bbox 1011 1211 1125 1246; x_wconf 84' lang='lat' dir='ltr'><strong>ejusque</strong></span> <span class='ocrx_word' id='word_1_446' title='bbox 1139 1211 1172 1239; x_wconf 91' lang='lat' dir='ltr'><strong>de</strong></span> <span class='ocrx_word' id='word_1_447' title='bbox 1196 1217 1311 1246; x_wconf 90' lang='lat' dir='ltr'><strong>utraque</strong></span> <span class='ocrx_word' id='word_1_448' title='bbox 1328 1212 1460 1249; x_wconf 69' lang='lat' dir='ltr'><strong>judicium</strong></span> <span class='ocrx_word' id='word_1_449' title='bbox 1480 1212 1546 1239; x_wconf 86' lang='lat' dir='ltr'><strong>mire</strong></span> <span class='ocrx_word' id='word_1_450' title='bbox 1559 1220 1628 1238; x_wconf 76' lang='lat' dir='ltr'><strong>con-</strong></span> 
     </span>
    </p>
   </div>
   <div class='ocr_carea' id='block_1_70' title="bbox 845 1257 1628 1293">
    <p class='ocr_par' dir='ltr' id='par_1_70' title="bbox 845 1257 1628 1293">
     <span class='ocr_line' id='line_1_70' title="bbox 845 1257 1628 1293; baseline 0.003 -9"><span class='ocrx_word' id='word_1_451' title='bbox 845 1261 924 1284; x_wconf 88' lang='lat' dir='ltr'><strong>sonat</strong></span> <span class='ocrx_word' id='word_1_452' title='bbox 939 1265 1000 1283; x_wconf 90' lang='lat' dir='ltr'><strong>cum</strong></span> <span class='ocrx_word' id='word_1_453' title='bbox 1017 1257 1050 1284; x_wconf 90' lang='lat' dir='ltr'><strong>iis</strong></span> <span class='ocrx_word' id='word_1_454' title='bbox 1077 1266 1138 1292; x_wconf 78' lang='lat' dir='ltr'><strong>qua:</strong></span> <span class='ocrx_word' id='word_1_455' title='bbox 1165 1258 1254 1285; x_wconf 88' lang='lat' dir='ltr'><strong>adhuc</strong></span> <span class='ocrx_word' id='word_1_456' title='bbox 1282 1259 1448 1293; x_wconf 84' lang='lat' dir='ltr'><strong>supersunt?</strong></span> <span class='ocrx_word' id='word_1_457' title='bbox 1469 1257 1628 1286; x_wconf 83' lang='lat' dir='ltr'><strong>Consulesis</strong></span> 
     </span>
    </p>
   </div>
   <div class='ocr_carea' id='block_1_71' title="bbox 845 1301 1628 1339">
    <p class='ocr_par' dir='ltr' id='par_1_71' title="bbox 845 1301 1628 1339">
     <span class='ocr_line' id='line_1_71' title="bbox 845 1301 1628 1339; baseline 0.005 -11"><span class='ocrx_word' id='word_1_458' title='bbox 845 1301 917 1329; x_wconf 88' lang='lat' dir='ltr'><strong>infra</strong></span> <span class='ocrx_word' id='word_1_459' title='bbox 933 1307 1053 1329; x_wconf 85' lang='lat' dir='ltr'><strong>veterum</strong></span> <span class='ocrx_word' id='word_1_460' title='bbox 1067 1304 1220 1330; x_wconf 86' lang='lat' dir='ltr'><strong>testimonia</strong></span> <span class='ocrx_word' id='word_1_461' title='bbox 1235 1303 1362 1338; x_wconf 86' lang='lat' dir='ltr'><strong>Epistolis</strong></span> <span class='ocrx_word' id='word_1_462' title='bbox 1374 1303 1551 1331; x_wconf 87' lang='lat' dir='ltr'><strong>Cletnentiuis</strong></span> <span class='ocrx_word' id='word_1_463' title='bbox 1563 1312 1628 1339; x_wconf 66' lang='lat' dir='ltr'><strong>prac-</strong></span> 
     </span>
    </p>
   </div>
   <div class='ocr_carea' id='block_1_72' title="bbox 845 1347 1629 1385">
    <p class='ocr_par' dir='ltr' id='par_1_72' title="bbox 845 1347 1629 1385">
     <span class='ocr_line' id='line_1_72' title="bbox 845 1347 1629 1385; baseline 0.006 -12"><span class='ocrx_word' id='word_1_464' title='bbox 845 1347 938 1379; x_wconf 88' lang='lat' dir='ltr'><strong>missa,</strong></span> <span class='ocrx_word' id='word_1_465' title='bbox 954 1347 1156 1383; x_wconf 79' lang='lat' dir='ltr'><strong>fragmentaque</strong></span> <span class='ocrx_word' id='word_1_466' title='bbox 1170 1348 1264 1376; x_wconf 89' lang='lat' dir='ltr'><strong>iisdem</strong></span> <span class='ocrx_word' id='word_1_467' title='bbox 1282 1349 1415 1382; x_wconf 87' lang='lat' dir='ltr'><strong>subjecta.</strong></span> <span class='ocrx_word' id='word_1_468' title='bbox 1437 1347 1464 1375; x_wconf 87' lang='lat' dir='ltr'><strong>Si</strong></span> <span class='ocrx_word' id='word_1_469' title='bbox 1481 1349 1545 1383; x_wconf 88' lang='lat' dir='ltr'><strong>quid</strong></span> <span class='ocrx_word' id='word_1_470' title='bbox 1563 1358 1629 1385; x_wconf 78' lang='lat' dir='ltr'><strong>ergo</strong></span> 
     </span>
    </p>
   </div>
   <div class='ocr_carea' id='block_1_73' title="bbox 844 1391 1628 1430">
    <p class='ocr_par' dir='ltr' id='par_1_73' title="bbox 844 1391 1628 1430">
     <span class='ocr_line' id='line_1_73' title="bbox 844 1391 1628 1430; baseline 0.003 -12"><span class='ocrx_word' id='word_1_471' title='bbox 844 1391 946 1426; x_wconf 79' lang='lat' dir='ltr'><strong>negotii</strong></span> <span class='ocrx_word' id='word_1_472' title='bbox 969 1392 1106 1420; x_wconf 88' lang='lat' dir='ltr'><strong>faccssant</strong></span> <span class='ocrx_word' id='word_1_473' title='bbox 1130 1393 1313 1428; x_wconf 86' lang='lat' dir='ltr'><strong>antiquiorum</strong></span> <span class='ocrx_word' id='word_1_474' title='bbox 1334 1392 1454 1425; x_wconf 88' lang='lat' dir='ltr'><strong>Eusebii,</strong></span> <span class='ocrx_word' id='word_1_475' title='bbox 1470 1393 1628 1430; x_wconf 76' lang='lat' dir='ltr'><strong>llieronymt</strong></span> 
     </span>
    </p>
   </div>
   <div class='ocr_carea' id='block_1_74' title="bbox 845 1438 1626 1474">
    <p class='ocr_par' dir='ltr' id='par_1_74' title="bbox 845 1438 1626 1474">
     <span class='ocr_line' id='line_1_74' title="bbox 845 1438 1626 1474; baseline 0.003 -10"><span class='ocrx_word' id='word_1_476' title='bbox 845 1445 877 1465; x_wconf 86' lang='lat' dir='ltr'><strong>ac</strong></span> <span class='ocrx_word' id='word_1_477' title='bbox 891 1438 979 1465; x_wconf 78' lang='lat' dir='ltr'><strong>Rufini</strong></span> <span class='ocrx_word' id='word_1_478' title='bbox 996 1439 1054 1465; x_wconf 83' lang='lat' dir='ltr'><strong>loca</strong></span> <span class='ocrx_word' id='word_1_479' title='bbox 1071 1439 1142 1466; x_wconf 83' lang='lat' dir='ltr'><strong>haud</strong></span> <span class='ocrx_word' id='word_1_480' title='bbox 1165 1439 1231 1467; x_wconf 87' lang='lat' dir='ltr'><strong>satis</strong></span> <span class='ocrx_word' id='word_1_481' title='bbox 1255 1443 1348 1474; x_wconf 86' lang='lat' dir='ltr'><strong>aperta</strong></span> <span class='ocrx_word' id='word_1_482' title='bbox 1364 1460 1371 1472; x_wconf 84' lang='lat'><strong>,</strong></span> <span class='ocrx_word' id='word_1_483' title='bbox 1390 1440 1461 1474; x_wconf 90' lang='lat' dir='ltr'><strong>quod</strong></span> <span class='ocrx_word' id='word_1_484' title='bbox 1480 1443 1569 1467; x_wconf 90' lang='lat' dir='ltr'><strong>tamen</strong></span> <span class='ocrx_word' id='word_1_485' title='bbox 1582 1441 1626 1466; x_wconf 73' lang='lat' dir='ltr'><strong>vix</strong></span> 
     </span>
    </p>
   </div>
   <div class='ocr_carea' id='block_1_75' title="bbox 844 1484 1628 1521">
    <p class='ocr_par' dir='ltr' id='par_1_75' title="bbox 844 1484 1628 1521">
     <span class='ocr_line' id='line_1_75' title="bbox 844 1484 1628 1521; baseline 0.004 -11"><span class='ocrx_word' id='word_1_486' title='bbox 844 1484 1024 1517; x_wconf 85' lang='lat' dir='ltr'><strong>admiserim,</strong></span> <span class='ocrx_word' id='word_1_487' title='bbox 1053 1485 1117 1512; x_wconf 88' lang='lat' dir='ltr'><strong>hinc</strong></span> <span class='ocrx_word' id='word_1_488' title='bbox 1144 1485 1239 1521; x_wconf 89' lang='lat' dir='ltr'><strong>procul</strong></span> <span class='ocrx_word' id='word_1_489' title='bbox 1265 1485 1349 1512; x_wconf 90' lang='lat' dir='ltr'><strong>dubio</strong></span> <span class='ocrx_word' id='word_1_490' title='bbox 1367 1485 1512 1513; x_wconf 89' lang='lat' dir='ltr'><strong>&#39;dillicultas</strong></span> <span class='ocrx_word' id='word_1_491' title='bbox 1539 1486 1628 1513; x_wconf 88' lang='lat' dir='ltr'><strong>omnis</strong></span> 
     </span>
    </p>
   </div>
   <div class='ocr_carea' id='block_1_76' title="bbox 844 1529 1628 1566">
    <p class='ocr_par' dir='ltr' id='par_1_76' title="bbox 844 1529 1628 1566">
     <span class='ocr_line' id='line_1_76' title="bbox 844 1529 1628 1566; baseline 0.003 -10"><span class='ocrx_word' id='word_1_492' title='bbox 844 1529 956 1556; x_wconf 87' lang='lat' dir='ltr'><strong>tollatur</strong></span> <span class='ocrx_word' id='word_1_493' title='bbox 971 1534 1094 1565; x_wconf 88' lang='lat' dir='ltr'><strong>oportet;</strong></span> <span class='ocrx_word' id='word_1_494' title='bbox 1114 1538 1175 1558; x_wconf 83' lang='lat' dir='ltr'><strong>cum</strong></span> <span class='ocrx_word' id='word_1_495' title='bbox 1191 1530 1292 1559; x_wconf 82' lang='lat' dir='ltr'><strong>diserta</strong></span> <span class='ocrx_word' id='word_1_496' title='bbox 1316 1532 1496 1566; x_wconf 88' lang='lat' dir='ltr'><strong>posteriorum</strong></span> <span class='ocrx_word' id='word_1_497' title='bbox 1512 1532 1628 1566; x_wconf 85' lang='lat' dir='ltr'><strong>scripto-</strong></span> 
     </span>
    </p>
   </div>
   <div class='ocr_carea' id='block_1_77' title="bbox 844 1575 1628 1612">
    <p class='ocr_par' dir='ltr' id='par_1_77' title="bbox 844 1575 1628 1612">
     <span class='ocr_line' id='line_1_77' title="bbox 844 1575 1628 1612; baseline 0.004 -11"><span class='ocrx_word' id='word_1_498' title='bbox 844 1581 905 1602; x_wconf 90' lang='lat' dir='ltr'><strong>rum</strong></span> <span class='ocrx_word' id='word_1_499' title='bbox 922 1575 1014 1608; x_wconf 87' lang='lat' dir='ltr'><strong>vcrba,</strong></span> <span class='ocrx_word' id='word_1_500' title='bbox 1042 1577 1164 1610; x_wconf 89' lang='lat' dir='ltr'><strong>priorum</strong></span> <span class='ocrx_word' id='word_1_501' title='bbox 1189 1581 1216 1604; x_wconf 88' lang='lat' dir='ltr'><strong>et</strong></span> <span class='ocrx_word' id='word_1_502' title='bbox 1245 1577 1408 1604; x_wconf 82' lang='lat' dir='ltr'><strong>sententiam</strong></span> <span class='ocrx_word' id='word_1_503' title='bbox 1432 1577 1577 1612; x_wconf 81' lang='lat' dir='ltr'><strong>explanent</strong></span> <span class='ocrx_word' id='word_1_504' title='bbox 1601 1581 1628 1605; x_wconf 89' lang='lat' dir='ltr'><strong>et</strong></span> 
     </span>
    </p>
   </div>
   <div class='ocr_carea' id='block_1_78' title="bbox 844 1621 1182 1650">
    <p class='ocr_par' dir='ltr' id='par_1_78' title="bbox 844 1621 1182 1650">
     <span class='ocr_line' id='line_1_78' title="bbox 844 1621 1182 1650; baseline 0.009 -3"><span class='ocrx_word' id='word_1_505' title='bbox 844 1621 998 1648; x_wconf 80' lang='lat' dir='ltr'><strong>testimonia</strong></span> <span class='ocrx_word' id='word_1_506' title='bbox 1013 1622 1182 1650; x_wconf 89' lang='lat' dir='ltr'><strong>conﬁrment.</strong></span> 
     </span>
    </p>
   </div>
   <div class='ocr_carea' id='block_1_79' title="bbox 880 1666 1626 1705">
    <p class='ocr_par' dir='ltr' id='par_1_79' title="bbox 880 1666 1626 1705">
     <span class='ocr_line' id='line_1_79' title="bbox 880 1666 1626 1705; baseline 0.004 -12"><span class='ocrx_word' id='word_1_507' title='bbox 880 1666 920 1694; x_wconf 76' lang='lat' dir='ltr'><strong>Ex</strong></span> <span class='ocrx_word' id='word_1_508' title='bbox 936 1667 979 1695; x_wconf 91' lang='lat' dir='ltr'><strong>his</strong></span> <span class='ocrx_word' id='word_1_509' title='bbox 994 1668 1086 1702; x_wconf 83' lang='lat' dir='ltr'><strong>itaque</strong></span> <span class='ocrx_word' id='word_1_510' title='bbox 1103 1673 1272 1704; x_wconf 87' lang='lat' dir='ltr'><strong>compertum</strong></span> <span class='ocrx_word' id='word_1_511' title='bbox 1299 1670 1441 1702; x_wconf 87' lang='lat' dir='ltr'><strong>habemus,</strong></span> <span class='ocrx_word' id='word_1_512' title='bbox 1459 1673 1488 1697; x_wconf 91' lang='lat' dir='ltr'><strong>ut</strong></span> <span class='ocrx_word' id='word_1_513' title='bbox 1501 1669 1626 1705; x_wconf 83' lang='lat' dir='ltr'><strong>equidem</strong></span> 
     </span>
    </p>
   </div>
   <div class='ocr_carea' id='block_1_80' title="bbox 843 1712 1626 1750">
    <p class='ocr_par' dir='ltr' id='par_1_80' title="bbox 843 1712 1626 1750">
     <span class='ocr_line' id='line_1_80' title="bbox 843 1712 1626 1750; baseline 0.003 -11"><span class='ocrx_word' id='word_1_514' title='bbox 843 1712 990 1745; x_wconf 80' lang='lat' dir='ltr'><strong>existimo,</strong></span> <span class='ocrx_word' id='word_1_515' title='bbox 1018 1713 1090 1740; x_wconf 86' lang='lat' dir='ltr'><strong>haud</strong></span> <span class='ocrx_word' id='word_1_516' title='bbox 1116 1721 1212 1748; x_wconf 91' lang='lat' dir='ltr'><strong>parum</strong></span> <span class='ocrx_word' id='word_1_517' title='bbox 1243 1715 1371 1750; x_wconf 84' lang='lat' dir='ltr'><strong>ponderis</strong></span> <span class='ocrx_word' id='word_1_518' title='bbox 1397 1715 1430 1742; x_wconf 92' lang='lat' dir='ltr'><strong>ad</strong></span> <span class='ocrx_word' id='word_1_519' title='bbox 1453 1715 1626 1742; x_wconf 76' lang='lat' dir='ltr'><strong>asserendam</strong></span> 
     </span>
    </p>
   </div>
   <div class='ocr_carea' id='block_1_81' title="bbox 843 1757 1627 1796">
    <p class='ocr_par' dir='ltr' id='par_1_81' title="bbox 843 1757 1627 1796">
     <span class='ocr_line' id='line_1_81' title="bbox 843 1757 1627 1796; baseline 0.004 -11"><span class='ocrx_word' id='word_1_520' title='bbox 843 1757 973 1786; x_wconf 87' lang='lat' dir='ltr'><strong>Clementi</strong></span> <span class='ocrx_word' id='word_1_521' title='bbox 988 1758 1188 1786; x_wconf 83' lang='lat' dir='ltr'><strong>Romanohanc</strong></span> <span class='ocrx_word' id='word_1_522' title='bbox 1199 1761 1345 1788; x_wconf 90' lang='lat' dir='ltr'><strong>secundam</strong></span> <span class='ocrx_word' id='word_1_523' title='bbox 1359 1760 1627 1796; x_wconf 85' lang='lat' dir='ltr'><strong>Epistolam,habere</strong></span> 
     </span>
    </p>
   </div>
   <div class='ocr_carea' id='block_1_82' title="bbox 843 1804 1612 1840">
    <p class='ocr_par' dir='ltr' id='par_1_82' title="bbox 843 1804 1612 1840">
     <span class='ocr_line' id='line_1_82' title="bbox 843 1804 1612 1840; baseline 0.003 -10"><span class='ocrx_word' id='word_1_524' title='bbox 843 1804 1032 1832; x_wconf 90' lang='lat' dir='ltr'><strong>auctoritatem</strong></span> <span class='ocrx_word' id='word_1_525' title='bbox 1055 1805 1158 1833; x_wconf 91' lang='lat' dir='ltr'><strong>codicis</strong></span> <span class='ocrx_word' id='word_1_526' title='bbox 1184 1805 1371 1837; x_wconf 80' lang='lat' dir='ltr'><strong>Alexandrini,</strong></span> <span class='ocrx_word' id='word_1_527' title='bbox 1390 1806 1514 1840; x_wconf 77' lang='lat' dir='ltr'><strong>proximo</strong></span> <span class='ocrx_word' id='word_1_528' title='bbox 1539 1809 1568 1832; x_wconf 89' lang='lat' dir='ltr'><strong>ut</strong></span> <span class='ocrx_word' id='word_1_529' title='bbox 1586 1807 1612 1832; x_wconf 91' lang='lat' dir='ltr'><strong>vi</strong></span> 
     </span>
    </p>
   </div>
   <div class='ocr_carea' id='block_1_83' title="bbox 843 1848 1620 1885">
    <p class='ocr_par' dir='ltr' id='par_1_83' title="bbox 843 1848 1620 1885">
     <span class='ocr_line' id='line_1_83' title="bbox 843 1848 1620 1885; baseline 0.001 -10"><span class='ocrx_word' id='word_1_530' title='bbox 843 1848 923 1876; x_wconf 88' lang='lat' dir='ltr'><strong>detur</strong></span> <span class='ocrx_word' id='word_1_531' title='bbox 949 1850 1048 1876; x_wconf 64' lang='lat' dir='ltr'><strong>sa‘culo</strong></span> <span class='ocrx_word' id='word_1_532' title='bbox 1072 1854 1134 1885; x_wconf 89' lang='lat' dir='ltr'><strong>post</strong></span> <span class='ocrx_word' id='word_1_533' title='bbox 1158 1850 1303 1877; x_wconf 91' lang='lat' dir='ltr'><strong>concilium</strong></span> <span class='ocrx_word' id='word_1_534' title='bbox 1331 1850 1470 1877; x_wconf 70' lang='lat' dir='ltr'><strong>Niczenum</strong></span> <span class='ocrx_word' id='word_1_535' title='bbox 1497 1858 1530 1877; x_wconf 82' lang='lat' dir='ltr'><strong>ex</strong></span> <span class='ocrx_word' id='word_1_536' title='bbox 1554 1850 1620 1877; x_wconf 92' lang='lat' dir='ltr'><strong>anti-</strong></span> 
     </span>
    </p>
   </div>
   <div class='ocr_carea' id='block_1_84' title="bbox 843 1894 1625 1931">
    <p class='ocr_par' dir='ltr' id='par_1_84' title="bbox 843 1894 1625 1931">
     <span class='ocr_line' id='line_1_84' title="bbox 843 1894 1625 1931; baseline 0.001 -10"><span class='ocrx_word' id='word_1_537' title='bbox 843 1894 938 1929; x_wconf 89' lang='lat' dir='ltr'><strong>quiore</strong></span> <span class='ocrx_word' id='word_1_538' title='bbox 962 1895 1084 1929; x_wconf 85' lang='lat' dir='ltr'><strong>profecto</strong></span> <span class='ocrx_word' id='word_1_539' title='bbox 1111 1896 1259 1931; x_wconf 78' lang='lat' dir='ltr'><strong>exemplari</strong></span> <span class='ocrx_word' id='word_1_540' title='bbox 1287 1896 1429 1931; x_wconf 88' lang='lat' dir='ltr'><strong>descripti.</strong></span> <span class='ocrx_word' id='word_1_541' title='bbox 1445 1895 1483 1922; x_wconf 75' lang='lat' dir='ltr'><strong>Ex</strong></span> <span class='ocrx_word' id='word_1_542' title='bbox 1504 1903 1537 1923; x_wconf 89' lang='lat' dir='ltr'><strong>eo</strong></span> <span class='ocrx_word' id='word_1_543' title='bbox 1552 1896 1625 1923; x_wconf 86' lang='lat' dir='ltr'><strong>enim</strong></span> 
     </span>
    </p>
   </div>
   <div class='ocr_carea' id='block_1_85' title="bbox 843 1940 1624 1977">
    <p class='ocr_par' dir='ltr' id='par_1_85' title="bbox 843 1940 1624 1977">
     <span class='ocr_line' id='line_1_85' title="bbox 843 1940 1624 1977; baseline -0.003 -8"><span class='ocrx_word' id='word_1_544' title='bbox 843 1942 929 1977; x_wconf 91' lang='lat' dir='ltr'><strong>liquet</strong></span> <span class='ocrx_word' id='word_1_545' title='bbox 938 1945 1081 1976; x_wconf 88' lang='lat' dir='ltr'><strong>utramque</strong></span> <span class='ocrx_word' id='word_1_546' title='bbox 1094 1940 1291 1968; x_wconf 83' lang='lat' dir='ltr'><strong>Clementiuam</strong></span> <span class='ocrx_word' id='word_1_547' title='bbox 1308 1941 1456 1976; x_wconf 82' lang='lat' dir='ltr'><strong>Epistulam</strong></span> <span class='ocrx_word' id='word_1_548' title='bbox 1467 1949 1521 1968; x_wconf 92' lang='lat' dir='ltr'><strong>non</strong></span> <span class='ocrx_word' id='word_1_549' title='bbox 1536 1941 1624 1968; x_wconf 85' lang='lat' dir='ltr'><strong>solum</strong></span> 
     </span>
    </p>
   </div>
   <div class='ocr_carea' id='block_1_86' title="bbox 843 1985 1624 2022">
    <p class='ocr_par' dir='ltr' id='par_1_86' title="bbox 843 1985 1624 2022">
     <span class='ocr_line' id='line_1_86' title="bbox 843 1985 1624 2022; baseline 0 -9"><span class='ocrx_word' id='word_1_550' title='bbox 843 1986 916 2013; x_wconf 90' lang='lat' dir='ltr'><strong>inter</strong></span> <span class='ocrx_word' id='word_1_551' title='bbox 949 1987 1096 2014; x_wconf 89' lang='lat' dir='ltr'><strong>canonicas</strong></span> <span class='ocrx_word' id='word_1_552' title='bbox 1131 1985 1288 2022; x_wconf 86' lang='lat' dir='ltr'><strong>Scripturas</strong></span> <span class='ocrx_word' id='word_1_553' title='bbox 1316 1986 1428 2022; x_wconf 90' lang='lat' dir='ltr'><strong>perinde</strong></span> <span class='ocrx_word' id='word_1_554' title='bbox 1460 1987 1624 2014; x_wconf 88' lang='lat' dir='ltr'><strong>reccnsitam</strong></span> 
     </span>
    </p>
   </div>
   <div class='ocr_carea' id='block_1_87' title="bbox 843 2031 1624 2067">
    <p class='ocr_par' dir='ltr' id='par_1_87' title="bbox 843 2031 1624 2067">
     <span class='ocr_line' id='line_1_87' title="bbox 843 2031 1624 2067; baseline -0.001 -8"><span class='ocrx_word' id='word_1_555' title='bbox 843 2031 940 2064; x_wconf 84' lang='lat' dir='ltr'><strong>fuisse,</strong></span> <span class='ocrx_word' id='word_1_556' title='bbox 953 2039 985 2059; x_wconf 89' lang='lat' dir='ltr'><strong>ac</strong></span> <span class='ocrx_word' id='word_1_557' title='bbox 1007 2032 1030 2059; x_wconf 87' lang='lat' dir='ltr'><strong>si</strong></span> <span class='ocrx_word' id='word_1_558' title='bbox 1047 2035 1161 2067; x_wconf 83' lang='lat' dir='ltr'><strong>utraque</strong></span> <span class='ocrx_word' id='word_1_559' title='bbox 1179 2039 1241 2060; x_wconf 82' lang='lat' dir='ltr'><strong>vere</strong></span> <span class='ocrx_word' id='word_1_560' title='bbox 1265 2032 1393 2059; x_wconf 86' lang='lat' dir='ltr'><strong>canonica</strong></span> <span class='ocrx_word' id='word_1_561' title='bbox 1415 2035 1502 2064; x_wconf 87' lang='lat' dir='ltr'><strong>esset,</strong></span> <span class='ocrx_word' id='word_1_562' title='bbox 1530 2040 1624 2059; x_wconf 86' lang='lat' dir='ltr'><strong>verum</strong></span> 
     </span>
    </p>
   </div>
   <div class='ocr_carea' id='block_1_88' title="bbox 843 2077 1623 2113">
    <p class='ocr_par' dir='ltr' id='par_1_88' title="bbox 843 2077 1623 2113">
     <span class='ocr_line' id='line_1_88' title="bbox 843 2077 1623 2113; baseline 0 -9"><span class='ocrx_word' id='word_1_563' title='bbox 843 2078 924 2105; x_wconf 88' lang='lat' dir='ltr'><strong>etiam</strong></span> <span class='ocrx_word' id='word_1_564' title='bbox 939 2077 1033 2105; x_wconf 88' lang='lat' dir='ltr'><strong>ambas</strong></span> <span class='ocrx_word' id='word_1_565' title='bbox 1048 2082 1190 2113; x_wconf 89' lang='lat' dir='ltr'><strong>propterea</strong></span> <span class='ocrx_word' id='word_1_566' title='bbox 1198 2078 1224 2104; x_wconf 90' lang='lat' dir='ltr'><strong>in</strong></span> <span class='ocrx_word' id='word_1_567' title='bbox 1233 2086 1372 2105; x_wconf 87' lang='lat' dir='ltr'><strong>sacrorum</strong></span> <span class='ocrx_word' id='word_1_568' title='bbox 1386 2077 1527 2104; x_wconf 85' lang='lat' dir='ltr'><strong>Librorum</strong></span> <span class='ocrx_word' id='word_1_569' title='bbox 1539 2086 1623 2105; x_wconf 78' lang='lat' dir='ltr'><strong>censu</strong></span> 
     </span>
    </p>
   </div>
   <div class='ocr_carea' id='block_1_89' title="bbox 843 2123 1624 2158">
    <p class='ocr_par' dir='ltr' id='par_1_89' title="bbox 843 2123 1624 2158">
     <span class='ocr_line' id='line_1_89' title="bbox 843 2123 1624 2158; baseline 0 -7"><span class='ocrx_word' id='word_1_570' title='bbox 843 2124 932 2151; x_wconf 88' lang='lat' dir='ltr'><strong>locum</strong></span> <span class='ocrx_word' id='word_1_571' title='bbox 949 2123 1088 2155; x_wconf 89' lang='lat' dir='ltr'><strong>habuisse,</strong></span> <span class='ocrx_word' id='word_1_572' title='bbox 1105 2131 1213 2158; x_wconf 88' lang='lat' dir='ltr'><strong>unaque</strong></span> <span class='ocrx_word' id='word_1_573' title='bbox 1228 2131 1289 2151; x_wconf 90' lang='lat' dir='ltr'><strong>cum</strong></span> <span class='ocrx_word' id='word_1_574' title='bbox 1307 2124 1369 2150; x_wconf 89' lang='lat' dir='ltr'><strong>aliis</strong></span> <span class='ocrx_word' id='word_1_575' title='bbox 1381 2123 1522 2150; x_wconf 87' lang='lat' dir='ltr'><strong>canonicis</strong></span> <span class='ocrx_word' id='word_1_576' title='bbox 1546 2124 1624 2151; x_wconf 90' lang='lat' dir='ltr'><strong>libris</strong></span> 
     </span>
    </p>
   </div>
   <div class='ocr_carea' id='block_1_90' title="bbox 844 2169 1623 2204">
    <p class='ocr_par' dir='ltr' id='par_1_90' title="bbox 844 2169 1623 2204">
     <span class='ocr_line' id='line_1_90' title="bbox 844 2169 1623 2204; baseline 0.001 -8"><span class='ocrx_word' id='word_1_577' title='bbox 844 2169 929 2197; x_wconf 86' lang='lat' dir='ltr'><strong>fuisse</strong></span> <span class='ocrx_word' id='word_1_578' title='bbox 943 2173 1117 2204; x_wconf 86' lang='lat' dir='ltr'><strong>compactas,</strong></span> <span class='ocrx_word' id='word_1_579' title='bbox 1145 2169 1216 2204; x_wconf 88' lang='lat' dir='ltr'><strong>quod</strong></span> <span class='ocrx_word' id='word_1_580' title='bbox 1233 2174 1345 2204; x_wconf 84' lang='lat' dir='ltr'><strong>utraque</strong></span> <span class='ocrx_word' id='word_1_581' title='bbox 1361 2174 1424 2196; x_wconf 89' lang='lat' dir='ltr'><strong>tunc</strong></span> <span class='ocrx_word' id='word_1_582' title='bbox 1452 2170 1581 2204; x_wconf 84' lang='lat' dir='ltr'><strong>temporis</strong></span> <span class='ocrx_word' id='word_1_583' title='bbox 1596 2171 1623 2197; x_wconf 90' lang='lat' dir='ltr'><strong>in</strong></span> 
     </span>
    </p>
   </div>
   <div class='ocr_carea' id='block_1_91' title="bbox 844 2215 1622 2248">
    <p class='ocr_par' dir='ltr' id='par_1_91' title="bbox 844 2215 1622 2248">
     <span class='ocr_line' id='line_1_91' title="bbox 844 2215 1622 2248; baseline -0.003 -5"><span class='ocrx_word' id='word_1_584' title='bbox 844 2216 960 2243; x_wconf 74' lang='lat' dir='ltr'><strong>ctetibus</strong></span> <span class='ocrx_word' id='word_1_585' title='bbox 972 2215 1169 2243; x_wconf 81' lang='lat' dir='ltr'><strong>ecclesiasticis</strong></span> <span class='ocrx_word' id='word_1_586' title='bbox 1185 2215 1225 2242; x_wconf 88' lang='lat' dir='ltr'><strong>vel</strong></span> <span class='ocrx_word' id='word_1_587' title='bbox 1254 2215 1305 2248; x_wconf 70' lang='lat' dir='ltr'><strong>legi</strong></span> <span class='ocrx_word' id='word_1_588' title='bbox 1335 2215 1443 2246; x_wconf 86' lang='lat' dir='ltr'><strong>soleret,</strong></span> <span class='ocrx_word' id='word_1_589' title='bbox 1461 2215 1501 2242; x_wconf 88' lang='lat' dir='ltr'><strong>vel</strong></span> <span class='ocrx_word' id='word_1_590' title='bbox 1526 2216 1622 2242; x_wconf 82' lang='lat' dir='ltr'><strong>saltem</strong></span> 
     </span>
    </p>
   </div>
   <div class='ocr_carea' id='block_1_92' title="bbox 39 2255 1623 2297">
    <p class='ocr_par' dir='ltr' id='par_1_92' title="bbox 39 2255 1623 2297">
     <span class='ocr_line' id='line_1_92' title="bbox 39 2255 1623 2297; baseline 0.003 -14"><span class='ocrx_word' id='word_1_591' title='bbox 39 2255 88 2282; x_wconf 85' lang='grc' dir='ltr'><strong>ΤΟΣ</strong></span> <span class='ocrx_word' id='word_1_592' title='bbox 110 2258 273 2286; x_wconf 74' lang='grc' dir='ltr'><strong>ΕΠΙΣΤΟΛΗ</strong></span> <span class='ocrx_word' id='word_1_593' title='bbox 299 2259 320 2285; x_wconf 86' lang='grc' dir='ltr'><em>Β</em></span> <span class='ocrx_word' id='word_1_594' title='bbox 344 2267 353 2287; x_wconf 87' lang='lat'><strong>:</strong></span> <span class='ocrx_word' id='word_1_595' title='bbox 380 2263 409 2286; x_wconf 88' lang='lat' dir='ltr'><strong>ut.</strong></span> <span class='ocrx_word' id='word_1_596' title='bbox 428 2260 520 2288; x_wconf 86' lang='lat' dir='ltr'><strong>videre</strong></span> <span class='ocrx_word' id='word_1_597' title='bbox 545 2266 588 2289; x_wconf 87' lang='lat' dir='ltr'><strong>est</strong></span> <span class='ocrx_word' id='word_1_598' title='bbox 618 2263 688 2297; x_wconf 88' lang='lat' dir='ltr'><strong>apud</strong></span> <span class='ocrx_word' id='word_1_599' title='bbox 712 2262 792 2290; x_wconf 85' lang='lat' dir='ltr'><strong>Wot-</strong></span> <span class='ocrx_word' id='word_1_600' title='bbox 808 2259 927 2289; x_wconf 72' lang='lat' dir='ltr'><strong>Dsacrze</strong></span> <span class='ocrx_word' id='word_1_601' title='bbox 945 2261 1060 2296; x_wconf 65' lang='lat' dir='ltr'><strong>publicae</strong></span> <span class='ocrx_word' id='word_1_602' title='bbox 1075 2261 1184 2288; x_wconf 84' lang='lat' dir='ltr'><strong>lectioni</strong></span> <span class='ocrx_word' id='word_1_603' title='bbox 1200 2260 1392 2288; x_wconf 66' lang='lat' dir='ltr'><strong>destinaretur.</strong></span> <span class='ocrx_word' id='word_1_604' title='bbox 1417 2260 1494 2294; x_wconf 84' lang='lat' dir='ltr'><strong>Quod</strong></span> <span class='ocrx_word' id='word_1_605' title='bbox 1513 2261 1623 2296; x_wconf 89' lang='lat' dir='ltr'><strong>quidem</strong></span> 
     </span>
    </p>
   </div>
   <div class='ocr_carea' id='block_1_93' title="bbox 39 2305 791 2344">
    <p class='ocr_par' dir='ltr' id='par_1_93' title="bbox 39 2305 791 2344">
     <span class='ocr_line' id='line_1_93' title="bbox 39 2305 791 2344; baseline 0.009 -14"><span class='ocrx_word' id='word_1_606' title='bbox 39 2306 122 2335; x_wconf 74' lang='lat' dir='ltr'><strong>tonum,</strong></span> <span class='ocrx_word' id='word_1_607' title='bbox 147 2305 355 2333; x_wconf 88' lang='lat' dir='ltr'><strong>solertissimum</strong></span> <span class='ocrx_word' id='word_1_608' title='bbox 384 2305 486 2333; x_wconf 89' lang='lat' dir='ltr'><strong>laudati</strong></span> <span class='ocrx_word' id='word_1_609' title='bbox 509 2308 612 2336; x_wconf 91' lang='lat' dir='ltr'><strong>codicis</strong></span> <span class='ocrx_word' id='word_1_610' title='bbox 639 2309 791 2344; x_wconf 84' lang='lat' dir='ltr'><strong>exscripto-</strong></span> 
     </span>
    </p>
   </div>
   <div class='ocr_carea' id='block_1_94' title="bbox 38 2349 794 2389">
    <p class='ocr_par' dir='ltr' id='par_1_94' title="bbox 38 2349 794 2389">
     <span class='ocr_line' id='line_1_94' title="bbox 38 2349 794 2389; baseline 0.011 -16"><span class='ocrx_word' id='word_1_611' title='bbox 38 2353 89 2375; x_wconf 86' lang='lat' dir='ltr'><strong>rem.</strong></span> <span class='ocrx_word' id='word_1_612' title='bbox 103 2349 136 2376; x_wconf 76' lang='lat' dir='ltr'><strong>Ex</strong></span> <span class='ocrx_word' id='word_1_613' title='bbox 151 2350 200 2378; x_wconf 88' lang='lat' dir='ltr'><strong>hoc</strong></span> <span class='ocrx_word' id='word_1_614' title='bbox 215 2351 298 2386; x_wconf 78' lang='lat' dir='ltr'><strong>igitur</strong></span> <span class='ocrx_word' id='word_1_615' title='bbox 310 2351 494 2379; x_wconf 77' lang='lat' dir='ltr'><strong>Alexandrino</strong></span> <span class='ocrx_word' id='word_1_616' title='bbox 508 2354 656 2388; x_wconf 87' lang='lat' dir='ltr'><strong>exemplari</strong></span> <span class='ocrx_word' id='word_1_617' title='bbox 672 2362 794 2389; x_wconf 85' lang='lat' dir='ltr'><strong>comper-</strong></span> 
     </span>
    </p>
   </div>
   <div class='ocr_carea' id='block_1_95' title="bbox 38 2397 792 2433">
    <p class='ocr_par' dir='ltr' id='par_1_95' title="bbox 38 2397 792 2433">
     <span class='ocr_line' id='line_1_95' title="bbox 38 2397 792 2433; baseline 0.013 -15"><span class='ocrx_word' id='word_1_618' title='bbox 38 2397 81 2420; x_wconf 88' lang='lat' dir='ltr'><strong>lum</strong></span> <span class='ocrx_word' id='word_1_619' title='bbox 91 2399 135 2426; x_wconf 84' lang='lat' dir='ltr'><strong>est,</strong></span> <span class='ocrx_word' id='word_1_620' title='bbox 161 2397 256 2431; x_wconf 88' lang='lat' dir='ltr'><strong>primo,</strong></span> <span class='ocrx_word' id='word_1_621' title='bbox 284 2397 354 2425; x_wconf 87' lang='lat' dir='ltr'><strong>duas</strong></span> <span class='ocrx_word' id='word_1_622' title='bbox 373 2397 509 2433; x_wconf 80' lang='lat' dir='ltr'><strong>Epistolas</strong></span> <span class='ocrx_word' id='word_1_623' title='bbox 539 2398 705 2427; x_wconf 87' lang='lat' dir='ltr'><strong>Clementem</strong></span> <span class='ocrx_word' id='word_1_624' title='bbox 727 2401 792 2428; x_wconf 85' lang='lat' dir='ltr'><strong>scri-</strong></span> 
     </span>
    </p>
   </div>
   <div class='ocr_carea' id='block_1_96' title="bbox 37 2439 790 2479">
    <p class='ocr_par' dir='ltr' id='par_1_96' title="bbox 37 2439 790 2479">
     <span class='ocr_line' id='line_1_96' title="bbox 37 2439 790 2479; baseline 0.009 -13"><span class='ocrx_word' id='word_1_625' title='bbox 37 2439 222 2474; x_wconf 78' lang='lat' dir='ltr'><strong>psisse;deiude</strong></span> <span class='ocrx_word' id='word_1_626' title='bbox 247 2447 393 2479; x_wconf 87' lang='lat' dir='ltr'><strong>utramque</strong></span> <span class='ocrx_word' id='word_1_627' title='bbox 407 2443 492 2472; x_wconf 85' lang='lat' dir='ltr'><strong>fuisse</strong></span> <span class='ocrx_word' id='word_1_628' title='bbox 519 2444 668 2473; x_wconf 91' lang='lat' dir='ltr'><strong>Corinthiis</strong></span> <span class='ocrx_word' id='word_1_629' title='bbox 692 2446 790 2473; x_wconf 88' lang='lat' dir='ltr'><strong>inscri-</strong></span> 
     </span>
    </p>
   </div>
   <div class='ocr_carea' id='block_1_97' title="bbox 37 2486 790 2523">
    <p class='ocr_par' dir='ltr' id='par_1_97' title="bbox 37 2486 790 2523">
     <span class='ocr_line' id='line_1_97' title="bbox 37 2486 790 2523; baseline 0.009 -11"><span class='ocrx_word' id='word_1_630' title='bbox 37 2489 103 2518; x_wconf 79' lang='lat' dir='ltr'><strong>plam.</strong></span> <span class='ocrx_word' id='word_1_631' title='bbox 114 2486 182 2515; x_wconf 86' lang='lat' dir='ltr'><strong>Licet</strong></span> <span class='ocrx_word' id='word_1_632' title='bbox 197 2488 269 2516; x_wconf 91' lang='lat' dir='ltr'><strong>enirn</strong></span> <span class='ocrx_word' id='word_1_633' title='bbox 285 2489 429 2523; x_wconf 85' lang='lat' dir='ltr'><strong>posterior,</strong></span> <span class='ocrx_word' id='word_1_634' title='bbox 441 2497 474 2517; x_wconf 79' lang='lat' dir='ltr'><strong>ex</strong></span> <span class='ocrx_word' id='word_1_635' title='bbox 485 2489 657 2517; x_wconf 84' lang='lat' dir='ltr'><strong>librariorum</strong></span> <span class='ocrx_word' id='word_1_636' title='bbox 673 2491 790 2520; x_wconf 83' lang='lat' dir='ltr'><strong>fortasse</strong></span> 
     </span>
    </p>
   </div>
   <div class='ocr_carea' id='block_1_98' title="bbox 36 2529 789 2570">
    <p class='ocr_par' dir='ltr' id='par_1_98' title="bbox 36 2529 789 2570">
     <span class='ocr_line' id='line_1_98' title="bbox 36 2529 789 2570; baseline 0.008 -14"><span class='ocrx_word' id='word_1_637' title='bbox 36 2529 130 2566; x_wconf 83' lang='lat' dir='ltr'><strong>incuria,</strong></span> <span class='ocrx_word' id='word_1_638' title='bbox 138 2537 285 2567; x_wconf 65' lang='lat' dir='ltr'><strong>praenotata</strong></span> <span class='ocrx_word' id='word_1_639' title='bbox 292 2534 361 2569; x_wconf 77' lang='grc' dir='ltr'><strong>πρὸς</strong></span> <span class='ocrx_word' id='word_1_640' title='bbox 376 2533 533 2569; x_wconf 84' lang='grc' dir='ltr'><strong>Κορινθίους</strong></span> <span class='ocrx_word' id='word_1_641' title='bbox 541 2534 612 2561; x_wconf 89' lang='lat' dir='ltr'><strong>haud</strong></span> <span class='ocrx_word' id='word_1_642' title='bbox 620 2539 789 2570; x_wconf 88' lang='lat' dir='ltr'><strong>compareat;</strong></span> 
     </span>
    </p>
   </div>
   <div class='ocr_carea' id='block_1_99' title="bbox 35 2575 789 2610">
    <p class='ocr_par' dir='ltr' id='par_1_99' title="bbox 35 2575 789 2610">
     <span class='ocr_line' id='line_1_99' title="bbox 35 2575 789 2610; baseline 0.008 -9"><span class='ocrx_word' id='word_1_643' title='bbox 35 2575 112 2607; x_wconf 81' lang='lat' dir='ltr'><strong>quidni</strong></span> <span class='ocrx_word' id='word_1_644' title='bbox 126 2581 151 2604; x_wconf 85' lang='lat' dir='ltr'><strong>et</strong></span> <span class='ocrx_word' id='word_1_645' title='bbox 162 2585 220 2605; x_wconf 85' lang='lat' dir='ltr'><strong>eam</strong></span> <span class='ocrx_word' id='word_1_646' title='bbox 235 2577 270 2604; x_wconf 90' lang='lat' dir='ltr'><strong>ad</strong></span> <span class='ocrx_word' id='word_1_647' title='bbox 285 2577 443 2605; x_wconf 87' lang='lat' dir='ltr'><strong>Corinthios</strong></span> <span class='ocrx_word' id='word_1_648' title='bbox 465 2579 578 2605; x_wconf 89' lang='lat' dir='ltr'><strong>missam</strong></span> <span class='ocrx_word' id='word_1_649' title='bbox 594 2578 789 2610; x_wconf 81' lang='lat' dir='ltr'><strong>existimemus,</strong></span> 
     </span>
    </p>
   </div>
   <div class='ocr_carea' id='block_1_100' title="bbox 36 2623 791 2659">
    <p class='ocr_par' dir='ltr' id='par_1_100' title="bbox 36 2623 791 2659">
     <span class='ocr_line' id='line_1_100' title="bbox 36 2623 791 2659; baseline 0.004 -11"><span class='ocrx_word' id='word_1_650' title='bbox 36 2629 84 2647; x_wconf 68' lang='lat' dir='ltr'><strong>tum</strong></span> <span class='ocrx_word' id='word_1_651' title='bbox 96 2623 187 2657; x_wconf 89' lang='lat' dir='ltr'><strong>prioris</strong></span> <span class='ocrx_word' id='word_1_652' title='bbox 201 2624 344 2659; x_wconf 86' lang='lat' dir='ltr'><strong>inscriptio</strong></span> <span class='ocrx_word' id='word_1_653' title='bbox 356 2624 407 2651; x_wconf 88' lang='lat' dir='ltr'><strong>hac</strong></span> <span class='ocrx_word' id='word_1_654' title='bbox 420 2624 454 2651; x_wconf 85' lang='lat' dir='ltr'><strong>de</strong></span> <span class='ocrx_word' id='word_1_655' title='bbox 472 2632 501 2651; x_wconf 93' lang='lat' dir='ltr'><strong>re</strong></span> <span class='ocrx_word' id='word_1_656' title='bbox 515 2624 582 2652; x_wconf 90' lang='lat' dir='ltr'><strong>satis</strong></span> <span class='ocrx_word' id='word_1_657' title='bbox 598 2632 733 2659; x_wconf 81' lang='lat' dir='ltr'><strong>SUperque</strong></span> <span class='ocrx_word' id='word_1_658' title='bbox 749 2625 791 2652; x_wconf 89' lang='lat' dir='ltr'><strong>iu-</strong></span> 
     </span>
    </p>
   </div>
   <div class='ocr_carea' id='block_1_101' title="bbox 35 2666 791 2706">
    <p class='ocr_par' dir='ltr' id='par_1_101' title="bbox 35 2666 791 2706">
     <span class='ocr_line' id='line_1_101' title="bbox 35 2666 791 2706; baseline 0.011 -17"><span class='ocrx_word' id='word_1_659' title='bbox 35 2666 116 2695; x_wconf 65' lang='lat' dir='ltr'><strong>tlubios</strong></span> <span class='ocrx_word' id='word_1_660' title='bbox 127 2677 174 2697; x_wconf 85' lang='lat' dir='ltr'><strong>nos</strong></span> <span class='ocrx_word' id='word_1_661' title='bbox 187 2670 303 2698; x_wconf 84' lang='lat' dir='ltr'><strong>reddat?</strong></span> <span class='ocrx_word' id='word_1_662' title='bbox 331 2669 476 2697; x_wconf 84' lang='lat' dir='ltr'><strong>Enimvero</strong></span> <span class='ocrx_word' id='word_1_663' title='bbox 491 2677 578 2705; x_wconf 90' lang='lat' dir='ltr'><strong>neque</strong></span> <span class='ocrx_word' id='word_1_664' title='bbox 593 2670 668 2705; x_wconf 87' lang='lat' dir='ltr'><strong>prior</strong></span> <span class='ocrx_word' id='word_1_665' title='bbox 693 2671 791 2706; x_wconf 78' lang='lat' dir='ltr'><strong>legitur</strong></span> 
     </span>
    </p>
   </div>
   <div class='ocr_carea' id='block_1_102' title="bbox 36 2712 791 2752">
    <p class='ocr_par' dir='ltr' id='par_1_102' title="bbox 36 2712 791 2752">
     <span class='ocr_line' id='line_1_102' title="bbox 36 2712 791 2752; baseline 0.011 -16"><span class='ocrx_word' id='word_1_666' title='bbox 36 2712 56 2737; x_wconf 87' lang='lat' dir='ltr'><strong>iu</strong></span> <span class='ocrx_word' id='word_1_667' title='bbox 76 2713 183 2743; x_wconf 86' lang='lat' dir='ltr'><strong>indiculo</strong></span> <span class='ocrx_word' id='word_1_668' title='bbox 211 2715 298 2744; x_wconf 86' lang='lat' dir='ltr'><strong>fuisse</strong></span> <span class='ocrx_word' id='word_1_669' title='bbox 315 2716 348 2744; x_wconf 93' lang='lat' dir='ltr'><strong>ad</strong></span> <span class='ocrx_word' id='word_1_670' title='bbox 373 2715 531 2744; x_wconf 87' lang='lat' dir='ltr'><strong>Corinthios</strong></span> <span class='ocrx_word' id='word_1_671' title='bbox 545 2717 707 2752; x_wconf 80' lang='lat' dir='ltr'><strong>perscripta.</strong></span> <span class='ocrx_word' id='word_1_672' title='bbox 724 2717 791 2750; x_wconf 89' lang='lat' dir='ltr'><strong>Quis</strong></span> 
     </span>
    </p>
   </div>
   <div class='ocr_carea' id='block_1_103' title="bbox 63 2832 748 2875">
    <p class='ocr_par' dir='ltr' id='par_1_103' title="bbox 63 2832 748 2875">
     <span class='ocr_line' id='line_1_103' title="bbox 63 2832 748 2875; baseline 0.006 -12"><span class='ocrx_word' id='word_1_673' title='bbox 131 2834 287 2875; x_wconf 40' lang='lat' dir='ltr'><strong>QndL‘qan.</strong></span> <span class='ocrx_word' id='word_1_674' title='bbox 316 2837 388 2866; x_wconf 83' lang='lat' dir='ltr'><strong>Eccl.</strong></span> <span class='ocrx_word' id='word_1_675' title='bbox 409 2839 503 2875; x_wconf 55' lang='lat' dir='ltr'><strong>prim&quot;</strong></span> <span class='ocrx_word' id='word_1_676' title='bbox 525 2839 571 2867; x_wconf 92' lang='lat' dir='ltr'><strong>lib.</strong></span> <span class='ocrx_word' id='word_1_677' title='bbox 597 2847 629 2867; x_wconf 90' lang='grc' dir='ltr'>ιι.</span> <span class='ocrx_word' id='word_1_678' title='bbox 648 2847 708 2874; x_wconf 73' lang='lat' dir='ltr'><strong>cap.</strong></span> <span class='ocrx_word' id='word_1_679' title='bbox 721 2848 748 2875; x_wconf 86' lang='lat'><strong>9.</strong></span> 
     </span>
    </p>
   </div>
   <div class='ocr_carea' id='block_1_104' title="bbox 54 2867 787 2911">
    <p class='ocr_par' dir='ltr' id='par_1_104' title="bbox 54 2867 787 2911">
     <span class='ocr_line' id='line_1_104' title="bbox 54 2867 787 2911; baseline 0.011 -15"><span class='ocrx_word' id='word_1_680' title='bbox 54 2867 111 2911; x_wconf 42' lang='grc' dir='ltr'>ιρις)</span> <span class='ocrx_word' id='word_1_681' title='bbox 132 2869 252 2899; x_wconf 62' lang='grc' dir='ltr'>υειιιω.</span> <span class='ocrx_word' id='word_1_682' title='bbox 281 2877 344 2900; x_wconf 66' lang='lat' dir='ltr'><strong>am.</strong></span> <span class='ocrx_word' id='word_1_683' title='bbox 373 2867 453 2909; x_wconf 65' lang='grc' dir='ltr'><strong>ονίξι..</strong></span> <span class='ocrx_word' id='word_1_684' title='bbox 475 2874 522 2902; x_wconf 77' lang='lat' dir='ltr'><strong>nu.</strong></span> <span class='ocrx_word' id='word_1_685' title='bbox 547 2882 584 2907; x_wconf 74' lang='lat' dir='ltr'><strong>tv,</strong></span> <span class='ocrx_word' id='word_1_686' title='bbox 615 2867 735 2909; x_wconf 54' lang='lat' dir='ltr'><strong>capit?</strong></span> <span class='ocrx_word' id='word_1_687' title='bbox 761 2883 787 2910; x_wconf 78' lang='grc' dir='ltr'><strong>ρ.</strong></span> 
     </span>
    </p>
   </div>
   <div class='ocr_carea' id='block_1_105' title="bbox 50 2900 85 2927">
    <p class='ocr_par' dir='ltr' id='par_1_105' title="bbox 50 2900 85 2927">
     <span class='ocr_line' id='line_1_105' title="bbox 50 2900 85 2927; baseline 0.029 -1"><span class='ocrx_word' id='word_1_688' title='bbox 50 2900 85 2927; x_wconf 67' lang='grc'><strong>49.</strong></span> 
     </span>
    </p>
   </div>
   <div class='ocr_carea' id='block_1_106' title="bbox 841 2306 1622 2342">
    <p class='ocr_par' dir='ltr' id='par_1_106' title="bbox 841 2306 1622 2342">
     <span class='ocr_line' id='line_1_106' title="bbox 841 2306 1622 2342; baseline 0.001 -9"><span class='ocrx_word' id='word_1_689' title='bbox 841 2306 928 2342; x_wconf 80' lang='lat' dir='ltr'><strong>magis</strong></span> <span class='ocrx_word' id='word_1_690' title='bbox 941 2306 1030 2333; x_wconf 89' lang='lat' dir='ltr'><strong>adhuc</strong></span> <span class='ocrx_word' id='word_1_691' title='bbox 1044 2307 1223 2333; x_wconf 85' lang='lat' dir='ltr'><strong>confirmatur</strong></span> <span class='ocrx_word' id='word_1_692' title='bbox 1238 2315 1270 2333; x_wconf 79' lang='lat' dir='ltr'><strong>ex</strong></span> <span class='ocrx_word' id='word_1_693' title='bbox 1291 2307 1442 2333; x_wconf 82' lang='lat' dir='ltr'><strong>canonihus</strong></span> <span class='ocrx_word' id='word_1_694' title='bbox 1454 2307 1622 2341; x_wconf 88' lang='lat' dir='ltr'><strong>apostolicis,</strong></span> 
     </span>
    </p>
   </div>
   <div class='ocr_carea' id='block_1_107' title="bbox 839 2351 1620 2379">
    <p class='ocr_par' dir='ltr' id='par_1_107' title="bbox 839 2351 1620 2379">
     <span class='ocr_line' id='line_1_107' title="bbox 839 2351 1620 2379; baseline -0.001 0"><span class='ocrx_word' id='word_1_695' title='bbox 839 2352 912 2379; x_wconf 80' lang='lat' dir='ltr'><strong>circa</strong></span> <span class='ocrx_word' id='word_1_696' title='bbox 922 2352 1013 2379; x_wconf 84' lang='lat' dir='ltr'><strong>saeculi</strong></span> <span class='ocrx_word' id='word_1_697' title='bbox 1028 2360 1057 2378; x_wconf 92' lang='grc' dir='ltr'><strong>ιιι</strong></span> <span class='ocrx_word' id='word_1_698' title='bbox 1073 2351 1191 2378; x_wconf 88' lang='lat' dir='ltr'><strong>medium</strong></span> <span class='ocrx_word' id='word_1_699' title='bbox 1207 2351 1345 2378; x_wconf 85' lang='lat' dir='ltr'><strong>collectis:</strong></span> <span class='ocrx_word' id='word_1_700' title='bbox 1373 2352 1400 2378; x_wconf 93' lang='lat' dir='ltr'><strong>in</strong></span> <span class='ocrx_word' id='word_1_701' title='bbox 1425 2352 1522 2378; x_wconf 88' lang='lat' dir='ltr'><strong>horum</strong></span> <span class='ocrx_word' id='word_1_702' title='bbox 1547 2352 1620 2378; x_wconf 86' lang='lat' dir='ltr'><strong>enim</strong></span> 
     </span>
    </p>
   </div>
   <div class='ocr_carea' id='block_1_108' title="bbox 839 2397 1623 2432">
    <p class='ocr_par' dir='ltr' id='par_1_108' title="bbox 839 2397 1623 2432">
     <span class='ocr_line' id='line_1_108' title="bbox 839 2397 1623 2432; baseline 0 -7"><span class='ocrx_word' id='word_1_703' title='bbox 839 2405 975 2425; x_wconf 88' lang='lat' dir='ltr'><strong>canonum</strong></span> <span class='ocrx_word' id='word_1_704' title='bbox 1001 2398 1107 2430; x_wconf 83' lang='lat' dir='ltr'><strong>ultimo,</strong></span> <span class='ocrx_word' id='word_1_705' title='bbox 1136 2405 1276 2425; x_wconf 82' lang='lat' dir='ltr'><strong>sacrarum</strong></span> <span class='ocrx_word' id='word_1_706' title='bbox 1301 2397 1502 2432; x_wconf 75' lang='lat' dir='ltr'><strong>Scriptor-arum</strong></span> <span class='ocrx_word' id='word_1_707' title='bbox 1527 2406 1623 2425; x_wconf 90' lang='lat' dir='ltr'><strong>recen-</strong></span> 
     </span>
    </p>
   </div>
   <div class='ocr_carea' id='block_1_109' title="bbox 840 2443 1620 2479">
    <p class='ocr_par' dir='ltr' id='par_1_109' title="bbox 840 2443 1620 2479">
     <span class='ocr_line' id='line_1_109' title="bbox 840 2443 1620 2479; baseline 0 -9"><span class='ocrx_word' id='word_1_708' title='bbox 840 2443 944 2471; x_wconf 88' lang='lat' dir='ltr'><strong>sionem</strong></span> <span class='ocrx_word' id='word_1_709' title='bbox 969 2443 1136 2479; x_wconf 82' lang='lat' dir='ltr'><strong>proferente,</strong></span> <span class='ocrx_word' id='word_1_710' title='bbox 1155 2447 1217 2478; x_wconf 85' lang='lat' dir='ltr'><strong>post</strong></span> <span class='ocrx_word' id='word_1_711' title='bbox 1236 2447 1408 2470; x_wconf 77' lang='lat' dir='ltr'><strong>enumeratos</strong></span> <span class='ocrx_word' id='word_1_712' title='bbox 1436 2444 1620 2478; x_wconf 85' lang='lat' dir='ltr'><strong>apostolorum</strong></span> 
     </span>
    </p>
   </div>
   <div class='ocr_carea' id='block_1_110' title="bbox 840 2488 1623 2524">
    <p class='ocr_par' dir='ltr' id='par_1_110' title="bbox 840 2488 1623 2524">
     <span class='ocr_line' id='line_1_110' title="bbox 840 2488 1623 2524; baseline 0 -8"><span class='ocrx_word' id='word_1_713' title='bbox 840 2489 975 2524; x_wconf 86' lang='lat' dir='ltr'><strong>Epistolas</strong></span> <span class='ocrx_word' id='word_1_714' title='bbox 990 2489 1081 2517; x_wconf 87' lang='lat' dir='ltr'><strong>statim</strong></span> <span class='ocrx_word' id='word_1_715' title='bbox 1098 2488 1282 2523; x_wconf 89' lang='lat' dir='ltr'><strong>subjiciuntur</strong></span> <span class='ocrx_word' id='word_1_716' title='bbox 1306 2488 1461 2524; x_wconf 77' lang='grc' dir='ltr'><strong>Κλήμεντος</strong></span> <span class='ocrx_word' id='word_1_717' title='bbox 1484 2489 1623 2516; x_wconf 71' lang='grc' dir='ltr'><strong>ἐπιστολαὶ</strong></span> 
     </span>
    </p>
   </div>
   <div class='ocr_carea' id='block_1_111' title="bbox 839 2533 1623 2569">
    <p class='ocr_par' dir='ltr' id='par_1_111' title="bbox 839 2533 1623 2569">
     <span class='ocr_line' id='line_1_111' title="bbox 839 2533 1623 2569; baseline -0.001 -9"><span class='ocrx_word' id='word_1_718' title='bbox 839 2534 885 2560; x_wconf 82' lang='grc' dir='ltr'><strong>δύο</strong></span> <span class='ocrx_word' id='word_1_719' title='bbox 901 2543 908 2561; x_wconf 91' lang='lat'><strong>:</strong></span> <span class='ocrx_word' id='word_1_720' title='bbox 936 2542 998 2569; x_wconf 70' lang='lat' dir='ltr'><strong>qum</strong></span> <span class='ocrx_word' id='word_1_721' title='bbox 1024 2533 1148 2569; x_wconf 84' lang='lat' dir='ltr'><strong>profecto</strong></span> <span class='ocrx_word' id='word_1_722' title='bbox 1158 2533 1259 2561; x_wconf 66' lang='lat' dir='ltr'><strong>caedem</strong></span> <span class='ocrx_word' id='word_1_723' title='bbox 1274 2533 1358 2561; x_wconf 90' lang='lat' dir='ltr'><strong>fuisse</strong></span> <span class='ocrx_word' id='word_1_724' title='bbox 1370 2533 1496 2560; x_wconf 77' lang='lat' dir='ltr'><strong>videntur</strong></span> <span class='ocrx_word' id='word_1_725' title='bbox 1508 2541 1570 2560; x_wconf 84' lang='lat' dir='ltr'><strong>cum</strong></span> <span class='ocrx_word' id='word_1_726' title='bbox 1589 2533 1623 2560; x_wconf 84' lang='lat' dir='ltr'><strong>iis</strong></span> 
     </span>
    </p>
   </div>
   <div class='ocr_carea' id='block_1_112' title="bbox 840 2578 1622 2614">
    <p class='ocr_par' dir='ltr' id='par_1_112' title="bbox 840 2578 1622 2614">
     <span class='ocr_line' id='line_1_112' title="bbox 840 2578 1622 2614; baseline 0 -9"><span class='ocrx_word' id='word_1_727' title='bbox 840 2587 909 2614; x_wconf 87' lang='lat' dir='ltr'><strong>quas</strong></span> <span class='ocrx_word' id='word_1_728' title='bbox 923 2579 1098 2607; x_wconf 82' lang='lat' dir='ltr'><strong>Alexandrini</strong></span> <span class='ocrx_word' id='word_1_729' title='bbox 1120 2579 1224 2606; x_wconf 83' lang='lat' dir='ltr'><strong>codicis</strong></span> <span class='ocrx_word' id='word_1_730' title='bbox 1241 2578 1378 2606; x_wconf 88' lang='lat' dir='ltr'><strong>indiculus</strong></span> <span class='ocrx_word' id='word_1_731' title='bbox 1393 2579 1518 2612; x_wconf 82' lang='lat' dir='ltr'><strong>exhibet;</strong></span> <span class='ocrx_word' id='word_1_732' title='bbox 1534 2587 1567 2606; x_wconf 87' lang='lat' dir='ltr'><strong>eo</strong></span> <span class='ocrx_word' id='word_1_733' title='bbox 1581 2581 1622 2606; x_wconf 85' lang='lat' dir='ltr'><strong>vel</strong></span> 
     </span>
    </p>
   </div>
   <div class='ocr_carea' id='block_1_113' title="bbox 840 2623 1621 2660">
    <p class='ocr_par' dir='ltr' id='par_1_113' title="bbox 840 2623 1621 2660">
     <span class='ocr_line' id='line_1_113' title="bbox 840 2623 1621 2660; baseline 0.001 -9"><span class='ocrx_word' id='word_1_734' title='bbox 840 2624 958 2652; x_wconf 85' lang='lat' dir='ltr'><strong>maxime</strong></span> <span class='ocrx_word' id='word_1_735' title='bbox 977 2623 1052 2660; x_wconf 89' lang='lat' dir='ltr'><strong>quod</strong></span> <span class='ocrx_word' id='word_1_736' title='bbox 1072 2624 1167 2652; x_wconf 90' lang='lat' dir='ltr'><strong>eodem</strong></span> <span class='ocrx_word' id='word_1_737' title='bbox 1193 2625 1273 2660; x_wconf 89' lang='lat' dir='ltr'><strong>plane</strong></span> <span class='ocrx_word' id='word_1_738' title='bbox 1291 2625 1387 2652; x_wconf 91' lang='lat' dir='ltr'><strong>ordine</strong></span> <span class='ocrx_word' id='word_1_739' title='bbox 1416 2632 1470 2659; x_wconf 91' lang='lat' dir='ltr'><strong>quo</strong></span> <span class='ocrx_word' id='word_1_740' title='bbox 1495 2625 1621 2652; x_wconf 85' lang='lat' dir='ltr'><strong>laudatus</strong></span> 
     </span>
    </p>
   </div>
   <div class='ocr_carea' id='block_1_114' title="bbox 841 2669 1620 2705">
    <p class='ocr_par' dir='ltr' id='par_1_114' title="bbox 841 2669 1620 2705">
     <span class='ocr_line' id='line_1_114' title="bbox 841 2669 1620 2705; baseline 0 -9"><span class='ocrx_word' id='word_1_741' title='bbox 841 2669 989 2701; x_wconf 86' lang='lat' dir='ltr'><strong>indiculus,</strong></span> <span class='ocrx_word' id='word_1_742' title='bbox 1007 2677 1095 2696; x_wconf 90' lang='lat' dir='ltr'><strong>canon</strong></span> <span class='ocrx_word' id='word_1_743' title='bbox 1109 2670 1160 2697; x_wconf 86' lang='lat' dir='ltr'><strong>iste</strong></span> <span class='ocrx_word' id='word_1_744' title='bbox 1175 2670 1342 2704; x_wconf 88' lang='lat' dir='ltr'><strong>apostolicus</strong></span> <span class='ocrx_word' id='word_1_745' title='bbox 1359 2670 1419 2698; x_wconf 87' lang='lat' dir='ltr'><strong>illas</strong></span> <span class='ocrx_word' id='word_1_746' title='bbox 1436 2670 1539 2705; x_wconf 77' lang='lat' dir='ltr'><strong>digerat</strong></span> <span class='ocrx_word' id='word_1_747' title='bbox 1556 2679 1563 2697; x_wconf 87' lang='lat'><strong>:</strong></span> <span class='ocrx_word' id='word_1_748' title='bbox 1592 2674 1620 2696; x_wconf 91' lang='lat' dir='ltr'><strong>ut</strong></span> 
     </span>
    </p>
   </div>
   <div class='ocr_carea' id='block_1_115' title="bbox 841 2714 1621 2750">
    <p class='ocr_par' dir='ltr' id='par_1_115' title="bbox 841 2714 1621 2750">
     <span class='ocr_line' id='line_1_115' title="bbox 841 2714 1621 2750; baseline 0 -9"><span class='ocrx_word' id='word_1_749' title='bbox 841 2714 956 2749; x_wconf 90' lang='lat' dir='ltr'><strong>proinde</strong></span> <span class='ocrx_word' id='word_1_750' title='bbox 969 2714 1042 2741; x_wconf 90' lang='lat' dir='ltr'><strong>nulla</strong></span> <span class='ocrx_word' id='word_1_751' title='bbox 1057 2715 1144 2742; x_wconf 92' lang='lat' dir='ltr'><strong>subsit</strong></span> <span class='ocrx_word' id='word_1_752' title='bbox 1155 2714 1301 2747; x_wconf 87' lang='lat' dir='ltr'><strong>dubitatio,</strong></span> <span class='ocrx_word' id='word_1_753' title='bbox 1317 2716 1464 2750; x_wconf 86' lang='lat' dir='ltr'><strong>quominus</strong></span> <span class='ocrx_word' id='word_1_754' title='bbox 1481 2715 1621 2750; x_wconf 83' lang='lat' dir='ltr'><strong>utriusque</strong></span> 
     </span>
    </p>
   </div>
   <div class='ocr_carea' id='block_1_116' title="bbox 844 2832 1614 2904">
    <p class='ocr_par' dir='ltr' id='par_1_116' title="bbox 844 2832 1614 2904">
     <span class='ocr_line' id='line_1_116' title="bbox 844 2832 1614 2904; baseline 0.001 -42"><span class='ocrx_word' id='word_1_755' title='bbox 844 2835 933 2904; x_wconf 47' lang='grc' dir='ltr'><strong>ἐἑίϐ)</strong></span> <span class='ocrx_word' id='word_1_756' title='bbox 966 2833 1117 2870; x_wconf 76' lang='lat' dir='ltr'><strong>Prolegom.</strong></span> <span class='ocrx_word' id='word_1_757' title='bbox 1139 2832 1172 2860; x_wconf 88' lang='lat' dir='ltr'><strong>ad</strong></span> <span class='ocrx_word' id='word_1_758' title='bbox 1190 2841 1259 2861; x_wconf 87' lang='lat' dir='ltr'><strong>vers.</strong></span> <span class='ocrx_word' id='word_1_759' title='bbox 1291 2835 1371 2869; x_wconf 78' lang='lat' dir='ltr'><strong>LXX,</strong></span> <span class='ocrx_word' id='word_1_760' title='bbox 1384 2839 1451 2863; x_wconf 86' lang='lat' dir='ltr'><strong>tum.</strong></span> <span class='ocrx_word' id='word_1_761' title='bbox 1467 2835 1489 2869; x_wconf 86' lang='lat' dir='ltr'><strong>l,</strong></span> <span class='ocrx_word' id='word_1_762' title='bbox 1509 2843 1569 2872; x_wconf 82' lang='lat' dir='ltr'><strong>cap.</strong></span> <span class='ocrx_word' id='word_1_763' title='bbox 1591 2836 1614 2868; x_wconf 87' lang='grc' dir='ltr'><strong>Ι,</strong></span> 
     </span>
    </p>
   </div>
  </div>
