1893 3101
237 169 273 198 95
814 169 860 194 an
879 167 908 197 s.
928 156 1137 195 CLEMENTEM
1155 167 1166 194 ι
1184 166 1299 194 PAPAM
1824 163 1859 188 es

237 227 406 256 recensionis
416 227 493 254 locus
510 226 546 254 sit
560 225 736 260 accipiendus
749 224 782 252 de
792 226 898 252 duabus
913 225 1018 260 Episto‘
1034 229 1057 258 Α
1105 225 1299 260 Nequedesunt
1309 222 1547 257 exempla,quibus
1555 220 1859 256 hujusmodiassertum

237 275 271 302 lis
295 273 488 306 Corinthiacis,
517 281 634 308 quorum
660 276 757 300 auctor
781 272 863 300 fuerit
885 271 1012 300 Clemens

236 320 387 348 Romanus.

272 366 339 392 llinc
351 365 441 400 itaque
455 366 632 393 meritissimo
645 365 802 400 exploditur
818 371 834 391 a
848 365 914 392 viris
934 364 1022 392 doctis

237 410 377 439 Vendelini
390 415 417 437 et
433 411 561 437 Dodwelli
577 410 634 446 (l7)
659 410 763 445 opinio,
778 417 839 444 qua:
852 409 953 437 Grabio
965 409 1021 444 (18)

236 463 345 491 quoque
360 456 475 491 aliisque
488 456 621 491 probatur
635 465 643 484 :
660 456 778 483 homilia:
794 455 898 483 scilicet
918 460 1022 490 partem

237 510 306 534 esse,
323 509 383 536 quae
404 502 563 529 inscribitur
587 502 705 530 secunda
735 502 873 537 Epistola;
896 502 1022 536 illiusque

237 547 416 584 fragmentum
437 548 504 575 satis
518 549 628 583 longum
642 547 714 583 quod
726 548 874 575 etiamnum
887 551 1021 582 superest,

236 594 269 621 ad
299 598 417 622 veterem
449 594 558 629 διδαχὴν
595 594 789 621 Clementinam
821 601 882 621 esse
911 594 1023 620 omnino

237 639 436 666 amandandum
454 640 538 674 :quin
558 644 584 667 et
598 647 631 667 eo
643 641 776 675 processit
793 640 851 674 ipse
869 638 1022 667 Dodwellus

236 685 485 719 intemperantioris
500 685 608 712 critices
623 689 741 712 sectator
756 685 1023 716 studiusissimus,ut

236 729 297 756 loca
312 731 444 757 nonnulla
459 731 579 765 ejusdem
598 730 723 765 Epistolze
742 731 841 766 stylum
857 731 1021 765 eclogarium

235 774 439 810 liypotyposeon
469 776 616 803 Clementis
637 776 813 803 Alexandrini
837 775 938 803 referre
959 784 1022 811 pro-

236 819 326 850 fessus
347 821 439 854 fuerit,
453 822 574 857 adeoque
592 822 727 850 immistos
742 823 857 849 invicem
873 822 943 850 duos
962 823 1022 851 illos

235 869 321 897 fuisse
343 867 497 895 Clementes
521 867 676 901 coniecerit.
704 867 758 894 Sed
780 875 909 895 censores
930 868 1024 896 istius-

233 915 308 942 modi
326 914 476 945 mittamus,
491 914 537 948 qui
559 921 574 940 a
597 914 710 941 veritate
725 914 804 948 longe
819 914 948 941 aberrare
970 921 1021 941 no-

234 964 358 988 scuntur.
375 958 461 992 Quam
472 966 545 986 enim
559 966 678 985 canones
693 958 846 993 apostolici,
862 965 944 993 quam
962 965 1022 993 pcr-

233 1008 359 1034 vetustus
375 1005 460 1032 codex
477 1004 688 1035 Alexandrinus,
713 1011 793 1038 quam
807 1003 924 1038 denique
938 1003 1022 1031 Euse-

233 1051 305 1080 bius,
316 1049 506 1084 Hieronymus,
517 1048 679 1081 Dorotheus,
691 1048 886 1080 Damascenus,
896 1048 1021 1081 Photius,

234 1100 260 1123 et
269 1096 360 1123 caeteri
370 1102 477 1122 summo
485 1102 620 1122 consensu
632 1094 777 1128 Epistulam
787 1097 954 1129 nuncupant,
962 1101 1022 1121 eam

233 1149 299 1168 vero
322 1140 432 1168 nonnisi
458 1140 639 1174 conjectando
661 1140 689 1167 in
707 1140 885 1167 Humiliarum
909 1147 1021 1167 censum

234 1186 336 1213 referre
349 1189 430 1220 atque
446 1185 516 1220 inter
532 1185 705 1220 supposititia
720 1184 883 1212 Clementina
905 1185 1023 1212 colloca-

233 1238 263 1257 re
280 1239 286 1257 :
301 1230 328 1256 id
353 1234 408 1257 tum
433 1229 542 1257 demum
557 1235 599 1257 est
614 1230 754 1257 hominum
770 1231 827 1257 otio
840 1230 1022 1262 abutentium,

234 1276 281 1311 qui
298 1282 351 1302 non
367 1275 500 1302 rationem
512 1275 540 1302 in
551 1275 716 1310 disputando
730 1279 889 1310 sequantur,
906 1275 953 1303 sed
966 1276 1023 1303 sive

233 1320 419 1347 contentionis
436 1319 492 1347 sive
509 1320 636 1347 novitatis
652 1320 742 1347 studio
755 1328 784 1347 se
798 1320 884 1354 abripi
906 1320 997 1346 sinant
1013 1329 1020 1347 :

233 1369 265 1393 ut
288 1368 430 1401 propterea
454 1372 548 1392 eorum
573 1365 666 1400 opinio
681 1369 801 1392 veterum
815 1366 953 1393 sententia:
968 1372 1022 1391 non

235 1412 324 1439 solum
348 1418 403 1438 non
422 1410 600 1445 prtcferenda,
621 1411 669 1438 sed
684 1418 717 1437 ne
732 1411 896 1438 conferenda
914 1411 1023 1445 quidem

237 1464 300 1484 cum
313 1457 357 1483 illa
373 1455 507 1483 videatur.

272 1500 316 1528 IV.
337 1501 430 1535 Neque
452 1501 561 1528 demum
587 1500 743 1535 singillatim
757 1504 877 1535 acceptae
890 1500 1022 1529 adversa-

233 1548 338 1573 riorum
360 1546 556 1581 objectationes
578 1547 646 1572 tanti
671 1551 735 1574 sunt
750 1547 887 1581 ponderis,
906 1550 935 1573 ut
953 1547 1022 1573 hanc
1037 1562 1058 1591 ο

234 1592 383 1626 Epistolam
400 1592 596 1627 suppositionis
612 1596 767 1627 suspectam
784 1593 894 1621 reddere
906 1593 1023 1620 valeant.

233 1637 353 1664 Joannes
381 1636 513 1668 Morinus,
529 1637 571 1664 vir
599 1641 697 1664 caetera
723 1637 830 1668 (lactus,
860 1637 982 1664 eamdem
1009 1645 1024 1664 a

234 1684 338 1710 sanctis
351 1682 478 1710 Patribus
493 1683 674 1710 adulterinam
693 1683 777 1711 fuisse
794 1684 914 1710 habitam
931 1691 1022 1710 secum

234 1734 374 1763 reputans,
385 1729 431 1756 sed
447 1729 583 1756 immerito
598 1733 627 1756 ut
644 1737 705 1756 mox
720 1729 838 1764 patebit,
855 1738 909 1764 quo
924 1730 949 1757 id
965 1737 1024 1757 ma-

235 1777 276 1810 gis
300 1775 389 1802 adhuc
414 1778 531 1806 astruat,
547 1775 581 1802 ab
603 1775 689 1809 ipsius
713 1775 839 1810 Epistula:
855 1775 925 1811 ston
944 1783 1024 1811 argu-

234 1827 354 1848 mentum
372 1821 499 1854 desumit,
517 1825 543 1848 et
567 1822 675 1856 quidem
698 1822 788 1849 acrius
811 1823 927 1850 fortasse
940 1831 1021 1858 quam

233 1867 355 1894 decebat.
374 1876 383 1892 (
400 1866 474 1894 Illius
489 1867 586 1902 stylus,
605 1867 692 1902 inquit
708 1867 774 1902 (19),
792 1872 820 1894 ιιι
846 1869 944 1902 prioris
966 1877 1021 1896 non

233 1917 275 1940 est
288 1913 417 1947 simplex,
434 1911 481 1940 sed
498 1913 659 1948 argutulus;
677 1922 730 1940 non
746 1917 842 1948 sponte
857 1913 954 1946 ﬂuens,
972 1915 1020 1942 sed

234 1966 283 1994 pro
310 1958 431 1986 auctoris
453 1962 535 1993 captu
558 1959 679 1987 studiose
694 1960 867 1992 elaboratus;
885 1968 938 1988 non
954 1961 1022 1987 ἁπε-

235 2004 350 2040 ριοδικὸς
371 2009 397 2031 et
413 2011 607 2038 nonnunquam
622 2005 834 2037 ἀνανταπόδοτος
854 2006 900 2032 sed
926 2007 1021 2033 verbo-

233 2058 295 2077 rum
321 2049 465 2081 ambitum,
491 2050 640 2077 antithcses
666 2058 815 2085 earumque
840 2052 1018 2079 redditionem

234 2095 378 2124 ambitiose
395 2095 511 2123 affectat.
531 2106 540 2122 ι
562 2095 624 2123 llzec
640 2096 770 2126 Moriuus.
786 2097 865 2130 cujus
885 2098 1018 2124 sententia

237 2140 372 2168 Richardo
388 2149 495 2176 quoque
511 2140 632 2168 Simonio
650 2142 759 2176 probari
773 2142 881 2169 videtur
895 2142 961 2178 (20).
975 2142 1019 2170 ln-

237 2187 319 2213 [iciari
344 2186 469 2221 equidem
494 2187 575 2214 nolim
600 2187 672 2214 haud
699 2188 924 2224 leve'aliquando
935 2197 1016 2225 argu-

1073 271 1272 306 comprobetur.
1287 270 1322 298 Ut
1334 274 1424 297 autem
1439 276 1522 295 unum
1534 268 1576 296 vel
1589 268 1706 296 alterum
1721 275 1862 303 proponi-

1072 327 1144 351 mus,
1160 318 1303 352 Epistulam
1316 317 1349 344 ad
1363 317 1485 343 Hebraeus
1497 323 1551 343 nou
1564 323 1625 343 esse
1636 315 1756 350 apostoli
1768 314 1860 344 Pauli.

1073 364 1119 392 sed
1142 365 1182 391 vel
1201 363 1330 390 Barnabae
1349 363 1388 389 vel
1405 362 1483 389 Luca:
1502 362 1544 388 vel
1560 361 1645 388 nostri
1662 361 1832 391 Clementis,
1848 370 1862 387 e

1073 411 1134 446 styli
1149 411 1306 436 charactere
1316 412 1436 435 veterum
1447 407 1569 434 nonnulli
1580 407 1790 438 existimarunt,
1801 406 1864 434 Ori-

1073 465 1154 492 genes
1164 454 1382 491 (22),Eusebius,
1397 453 1587 488 Hieronymus,
1600 453 1699 488 aliique
1714 453 1865 489 antiquio-

1073 511 1127 530 res.
1143 502 1268 528 Attamen
1283 508 1365 535 quam
1379 499 1451 527 fluxa
1466 500 1502 527 sit
1517 500 1573 526 haec
1586 500 1733 532 sententia,
1746 507 1816 526 cum
1830 507 1864 526 ex

1073 546 1192 581 Epistula
1207 545 1238 572 ΙΙ
1252 545 1335 577 Petri,
1356 549 1414 572 tum
1428 545 1457 572 in
1468 545 1563 580 primis
1576 553 1610 572 ex
1623 544 1709 579 ipsius
1725 544 1864 579 Epistnltz

1073 592 1107 619 ad
1130 591 1255 618 Hebrwos
1278 594 1408 618 contextu
1432 591 1500 618 satis
1523 590 1731 624 liquet,utprae
1750 590 1866 616 caeteris

1073 646 1186 665 nervose
1208 645 1265 665 rem
1286 637 1384 665 astruit
1399 635 1516 663 Joannes
1532 635 1631 663 Millius
1644 635 1709 671 (25).
1722 635 1806 662 Idem
1821 636 1865 670 ju-

1073 683 1173 710 dicium
1198 683 1282 710 latum
1307 682 1372 709 olim
1394 681 1479 709 fuisse
1499 681 1533 708 de
1546 681 1619 709 Petri
1633 681 1762 716 Epistula
1776 681 1811 708 Il
1827 687 1864 709 tc-

1073 732 1178 756 stantur
1201 728 1281 755 iidem
1307 729 1455 762 scriptores
1481 735 1598 762 quorum
1622 727 1703 755 modo
1729 728 1864 755 memini-

1073 783 1133 801 mus
1146 773 1213 809 (24).
1228 773 1328 800 Verum
1345 777 1372 800 et
1390 773 1435 801 hic
1456 772 1557 800 frustra
1577 773 1710 800 censitum
1728 781 1766 800 ex
1779 773 1865 800 dissi-

1073 819 1225 846 militudine
1237 819 1310 854 styli,
1326 826 1372 846 eas
1388 818 1523 853 Epistolas
1540 818 1609 846 duos
1626 818 1783 852 scriptores
1799 826 1863 853 pro-

1073 865 1148 896 dere,
1163 872 1231 899 quas
1242 863 1323 890 unius
1339 863 1411 889 Petri
1424 870 1485 890 esse
1498 863 1649 890 luculenter
1663 862 1780 890 aliunde
1796 870 1863 889 con-

1073 913 1137 937 stat.
1153 908 1190 936 De
1213 911 1324 935 auctore
1345 907 1436 934 itidem
1451 907 1654 942 Apucalypseos.
1667 907 1730 935 aliis
1747 907 1861 942 quidem

1071 955 1238 986 nominibus,
1257 957 1284 980 at
1307 953 1454 988 praesertim
1469 961 1484 980 e
1499 953 1562 988 styli
1580 954 1687 980 ratione
1703 954 1862 988 antiquitus

1072 1001 1237 1032 dubitatum,
1253 1004 1343 1026 utrum
1360 999 1439 1026 fuerit
1452 999 1572 1026 Joannes
1588 999 1742 1033 apostolus.
1761 998 1862 1034 Diony-

1073 1048 1143 1075 sium
1163 1046 1377 1074 Alexandrinum
1403 1045 1474 1080 apud
1489 1044 1636 1071 Eusebium
1650 1043 1706 1078 (25)
1722 1044 1748 1071 si
1765 1045 1861 1071 audia-

1073 1091 1323 1126 mus,Ecangelium
1337 1089 1450 1118 Joannis
1464 1093 1491 1117 et
1504 1089 1626 1124 ejusdem
1638 1088 1765 1124 Epistula
1778 1089 1792 1116 Ι
1811 1090 1862 1116 sibi

1073 1142 1168 1166 mutuo
1187 1138 1338 1170 cohaerent;
1365 1143 1449 1171 atque
1472 1137 1499 1163 in
1515 1136 1652 1166 omnibus.
1667 1136 1691 1163 si
1708 1140 1787 1163 recte
1800 1144 1862 1170 per-

1074 1184 1210 1220 penderis,
1225 1192 1309 1210 unum
1331 1183 1456 1218 idemque
1478 1183 1619 1216 utriusque
1634 1182 1801 1217 scriptionis
1814 1189 1858 1217 ge-

1074 1238 1125 1257 nus
1149 1230 1286 1257 evidenter
1313 1232 1439 1265 apparet;
1458 1227 1635 1263 Apocalypsis
1648 1236 1714 1255 vero
1731 1228 1768 1255 ab
1785 1231 1862 1255 utro-

1073 1283 1126 1310 que
1141 1275 1187 1302 illo
1201 1275 1303 1309 scripto
1314 1275 1402 1301 aliena
1416 1278 1457 1301 est
1471 1278 1498 1301 et
1510 1278 1648 1300 extranea.
1664 1274 1697 1300 At
1709 1281 1796 1308 quam
1816 1282 1861 1308 pa-

1073 1327 1133 1346 rum
1149 1319 1199 1346 hac
1213 1319 1240 1346 in
1255 1327 1284 1347 re
1303 1319 1476 1346 tribuendum
1488 1319 1523 1346 sit
1538 1319 1660 1354 Dionysii
1676 1318 1860 1347 Alexandrini

1073 1366 1246 1398 auctoritati,
1272 1370 1371 1393 norunt
1392 1365 1504 1396 eruditi.
1525 1369 1554 1392 ut
1574 1365 1682 1392 abunde
1706 1366 1778 1393 satis
1799 1370 1860 1392 ante

1073 1411 1169 1438 oculos
1184 1411 1275 1445 posuit
1289 1411 1330 1437 vir
1344 1410 1441 1438 doctus
1457 1410 1537 1438 modo
1549 1411 1675 1437 laudatus
1689 1410 1761 1446 (26).

1108 1455 1149 1482 Ex
1173 1456 1305 1483 hactenus
1330 1455 1420 1483 allatis
1446 1456 1576 1490 exemplis
1602 1455 1749 1483 manifeste
1762 1456 1858 1491 liquet.

1073 1509 1133 1529 mea
1156 1502 1264 1537 quidem
1288 1503 1431 1535 sententia,
1447 1510 1529 1537 quam
1541 1502 1616 1529 tenui
1629 1502 1744 1530 tibicine
1761 1501 1861 1530 fultum

1075 1547 1110 1574 sit
1131 1550 1319 1581 argumentum
1335 1555 1351 1574 e
1369 1548 1431 1582 styli
1456 1547 1678 1575 dissimilitudine
1705 1552 1859 1584 sumptum,

1075 1600 1130 1628 quo
1145 1592 1265 1628 Epistula
1280 1592 1313 1620 ΙΙ
1332 1593 1504 1628 abjudicetur
1517 1593 1660 1621 Clementi.
1674 1592 1736 1621 Jam
1760 1598 1860 1622 caetera

1075 1646 1282 1673 prosequamur.
1637 1657 1639 1659 ν

1110 1683 1142 1712 ν.
1163 1685 1296 1712 Morinum
1313 1685 1393 1712 modo
1414 1685 1578 1719 audivimus,
1599 1686 1674 1712 nullo
1692 1689 1764 1713 teste
1782 1685 1861 1713 adhi-

1073 1730 1141 1762 bito,
1163 1731 1316 1758 asscruisse
1332 1731 1402 1758 hanc
1416 1731 1558 1766 epistolam
1573 1739 1587 1757 a
1603 1731 1706 1759 sanctis
1730 1730 1863 1758 Patribus

1074 1779 1203 1810 tanquam
1216 1776 1397 1803 adulterinum
1418 1776 1502 1803 fuisse
1517 1776 1635 1802 habitam
1648 1785 1655 1803 :
1672 1784 1735 1810 qua:
1749 1775 1861 1810 quidem

1073 1822 1206 1849 sententia
1223 1822 1361 1849 nonnullis
1377 1829 1484 1856 quoque
1517 1822 1577 1848 aliis
1592 1822 1733 1855 probatur.
1747 1821 1859 1850 Jurene.

1072 1874 1106 1893 an
1123 1875 1213 1899 secus,
1231 1867 1382 1894 videamus.
1404 1867 1442 1894 De
1462 1867 1513 1893 hac
1537 1867 1595 1901 ipsa
1615 1867 1731 1901 epistola
1749 1866 1859 1894 Eusebii

1072 1913 1256 1940 testimonium
1267 1913 1422 1947 hujusmodi
1442 1913 1572 1940 habemus
1585 1912 1640 1947 (27)
1656 1922 1661 1938 :
1677 1912 1809 1939 Ὶστέονᾶ
1823 1913 1860 1943 ὡς

1071 1959 1118 1985 καὶ
1142 1958 1253 1994 δευτέρα
1269 1967 1311 1990 τις
1331 1955 1399 1984 εἶναι
1422 1957 1528 1991 λέγεται
1547 1957 1595 1983 τοῦ
1617 1957 1777 1992 Κλήμεντος
1801 1958 1856 1983 ἑπι-

1071 2005 1162 2040 στολή·
1186 2005 1217 2030 οὐ
1238 2004 1286 2039 μὲν
1308 2004 1346 2030 ἔθ’
1370 2004 1469 2038 ὁμοίως
1493 2005 1524 2038 τῇ
1547 2003 1666 2039 προτέρᾳ
1688 2004 1735 2030 καὶ
1757 2004 1858 2037 ταύτην

1069 2049 1204 2085 γνώριμον
1224 2048 1402 2084 ἐπιστάμεθα,
1420 2049 1459 2075 ὃτι
1476 2048 1542 2084 μηδὲ
1560 2049 1622 2080 τοὺς
1636 2049 1766 2084 ἀρχαίους
1790 2050 1858 2083 αὐτῇ

1069 2095 1252 2130 κεχρημένους
1271 2095 1358 2130 ἴσμεν.
1378 2104 1387 2120 ‹
1413 2093 1557 2121 Sciendum
1572 2098 1613 2121 est
1625 2097 1728 2126 autem,
1744 2095 1818 2128 quod
1834 2103 1857 2127 (ιι

1069 2142 1186 2170 secunda
1198 2141 1320 2176 quredam
1328 2140 1474 2168 Clementis
1486 2142 1599 2175 epistola
1610 2148 1669 2168 esse
1680 2141 1807 2168 dicatur:
1819 2149 1859 2167 ve-

1069 2195 1128 2213 rum
1143 2187 1213 2213 hanc
1227 2194 1282 2213 non
1294 2186 1407 2221 perinde
1422 2194 1453 2213 ac
1467 2187 1585 2220 priorem
1598 2190 1690 2213 notam
1704 2194 1766 2213 esse
1786 2194 1858 2214 com-

209 2243 211 2245 -
236 2235 355 2258 mentum
370 2239 403 2258 ex
417 2231 639 2259 dissimilitudine
654 2232 716 2267 styli
732 2239 891 2268 suppetere,
907 2243 961 2270 quo
975 2236 1022 2262 ali-
1038 2231 1059 2259 D
1072 2232 1206 2266 perimus;
1225 2232 1352 2266 quoniam
1377 2239 1425 2258 nec
1439 2235 1544 2258 veteres
1564 2239 1595 2258 ea
1613 2239 1679 2259 usos
1700 2238 1761 2258 esse
1784 2231 1858 2257 nori-

235 2277 278 2303 cui
303 2276 431 2311 scriptori
454 2284 522 2312 opus
545 2277 727 2311 abjudiCctur,
743 2279 843 2313 aliique
859 2279 1019 2313 addicatur;

235 2322 381 2349 dummodo
407 2325 497 2349 tamen
526 2323 628 2356 reliqua
657 2323 708 2350 rite
735 2323 898 2352 cohazreanl.
921 2325 1020 2352 Verum

235 2366 307 2393 hunc
318 2374 449 2394 canonem
459 2367 584 2394 criticum
596 2375 651 2394 non
663 2376 724 2395 esse
736 2368 848 2395 nimium
858 2370 1019 2403 urgendum,

235 2418 315 2438 nemo
336 2418 391 2437 non
416 2410 486 2438 videt
505 2421 510 2438 :
526 2411 670 2446 siquidem,
693 2416 722 2438 ut
748 2412 849 2446 optime.
870 2412 1021 2440 Cotelerius

235 2463 315 2490 quem
336 2456 459 2490 sequitur
474 2460 500 2483 et
516 2455 631 2483 Grabius
654 2455 721 2489 (2|),
744 2456 806 2492 styli
828 2456 1021 2485 dissimilitudo

236 2502 271 2528 ab
285 2501 378 2528 eodem
395 2502 528 2536 scriptore
546 2510 595 2537 pro
611 2503 741 2530 varietate
756 2507 907 2537 temporum
923 2508 949 2531 et
959 2512 1022 2531 cau-

236 2554 328 2574 sarum
343 2547 407 2573 oriri
424 2548 521 2581 potuit.

347 2623 450 2661 endit}.
469 2623 579 2661 Disser_t.
599 2624 713 2661 iniit-Ven.
734 2625 746 2661 §
765 2634 839 2657 xxix,
856 2633 883 2660 p.
899 2625 943 2652 55.

285 2658 326 2687 i8)
347 2656 450 2690 Spicil“
469 2663 533 2685 tom.
552 2659 572 2688 1,
588 2667 615 2693 p.
628 2660 690 2687 268.

285 2659 326 2687 t8)
347 2659 450 2690 δρτσίι..
469 2663 533 2685 tom.
552 2659 572 2688 1,
588 2667 615 2693 p.
628 2660 690 2687 268.
736 2659 744 2661 ⁷
857 2659 860 2660 ν

272 2659 328 2728 ξω)
350 2693 465 2720 Επενείι.
481 2693 580 2726 biblic.,
593 2695 639 2722 lib.
661 2703 679 2727 ι,
693 2703 782 2723 exere.
810 2703 846 2726 ix,
873 2703 934 2730 cap.
962 2695 988 2727 4,
1006 2694 1019 2730 §

238 2735 273 2755 IX.

349 2762 528 2801 Qiltl.__cltotls.,
547 2767 566 2801 ζ..
584 2763 603 2795 1,
619 2765 697 2801 chap.
711 2765 756 2797 28,
771 2773 798 2801 p.
813 2765 876 2792 282.

272 2797 327 2833 (2H
350 2798 452 2831 Spiri1.,
469 2803 534 2826 tom.
548 2798 567 2829 L.
584 2807 610 2833 p.
627 2797 689 2828 268.

272 2832 468 2894 Ιξὲἒόρνὶεεηη
488 2834 558 2868 apud
582 2832 693 2869 Euseb.,
718 2835 784 2862 Hist.
800 2833 876 2868 eccl.,
901 2835 949 2863 lib.
973 2843 1019 2868 vi,

238 2875 294 2901 cap.
309 2875 353 2895 κς).

1071 2285 1142 2303 inus.
1159 2286 1168 2302 ›
1183 2276 1267 2309 Quem
1283 2277 1372 2303 locum
1390 2275 1505 2302 Rufinus
1530 2275 1703 2310 indiligenter
1715 2282 1765 2309 pro
1787 2281 1858 2300 more

1071 2330 1121 2349 suo
1132 2323 1168 2349 ita
1184 2323 1377 2356 interpretatur
1390 2331 1396 2349 :
1412 2321 1514 2348 Dicitur
1529 2326 1614 2348 tamen
1625 2329 1681 2348 esse
1690 2325 1714 2347 et
1731 2321 1786 2347 alia
1802 2320 1859 2348 ωδε

1071 2369 1164 2395 mentis
1183 2367 1305 2402 epistola,
1322 2367 1397 2401 cujus
1420 2375 1466 2393 nos
1492 2367 1612 2393 notitiam
1633 2375 1683 2392 non
1699 2366 1856 2400 accepimus.

1071 2413 1162 2449 Neque
1177 2414 1264 2448 magis
1275 2417 1402 2440 accurate
1413 2412 1593 2447 Hieronymus
1610 2421 1616 2438 :
1633 2410 1731 2438 Fertur
1745 2417 1856 2438 δεςηηιιιι

1071 2468 1126 2486 esse
1136 2467 1168 2485 ex
1178 2459 1233 2494 ejus
1246 2460 1348 2486 nomine
1359 2458 1480 2493 epistola,
1492 2466 1549 2492 qua:
1561 2466 1577 2484 a
1591 2457 1719 2484 veteribus
1735 2457 1857 2490 reproba-

1073 2511 1124 2532 tur.
1140 2505 1252 2532 Photius
1272 2509 1361 2532 autem
1377 2504 1410 2530 ad
1427 2503 1582 2538 Hieronymi
1601 2503 1764 2530 sententiam
1781 2510 1856 2529 acce-

1072 2552 1149 2584 dens,
1164 2553 1221 2580 hrec
1236 2552 1317 2579 habet
1331 2551 1387 2585 (28)
1401 2561 1407 2577 ε
1429 2552 1460 2577 Ἡ
1473 2550 1501 2577 δὲ
1514 2549 1645 2584 λεγομένη
1657 2548 1772 2584 δευτέρα
1792 2547 1856 2581 πρὸς

1108 2630 1163 2663 (251
1185 2629 1380 2665 Prolegomgid
1398 2629 1429 2655 Ν.
1448 2628 1582 2665 'l‘..n._85.
1601 2635 1677 2662 seqq.

1107 2665 1163 2699 (24)
1184 2662 1305 2700 Ol‘igcn.,
1319 2664 1464 2700 Comment.
1480 2665 1506 2689 in
1519 2663 1612 2700 Juunu
1630 2667 1696 2689 tom.
1717 2670 1744 2700 v_.
1761 2670 1786 2697 p.
1804 2662 1850 2687 SR-

1072 2700 1185 2732 Euseb.,
1201 2698 1251 2726 1.(Ξ.
1263 2699 1400 2731 ;llieron.,
1415 2698 1451 2724 De
1465 2701 1513 2725 vir.
1529 2699 1640 2729 illitam,
1657 2705 1717 2732 cap.
1731 2698 1755 2724 ε.

1119 2735 1164 2765 25)
1187 2734 1257 2762 Hist.
1273 2734 1347 2765 eccl.,
1367 2733 1412 2760 lib.
1429 2741 1476 2760 vII.
1494 2741 1552 2768 cap.
1569 2734 1613 2760 50.

1120 2770 1164 2802 26)
1185 2768 1263 2802 Mill.,
1281 2769 1298 2795 l.
1315 2776 1339 2795 ο.
1357 2776 1432 2795 num.
1451 2769 1511 2797 176.
1527 2776 1602 2801 seqq.

1109 2770 1164 2835 (26;
1185 2770 1263 2802 Mill.,
1281 2770 1298 2795 l.
1315 2776 1339 2795 ο.
1357 2776 1432 2795 num.
1451 2770 1511 2797 1⁵16.
1527 2776 1601 2801 seqq.

1270 2804 1343 2843 θερί..
1362 2803 1408 2830 lib.
1425 2811 1466 2835 in,
1483 2811 1542 2837 cap.
1557 2802 1601 2830 53.

1107 2838 1163 2876 (28)
1183 2839 1251 2866 Bibl.
1268 2839 1328 2867 cod.
1343 2845 1419 2866 cxtu.
