1893 3101
39 122 61 149 Si

38 176 84 206 tab;
91 174 187 204 αὐτοὺς,
201 174 239 204 ὡς
253 173 328 204 νόθος
338 173 575 208 ἀποδοκιμάζεται.
591 183 600 199 ‹
618 173 684 206 Quae
696 177 786 201 autem
801 176 824 205 Α

38 221 131 249 secunda
149 219 179 247 ad
199 219 307 247 eosdem
321 219 502 254 (Corinthios)
521 220 631 253 dicitur,
653 224 681 247 ut
705 220 788 247 notha

37 267 143 301 rejicitur.
158 276 166 292 ι
182 265 214 292 At
230 266 329 292 rectius
340 265 374 292 ad
393 269 511 293 mentem
527 265 637 294 Eusebii
652 266 788 301 Nicepho-

37 311 127 346 ms(29)
140 321 146 339 ε
159 312 210 338 Καὶ
225 311 290 346 ἅλλη
305 311 332 338 δὲ
345 310 427 338 αὑτοῦ
446 311 556 347 φέρεται
581 311 719 347 ἐπιστολὴ,
739 311 789 346 τῆς

38 359 145 393 προτέρας
164 356 230 383 κατὰ
254 356 322 383 πολὺ
346 357 511 383 ἀποδέουσα·
538 357 600 393 περὶ
623 354 656 392 ἦς
670 358 684 383 ὁ
708 356 789 388 αὐτός

37 411 98 437 eam
107 402 232 433 Εὑσέὁιος,
246 401 283 437 μὴ
293 401 322 428 ὲν
331 402 469 438 ἐπιστήμῃ
477 402 577 437 ταύτης
586 403 650 433 τοὺς
659 402 788 437 ἀρχαίους

36 447 95 474 εἶναι.
113 457 120 474 ι
141 447 232 475 Fertur
253 452 280 475 et
300 448 352 475 alia
371 448 431 482 ejus
452 447 635 483 (Clementis)
655 448 786 483 epistola,

36 494 105 529 priore
118 493 188 528 longe
206 492 337 526 inferior;
349 492 383 520 de
393 501 446 528 qua
461 492 528 520 dicit
546 492 615 520 idem
637 492 787 526 Eusebius,

35 542 117 565 veteres
133 538 187 571 ejus
215 537 342 564 notitiam
363 545 417 564 non
442 537 553 564 habere.
576 546 586 563 ι
609 536 648 563 Ex
674 536 716 564 his
736 537 787 563 ita-

35 592 74 618 que
87 583 189 610 testibus
212 583 258 609 uni
282 582 402 610 Eusebio
423 583 549 610 standum
563 602 570 614 ,
586 590 667 610 nemo
680 590 733 609 non
747 582 787 609 vi-

35 631 82 657 del:
97 629 152 656 ﬁdes
165 629 233 656 enim
253 636 339 664 penes
355 633 504 659 auctorem,
519 636 572 655 non
590 632 681 655 autern
702 636 786 663 penes

35 676 165 710 interpretes
178 678 221 701 aut
234 675 432 710 exscriptores.
451 674 565 701 Photius
586 681 653 701 vero
675 674 786 701 minime

35 720 165 750 audiendus,
185 719 229 754 qui
254 719 342 746 multo
365 719 501 746 recentior
515 722 557 745 est
589 725 671 753 quam
687 722 715 744 ιιι
735 718 785 752 ipsi

35 772 147 791 assensum
159 764 326 799 praebeamus
342 772 348 789 :
362 771 449 798 neque
463 763 536 790 enim
550 763 634 790 ullius
648 764 725 790 testis
737 771 786 790 an-

35 810 132 844 tiquioris
142 811 327 838 auctoritatem
338 809 530 842 adducit.Quid
543 810 626 844 igitur
636 809 786 836 Eusebius?

35 855 104 890 Neque
117 865 130 882 α
142 855 262 883 veteribus
277 855 443 890 reprobatam
459 855 526 882 dicit
543 855 720 889 posteriorem
728 855 786 888 epi-

34 902 114 933 ttolam,
128 909 208 936 neque
225 901 318 936 prodit
336 906 430 928 veteres
445 900 501 935 ejus
522 901 643 926 notitiam
667 909 718 927 non
737 900 786 926 ha-

35 946 106 978 buisse,
127 955 204 981 neque
228 947 300 973 illam
330 947 425 974 scribit
450 947 517 972 inter
544 945 695 972 adulterina
720 946 786 980 reje-

35 996 97 1022 tittm,‘
110 991 150 1019 sed
161 996 261 1018 tantum
279 1001 288 1017 ι
303 992 390 1026 priore
407 991 491 1018 minus
514 995 604 1017 notam
622 991 717 1022 fuisse,
736 999 785 1018 ne-

35 1045 70 1071 que
82 1046 94 1063 α
108 1037 221 1064 veteribus
237 1042 404 1071 usurpatam.
421 1036 524 1068 rCedo,
538 1044 601 1063 num
616 1036 678 1064 inde
687 1044 785 1064 conse-

34 1089 102 1117 qlllllll‘
116 1083 248 1118 epistolam
265 1089 390 1110 nostram
407 1083 490 1110 fuisse
505 1083 692 1118 reprobatam,
706 1083 784 1117 igno-

34 1133 85 1158 tam.
115 1129 326 1164 postulatamque
361 1127 489 1160 νοθείαςῖ
528 1127 610 1155 Aliud
644 1128 783 1155 enimvero

34 1177 62 1199 est
71 1174 144 1201 minus
155 1174 303 1209 cognitum,
324 1173 396 1201 aliud
415 1173 537 1208 ignotum
554 1173 684 1205 omnino;
701 1176 784 1207 atque

34 1219 84 1245 aliud
97 1224 131 1246 est
141 1228 190 1248 non
205 1221 254 1253 uti,
275 1220 352 1247 aliud
374 1220 521 1255 reprobare
534 1224 615 1254 atque
630 1219 700 1246 inter
714 1226 781 1253 sup-

32 1264 123 1298 posititia
143 1265 248 1294 referre.
276 1276 286 1292 ί
303 1265 537 1298 Quemadmodum
562 1265 664 1300 igitur,
690 1263 781 1290 verbis

33 1314 77 1336 utor
87 1310 115 1338 cl.
129 1310 259 1345 Cotelerii,
276 1319 334 1339 non
347 1318 494 1346 possumus
506 1317 589 1342 nunc,
608 1313 669 1345 post
686 1309 782 1344 deper—

32 1358 83 1386 ditos
99 1362 134 1386 tot
148 1359 292 1394 primorum
311 1356 424 1384 Patrum
446 1356 543 1387 libros,
556 1355 713 1382 memoriam
727 1354 781 1381 Eu-

32 1405 80 1432 sebii
93 1411 216 1435 accusare,
231 1411 291 1438 qua:
307 1407 398 1429 tamen
411 1410 465 1429 non
482 1408 588 1436 semper
601 1399 778 1432 fida-exstitit;

33 1451 58 1477 ita
70 1458 179 1486 negamus
192 1449 254 1477 inde
265 1449 397 1484 consequi
413 1456 462 1483 pro
477 1445 711 1483 pseudepigrapha
731 1453 779 1473 ne-

32 1497 124 1524 cessario
144 1496 289 1524 habendam
308 1496 450 1531 epistolam
468 1504 475 1522 :
490 1503 553 1522 cum
579 1494 636 1522 fieri
660 1494 778 1529 quiverit
792 1506 813 1535 ρ

33 1546 53 1567 ut
66 1550 120 1576 opus
139 1542 278 1576 genuinum
303 1541 332 1568 in
347 1541 560 1568 controversiam
577 1540 691 1572 venerit,
713 1543 740 1567 et
763 1547 779 1567 a

32 1588 101 1620 primis
110 1587 225 1615 Ecclesia:
234 1587 417 1622 scriptoribus
426 1594 479 1613 non
493 1586 572 1613 fuerit
583 1585 776 1614 celebratum.»

56 1632 109 1665 Quid
122 1641 188 1665 vero,
201 1633 222 1660 si
237 1632 375 1660 Eusebius
389 1632 445 1659 Arii
463 1632 572 1667 placitis
595 1632 717 1666 impense
728 1631 778 1658 ad-

33 1678 107 1709 dictus,
123 1678 152 1706 de
172 1678 288 1707 secunda
313 1678 460 1706 Clementis
482 1677 596 1712 epistola
617 1678 656 1705 sic
672 1677 778 1711 abjecte

33 1725 132 1751 sensisset
150 1725 370 1759 scripsissetquc;
392 1728 534 1758 propterea
556 1723 685 1750 nimirum
705 1723 777 1758 quod

34 1768 52 1795 in
63 1777 86 1795 ea
98 1776 195 1798 sanctus
215 1769 298 1797 Pater
314 1769 530 1797 illustrissimum
545 1768 579 1796 de
590 1768 691 1795 Christi
708 1768 778 1795 divi-

33 1816 94 1842 nitate
113 1817 287 1844 testimonium
313 1815 430 1844 ediderit
444 1815 520 1851 (50)?
534 1814 603 1842 lllud
625 1822 691 1842 sane
710 1814 776 1842 viris

32 1860 154 1889 doctiscum
165 1863 301 1890 veteribus
311 1865 368 1888 tum
380 1860 578 1889 recentioribus
587 1861 774 1893 observatum,

31 1904 187 1935 CasarienSem
207 1909 365 1944 episcopum
380 1910 447 1934 testu
463 1906 580 1942 partium
597 1905 670 1933 haud
692 1905 776 1934 semel

32 1951 149 1986 abreptum,
164 1953 188 1981 in
204 1961 253 1982 sua
266 1953 387 1981 Historia
402 1952 459 1981 sive
473 1960 526 1980 non
535 1953 602 1980 satis
617 1955 708 1987 aperte
721 1955 776 1978 tra-

32 1996 116 2029 didisse,
128 1999 178 2027 sive
188 2000 318 2036 pleraque
329 1999 527 2032 dissimulasse,
542 1999 599 2026 sive
608 1998 718 2026 silentio
729 2005 776 2032 pe-

32 2042 84 2070 nitus
94 2046 249 2079 praeteriisse,
263 2053 326 2081 qua:
339 2045 396 2072 suis
408 2044 583 2080 opinionibus
596 2043 719 2071 novisset
731 2043 774 2070 in-

31 2091 148 2119 mmmoda.
163 2091 218 2125 Qua
233 2092 266 2120 de
277 2100 308 2119 re
320 2091 448 2119 Photium
466 2090 534 2127 (51),
553 2089 702 2117 Baronium
717 2089 774 2125 (52)

31 2139 49 2160 tl
66 2135 269 2165 'slontfauconium
284 2138 340 2174 (55)
365 2137 508 2165 consulere
530 2139 651 2171 praestat.
672 2135 773 2163 Verum

32 2181 130 2216 quidquid
151 2183 254 2210 demum
282 2183 400 2211 senserit
423 2182 457 2210 de
482 2181 602 2210 secunda
627 2181 773 2209 Clementis
788 2176 811 2204 ι)

31 2227 117 2260 epistola
132 2227 300 2256 Caesariensis
325 2228 481 2263 episcopus,
508 2228 577 2255 satis
601 2230 771 2262 compertum

31 2277 60 2299 est
71 2274 123 2301 nihil
143 2283 172 2302 ex
190 2276 248 2310 ejus
268 2275 359 2302 verbis
375 2274 535 2309 exsculpere
551 2281 632 2309 posse
644 2273 773 2300 adversa-

32 2320 79 2350 rios.
88 2328 132 2355 quo
143 2321 209 2349 illam
225 2321 420 2357 suppositionis
432 2321 529 2348 merito
542 2323 694 2355 suspectam
710 2319 773 2346 red-

32 2365 77 2392 drte
87 2367 184 2401 possint.

802 840 823 867 Β

56 2408 144 2437 .ltcnim
152 2410 292 2446 Dionysius
307 2410 511 2439 Corinthiorum
530 2410 677 2445 episcopus
698 2410 769 2444 apttd

31 2453 144 2483 Eusebium
153 2456 215 2492 (34),
225 2457 258 2484 ad
272 2456 392 2484 Soterem
406 2463 502 2490 papam
513 2455 677 2488 rescribens,
690 2456 771 2483 unius

30 2499 122 2532 cpistola:
139 2502 297 2534 Clementis,
321 2506 349 2529 et
371 2502 480 2537 quidem
505 2501 620 2535 prioris,
648 2501 770 2528 meminit

31 2543 85 2571 htsre
97 2546 251 2582 verbis:T'hv
264 2547 381 2582 σήμερον
394 2543 440 2572 οὖν
455 2544 595 2580 Κυριακὴν
609 2545 688 2578 ἁγίαν
703 2545 770 2580 ὴμέ-

55 2664 98 2702 (fall)
115 2666 188 2700 Ηὶιιη
201 2667 246 2695 lib.
262 2675 302 2698 tu.
315 2675 375 2702 cap.
393 2667 438 2694 18.

55 2700 98 2737 litt)
114 2701 200 2737 91m,
214 2702 298 2737 Epist.
308 2700 412 2737 tt.‘cap.
429 2702 454 2728 t.

55 2735 98 2776 li!)
114 2735 177 2776 Βίβιι
191 2735 368 2776 misum-

117 2772 149 2798 Μ
160 2779 221 2799 ann.
236 2773 298 2804 518,
315 2771 346 2807 §§
362 2780 405 2803 xc,
422 2779 479 2800 xcv.
687 2806 702 2812 _

113 2805 170 2841 Opp.
193 2807 299 2839 Albam,
315 2812 381 2834 tom.
407 2806 428 2839 l,
455 2809 522 2841 part.
540 2814 560 2840 ι,
575 2812 635 2840 pag.
651 2805 713 2833 9.4.).

637 117 805 145 PROfEMIA
825 117 1015 147 VARIORUM.

1593 126 1627 150 5'8

839 183 889 210 ραν
905 175 1087 210 διηγάγομεν,
1105 177 1133 202 ἐν
1191 175 1381 212 ἀνεγνώκαμεν
1401 178 1476 213 ὑμῶν
1497 179 1546 214 τὴν
1568 179 1626 206 ἑπι-

841 220 946 256 στολὴν,
962 221 995 255 ἣν
1010 219 1105 256 ἕξομεν
1113 222 1155 247 ἀεί
1171 230 1235 248 ποτε
1251 222 1480 256 ἀναγινώσκοντες
1494 224 1626 251 νουθετεῖ-

840 265 911 296 σθαι,
924 266 962 298 ὡς
972 267 1018 293 καὶ
1035 266 1083 302 τὴν
1099 267 1233 303 προτέραν
1249 269 1314 303 ἡμῖν
1327 267 1370 294 διὰ
1389 269 1545 303 Κλήμεντος
1559 279 1626 305 γρα-

838 312 942 344 φεῖσαν.
967 319 976 336 ι
1001 310 1086 338 Hodie
1110 316 1235 339 sanctum
1250 312 1321 339 diem
1343 312 1513 341 Dominicum
1538 319 1627 342 trans-

837 356 952 390 egimus,
968 357 995 383 in
1011 365 1065 391 quo
1087 362 1205 384 vestram
1222 358 1336 392 legimus
1359 360 1501 394 epistolam
1512 379 1520 391 .
1543 369 1624 395 quam

837 401 945 437 quidem
962 407 1091 437 perpetuo
1103 403 1231 438 deinceps
1243 404 1371 438 legentes.
1385 405 1496 439 perinde
1507 414 1539 433 ac
1551 407 1625 441 prio-

837 454 893 474 rem
910 448 981 474 illam
1001 455 1016 474 a
1031 448 1169 476 Clctttcnte
1193 449 1336 484 scriptam,
1354 451 1425 477 unde
1439 452 1550 485 optitnis
1566 459 1624 479 tnu-

837 493 902 520 nitis
931 493 1099 520 instruamur
1126 494 1321 522 habebimus»
1350 495 1417 522 llinc
1447 496 1527 524 infert
1555 497 1624 525 Gra-

836 538 897 566 bius
913 538 979 572 (35).
996 546 1078 565 unam
1093 546 1108 565 a
1119 538 1256 565 Clemente
1269 540 1397 574 scriptam
1413 541 1446 568 ad
1462 541 1621 570 Corinthios

836 584 976 619 epistolam
989 592 996 616 ;
1019 591 1099 618 quam
1114 583 1163 619 τὴν
1178 584 1313 620 προτέραν
1327 585 1370 611 διὰ
1386 585 1541 621 Κλήμεντίις
1554 596 1623 623 γρα-

836 631 930 663 φεῖσαν
956 628 1102 664 Dionysius
1125 630 1258 664 appellat,
1283 631 1355 665 quod
1381 632 1485 659 Scilicet
1510 634 1542 660 ad
1571 633 1624 662 Ec-

835 675 947 702 clesiam
968 675 1170 702 Corinthiacum
1197 677 1274 710 prius
1289 684 1320 703 ea
1339 678 1422 704 missa
1438 678 1529 710 fuerit,
1539 687 1621 714 qualn

836 719 916 747 Soter
926 727 1003 746 suam
1017 720 1145 755 deinceps
1157 721 1245 749 eidem
1266 722 1444 757 inscripserit.
1461 723 1526 751 Esto
1542 735 1549 751 ι
1564 733 1621 753 me-

835 765 946 792 minerit
972 765 1016 792 hic
1048 765 1193 802 Dionysius
1222 767 1321 802 prioris
1344 773 1448 796 tantum
1471 770 1621 798 Clementis

835 810 956 844 epistola:
967 820 973 837 :
984 819 1072 846 neque
1082 813 1153 838 enim
1164 813 1252 848 placet
1262 813 1399 849 Beveregii
1409 816 1542 842 sententia
1551 817 1618 852 (36),

837 855 1008 888 conjicieutis
1021 857 1178 892 episcopum
1194 858 1410 892 Corinthiorum,
1423 863 1525 888 omissa
1543 862 1620 890 Sote-

837 900 875 926 ris
899 901 1029 935 epistola,
1046 902 1080 929 de
1097 908 1212 938 utraque
1229 905 1397 932 Clementina
1412 907 1492 933 verba
1510 907 1616 935 fecisse.

836 946 924 973 Minus
950 947 1011 974 item
1036 948 1114 976 nobis
1139 949 1269 982 probatur
1283 951 1355 985 quod
1372 951 1418 978 alii
1435 953 1616 985 arbitrantur,

836 990 993 1026 Dionysium
1010 1000 1107 1027 nempe
1130 993 1203 1020 illaut
1220 993 1369 1022 Cletnentis
1383 997 1536 1030 epistolam,
1556 1006 1618 1032 qua:

835 1037 941 1071 publice
954 1037 1102 1072 legebatur,
1116 1038 1177 1065 ideo
1191 1038 1305 1067 fortasse
1328 1045 1464 1076 προτέραν
1493 1049 1615 1073 vocasse,

835 1086 864 1108 ttt
877 1090 936 1109 eam
953 1083 987 1110 ab
998 1083 1084 1110 altera
1101 1083 1204 1111 Soteris
1217 1085 1249 1111 ad
1261 1084 1419 1113 Corinthios
1435 1087 1536 1121 pariter
1549 1088 1618 1114 scri-

834 1132 879 1162 pta
897 1127 1087 1162 distingueret.
1103 1128 1138 1155 At
1153 1129 1196 1156 bis
1211 1130 1312 1162 missis,
1330 1138 1394 1157 num
1411 1135 1552 1166 propterea
1566 1133 1618 1160 rite

833 1181 895 1199 cum
915 1172 1016 1200 Grabio
1040 1175 1163 1210 colligas,
1178 1179 1239 1210 post
1260 1184 1345 1203 aevum
1363 1177 1471 1204 demtun
1496 1177 1617 1206 Dionvsii

831 1223 953 1247 vertente
975 1221 1075 1247 sreculo
1089 1228 1107 1247 ll
1125 1221 1160 1247 ita
1171 1222 1330 1253 scribentis,
1346 1222 1544 1250 Clementinam
1568 1232 1608 1252 se»

833 1265 948 1292 cundam
966 1265 1050 1292 fuisse
1066 1266 1229 1293 confictam?
1243 1266 1300 1294 Hoc
1315 1275 1398 1294 unutn
1414 1268 1519 1295 scilicet
1534 1276 1567 1296 ex
1581 1269 1615 1297 iis

831 1311 926 1338 confici
943 1319 1023 1346 posse
1039 1311 1156 1343 videtur,
1172 1312 1257 1339 fuisse
1270 1313 1297 1339 in
1315 1321 1389 1340 more
1403 1314 1520 1348 positum
1537 1314 1617 1342 insti-

831 1361 943 1392 tutoque
966 1357 1169 1384 Corinthiorum
1197 1357 1335 1389 Ecclesiae,
1359 1359 1477 1393 priorem
1505 1358 1616 1394 quidem

831 1401 978 1430 Clementis
999 1403 1141 1437 epistolam
1167 1403 1237 1438 legi,
1263 1405 1441 1438 posteriorem
1468 1412 1532 1431 vero
1559 1413 1614 1432 non

830 1448 905 1476 item.
920 1448 1058 1483 Numquid
1073 1449 1181 1476 demum
1198 1454 1262 1476 tunc
1278 1451 1408 1485 temporis
1424 1455 1502 1478 erant
1522 1452 1614 1486 legen-

830 1494 870 1521 da;
883 1494 908 1520 in
926 1494 1043 1528 publicis
1061 1493 1242 1522 Ecclesiarum
1258 1496 1438 1523 conventibus
1452 1504 1546 1525 omnes
1559 1505 1614 1525 non

830 1540 1015 1574 apostolorum
1040 1539 1129 1573 modo,
1146 1540 1192 1567 sed
1214 1541 1294 1567 etiam
1311 1542 1524 1576 apostolit-orum
1540 1543 1614 1570 viro-

829 1593 888 1612 rum
901 1585 1040 1620 epistolas;
1056 1591 1083 1613 ut
1100 1586 1212 1621 proinde
1225 1588 1361 1621 posterior
1369 1588 1538 1616 Clementina
1550 1597 1615 1616 cen-

829 1631 913 1658 senda
927 1631 964 1658 sit
975 1631 1207 1666 pseudcpigrapha
1220 1640 1252 1659 eo
1262 1633 1382 1664 nomine,
1397 1634 1470 1668 quod
1491 1634 1524 1661 de
1541 1635 1614 1662 illius

829 1676 945 1704 lectione
966 1677 993 1704 in
1015 1681 1150 1704 conventu
1177 1678 1352 1706 Corinthiaco
1378 1680 1480 1706 nullam
1507 1680 1613 1714 injiciat

827 1722 991 1750 mentionem
1006 1722 1170 1758 Dionysius?
1180 1723 1247 1750 Cum
1259 1724 1350 1759 itaque
1361 1725 1477 1759 pri0rem
1490 1725 1610 1759 quidem,

827 1768 940 1795 minime
965 1776 1028 1795 vero
1057 1769 1249 1803 posteriorem,
1278 1770 1304 1796 in
1324 1774 1397 1797 coetu
1423 1771 1611 1798 ecclesiastico

826 1815 927 1850 perlegi
953 1815 1129 1842 consuevisse
1144 1815 1179 1842 ab
1192 1815 1322 1850 episcopo
1334 1815 1537 1842 Corinthiorum
1553 1816 1612 1842 edi-

826 1866 953 1892 scamus;
976 1859 1040 1885 hinc
1064 1867 1131 1886 sane
1145 1859 1336 1894 perspicimus,
1355 1867 1404 1886 cur
1423 1860 1539 1895 priorem
1555 1860 1610 1886 exi-

826 1905 907 1931 miam
923 1913 1032 1939 prorsus
1053 1909 1132 1939 atque
1153 1904 1300 1932 mirabilem
1314 1905 1454 1940 appellarit
1464 1905 1609 1940 episcopus

825 1950 1016 1984 Caesariensis;
1043 1951 1076 1978 de
1101 1951 1251 1986 posteriore
1277 1959 1341 1979 vero
1365 1951 1517 1985 scripserit,
1534 1951 1608 1978 illam

825 1997 910 2023 minus
921 2001 1010 2023 notam
1024 1996 1105 2030 fuisse
1115 2005 1195 2032 neque
1209 2005 1224 2024 α
1240 1996 1365 2024 veteribus
1378 2001 1542 2030 usurpatam.
1561 1995 1607 2023 Sic

825 2041 909 2070 ferme
930 2046 1135 2077 argumentatur
1149 2043 1321 2074 C'outantius,
1337 2050 1352 2069 a
1367 2050 1421 2077 quo
1435 2042 1530 2077 pedem
1549 2050 1603 2069 non

824 2087 938 2116 discedit
955 2096 1076 2123 nuperus
1088 2089 1250 2116 dissertator
1262 2087 1412 2115 Romanus.

860 2133 904 2161 VI.
925 2133 1072 2168 Pergamus
1086 2141 1177 2168 porro.
1199 2133 1295 2160 Subdit
1309 2137 1438 2167 pra-terea
1455 2132 1495 2158 vir
1514 2133 1606 2160 erudi-

823 2181 878 2210 tus,
894 2178 1088 2212 suppositionis
1102 2178 1285 2212 suspicionem
1301 2177 1352 2205 sibi
1368 2177 1482 2211 injicere
1496 2182 1606 2204 senten-

822 2225 888 2251 tiam
902 2233 917 2252 e
931 2225 1001 2252 libro
1016 2224 1132 2259 quodam
1150 2224 1307 2259 apocrypho
1323 2228 1474 2258 acceptam,
1501 2231 1561 2258 quae
1577 2224 1605 2250 in

822 2270 903 2305 hujus
914 2270 1035 2305 cpistolze
1046 2270 1133 2304 capite
1150 2270 1179 2296 ll
1195 2273 1294 2300 exstat,
1305 2276 1368 2296 cum
1381 2268 1438 2303 jam
1449 2273 1476 2295 et
1490 2268 1518 2295 in
1532 2269 1607 2302 prio—-

821 2318 861 2343 ris
876 2317 962 2351 capite
971 2316 1007 2343 25
1022 2316 1117 2351 paucis
1131 2316 1242 2342 mutatis
1261 2318 1396 2342 occurrat.
1414 2312 1540 2340 Eamdem
1555 2313 1605 2341 ob-

819 2362 965 2398 jectionem
986 2362 1116 2397 deinceps
1131 2361 1239 2396 repetiit
1256 2360 1428 2387 llermannus
1443 2358 1561 2386 Vencma
1576 2359 1603 2386 in

821 2407 954 2442 epistolis,
970 2414 1037 2442 quas
1049 2406 1279 2434 Clementinarum
1293 2405 1471 2439 epistularum
1489 2403 1602 2430 editioni

821 2453 1014 2481 Wetstenianzn
1030 2460 1116 2487 nuper
1127 2452 1255 2487 opposuit
1271 2451 1336 2487 (57).
1353 2450 1422 2478 Hinc
1439 2450 1512 2478 enim
1525 2449 1602 2484 judi-

821 2500 892 2526 cium
909 2499 979 2526 sumi
996 2506 1075 2533 posse
1091 2498 1159 2526 satis
1172 2502 1294 2532 apertum
1309 2497 1457 2528 existimat,
1473 2503 1527 2531 quo
1544 2496 1602 2531 epi—

820 2545 897 2573 stolae
915 2543 1041 2572 secundae
1056 2544 1124 2571 alius
1139 2551 1153 2570 a
1168 2543 1307 2571 Clemente
1326 2543 1442 2577 scriptor
1455 2545 1601 2571 statuatur.

866 2667 910 2698 54)
933 2665 1003 2692 Hist.
1020 2665 1095 2696 eccl.,
1112 2664 1160 2691 lib.
1176 2672 1212 2696 tv,
1228 2671 1288 2698 cap.
1304 2664 1349 2691 25.

865 2702 909 2737 55)
930 2700 1034 2737 $pi_cil.,
1049 2705 1117 2737 toni.
1129 2699 1150 2730 l,
1168 2708 1227 2734 pag.
1239 2699 1303 2737 269.

866 2732 910 2769 56)
929 2732 996 2763 Cod.
1012 2743 1073 2762 can.
1092 2734 1138 2762 lib.
1154 2732 1183 2765 ti,
1200 2732 1260 2769 cap.
1278 2734 1304 2766 9,
1320 2733 1333 2769 §
1350 2741 1376 2768 κ,
1389 2740 1449 2769 pag.
1468 2732 1530 2760 H5.

865 2771 908 2807 37)
928 2770 1050 2803 Vcncm.,
1068 2769 1153 2804 Epist.
1169 2770 1198 2801 ‘2,
1218 2768 1304 2805 573m,
1320 2768 1381 2804 pag.
1398 2768 1442 2797 78.
