1893 3101
241 109 276 139 99

796 106 842 134 AD
861 105 889 134 S.
909 105 1121 134 CLEMENTEM
1139 105 1149 132 Ι
1168 105 1284 133 PAPAM

1806 111 1852 138 100

240 168 318 197 Itane
339 167 454 196 censes?
477 166 563 200 Quasi
589 172 663 198 vero,
679 169 709 192 ut
730 173 792 192 cum
807 166 867 193 viro
879 165 960 193 docto
983 171 1026 191 re-
1040 165 1064 194 Α
1078 163 1186 190 veritati
1206 163 1296 190 locum
1318 161 1450 196 objiciant
1464 169 1479 190 e
1496 163 1726 198 pseudo-Iustino
1745 165 1854 194 desum-

241 213 388 250 spondeam
403 212 471 249 (58),
483 213 587 247 justam
605 212 771 247 suspicionis
791 219 886 239 ansam
901 210 1024 246 ejusdem

241 259 382 287 sententite
402 258 527 294 repetitio
545 258 674 293 praebeat.
690 257 768 290 Quod
783 257 806 285 si
822 265 866 285 res
879 257 916 284 ita
931 264 960 284 se
975 256 1023 283 ha-

241 303 327 334 beret,
343 307 433 330 actum
459 302 580 338 profecto
603 306 675 330 esset
699 302 732 329 de
755 302 879 336 pluribus
901 307 1023 329 veterum

241 347 361 376 indubiis
373 347 566 379 monumentis,
582 349 609 375 in
626 347 724 382 quibus
738 347 839 382 passim
857 355 928 375 unus
939 347 1023 374 idem-

241 402 294 430 que
309 398 416 425 auctor,
437 395 494 422 sive
505 394 532 420 in
545 394 604 428 ipso
616 401 708 428 opere,
724 393 781 421 sive
793 394 875 420 etiam
889 393 916 419 in
927 393 1020 424 variis,

240 441 334 469 eadem
350 440 552 474 Scripturarum
569 439 628 466 loca
638 439 801 473 easdemque
813 438 963 465 sententias
974 445 1023 473 pro

240 494 271 514 re
285 490 348 513 nata
364 485 416 512 sibi
432 484 575 519 repetenda
587 491 648 511 esse
662 483 748 510 duxit.
761 482 846 517 Cujus
862 481 970 516 quidem
984 482 1021 509 rei

240 531 392 566 exemplum
404 530 476 566 quod
488 529 554 556 mihi
569 536 642 556 nunc
651 528 797 560 succurrit,
805 527 875 562 apud
885 526 1020 554 Justinum

241 577 385 612 Martyrem
410 583 472 603 cum
488 575 516 602 in
528 579 642 609 utraque
656 574 783 610 Apologia
801 577 857 600 tum
875 573 902 599 in
915 573 1025 608 Dialogo

241 629 301 648 cunt
337 619 484 656 Tryphone,
513 621 681 648 luculentum
709 620 775 646 satis
802 619 927 646 habetur.
952 617 1021 652 Quid

240 674 322 701 porro
345 670 428 699 vetat,
445 675 499 702 quo
524 667 614 694 minus
631 674 680 701 pro
698 666 827 701 temporis
852 666 1022 700 institutique

239 712 344 739 ratione
370 720 451 739 unam
480 712 657 747 eamdemque
687 712 848 739 sententiam
875 713 901 738 in
926 712 1020 739 eodem

239 763 330 791 opere,
346 757 467 791 adeoque
494 757 579 791 magis
603 759 625 784 si
649 757 755 784 diversa
776 757 822 783 illa
836 757 905 790 sint,
927 756 1021 783 recitet

238 801 336 828 iterum
357 802 427 829 idem
442 803 557 829 auctor?
570 801 625 828 lmo
640 809 714 833 vero,
729 808 783 836 quo
798 800 965 836 singularius
979 803 1021 827 est

237 847 347 874 clintum
362 855 458 875 rursus
483 847 510 874 in
535 847 652 874 medium
669 847 827 879 adductum,
841 854 872 874 eo
886 847 1018 874 conduci~

237 895 318 922 bilius
343 895 433 922 evadit
458 895 490 922 ad
516 895 685 922 suadendum
706 902 789 922 unum
804 903 864 922 esse
880 898 1018 921 auctorem

236 941 356 975 epistolae
364 941 520 976 utriusque,
535 941 562 968 in
577 941 677 976 quibus
693 940 808 969 relatum
827 939 929 975 pariter
944 947 1019 967 com-

236 987 351 1022 peritur.

270 1032 305 1059 At
319 1033 390 1060 enim
403 1029 565 1060 sententiam
584 1033 658 1060 illam
673 1033 707 1061 de
721 1041 776 1069 qua
791 1033 1017 1069 disputamus,ex

235 1087 317 1114 opcre
343 1079 434 1114 aliquo
459 1079 694 1115 pseudepigrapho
718 1083 858 1114 exceptam
881 1079 1017 1107 novimus.

235 1124 318 1157 Quasi
332 1131 397 1151 vero
412 1124 528 1158 alicujus
544 1125 635 1159 operis
649 1126 798 1153 auctoritas
814 1129 956 1159 propterea
967 1125 1018 1151 mi-

234 1174 344 1201 nuatur,
360 1169 433 1204 quod
449 1169 523 1197 illius
537 1171 655 1205 scriptor
669 1171 791 1206 quaedam
817 1178 879 1197 vere
901 1170 972 1197 dicta
991 1174 1018 1197 et

234 1217 394 1249 argumento
408 1213 480 1249 quod
499 1214 556 1248 jam
579 1218 678 1241 tractat
693 1215 814 1250 apprime
836 1221 968 1250 congrua,
984 1222 1018 1241 ex

233 1260 305 1288 libro
320 1267 375 1287 non
392 1261 525 1287 canonico
540 1260 610 1287 forte
626 1260 778 1288 adduxerit.
796 1259 852 1287 Viri
865 1260 1018 1288 eruditissi-

233 1305 272 1334 mi
293 1305 384 1334 verbis
402 1309 464 1333 utor
477 1305 545 1340 (59).
570 1304 626 1338 Nm,
642 1305 664 1333 si
683 1311 777 1333 contra
797 1306 944 1334 secundam
960 1306 1018 1341 epi-

233 1351 331 1379 stolam
347 1351 404 1378 hmc
416 1351 487 1378 ratio
498 1351 551 1378 vim
565 1351 673 1382 habeat,
684 1351 739 1385 jam
756 1350 790 1378 de
805 1351 899 1386 prima:
910 1358 1017 1385 quoque

233 1395 389 1430 integritate
405 1395 604 1422 conclamatum
619 1394 747 1427 est.Quid
763 1394 834 1429 quod
851 1393 940 1420 Photii
953 1401 1017 1420 cen-

233 1448 298 1468 sura
313 1441 433 1476 epistolte
444 1441 586 1476 utriusque
593 1440 813 1471 consensionem,
825 1439 858 1466 ad
872 1440 930 1466 loca
943 1447 1017 1474 quaa-

232 1485 294 1512 dam
308 1485 461 1520 apocrypha
477 1485 547 1520 quod
566 1485 670 1518 attinet,
684 1485 858 1516 conﬁrmans,
873 1484 1016 1519 utriusque
1027 1507 1049 1537 ο

232 1531 297 1558 item
308 1538 392 1557 unum
403 1531 582 1565 eumdemque
594 1534 732 1557 auctorem
746 1530 888 1565 agnoscit?
899 1529 939 1556 En
953 1537 1015 1564 pcr—

231 1583 296 1604 acre
310 1576 344 1604 de
358 1576 400 1604 his
415 1576 593 1604 Clementinis
608 1576 730 1611 epistolis
755 1576 843 1603 critici
867 1575 949 1610 hujus
971 1575 1017 1610 ju-

231 1622 333 1649 dicium
350 1622 405 1657 (40)
423 1631 430 1649 :
447 1621 579 1654 Secunda,
593 1622 692 1657 inquit,
707 1621 778 1648 dicta
802 1621 922 1656 quoniam
942 1630 1016 1656 ρετα-

230 1670 308 1705 grina
325 1669 393 1696 velut
407 1677 420 1697 e
439 1678 518 1697 sacra
543 1669 680 1704 Scriptura
696 1669 854 1700 subiudacit,
871 1668 964 1704 quibus
984 1677 1015 1696 ne

229 1715 342 1749 epistola
356 1714 458 1750 quidem
472 1716 559 1750 prima
581 1715 686 1742 omnino
700 1719 784 1742 vacat.
801 1714 836 1741 Et
857 1715 1015 1748 interpreta-

232 1761 314 1787 tiones
325 1760 498 1795 quorumdam
523 1761 640 1788 locorum
654 1760 792 1787 alieniores
817 1760 927 1794 profert.
945 1760 1014 1788 Hinc

230 1805 264 1832 de
278 1809 391 1840 utraque
404 1806 441 1833 ita
456 1806 563 1833 demum
576 1806 713 1833 concludit
726 1815 733 1833 :
744 1806 866 1841 Alioquin
881 1806 939 1840 ipsa
956 1814 1015 1839 quia

229 1851 257 1877 in
272 1851 312 1879 his
329 1851 446 1886 epistolis
468 1852 557 1879 insunt
577 1861 664 1884 sensa,
681 1852 799 1879 nonnihil
820 1852 921 1887 objecta
941 1857 1013 1884 sunt,

228 1904 277 1924 nec
300 1897 472 1924 continentem
494 1899 586 1924 seriem
610 1906 641 1924 ac
665 1898 875 1932 consequentiam
899 1903 1012 1926 servant.

228 1943 348 1973 Videsne
361 1945 427 1972 nihil
435 1946 463 1973 in
473 1946 624 1980 posteriore
635 1949 730 1972 notare
739 1944 949 1980 Photium,quod
959 1953 1013 1972 non

228 1993 256 2017 et
267 1990 350 2025 priori
365 1998 426 2017 cum
437 1998 469 2017 ea
482 1998 543 2017 esse
554 1997 698 2017 commune
712 1989 885 2024 pronuntiet?
900 1989 1013 2017 Photius

229 2035 321 2070 igitur,
337 2039 367 2062 ut
383 2035 445 2069 jure
456 2035 545 2069 arguit
558 2034 731 2066 Coutanﬁus,
747 2034 890 2069 utriusque
911 2034 963 2061 hac
985 2034 1012 2061 in

228 2089 261 2109 re
275 2089 438 2109 consensum
453 2081 610 2116 indigitans,
637 2080 670 2107 ad
686 2083 829 2114 utramque
851 2080 951 2115 pariter
966 2089 1012 2108 su-

229 2125 395 2160 scipiendam
422 2132 473 2153 nos
505 2124 704 2160 quodammodo
730 2124 852 2157 inducit,
874 2124 1008 2158 hortatur,

227 2174 364 2206 perurget.

264 2215 401 2243 Hactenus
413 2223 476 2243 cum
490 2215 590 2243 Grabio
601 2223 696 2243 sumus
708 2215 736 2242 in
748 2215 844 2250 primis
855 2216 1007 2250 congressi;

228 2262 275 2297 qui
291 2265 382 2289 tamen
398 2261 526 2297 deinceps
541 2263 662 2289 animum
677 2265 799 2289 mutasse
826 2261 983 2295 perhibetur
998 2270 1005 2288 :
1021 2287 1024 2290 .

228 2307 362 2342 siquidem
378 2307 441 2334 alibi
459 2307 514 2343 (4i)
531 2307 620 2334 locum
635 2314 667 2334 ex
679 2306 798 2341 Epistola
814 2305 846 2340 ll,
861 2309 887 2333 et
898 2306 1007 2342 quidem

228 2357 357 2387 tanquam
386 2353 584 2380 Clementinum
613 2357 773 2386 acceptum,
802 2355 899 2378 contra
929 2351 1008 2379 Luca:

228 2398 351 2426 Mcllierii
374 2398 525 2426 Artemouii
541 2406 588 2425 seu
604 2397 738 2425 Samuelis
753 2397 844 2424 Crcllii
857 2397 1007 2424 cavillatio-

228 2453 277 2472 nes
289 2445 389 2472 acriter
402 2448 555 2479 propugnat
568 2452 574 2470 :
589 2444 656 2471 adeo
672 2446 701 2470 ut
716 2443 773 2470 sive
787 2441 929 2469 Grabianxe
944 2449 1006 2469 sen—

227 2492 318 2519 tentia:
331 2491 465 2526 patronis,
481 2491 538 2518 sive
563 2490 603 2517 vel
630 2489 680 2524 ipsi
704 2488 804 2515 Grabio
827 2488 893 2515 nihil
909 2488 1005 2523 reliqui

227 2545 288 2564 esse
304 2537 437 2564 videatur.

263 2582 318 2609 Vll.
335 2581 404 2609 Sunt
427 2582 548 2617 insuper,
564 2582 609 2617 qui
630 2581 755 2609 sccundae
771 2580 851 2615 hujus
872 2579 1000 2614 Epistoltc

273 2670 317 2701 38)
334 2669 473 2701 Coutant.,
491 2666 576 2703 Epist.
589 2667 667 2704 Rom:
676 2667 790 2704 Ρρηιὶίη
805 2675 866 2704 pag.
883 2666 927 2699 59,
945 2666 958 2702 §
975 2675 1001 2694 v.

273 2705 318 2739 59)
339 2705 417 2737 Mill.,
432 2704 583 2739 Prolegom.
600 2704 633 2730 ad
646 2702 677 2730 Ν.
694 2703 738 2735 T.,
756 2702 784 2729 ii.
801 2702 861 2729 M7.

261 2740 317 2774 (41))
337 2740 404 2774 Bibl.
420 2740 482 2774 cod.
495 2746 584 2774 cxxvi.

262 2772 317 2810 (Μ)
336 2772 437 2810 Annot.
450 2773 483 2800 ad
507 2772 632 2810 G.~l}ulli
650 2772 752 2801 defens.
771 2772 814 2800 (id.
831 2772 902 2807 Nic.,
932 2775 1000 2799 sect.

227 2807 335 2846 ll.'cap.
352 2810 378 2842 5,
395 2809 408 2844 ξ
424 2809 448 2842 5,
468 2815 526 2843 pag.
544 2807 587 2834 δὲ.

1074 211 1160 242 ptum,
1171 208 1217 243 qui
1234 207 1274 235 sic
1289 215 1318 234 se
1330 207 1409 234 habet
1421 207 1491 242 (4‘2):
1507 207 1540 234 El
1553 208 1604 243 τῆς
1618 209 1761 245 παρούσης
1775 219 1855 238 κατα-

1075 252 1194 284 στάσεως
1207 252 1237 279 τὸ
1250 252 1326 284 τέλος
1339 253 1422 284 ἐστὶν,
1437 254 1453 288 ἡ
1473 253 1515 279 διὰ
1532 253 1579 280 τοῦ
1601 254 1686 290 πυρὸς
1699 256 1791 291 κρίσις
1804 257 1856 284 τῶν

1073 298 1188 330 ἀσεϐῶν,
1198 298 1270 325 καθά
1283 307 1364 333 φασιν
1378 299 1405 325 αἱ
1420 300 1524 334 γραφαὶ
1538 301 1683 335 προφητῶν
1691 309 1720 327 τε
1736 303 1784 328 καὶ
1793 303 1857 329 ἁπο-

1073 345 1182 376 στόλων,
1197 345 1237 371 ἔτι
1250 345 1278 371 δὲ
1292 345 1339 372 καὶ
1352 345 1402 380 τῆς
1416 345 1560 380 Σιϐύλλης,
1575 346 1665 378 καθώς
1681 356 1764 382 φησιν
1773 349 1788 374 ὀ
1805 358 1855 384 μα-

1073 390 1167 426 κάριος
1173 391 1230 426 Κλή
1235 400 1287 426 μης
1296 391 1324 418 ἐν
1332 392 1364 426 τῇ
1372 391 1440 426 πρὸς
1448 391 1608 427 Κορινθίους
1617 393 1744 429 ἐπιστολῇ
1753 413 1760 425 ,
1770 403 1797 421 κ.
1805 395 1856 423 τ.λ.

1075 445 1084 462 t
1104 436 1133 464 Si
1150 438 1291 472 praesentis
1308 445 1399 464 rerum
1422 441 1509 465 status
1538 437 1610 470 ﬁnis,
1638 443 1679 466 est
1708 439 1859 475 impiorum

1071 491 1121 518 per
1134 484 1222 518 ignem
1235 482 1466 518 judicium,prout
1481 487 1617 511 testantur
1626 483 1776 520 Scriptura:
1790 494 1856 521 pro-

1071 530 1214 565 phetarum
1235 533 1263 557 et
1286 530 1482 564 apostolorum,
1499 534 1581 565 atque
1606 530 1718 565 insuper
1734 531 1857 568 Sibyllae,

1072 579 1102 602 ut
1111 575 1149 602 ait
1158 576 1253 603 beatus
1262 575 1387 603 Clemens
1394 576 1421 603 in
1432 576 1551 611 Epistola
1559 576 1592 604 ad
1602 576 1775 609 Corinthios,
1783 588 1793 604 ι
1804 583 1858 606 etc.

1070 620 1112 648 Ad
1125 629 1185 656 quae
1198 622 1308 656 quidem
1320 623 1401 650 verba
1416 623 1494 657 plura
1509 623 1615 651 erudite
1627 624 1758 651 observat
1773 624 1858 652 Cote-

1070 665 1164 698 lerius,
1180 671 1262 701 atque
1278 675 1312 694 ex
1326 674 1359 694 eo
1380 668 1544 695 Coutantius
1565 668 1675 703 aliique.
1692 668 1811 702 Verum,
1829 671 1859 698 iis

1071 712 1173 744 missis,
1203 712 1231 739 in
1251 713 1369 740 medium
1398 713 1521 748 proferre
1546 714 1621 745 libet,
1637 722 1698 749 quae.
1719 715 1756 742 ad
1783 715 1858 744 hunc

1073 758 1292 792 pseudo-Justini
1321 759 1409 786 locum
1438 759 1578 787 adnotavit
1606 769 1726 796 nuperus
1741 769 1858 796 operum

1072 803 1100 832 S.
1116 804 1216 832 Justini
1230 805 1318 832 editor
1332 804 1514 834 Parisiensis:
1535 816 1544 832 ε
1563 806 1630 834 Cum
1645 806 1773 843 Sibyllini
1795 817 1858 836 ver-

1071 857 1129 879 sus.
1143 849 1241 884 inquit,
1257 849 1411 877 referantur
1422 850 1449 876 in
1461 850 1604 878 Constitut.
1630 851 1745 884 apostol.
1762 851 1817 879 lib.
1834 860 1857 883 ν,

1070 894 1142 928 quod
1158 901 1226 928 opus
1241 894 1293 922 sub
1304 895 1413 922 nomine
1425 895 1572 923 Clementis
1582 895 1719 923 ferebatur
1730 917 1738 929 ,
1753 898 1857 932 conjici

1069 944 1162 974 posset
1175 944 1299 967 nostrum
1316 941 1388 968 hunc
1405 941 1576 976 scriptorem,
1586 943 1715 969 memoria
1728 943 1858 971 eﬂluente

1070 985 1251 1016 existimasse,
1265 985 1316 1012 hoc
1329 985 1438 1021 Sibyllae
1452 986 1637 1013 testimonium
1657 987 1730 1021 quod
1744 987 1773 1014 in
1788 987 1857 1015 Con-

1069 1030 1250 1057 stilutionibus
1265 1031 1417 1065 apostolicis
1430 1031 1542 1067 legerat,
1559 1032 1586 1059 in
1612 1031 1734 1066 Epistola
1757 1033 1795 1060 ad
1808 1034 1856 1061 Co-

1069 1075 1186 1103 rinthios
1201 1079 1319 1103 exstare.
1334 1075 1361 1103 Si
1377 1077 1468 1104 minus
1485 1077 1590 1111 placeat
1607 1077 1665 1104 inec
1680 1078 1856 1113 conjectura,

1069 1121 1137 1148 illud
1163 1121 1258 1149 saltem
1275 1130 1337 1148 cum
1353 1122 1520 1150 doctissimis
1535 1123 1603 1151 viris
1622 1131 1786 1152 asseverare
1804 1134 1857 1154 non

1068 1165 1209 1199 dubitabo,
1226 1171 1349 1195 neStrum
1373 1168 1533 1202 scriptorem
1548 1168 1659 1196 minime
1673 1176 1738 1197 cum
1755 1170 1799 1198 eis
1822 1171 1857 1200 fa-

1068 1219 1140 1243 cere,
1164 1212 1210 1247 qui
1227 1212 1287 1245 ejus
1313 1212 1469 1239 testimonio
1493 1216 1618 1246 utuntur,
1642 1218 1672 1241 ut
1699 1214 1856 1250 Epistolam

1068 1255 1097 1284 S.
1110 1256 1256 1284 Clementis
1270 1257 1417 1284 secundam
1433 1258 1544 1286 minime
1557 1259 1703 1293 genuinam
1714 1268 1782 1289 esse
1795 1270 1856 1296 pro-

1067 1302 1142 1333 bent,
1159 1302 1205 1330 sed
1220 1303 1339 1330 hominis
1361 1303 1443 1331 fetum
1458 1303 1502 1331 cui
1514 1304 1571 1331 noti
1583 1309 1662 1331 erant
1677 1304 1810 1342 Sibyllini
1824 1307 1856 1336 de

1067 1350 1188 1374 extremo
1208 1347 1312 1381 judicio
1328 1355 1435 1378 versus.
1458 1349 1545 1376 multo
1564 1350 1727 1378 recentioris
1743 1351 1776 1379 S.
1795 1352 1856 1380 Cle-

1067 1398 1165 1421 mente.
1186 1393 1220 1421 L‘t
1241 1395 1364 1422 omittam
1397 1396 1650 1432 pseudo-Iustinum
1666 1398 1695 1425 in
1721 1400 1854 1435 ambiguo

1066 1439 1219 1475 reliquisse,
1236 1446 1325 1468 utrum
1342 1441 1370 1469 S.
1387 1441 1534 1470 Clementis
1548 1442 1697 1478 Epistolam
1711 1446 1855 1479 citaverit;

1066 1484 1128 1519 quis
1139 1485 1245 1520 ignorat
1253 1486 1338 1512 multa
1349 1485 1459 1522 Sibyllis
1470 1487 1592 1520 oracula,
1606 1489 1779 1524 propheticis
1792 1499 1855 1518 scn-

1065 1531 1159 1558 tentiis
1168 1536 1360 1566 consentanea,
1377 1533 1488 1560 attribui
1500 1534 1580 1560 solita
1593 1533 1687 1567 fuisse,
1703 1541 1855 1572 antequam

1065 1576 1206 1610 prodirent
1230 1579 1352 1604 carmina
1376 1578 1422 1605 illa
1448 1577 1599 1614 Sibyllina?
1613 1580 1738 1613 Quorum
1755 1583 1853 1610 artifex

1065 1629 1120 1649 non
1135 1622 1244 1650 videtur
1260 1623 1368 1651 facinus
1385 1628 1576 1659 suscepturus.
1593 1631 1640 1653 aut
1657 1627 1760 1656 saltem
1774 1635 1854 1664 opta-

1065 1671 1107 1695 tos
1124 1667 1226 1695 fraudis
1241 1669 1331 1697 exitus
1348 1669 1503 1701 habiturus,
1521 1671 1572 1698 nisi
1587 1671 1642 1705 jam
1668 1676 1728 1699 tum
1752 1675 1853 1702 animi;

1065 1713 1211 1740 insedisset
1237 1714 1384 1749 anticipata
1409 1714 1443 1742 de
1470 1714 1610 1751 Sibyllinis
1625 1719 1853 1751 praedictionibus

1065 1758 1167 1792 opinio.
1177 1768 1186 1784 ι
1200 1758 1335 1786 Hactenus
1346 1760 1389 1787 vir
1401 1760 1445 1787 ille
1456 1761 1562 1789 doctus.
1579 1762 1629 1795 Qui
1644 1769 1739 1791 autem
1755 1766 1808 1793 hac
1820 1767 1853 1794 dc

1066 1810 1094 1830 re
1106 1804 1182 1838 plura
1195 1804 1265 1830 scire
1276 1805 1404 1838 gestiunt,
1421 1814 1468 1833 eos
1483 1807 1516 1834 ad
1532 1808 1681 1843 scriptores
1696 1811 1779 1838 modo
1791 1812 1853 1839 lau-

1064 1849 1142 1876 datos
1157 1849 1330 1878 remittimus.

1099 1893 1167 1920 Vlll.
1185 1893 1325 1929 Reliquum
1339 1899 1378 1923 est
1395 1900 1424 1922 ut
1444 1897 1514 1924 alius
1537 1898 1687 1926 adversarii
1704 1909 1796 1936 neque
1809 1902 1852 1930 in-

1063 1938 1180 1966 eelebris
1199 1947 1287 1973 neque
1306 1940 1418 1972 indocti,
1445 1941 1592 1970 Hermanni
1626 1944 1851 1982 Veneiiia-,0Lje-

1063 1984 1228 2012 ctationibus
1237 1993 1423 2019 occurramus,
1434 1987 1533 2022 quibus
1549 1988 1632 2024 hujus
1648 1990 1781 2026 Epistola-
1795 2002 1852 2028 qua

1063 2028 1097 2056 de
1112 2030 1227 2065 agimus,
1244 2030 1385 2066 integritas
1409 2032 1595 2062 vehementius
1610 2035 1761 2070 impetitur.
1774 2037 1810 2064 Et
1825 2040 1850 2066 in

1062 2075 1149 2109 prima
1164 2076 1274 2110 quidem
1284 2075 1465 2111 Epistolarum
1476 2073 1776 2116 suarum(45)quarum
1790 2093 1850 2111 mo-

1062 2119 1097 2147 do
1107 2120 1290 2152 meminimus,
1300 2121 1327 2148 in
1345 2129 1378 2148 eo
1387 2125 1461 2150 totus
1478 2126 1520 2150 est
1531 2123 1572 2150 vir
1587 2124 1654 2152 clar.
1664 2134 1720 2161 quo
1733 2129 1851 2162 probet.

1023 2175 1047 2204 ι)
1060 2173 1115 2193 non
1131 2170 1235 2193 tantum
1262 2166 1456 2203 Hieronymum
1479 2168 1616 2197 doctorem
1642 2173 1798 2202 maximum
1816 2176 1852 2203 ad

1060 2212 1207 2240 secundam
1222 2212 1370 2248 Epistolam
1387 2213 1584 2242 Clementinam
1600 2219 1769 2252 respexisse,
1779 2221 1851 2248 dum

1059 2265 1109 2301 nos
1124 2258 1232 2285 edocuit
1249 2258 1277 2286 S.
1290 2259 1456 2287 Clementem
1477 2260 1511 2287 ad
1525 2262 1678 2296 spirituales
1692 2269 1718 2291 et
1731 2273 1848 2301 evange-

1058 2300 1122 2328 licos
1135 2301 1266 2329 eunuchos
1283 2303 1437 2338 scripsisse,
1455 2313 1685 2341 omnemque-pene
1695 2300 1852 2338 sermonem

1057 2353 1133 2372 suum
1160 2345 1192 2372 de
1217 2347 1374 2382 virginitatis
1399 2349 1512 2383 puritate
1539 2353 1721 2386 contemnisne,
1746 2362 1854 2383 verum

1057 2391 1137 2418 etiam
1152 2390 1179 2417 S.
1202 2391 1382 2426 Epiphanium
1403 2394 1431 2421 in
1454 2396 1575 2423 eamdem
1600 2398 1696 2425 oculos
1711 2399 1854 2429 habuisse

1057 2435 1186 2470 intentos,
1203 2438 1266 2464 dum
1275 2439 1308 2465 de
1323 2439 1408 2474 ipsius
1420 2440 1567 2469 Clementis
1578 2442 1707 2477 Epistolis
1721 2448 1854 2481 magi-li-

1057 2483 1094 2510 cis
1110 2490 1262 2510 sermonem
1277 2485 1381 2513 habuit.
1397 2485 1453 2513 Nec
1470 2487 1505 2513 ita
1520 2488 1605 2515 multo
1618 2494 1690 2523 post.
1706 2492 1747 2518 sui
1762 2495 1838 2527 peni

1056 2532 1101 2556 tus
1116 2529 1217 2557 oblitus
1232 2529 1273 2556 vir
1291 2531 1426 2563 eruditus,
1438 2533 1509 2566 quod
1524 2533 1646 2567 profecto
1657 2536 1753 2563 mirari
1774 2540 1844 2565 sub

1056 2575 1087 2606 it,
1108 2575 1186 2609 plura
1209 2577 1330 2611 COng'EI‘ii
1345 2576 1403 2612 (44)
1422 2577 1522 2612 quibus
1543 2579 1660 2612 evincat,
1678 2582 1762 2609 aliutn
1783 2591 1852 2611 om-

1091 2664 1147 2700 (42)
1154 2665 1257 2705 Quiut.
1267 2665 1411 2705 odori/13d.
1424 2666 1558 2702 Respons.
1575 2668 1608 2696 ad
1621 2675 1718 2705 qmest.
1741 2679 1848 2704 Lxxtv.

1054 2701 1135 2728 inter.
1151 2699 1218 2734 Opp.
1237 2700 1264 2728 S.
1280 2700 1349 2728 Just.
1363 2701 1397 2729 Μ.

1155 2735 1240 2775 Epist.
1254 2736 1322 2775 l,__ad
1337 2737 1387 2775 cel.
1401 2736 1606 2775 P.3Vesscling.
1625 2739 1639 2774 ᾗ
1653 2739 1695 2771 10,
1709 2748 1734 2774 p.
1753 2743 1805 2769 ib.

1089 2770 1145 2804 (Η)
1159 2770 1243 2806 Epist.
1267 2770 1301 2803 ll,
1319 2771 1352 2799 ad
1386 2772 1422 2800 cl.
1439 2772 1471 2800 Τ.
1489 2770 1693 2807 llemstl‘crus.,
1710 2770 1789 2811 §30,
1814 2786 1845 2813 p.

1063 2805 1100 2832 ἲϋ.
