1893 3101
52 140 85 170 ως
625 129 796 159 PROOEMIA
815 128 1005 158 VARIORUM.

1572 131 1624 159 £02

51 197 99 224 uino
108 201 159 222 eSse
174 200 188 219 a
199 191 335 220 Clemente
358 198 410 219 nec
433 197 466 218 eo
493 190 574 225 paulo
599 188 790 218 recentiorem.
806 187 828 215 A
844 193 906 212 nam
921 186 1177 222 institutionemque
1194 187 1313 222 primum
1329 188 1438 223 quidem
1455 193 1597 218 assecutus
1608 198 1623 218 a

50 240 82 268 cui
93 239 141 267 haec
154 238 205 273 ipsa
227 236 347 271 Epistola
372 235 508 264 referatur
536 239 657 269 accepta.
682 233 787 261 Nollem

50 285 128 312 factum
148 282 275 309 enimvero
292 279 378 315 :quid
399 279 517 314 loquar?
533 278 573 305 An
591 278 670 313 longa
688 277 732 303 illa
746 277 788 304 di-

50 329 174 366 sputatione
195 333 272 362 quam
294 327 412 361 primum
436 325 577 352 contexuit
601 323 634 352 ll.
659 322 788 353 Venema.

49 383 86 402 nos
107 373 188 400 ludere
203 371 306 398 voluit?
320 370 361 397 An
376 377 442 397 vero
459 369 651 405 Hieronymum
678 373 704 395 et
727 368 791 403 Epi-

49 421 149 456 phanium
165 419 197 445 ita
213 418 313 446 bardos
328 418 505 448 existimavit,
522 421 551 444 ut
581 423 630 450 pro
652 415 706 443 fetu
727 415 790 442 Cle-

48 465 143 492 menlino
156 463 299 499 Epistolarn
309 464 461 498 reciperent
470 461 692 497 supposititiam?
708 460 792 487 Nimi-

49 517 93 536 rum
115 509 151 536 vir
168 509 277 536 criticus
304 508 338 535 ad
363 508 545 536 subruendam
557 507 790 535 Clementinarum

48 553 196 588 Epistolarum
224 552 262 580 De
289 553 439 588 virginitate
464 552 657 587 integritatem,
685 552 791 586 telaque

47 600 97 626 clar.
111 598 237 626 Welstenii
261 600 376 627 editoris
401 599 572 630 declinanda,
588 598 705 633 primum
729 599 790 633 qui-

46 644 91 671 dem
103 644 132 672 ad
144 645 315 679 posteriorem
337 644 485 672 Clementis
511 644 714 671 Corinthiacum
728 643 791 678 Epi-

46 690 122 716 stulam
134 690 198 716 velut
214 688 247 716 ad
271 689 376 725 asylum
395 688 528 724 confugit,
551 689 711 723 nullumque
736 696 791 716 non

45 737 115 761 movet
135 734 240 770 lapidem
270 742 325 770 quo
352 735 422 762 hanc
453 734 601 770 Epistolam
625 735 792 763 demonstret

45 779 101 805 illam
112 779 261 814 ipsissimam
277 787 338 807 esse
354 779 379 806 in
392 787 471 814 quam
487 780 598 814 digitum
616 780 792 807 intenderunt

43 827 134 855 veteres,
152 823 330 860 Hieronymus
344 825 371 851 in
391 825 487 859 primis
502 828 585 859 atque
596 824 764 860 Epiphanius
781 834 788 852 :

44 868 183 902 postmodum
198 873 297 900 autem,
313 869 423 904 perinde
443 877 475 896 ac
497 870 530 897 de
554 870 691 904 triumpho
711 878 790 897 secu-

44 920 88 945 rus,
99 914 121 940 in
134 914 248 941 eamdem
262 915 409 950 consurgit
423 915 572 943 secundam
585 916 789 944 Corinthiacum

44 958 172 993 Epistulam,
184 967 263 994 quam
275 961 491 988 cornmcntitiam
506 970 568 990 esse
583 963 662 990 nobis
678 971 791 998 persua-

44 1004 90 1031 dere
109 1009 229 1038 conatur;
259 1006 385 1041 nihilque
415 1007 491 1042 pensi
519 1007 621 1039 habet,
644 1008 792 1036 dummodo

43 1050 104 1077 unius
119 1051 210 1085 prioris
235 1052 269 1079 ad
294 1052 453 1081 Corinthios
477 1054 605 1089 Epistolaa
620 1060 715 1083 auctor
728 1055 791 1084 Cle-

43 1102 101 1123 mens
114 1104 168 1124 esse
181 1098 313 1127 videatur.
328 1099 383 1135 Age
398 1109 480 1133 nunc,
495 1102 539 1128 illa
551 1102 729 1131 discutiamus
741 1111 791 1138 po-

43 1141 102 1173 tiora,
115 1150 168 1177 qua:
193 1144 225 1171 ad
240 1145 302 1179 ejus
328 1147 544 1181 suppositionem
559 1148 737 1176 evincendam
752 1149 793 1177 vir

44 1187 116 1215 doctus
126 1188 235 1217 adducit.

68 1231 168 1261 Primum
182 1235 262 1270 igitur
278 1242 469 1272 argumentum
487 1246 520 1265 ex
536 1245 570 1266 eo
594 1239 663 1274 petit
689 1238 722 1268 ll.
740 1239 792 1268 Ve-

42 1286 102 1305 nema
114 1280 174 1315 (ιδ),
187 1281 258 1316 quod
274 1286 372 1310 auctor
396 1283 524 1319 Epistolas
553 1285 714 1320 posterioris
730 1293 791 1314 sese

41 1323 125 1358 origine
145 1326 267 1360 gentilem
295 1332 387 1362 aperte
414 1329 511 1363 prodat
525 1328 594 1365 (46),
610 1337 671 1357 cum
698 1333 793 1357 contra

41 1369 128 1397 natione
151 1370 270 1399 Judaeum
302 1372 389 1401 fuisse
415 1374 582 1402 Clementem
596 1375 715 1402 clamare
729 1383 794 1403 cen-

40 1418 114 1442 scatur
132 1415 204 1444 locus
232 1418 280 1445 ille
305 1419 406 1454 prioris
430 1419 567 1455 Epistolaa,
585 1420 629 1448 ubi
659 1420 793 1449 Jacobum

39 1465 120 1491 patrem
135 1467 246 1490 nostrum
260 1464 383 1499 appellat
396 1465 462 1500 (47).
475 1465 599 1494 Perbelle
613 1475 689 1496 sane.
700 1468 794 1504 Neque

40 1512 108 1540 nuper
119 1506 218 1536 demum
225 1514 324 1537 exorta
330 1514 373 1538 est
384 1511 417 1538 de
425 1511 568 1539 Judaismo
576 1513 723 1542 Clementis
733 1515 792 1549 opi-

40 1551 81 1578 nio.
96 1552 201 1587 Primus,
213 1555 285 1590 quod
299 1556 408 1591 quidem
431 1559 527 1591 sciam,
544 1559 589 1594 qui
602 1567 661 1587 eam
679 1561 791 1594 invexit,

40 1594 78 1623 luit
97 1597 274 1628 Tillemontius
307 1601 374 1636 (48).
400 1601 504 1630 Exinde
519 1612 596 1632 -vero
611 1604 681 1632 idem
704 1606 792 1634 visum

39 1645 159 1674 Coutantio
167 1648 231 1683 (49),
243 1649 310 1676 licet
319 1655 411 1684 postea
426 1652 590 1678 sententiam
600 1654 711 1680 mutarit
725 1653 791 1689 (50).

39 1690 138 1719 Accessit
150 1693 254 1721 demum
272 1694 439 1727 Ceillierius.
456 1697 502 1731 qui
533 1696 646 1725 ﬁdenter
662 1699 744 1726 nimis
762 1699 790 1726 id

40 1746 139 1767 asserere
157 1749 211 1768 non
226 1742 365 1770 dubitavit
380 1742 447 1778 (5i).
474 1743 509 1770 At
538 1744 647 1772 clumbe
670 1745 793 1780 profecto

40 1783 166 1813 habendum
191 1792 383 1822 argumentum
415 1789 590 1821 istiusmodi,
614 1798 668 1825 quo
700 1790 794 1819 Corin-

39 1830 114 1858 thiaw
146 1833 305 1867 posterioris
333 1833 460 1869 Epistolre
492 1836 604 1863 tollatur
640 1837 791 1873 integritas.

39 1874 117 1907 Quidni
138 1877 215 1905 sodes
233 1878 363 1907 Clemens
390 1879 468 1907 Pauli
498 1883 636 1918 συνεργὸς,
661 1883 792 1912 Jacobum

38 1925 117 1952 patrem
139 1928 254 1950 nostrum
284 1931 320 1951 eo
348 1931 430 1952 sensu
456 1933 556 1953 vocare
584 1928 713 1961 potuerit,
739 1937 793 1964 quo

39 1967 92 1994 idem
105 1969 242 2004 Apostolus
257 1971 450 2006 promissionis
463 1972 533 2000 ﬁlios
548 1973 575 2000 in
591 1974 695 2001 semine
706 1975 793 2002 Abra-

38 2010 70 2038 lla:
80 2018 101 2039 et
115 2014 190 2043 Israel
208 2016 365 2051 computari
379 2017 469 2049 docet,
487 2021 518 2045 ut
535 2022 608 2045 recte
631 2018 793 2048 Coutantius

39 2059 115 2086 melius
125 2062 276 2089 consultus?
287 2062 347 2089 Non
355 2064 433 2095 enim,
443 2063 530 2098 inquit
540 2064 649 2092 divinus
663 2073 751 2100 praeco
759 2066 791 2097 ".

38 2112 106 2131 omne:
113 2107 152 2140 qui
161 2115 190 2134 ea:
197 2107 284 2134 Israel
293 2112 366 2139 sunt,
382 2108 402 2134 ii
416 2112 478 2135 sunt
492 2107 621 2136 Israelitw
632 2117 641 2136 .'
653 2118 733 2144 neque
750 2112 794 2146 qui

38 2157 105 2176 limen
112 2157 166 2177 sunt
175 2152 390 2184 Abrahawmnes
401 2153 450 2187 ﬁlii
463 2160 471 2179 :
482 2153 526 2180 sed
537 2154 562 2180 in
572 2153 651 2181 Isaac
659 2155 793 2182 vocabitur

38 2195 73 2221 tibi
82 2205 156 2223 semen
169 2207 178 2225 :
189 2198 216 2224 id
224 2203 274 2229 est.
284 2207 336 2225 non
349 2199 393 2234 qui
401 2198 452 2233 ﬁlii
466 2199 657 2234 carnis,hiﬁlii
677 2200 734 2233 Dei,
748 2205 792 2228 sed
808 2191 830 2218 Β

38 2241 128 2274 quiﬁlii
141 2249 201 2270 sunt
221 2244 418 2278 promissionis,
444 2245 610 2271 mstimantur
633 2246 660 2272 in
685 2247 791 2274 semine.

38 2284 90 2313 Hinc
99 2287 185 2315 alibi"
197 2289 282 2316 etiam
300 2289 416 2322 ipsemet
430 2288 579 2323 Apostolus
594 2288 678 2316 Israel
690 2290 738 2317 Dei
750 2299 796 2318 vo-

37 2334 70 2355 cat
91 2333 190 2360 eosdem
212 2333 407 2369 promissionis
433 2333 513 2366 ﬁlios,
529 2334 586 2362 sive
600 2343 633 2362 ex
648 2335 794 2364 circumci-

37 2375 96 2404 sione
107 2377 160 2406 sive
170 2386 202 2406 ex
221 2379 356 2414 praeputio
373 2383 492 2407 vocatos.
508 2379 583 2407 Hanc
599 2379 680 2415 igitur
694 2381 798 2409 doctri-

62 2468 81 2486 ⁸³
93 2468 210 2505 Roumx,
219 2472 280 2500 6-8.
321 2471 343 2487 ³⁸
354 2471 440 2498 Galat.
449 2478 488 2503 vl,
500 2470 598 2504 15,16.

70 2550 109 2587 i5)
121 2550 203 2587 Epist.
216 2551 250 2583 ll,
267 2552 285 2578 l.
304 2559 319 2578 c

70 2584 108 2622 46)
119 2584 212 2622 ςῑωι..
226 2587 316 2622 Epist.
331 2586 353 2612 ll
367 2586 406 2622 ad,
417 2586 494 2619 Cor.,
506 2593 585 2621 capp.
602 2586 615 2613 ι
633 2590 660 2614 et
673 2585 701 2614 2.

71 2621 108 2657 η)
119 2621 166 2657 ld..
185 2622 273 2657 Epist.
287 2622 309 2652 l.
324 2629 381 2655 cap.
393 2621 419 2648 4.

61 2655 108 2692 (48)
121 2656 196 2692 item.
208 2655 289 2692 'Hist.
301 2657 376 2692 egoh,
392 2660 412 2683 ι.
426 2655 458 2688 ll,
472 2664 498 2692 p.
512 2656 573 2684 H9.

62 2691 108 2727 (f9)
121 2691 201 2727 Epist.
215 2691 295 2718 Rom.
309 2690 422 2726 Ponti[.,
434 2700 460 2727 p.
473 2690 519 2718 Η.

61 2725 108 2762 (se)
120 2726 198 2762 tua,
212 2735 240 2762 ρ.
252 2727 299 2754 41.

61 2760 303 2798 (ἓξ)ζ1ίει.9ξπιτ.,
320 2766 384 2798 tom.
399 2761 419 2794 l,
430 2769 456 2796 p.
469 2761 529 2789 508.

61 2795 108 2831 (ξῖ)
121 2795 211 2831 Epist;
221 2796 243 2828 Ι,
258 2803 323 2831 cap.
341 2797 386 2824 51.

63 2829 109 2866 (55)
122 2829 317 2860 κίνει-Ποιή
330 2832 357 2860 in
370 2831 451 2859 Sabb.
466 2835 553 2859 sanct.
568 2831 600 2859 ad
616 2832 739 2867 prophet.
754 2839 781 2858 ιν

100 2762 109 2866 l

839 230 926 258 Paulo
940 231 1067 259 Clemens
1092 231 1242 264 Romanus.
1265 234 1394 269 deinceps
1411 243 1476 262 vero
1491 236 1585 263 volens
1598 242 1625 264 et

840 278 899 312 ipse
919 277 1015 305 iisdem
1037 279 1195 313 apostolicis
1219 280 1363 315 praeceptis
1387 281 1509 308 imbuere
1523 281 1623 309 Corin-

840 323 923 355 thios,
937 322 1068 350 Jacobum
1083 329 1184 358 patrem
1210 331 1330 353 nostrum
1348 327 1453 354 vocavit
1468 335 1474 352 :
1491 329 1625 362 quemad-

840 368 950 395 modum
980 369 1062 396 ctiam
1090 370 1189 398 ibidem
1214 372 1355 399 nonnullis
1382 372 1532 406 interjectis
1557 373 1624 408 (52),

839 419 941 448 patrem
957 419 1075 442 nostrum
1090 417 1234 451 appellavit
1250 418 1445 446 Abrahamum.
1462 418 1547 451 Quam
1564 419 1626 454 qui-

841 461 901 488 dem
918 460 1070 488 doctrinam
1083 469 1144 489 cum
1160 462 1257 490 deinde
1271 463 1421 498 accepisset
1436 463 1556 492 Ecclesia
1571 463 1626 491 Ro-

842 514 921 533 mana
934 507 991 534 sive
1007 507 1041 534 ab
1056 508 1186 542 Apostolo
1198 509 1255 536 sive
1267 509 1348 535 etiam
1361 509 1394 535 ab
1403 509 1463 543 ipso
1475 509 1623 542 Clemente,

842 555 964 579 sanctam
992 551 1062 579 inter
1087 553 1222 580 actionem
1250 553 1435 587 precationem
1466 553 1624 588 hujusrnodi

842 597 928 623 sacris
943 598 1077 624 ministris
1086 597 1253 624 recitandam
1268 598 1366 624 indixit
1378 598 1432 633 (55)
1447 606 1452 623 :
1467 598 1548 629 Deus,
1561 598 1626 632 {ide-

842 641 907 668 lium
926 648 1001 676 pater
1027 651 1137 673 summe,
1155 643 1200 677 qui
1214 643 1239 669 in
1258 647 1311 669 toto
1336 643 1396 670 orba
1421 648 1551 670 terrarum
1564 652 1626 678 pra-

842 689 976 716 missionis
993 694 1044 715 ture
1068 689 1139 722 ﬁlios
1155 689 1254 723 diffusa
1274 689 1421 723 adoptionis
1435 689 1522 724 gratia
1536 691 1626 717 multi—

841 734 934 768 plicas,
950 739 974 761 et
991 743 1034 768 per
1052 735 1175 769 paschale
1189 739 1395 765 sacramentum,
1411 734 1544 761 Abraham
1563 743 1626 770 pue-

843 788 902 806 rum
919 785 992 806 tuum
1007 781 1200 811 universarum,
1213 781 1284 806 sicut
1295 780 1407 813 jurasli,
1419 781 1534 814 genlium
1548 781 1625 815 eﬁicis

842 831 954 860 patrem.
974 832 1026 853 etc.
1043 826 1115 852 Alibi
1131 834 1240 861 quoque
1264 826 1367 853 clarius
1382 825 1471 852 adhuc
1485 827 1557 860 (54):
1571 826 1626 853 Pa-

842 879 881 900 ter
901 873 962 908 ﬁdei
976 878 1072 900 nostra:
1091 873 1226 899 Abraham
1245 881 1373 903 summus,
1390 873 1484 899 obtuli!
1502 873 1625 900 holocau-

841 924 910 946 stum
924 927 1001 954 super
1016 918 1100 946 altare
1110 927 1156 952 pro
1171 918 1238 952 ﬁlio.

877 964 946 997 Quid
963 964 1034 998 quod
1054 963 1221 998 Theophilus
1242 963 1268 989 in
1285 963 1342 990 suis
1359 962 1391 990 ad
1411 962 1573 998 Autolycum
1594 964 1627 990 li-

842 1010 900 1038 bris
923 1010 989 1045 (55),
1008 1009 1081 1045 quod
1106 1017 1174 1044 pene
1195 1009 1352 1040 exciderat,
1375 1007 1504 1036 Davidem
1525 1014 1626 1042 patrem

843 1065 891 1084 seu
908 1057 1097 1091 progenitorem
1118 1061 1236 1083 nostrum
1265 1054 1402 1090 appellat?
1416 1055 1529 1080 Ἔπειτα
1547 1055 1628 1081 Anule

842 1103 856 1129 ὁ
868 1103 998 1138 πρόγονος
1012 1103 1090 1139 ἡμῶν
1105 1101 1297 1138 (ἐϐασίλευσεν)
1313 1102 1359 1137 ἐτη
1378 1105 1413 1137 μ’.
1431 1110 1440 1126 ‹
1454 1100 1556 1128 Deinde
1571 1100 1626 1127 Da-

842 1148 888 1175 vid
899 1152 974 1182 pater
987 1152 1074 1175 noster
1085 1148 1208 1182 regnavit
1218 1154 1305 1174 annos
1322 1145 1512 1181 quadraginta.
1527 1155 1536 1171 ι
1551 1144 1627 1172 Nun-

843 1193 908 1228 quid
924 1193 985 1220 ideo
1001 1192 1143 1224 Hebrams,
1159 1192 1305 1227 episcopus
1317 1191 1369 1219 iste
1388 1190 1593 1218 Antiochenus?

879 1239 990 1271 Verum,
1005 1243 1035 1267 ut
1044 1239 1076 1266 ad
1087 1246 1119 1266 ea
1130 1239 1222 1270 verba,
1239 1238 1367 1265 Jacobum
1380 1243 1480 1273 patrem
1495 1243 1625 1269 nostrrun,

844 1286 965 1322 apertius
980 1285 1148 1314 enucleanda
1165 1286 1302 1320 simulque
1317 1285 1513 1321 propugnanda
1529 1285 1628 1312 redea-

844 1341 915 1366 mus,
935 1341 989 1368 quo
1010 1332 1139 1367 deinceps
1159 1339 1191 1359 ex
1219 1340 1314 1359 eorum
1339 1332 1515 1367 ambiguitate
1537 1331 1627 1359 omnis

844 1379 991 1415 objiciendi
1017 1379 1179 1414 praecidatur
1204 1379 1314 1406 occasio
1341 1386 1347 1404 :
1371 1377 1483 1405 Patrum
1519 1385 1627 1413 qquue

844 1426 1026 1461 antiquissimi
1039 1425 1133 1453 eodem
1146 1425 1226 1460 plane
1241 1432 1322 1452 sensu
1338 1432 1399 1452 cum
1415 1423 1554 1452 Clemente
1566 1432 1628 1459 per.

844 1471 974 1499 bibentur
994 1478 1056 1499 esse
1080 1471 1162 1497 locuti
1177 1478 1183 1495 :
1197 1470 1323 1497 Justinus
1346 1474 1450 1505 martyr
1471 1469 1536 1505 (56),
1565 1470 1628 1497 Cle-

805 1527 827 1555 C
845 1524 921 1544 mens
937 1515 1140 1543 Alexandrinus
1153 1515 1220 1551 (57),
1237 1515 1423 1543 Tertullianus
1442 1515 1510 1551 (58).
1532 1519 1628 1542 auctor

845 1560 1026 1595 Expositionis
1045 1560 1072 1586 in
1086 1558 1255 1595 Evangelium
1269 1559 1348 1587 Luca:
1368 1568 1428 1595 quae
1439 1560 1491 1588 sub
1505 1560 1559 1587 Titi
1572 1560 1626 1586 Bo-

844 1608 960 1636 strensis
984 1607 1094 1634 nomine
1122 1606 1315 1634 circumfertur
1344 1607 1411 1643 (59),
1437 1612 1463 1634 et
1490 1606 1626 1642 Augusti-

843 1661 897 1682 nus
916 1652 982 1688 (60).
999 1652 1068 1679 Hinc
1079 1659 1145 1687 ergo
1159 1651 1325 1679 Venemiana
1338 1652 1457 1687 objectio
1467 1652 1624 1680 evanescit:

843 1708 897 1736 quo
912 1699 984 1727 enim
1003 1706 1084 1726 sensu
1104 1698 1212 1725 locutus
1229 1701 1270 1725 est
1285 1698 1426 1732 apostolus
1445 1697 1555 1730 Paulus,
1571 1704 1626 1733 quo

844 1745 965 1774 Ecclesia
979 1744 1100 1771 Romana
1123 1743 1157 1770 ab
1180 1744 1240 1778 ipso
1255 1743 1360 1776 edocta,
1373 1751 1427 1778 quo
1442 1742 1537 1770 Patres
1555 1744 1627 1770 anti-

844 1792 972 1827 quiores,
996 1797 1029 1817 eo
1047 1790 1110 1816 item
1127 1789 1253 1816 Clemens
1272 1793 1364 1816 noster
1380 1789 1487 1816 locutus
1505 1797 1566 1816 esse
1587 1790 1628 1816 di-

843 1838 958 1869 cendus,
974 1841 1001 1864 et
1014 1835 1123 1871 quidem
1142 1835 1175 1862 ad
1189 1835 1345 1862 Corinthios
1357 1834 1487 1862 Romanae
1499 1834 1626 1862 Ecclesiae

844 1883 954 1912 nomine
976 1883 1099 1910 scribens
1116 1889 1121 1907 :
1136 1886 1165 1908 ut
1188 1886 1330 1916 propterea
1351 1888 1406 1907 non
1430 1888 1480 1908 suo
1507 1885 1622 1912 tantum.

845 1929 892 1957 sed
913 1932 939 1956 et
962 1927 1146 1954 Romanorum
1172 1931 1255 1961 atque
1274 1926 1478 1952 Corinthiorum
1503 1927 1624 1960 nomine,

843 1973 1027 2001 Abrahamum
1043 1977 1070 1998 et
1084 1970 1215 1998 Jacobum
1233 1975 1320 2004 patres
1335 1976 1451 2002 nostros,
1465 1971 1526 1998 lidei
1549 1972 1624 1998 scili-

844 2023 886 2047 cet
898 2023 997 2046 nosme
1010 2021 1111 2052 patres,
1124 2016 1239 2051 ipsemet
1252 2016 1405 2050 appellasse
1420 2016 1567 2050 putandus.

880 2063 964 2091 Instat
990 2069 1073 2098 porro
1094 2062 1136 2088 vir
1163 2061 1286 2093 criticus,
1312 2064 1392 2096 atque
1414 2069 1446 2088 ex
1472 2061 1515 2088 his
1533 2062 1624 2090 verbis

844 2110 966 2145 ejusdem
989 2107 1115 2143 Epistolas
1130 2106 1184 2142 (61)
1201 2116 1208 2134 :
1227 2106 1321 2133 Plures
1337 2106 1404 2141 [acti
1418 2115 1509 2134 sumus
1529 2107 1562 2134 iis
1579 2109 1625 2142 qui

845 2156 928 2183 Deum
950 2155 1044 2182 [rabere
1064 2157 1199 2180 censentur
1214 2152 1346 2188 (Judmis),
1359 2154 1462 2188 colligit
1484 2158 1624 2181 auctorem

844 2210 876 2229 eo
895 2201 1003 2228 domum
1028 2203 1149 2234 tempore
1176 2198 1295 2231 vixisse,
1319 2206 1374 2233 quo
1397 2199 1624 2228 Christianismus

844 2249 916 2276 inter
938 2249 1032 2279 gentes
1048 2245 1292 2272 numerosissirnus
1313 2249 1372 2271 erat
1393 2252 1474 2279 supra
1489 2244 1598 2272 Judaaos
1615 2255 1622 2273 :

844 2291 917 2327 quod
935 2289 1056 2325 quidem,
1073 2289 1172 2324 inquit,
1188 2289 1289 2316 rectius
1305 2297 1385 2324 quam
1412 2290 1438 2316 in
1464 2289 1622 2323 Clementis,

844 2336 960 2373 quadrat
986 2335 1013 2361 in
1043 2333 1154 2368 Traiani
1177 2338 1203 2361 et
1230 2334 1400 2368 sequentium
1427 2334 1622 2369 imperatorum

843 2388 977 2418 tempora,
1004 2380 1102 2415 quibus
1125 2379 1246 2407 Ecclesia
1274 2381 1393 2415 gentium
1416 2381 1494 2415 longe
1517 2381 1624 2416 latoque

883 2551 938 2588 (54)
954 2552 1029 2588 _Brev.
1045 2550 1117 2588 Rom.
1135 2550 1216 2588 Sahb.
1229 2555 1290 2588 ante
1299 2549 1398 2588 Quinq.
1410 2550 1442 2577 ad
1454 2549 1621 2585 Magniﬁcat.

883 2585 938 2622 (55)
954 2586 1012 2622 Lib:
1025 2593 1065 2615 In.
1082 2585 1330 2622 atl_dutolyc._,§f275

882 2619 939 2653 (56)
952 2620 1021 2647 Dial.
1037 2628 1096 2654 cum
1109 2619 1219 2654 Trygh.,
1241 2619 1255 2654 §
1270 2621 1330 2654 154,

876 2652 935 2689 (57)
951 2654 1036 2689 Clem.
1050 2652 1260 2689 Alexn'Strom'.
1275 2653 1322 2679 lib.
1341 2659 1378 2684 vr,
1397 2659 1459 2689 cap.
1481 2652 1505 2686 7,
1522 2660 1549 2688 p.
1565 2652 1625 2680 77').

876 2687 934 2724 (58)
951 2687 1017 2724 Adv.
1037 2688 1178 2724 Marciam,
1196 2689 1244 2724 lib.
1263 2687 1439 2724 rvtcap.

876 2721 932 2758 (59)
950 2723 984 2750 1η
995 2732 1055 2758 cup.
1076 2731 1082 2749 ι
1101 2723 1201 2758 Evang.
1217 2723 1283 2750 Luc.
1302 2722 1372 2750 Bibl.
1391 2721 1443 2749 PP.
1458 2722 1523 2750 edit.
1537 2722 1625 2755 Paris,

841 2765 908 2788 tom.
925 2758 994 2790 XIII,
1009 2766 1035 2791 p.
1053 2758 1114 2784 767.

892 2795 937 2823 60)
959 2794 1046 2820 Serm.
1061 2791 1091 2828 Y.
1106 2791 1119 2826 §
1132 2792 1159 2823 ις
1172 2791 1240 2828 Qpp.
1254 2796 1320 2820 tom.
1338 2791 1369 2824 ν,
1383 2801 1409 2828 p.
1428 2792 1471 2822 50.

892 2796 937 2823 60)
959 2796 1046 2820 Serm.
1062 2796 1091 2822 ν.
1106 2796 1119 2826 §
1132 2796 1159 2823 ις
1172 2796 1208 2825 Up

881 2796 939 2865 (δι)
961 2828 1043 2863 Epist.
1061 2827 1088 2859 .l,
1104 2835 1165 2861 cup.
1180 2827 1208 2854 ‘l.
