1893 3101
234 120 284 147 105

798 117 843 144 AD
865 117 892 144 S.
914 116 1126 144 CLEMENTILM
1146 116 1155 143 l
1174 115 1290 145 ΡΑΡΑΜ

1804 123 1855 150 IN

233 180 378 212 propagata
395 180 446 204 est.
464 176 533 210 Quid
545 176 637 203 multis
650 183 718 211 opus
733 175 793 202 est?
807 175 903 202 Nonne
916 173 1017 202 Paulus
1032 175 1058 204 Α,
1068 175 1201 209 sanguine
1217 181 1276 202 suo.
1290 184 1299 201 ι
1317 174 1371 202 Nec
1385 175 1482 203 dubito
1503 177 1569 211 quin
1585 177 1661 205 hisee
1677 179 1781 210 verbis,
1806 181 1855 207 καὶ

231 222 264 248 ad
280 222 419 250 Romanos
441 222 565 249 scribens
575 222 607 253 ³⁵,
626 222 727 256 gratius
747 221 802 248 Deo
819 221 926 255 agebat,
942 219 1015 255 quod

232 268 297 295 lides
312 275 405 295 eorum
420 267 633 295 annuntiabatur
646 268 673 294 in
684 267 803 294 universo
815 266 930 294 mundo?
942 265 1016 294 Non-

231 321 265 340 ne
281 313 388 340 dicebat
402 313 435 345 ³⁷,
449 314 476 340 in
491 321 593 340 onmem
606 317 705 340 terram
721 313 821 341 cxiisse
837 321 933 340 sonum
949 321 1016 349 apo-

231 359 376 391 stolorum,
404 363 429 386 et
453 358 481 385 in
500 359 565 392 ﬁnes
592 358 664 385 orbis
687 363 765 385 terra:
791 359 874 386 verba
901 359 1015 386 eorum?

231 403 325 431 Nonne
341 403 424 431 Deum
447 403 656 438 gloriﬁcabat",
671 403 743 439 quod
766 405 925 440 mysterium
945 408 1014 431 tem-

232 451 343 485 poribus
361 452 470 478 aeternis
487 451 612 481 tacitum,
629 451 795 486 patefactum
817 455 890 478 esset
905 451 938 478 ad
954 452 1014 478 obe-

230 498 355 524 ditionem
370 497 432 532 ﬁdei
446 497 473 524 in
488 499 589 524 cunctis
605 497 747 533 gentibus?
764 497 864 525 Eodem
886 497 1013 533 loquendi

230 552 337 579 genere.
347 544 411 571 alibi
423 551 532 579 quoque
546 545 632 572 utitur
643 545 714 572 idem
729 545 889 579 Apostolus.
904 545 944 572 Ad
960 544 1014 572 Co-

230 589 418 617 lossenses“:
438 589 472 616 In
495 590 570 617 verbo
595 590 713 617 veritatis
735 590 880 624 Evangelii,
892 590 961 625 quod
985 590 1013 616 in

229 636 349 662 universo
360 635 456 663 mundo
472 641 521 668 est,
538 641 562 663 et
573 636 730 671 fructi/Stat.
745 641 771 664 et
786 637 891 664 crescit.
911 636 943 663 Et
959 636 1012 663 ite-

228 681 541 717 n:m:Evangelium....
571 683 745 717 praedicatum
774 688 813 710 est
839 683 866 709 in
889 683 1012 709 universa

229 732 351 753 creatura
367 735 424 762 qua:
436 727 483 753 sub
496 727 559 754 caelo
573 732 622 754 est.
638 727 679 754 Ad
699 727 877 755 Timotheum
897 727 961 754 item
973 727 1009 755 "z

228 771 356 807 Magnum
362 774 511 808 estpietatis
521 772 831 808 sacramentum,quod...
838 772 1011 807 prwdicatum

228 817 603 849 estGENTIBUS.creditum
615 824 651 846 est
661 818 687 845 in
696 818 837 846 MUNDO.
846 817 901 846 Nec
911 819 1010 845 mirum

228 871 294 891 sane
308 873 314 891 :
331 868 360 891 ut
377 864 450 892 enim
468 865 536 892 alios
556 868 750 900 prmtereamus
765 865 915 899 apostolos,
937 873 1009 892 unus

227 917 342 944 magnus
354 908 465 941 Paulus,
483 914 552 937 teste
567 914 661 938 nostro
671 910 811 937 Clemente
824 909 895 946 (62),
913 910 1009 937 Ρνιινεο

226 955 314 989 [actus
337 955 365 982 in
388 956 487 982 oriente
508 960 533 982 et
559 956 737 984 occidente....
775 965 835 984 cum
859 957 1009 983 universum

225 1001 351 1028 mundum
364 1001 495 1029 docuisset
509 1002 651 1033 iustitiam,
667 1007 691 1029 et
708 1003 742 1029 ad
760 1002 904 1030 occidentis
920 1002 1010 1029 termi-

225 1055 287 1074 num
308 1048 427 1080 uenisset,
457 1056 488 1074 ac
515 1047 563 1075 sub
589 1047 720 1082 pra'feetis
734 1050 891 1083 martyrium
914 1056 1008 1083 passus

223 1096 302 1123 esset,
327 1092 366 1118 ita
392 1100 406 1119 e
427 1092 524 1119 mundo
552 1093 685 1127 migravit.
715 1092 781 1126 Quae
808 1101 870 1120 cum
888 1094 924 1120 ita
941 1093 1007 1125 sint,

223 1138 318 1172 quidni
335 1145 400 1173 ergo
420 1146 485 1166 vere
501 1138 642 1173 scripserit
667 1139 695 1165 in
715 1138 866 1174 posteriore
887 1139 1008 1174 Epistola

223 1183 349 1210 Clemens
363 1183 523 1211 Romanus:
538 1183 631 1211 Plures
646 1184 711 1218 facti
733 1193 825 1211 sumus
840 1184 951 1218 Iudaeis,
963 1186 1008 1220 qui

223 1228 308 1256 Deum
323 1229 418 1257 habere
429 1231 587 1258 censentur?

259 1274 360 1303 Verum
375 1276 409 1303 ad
425 1276 527 1303 nodum
541 1277 695 1312 graviorem
712 1277 872 1305 solvendum
886 1277 1008 1305 studiose

223 1328 411 1356 properemus.
428 1321 530 1349 Statuit
549 1323 678 1350 nimirum
687 1323 729 1350 vir
742 1323 809 1350 clar.
822 1322 877 1359 (65)
891 1332 898 1350 :
917 1332 926 1349 ι
941 1322 1006 1358 Ερί-

223 1367 300 1395 stolae
324 1368 451 1395 secundas
474 1373 613 1396 auctorem
630 1377 660 1397 se
673 1377 688 1396 a
704 1369 844 1397 Clemente
867 1369 1006 1397 diversum

222 1421 254 1442 eo
266 1415 326 1450 ipso
343 1415 475 1450 proﬁteri,
491 1416 563 1450 quod
575 1415 677 1444 Christi
693 1416 863 1443 divinitatem
879 1423 1007 1451 expresse

221 1459 352 1492 inculcet,
364 1465 391 1488 et
411 1459 518 1488 Domini
534 1469 588 1488 nou
600 1465 718 1492 tantum,
733 1461 779 1488 sed
790 1465 817 1489 et
835 1460 881 1489 Dei
896 1461 1004 1488 titulum

1065 219 1099 245 τὰ
1122 220 1271 255 παθήματα
1291 221 1374 248 αὑτοῦ
1395 219 1429 258 ἦν
1458 222 1510 258 πρὸ
1524 222 1670 258 ὀφθαλμῶν
1693 225 1783 259 ὑμῶν,
1811 234 1855 252 re-

1065 265 1183 300 spexerit
1192 265 1303 293 S.Patcr
1309 266 1342 293 ad
1351 266 1416 293 illud
1424 267 1545 302 ejusdem
1554 269 1805 304 Apostoli,Galatas
1815 271 1855 297 ita

1064 310 1233 345 ohjurgantis
1240 311 1277 338 “z
1287 309 1322 337 Ὠ
1336 312 1441 347 ἀνόητοι
1455 313 1582 345 Γαλάται,
1592 312 1670 346 -οἴς
1684 316 1745 341 κατ’
1755 315 1855 350 ἑφθαὶ.-

1065 357 1122 393 μῶν
1143 356 1245 392 Ἰησοῦς
1260 356 1376 391 Χριστὸς
1392 357 1552 392 προεγράφη
1562 377 1569 389 ,
1585 358 1614 384 ὲν
1632 358 1696 392 ὑμῖν
1711 359 1855 393 ἐσταυρω-

1064 403 1143 438 μένος
1156 412 1163 430 :
1178 413 1187 429 ‹
1199 403 1220 429 0
1236 403 1363 430 insensati
1377 403 1535 435 Galatae....,
1547 408 1609 430 ante
1622 411 1740 439 quorum
1753 405 1855 432 oculos

1060 449 1141 477 Jesus
1153 449 1279 476 Christus
1290 449 1464 484 praescriptus
1477 455 1528 482 est,
1541 451 1568 477 in
1583 450 1660 478 \‘ohis
1669 450 1852 478 crucilixuSJ

1060 495 1194 522 Nimirum
1213 496 1347 527 Clemens,
1358 501 1385 523 ut
1397 496 1509 528 assolet,
1524 496 1639 523 Paulum
1657 497 1799 528 imitatus,
1823 497 1853 524 in

1060 542 1220 569 memoriam
1238 540 1335 576 redigit
1346 541 1507 574 Corinthiis,
1520 543 1658 577 quomodo
1675 547 1739 570 ante
1753 548 1851 570 motus

1059 588 1087 615 in
1108 595 1204 615 eorum
1224 587 1344 615 Ecclesia
1366 595 1452 622 nuper
1467 593 1591 620 exertos,
1609 588 1684 615 omni
1709 589 1849 616 virtutum

1059 641 1157 670 genere
1175 634 1313 666 ﬂorerent,
1331 638 1412 669 atque
1428 634 1475 661 Dei
1494 635 1629 669 passiones
1649 642 1758 670 semper
1781 639 1852 662 ante

1062 677 1157 704 oculos
1173 677 1239 712 ipsis
1262 678 1482 705 obversarentur.
1510 677 1611 704 Divitiae
1635 678 1717 712 igitur
1742 682 1854 703 natura:

1062 723 1234 757 majestatem
1252 731 1314 750 cum
1330 723 1422 750 carnis
1439 723 1592 751 humilitate
1608 724 1755 758 crucisque
1770 724 1854 758 igno-

1062 768 1146 794 minia
1164 768 1215 795 hoc
1231 768 1283 796 loci
1302 769 1444 804 conjungit
1457 769 1648 796 sanctissimus
1661 768 1741 795 Pater
1758 769 1854 796 :duas

1062 814 1126 841 item
1141 818 1255 841 naturas
1265 815 1389 847 agnoscit
1403 816 1430 841 in
1441 814 1551 842 Christo
1565 823 1571 839 :
1584 823 1666 841 unam
1681 814 1765 842 Verbi
1778 814 1854 841 Per-

1061 866 1168 891 sonam,
1184 867 1244 893 qua:
1272 867 1355 886 carne
1386 867 1466 894 passa
1496 863 1538 887 est
1559 869 1566 886 :
1587 867 1619 886 ac
1638 859 1686 886 Dei
1701 860 1849 894 passiones

1061 903 1188 932 Ecclesiae
1202 904 1383 932 Corinthiacm
1398 906 1525 940 proponit
1551 905 1624 932 velut
1653 905 1732 940 longe
1757 905 1853 932 maxi-

1060 957 1134 976 mum
1147 951 1317 986 mysterium,
1334 950 1405 977 unde
1417 950 1478 978 vita:
1498 951 1644 978 sanctioris
1659 954 1797 985 prawepta
1810 950 1853 976 in-

1060 994 1210 1029 stitutaque
1219 995 1309 1021 omnia
1325 995 1470 1022 ducantur.
1488 995 1526 1022 Ex
1541 996 1641 1030 quibus
1660 1003 1725 1030 ergo
1740 995 1852 1029 liquido

1060 1043 1143 1074 patet.
1159 1047 1213 1067 non
1228 1039 1316 1068 solum
1328 1040 1394 1075 quid
1406 1040 1435 1068 S.
1452 1039 1589 1073 Clemens,
1606 1040 1653 1068 sed
1669 1042 1756 1068 etiam
1777 1040 1850 1076 quid

1059 1084 1193 1117 Romani,
1224 1086 1290 1121 quid
1319 1086 1473 1120 Corinthii,
1509 1087 1574 1122 quid
1605 1086 1713 1114 demum
1750 1088 1849 1115 czeteri

1059 1130 1219 1164 Christiani,
1247 1132 1370 1160 saeculot
1396 1132 1547 1168 apostolico
1572 1132 1606 1160 de
1630 1131 1684 1159 Deo
1706 1133 1735 1159 in
1761 1140 1850 1160 carne

1058 1184 1140 1212 passo
1161 1178 1298 1205 senserint
1324 1185 1405 1213 atque
1434 1178 1611 1206 crediderint.
1636 1177 1702 1210 Quae.
1731 1178 1848 1213 quidem

1057 1227 1154 1250 contra
1176 1224 1336 1252 Socinianos
1350 1223 1438 1251 valide
1462 1228 1540 1259 urget
1564 1225 1606 1251 vir
1629 1225 1728 1252 doctus
1758 1224 1848 1251 Mara-

1057 1276 1109 1295 nus
1121 1269 1195 1305 (66):
1213 1269 1336 1304 idemque
1352 1273 1542 1305 argumentum
1555 1269 1611 1304 jam
1626 1269 1733 1303 pridem
1750 1270 1846 1304 pluri-

1058 1315 1109 1343 bus
1134 1315 1223 1342 fuerat
1247 1319 1407 1350 persecutus
1432 1313 1695 1350 Grabius(67);qui
1722 1315 1847 1342 aliorum

1058 1358 1087 1386 S.
1117 1359 1207 1387 Patris
1231 1360 1318 1387 nostri
1339 1360 1462 1387 locorum
1487 1360 1671 1395 parallelismo
1704 1360 1845 1392 instituto.

1056 1405 1130 1433 hunc
1145 1407 1233 1440 ipsum
1250 1407 1283 1434 de
1297 1414 1351 1442 quo
1365 1407 1472 1442 agimus
1497 1410 1609 1434 strenue
1624 1407 1787 1440 vindicavit,
1804 1413 1847 1434 at-

1056 1460 1110 1487 que
1124 1451 1225 1479 Christi
1241 1452 1350 1480 deitatis
1363 1452 1490 1479 hostibus
1504 1451 1621 1479 ﬁdenter
1637 1452 1751 1487 objecit.

221 1506 246 1533 ei
258 1505 377 1533 dandum
393 1514 455 1534 esse
469 1507 619 1534 contendat
631 1506 701 1542 (64);
712 1514 772 1534 cum
787 1515 867 1534 verus
879 1506 1005 1534 Clemens
1019 1511 1040 1540 ρ
1092 1496 1170 1525 Halm
1186 1506 1228 1525 me
1242 1498 1308 1525 Ῐίυθί
1332 1499 1483 1531 enimvero!
1499 1498 1527 1524 in
1541 1506 1574 1525 eo
1588 1498 1764 1526 Clememmo
1780 1499 1846 1528 Ῐοοο

222 1559 359 1585 nusquam
376 1552 403 1579 id
418 1552 481 1579 data
494 1559 576 1587 opera
593 1552 698 1584 fecerit.
714 1559 764 1580 nec
785 1552 839 1578 alio
849 1559 882 1579 ac
897 1551 1005 1578 Domini

221 1598 302 1624 titulo
316 1605 379 1625 eum
395 1601 544 1630 ornaverit,
563 1599 627 1626 licet
652 1598 696 1625 hic
720 1599 776 1625 illic
789 1606 819 1626 se
834 1598 1004 1625 divinitatem

220 1643 324 1671 Christi
342 1651 490 1678 agnoscere
515 1644 644 1671 insinuet.
656 1653 665 1670 ›
683 1643 754 1676 Quid
773 1643 892 1678 quaeris?
915 1643 1004 1672 Locus

220 1697 254 1716 ex
272 1689 394 1724 Epistola
405 1690 426 1721 Ι,
443 1690 471 1716 in
488 1690 606 1717 medium
629 1690 794 1724 proferatur,
811 1697 866 1724 quo
883 1697 937 1716 uno
947 1693 1004 1716 tota

220 1734 335 1761 eliditur
348 1733 474 1761 Venetus:
485 1734 613 1769 obiectio.
632 1733 676 1761 Sic
689 1738 780 1761 autem
792 1742 821 1762 se
831 1733 912 1761 habet
924 1733 980 1769 (65)
996 1743 1002 1761 :

220 1779 283 1811 Τοῖς
300 1779 416 1814 ἐφοδίοις
432 1779 479 1806 τοῦ
496 1779 562 1806 Θεοῦ
581 1780 742 1816 ἀρκούμενοι
763 1779 810 1806 καὶ
827 1779 1004 1815 προσέχοντες

217 1823 282 1854 τοὺς
296 1823 389 1858 λόγους
403 1823 486 1850 αὐτοῦ
500 1824 645 1859 ἐπιμελῶς,
667 1824 866 1860 ὲστερνισμένοι
886 1822 934 1860 ἦτε
948 1825 1004 1855 τοῖς

220 1868 392 1904 σπλάγχνοις,
404 1870 493 1897 καὶτὰ
503 1870 652 1906 παθήματα
664 1870 745 1897 αὑτοῦ
753 1869 787 1906 ἦν
795 1871 848 1906 πρὸ
858 1870 1003 1906 ὀφθαλμῶν

219 1913 305 1948 ὑμῶν.
317 1913 373 1941 lloc
384 1919 445 1942 est:
457 1924 466 1941 t
480 1914 526 1942 Dei
539 1916 637 1942 viatico
651 1916 783 1948 contenti,
795 1919 821 1943 et
830 1916 1002 1944 sermonibus

219 1959 293 1988 illius
308 1960 453 1995 diligenter
468 1962 650 1992 attendentes.
673 1962 779 1989 dilatati
804 1962 888 1990 eratis
908 1962 936 1989 in
962 1962 1003 1988 vi-

219 2006 352 2039 sceribus,
367 2010 393 2033 et
409 2008 550 2042 passiones
562 2008 622 2041 ejus
637 2015 691 2042 pra:
707 2008 794 2035 oculis
806 2008 883 2034 vobis
895 2012 999 2035 erant.»

219 2051 272 2078 Ubi
287 2051 404 2086 primum
420 2052 633 2084 observandum,
646 2054 788 2080 relativum
805 2052 887 2079 αὐτοῦ
914 2053 1003 2088 respi-

218 2103 282 2124 cere
298 2097 394 2132 proeul
409 2097 492 2125 dubio
503 2099 625 2133 proxime
641 2099 806 2126 antecedens
835 2098 915 2126 Θεοῦ.
932 2099 1001 2126 Cum

219 2145 310 2169 autem
330 2142 480 2178 παθήματα
505 2144 582 2170 nullo
607 2149 686 2179 pacto
718 2144 772 2172 Deo
796 2143 869 2171 Patri
889 2143 1000 2171 attribui

1056 1551 1137 1578 quem
1166 1544 1246 1571 modo
1270 1545 1443 1579 protulimus,
1459 1545 1568 1573 lunium
1593 1544 1767 1580 conjectasse
1793 1554 1846 1581 pro

1055 1588 1205 1625 παθήματα
1232 1589 1301 1617 forte
1322 1590 1464 1624 legendum
1494 1590 1653 1625 μαθήματα,
1681 1590 1735 1617 Sed
1760 1592 1845 1626 plane

1054 1636 1236 1670 respuendum
1264 1644 1325 1663 eum
1350 1635 1459 1668 Crabio,
1477 1635 1606 1664 Wottouo
1628 1637 1746 1672 aliisque
1774 1639 1845 1667 viris

1055 1681 1142 1709 doctis
1156 1682 1236 1709 inane
1253 1685 1447 1712 commentum,
1464 1681 1536 1716 quod
1550 1685 1653 1709 textum
1670 1682 1741 1709 citra
1758 1684 1843 1711 ullam

1055 1728 1255 1759 necessitatem,
1270 1735 1358 1762 neque
1373 1727 1456 1754 ullius
1474 1735 1525 1754 ins.
1548 1727 1651 1754 codicis
1674 1729 1842 1756 auctoritate

1055 1773 1204 1800 sollicitare
1219 1772 1396 1806 comperitur.
1432 1771 1464 1798 Et
1488 1771 1550 1806 jure
1580 1771 1692 1806 quidem
1712 1782 1718 1800 :
1738 1774 1841 1800 etenim

1055 1827 1146 1846 nonne
1163 1819 1271 1845 demum
1287 1821 1348 1852 apte
1372 1817 1509 1844 cohaerent
1524 1817 1625 1849 omnia,
1643 1817 1666 1844 si
1690 1818 1770 1845 verba
1794 1819 1843 1846 Dei

1055 1865 1154 1892 mentis
1169 1865 1317 1897 atlentioni,
1333 1864 1448 1898 ejusque
1475 1864 1609 1898 passiones
1638 1864 1732 1891 cordis
1755 1866 1841 1892 oculis

1054 1910 1259 1946 proponantur?
1274 1910 1352 1942 Quod
1373 1910 1419 1936 ubi
1435 1909 1580 1945 diligenter
1605 1909 1728 1943 attendo,
1745 1911 1842 1939 mirari

1054 1957 1138 1987 subit,
1155 1957 1221 1983 clar.
1235 1955 1380 1990 Fleuryum
1402 1954 1530 1981 vitiosam
1553 1953 1626 1980 Junii
1649 1955 1840 1989 conjecturam

1054 2003 1130 2037 sequi
1142 2001 1367 2036 maluisse,quam
1379 2000 1515 2027 sinceram
1525 2003 1615 2026 textus
1623 2000 1784 2034 lectionem;
1794 2001 1840 2036 qui

1054 2048 1155 2075 Gallice
1167 2055 1219 2074 non
1229 2048 1372 2081 passiones,
1385 2046 1430 2073 sed
1440 2045 1589 2072 doctrinam
1604 2046 1758 2073 reddiderit
1769 2047 1838 2083 (68).

1088 2093 1151 2120 llaec
1163 2096 1253 2120 autem
1269 2092 1356 2119 fusius
1371 2095 1554 2126 pel-tractasse
1567 2091 1658 2124 libuit.
1675 2096 1735 2119 tum
1754 2097 1785 2120 ut
1798 2094 1839 2120 in-

1053 2141 1130 2177 signe
1153 2139 1349 2168 Clementinum
1377 2139 1409 2166 de
1431 2138 1533 2166 Christi
1556 2139 1698 2166 divinitate
1713 2140 1839 2167 testimo-

218 2187 336 2222 possint,
347 2177 480 2224 reliquum
491 2193 534 2216 est
554 2193 584 2215 ut
595 2190 638 2216 hic
646 2189 737 2217 Iesum
745 2189 999 2222 Christum,Deum,
1016 2177 1039 2206 ι)
1051 2187 1128 2214 nium
1144 2185 1320 2215 vindicarem,
1337 2190 1392 2211 tum
1416 2192 1478 2211 vero
1502 2183 1529 2211 in
1548 2184 1643 2219 primis
1662 2188 1692 2210 ut
1709 2184 1838 2212 Venemz:

218 2232 317 2260 Filium
333 2233 390 2265 Dei,
406 2233 488 2261 Deum
503 2235 537 2262 de
549 2234 612 2266 Deo,
623 2235 707 2262 Deum
721 2243 814 2263 verum
826 2235 859 2263 de
870 2235 925 2262 Deo
937 2243 1002 2264 vero

218 2278 382 2306 intellexerit
409 2278 438 2306 S.
474 2280 609 2308 Clemens.
635 2281 686 2313 Qui
716 2281 825 2316 quidem
856 2281 1000 2316 passiones

217 2323 321 2351 Christi
335 2325 472 2359 passiones
498 2326 545 2352 Dei
560 2327 687 2361 appellat,
710 2327 750 2354 sic
768 2334 865 2362 nempe
888 2327 922 2355 ab
935 2334 1000 2362 apo-

219 2370 288 2397 stolo
315 2369 400 2398 Paulo
428 2372 579 2404 institutus,
605 2372 684 2407 cujus
712 2376 770 2400 erat
786 2373 933 2409 συνεργός;
952 2373 999 2408 qui

217 2415 313 2443 eodem
330 2416 410 2451 plane
429 2425 512 2446 sensu
529 2418 628 2445 Christi
653 2418 803 2446 Ecclesium
826 2419 998 2454 appellavit“

216 2461 500 2498 τὴνἙκκλησιαν,τοῦ
514 2464 581 2490 Θεοῦ
597 2465 629 2500 ἢν
643 2465 853 2500 περιεποιήσατο
878 2465 922 2492 διὰ
948 2464 996 2491 rei

219 2507 284 2535 ἰδίου
305 2508 434 2544 αἵματος,
455 2518 464 2534 ‹
495 2509 641 2537 Ecclesium
676 2510 723 2538 Dei
750 2518 831 2546 quam
854 2511 999 2546 acquisivit

1049 2232 1229 2268 objectioncm
1245 2230 1375 2257 diluerem
1389 2239 1395 2256 :
1412 2230 1457 2264 qui
1474 2229 1595 2256 virorum
1610 2229 1836 2257 doctissimorum

1049 2278 1077 2306 in
1094 2278 1166 2305 hunc
1194 2277 1282 2304 locum
1307 2276 1436 2302 adnotata
1458 2275 1595 2310 prmterire
1623 2275 1731 2308 maluit,
1755 2283 1836 2311 quam

1048 2325 1138 2352 Photii
1151 2325 1282 2359 judicium
1301 2323 1392 2350 minus
1404 2326 1482 2350 caute
1498 2322 1637 2357 prolatum
1647 2321 1777 2350 deserere
1791 2325 1836 2349 aut

1048 2371 1192 2406 benignius
1216 2369 1357 2404 accipere;
1380 2375 1412 2396 eo
1432 2368 1536 2395 scilicet
1561 2367 1680 2399 nomine,
1693 2375 1752 2402 quo
1768 2375 1835 2403 prte-

1050 2422 1209 2452 conceptam
1224 2417 1379 2451 opinionem
1399 2416 1432 2444 de
1450 2416 1571 2450 epistola:
1591 2415 1718 2442 secundae
1733 2423 1834 2452 suppo-

1051 2464 1150 2491 sitione
1176 2463 1294 2490 celebris
1312 2462 1385 2489 illius
1406 2461 1493 2489 critici
1514 2461 1619 2488 calculo
1642 2462 1833 2497 comprobaret

1050 2509 1288 2544 conﬁrmaretque.

289 2612 310 2628 ¹⁶
320 2612 399 2640 Rom.
416 2619 434 2644 ι,
448 2613 498 2640 8."
515 2612 591 2640 Rom.
608 2621 635 2644 ιι,
652 2613 692 2640 18.
731 2613 753 2629 ³⁵
767 2612 845 2641 Rom.
860 2619 919 2646 xvi,
932 2611 1006 2644 25,2

1073 2612 1094 2629 "
1106 2611 1212 2640 Coloss.
1226 2617 1246 2642 ι,
1259 2609 1286 2642 6,
1297 2609 1343 2637 23.
1380 2609 1403 2624 “
1419 2607 1510 2636 lTim.
1528 2607 1627 2639 111,ίὸ.
1666 2607 1687 2623 δ’
1704 2607 1768 2636 Act.
1786 2617 1830 2641 xx,

250 2647 298 2676 28.
332 2647 355 2662 δ’
367 2647 425 2675 Gal.
445 2656 485 2679 Ill,
502 2648 526 2676 l.

264 2726 309 2762 62)
321 2725 411 2762 Epist.
423 2726 444 2759 l,
459 2734 521 2762 cap.
536 2727 562 2754 5.

264 2760 444 2797 65)Yenem..
461 2760 560 2797 Epist...
578 2761 608 2791 ll.
626 2761 696 2796 $20,
715 2769 741 2797 p.
755 2761 789 2787 Π

253 2797 309 2832 (64)
323 2796 408 2832 Epist.
422 2796 451 2832 ll,
465 2796 525 2832 cap.
544 2798 596 2824 1-3.

253 2832 309 2868 (05)
327 2831 412 2866 Epist.
427 2831 447 2864 l,
464 2840 524 2867 cap.
546 2833 572 2858 ‘2.

1089 2723 1145 2759 (66)
1163 2723 1275 2750 Divinit.
1304 2721 1338 2749 D.
1357 2720 1395 2748 Ν.
1424 2719 1500 2748 J.-C.
1521 2720 1628 2754 manili,
1650 2719 1698 2746 lib.
1715 2728 1752 2752 iv,
1769 2727 1829 2754 cap.

1053 2760 1077 2788 δ’
1089 2759 1342 2830 (ἕξιῆῗληηοιοῑ.
1355 2790 1387 2818 ad
1397 2790 1467 2830 B_ulli
1480 2789 1640 2830 serenanti.
1662 2789 1737 2830 Nic..
1747 2798 1774 2826 ρ.
1783 2789 1830 2818 συ.

1100 2823 1144 2864 68)
1159 2828 1230 2854 Hist.
1246 2827 1322 2858 eccl.,
1335 2832 1399 2853 tom.
1414 2826 1432 2857 l,
1442 2833 1469 2859 p.
1481 2824 1545 2856 2L2,
1555 2823 1620 2852 edit.
1634 2825 1706 2852 ιιι-4.
