1893 3101
69 125 109 152 105

664 131 832 161 ΡῐῖΟαῖΜῐΑ
853 133 1045 164 VARIORIJM.

1617 145 1669 175 106

93 185 131 213 1x.
151 186 277 223 Superest
306 195 377 216 nunc
406 192 512 224 tempus
540 189 754 226 inquirendum,
780 200 834 228 quo
849 194 872 224 Α
888 195 1105 228 persecutionem
1134 197 1299 233 scripsisset,
1316 205 1344 227 ut
1366 203 1462 227 auctor
1487 202 1675 231 eminentissi-

65 236 162 267 utraque
184 233 298 267 epistola
324 234 405 262 fuerit
427 234 578 263 Corinthiis
594 235 737 272 inscripta.
753 237 786 266 Et
800 240 834 268 de

64 279 139 312 priore
150 279 267 314 quidem,
284 288 381 315 magna
406 280 477 308 inter
491 281 566 310 viros
581 283 706 313 eruditos
720 289 832 313 contro-

64 323 145 351 versia.
163 323 214 352 Sed
236 326 392 354 rationibus
407 327 545 362 utrimque
560 328 651 357 allatis
665 338 715 365 pro
729 331 832 360 viribus

62 370 178 402 excussis,
193 377 287 398 eorum
304 371 412 399 demum
429 374 572 401 sententiae
596 375 678 403 nobis
702 377 833 405 acceden-

62 414 114 441 dum
127 415 321 448 existimamus,
333 417 380 452 qui
404 416 558 446 Neroniana
575 421 766 454 persecutione
781 423 829 450 de-

62 460 159 492 sinente,
173 465 315 496 stanteque
339 463 428 490 adhuc
453 465 554 500 templo
568 464 828 503 Hierosolymitano,

62 512 142 541 nempe
157 506 225 533 circa
248 515 310 534 aera:
337 509 455 544 vulgaris
470 517 572 538 annum
588 511 622 539 68
637 520 696 540 eam
714 513 799 542 fuisse
813 523 829 542 τι

61 550 178 579 Clemente
192 553 321 588 scriptam
339 560 516 582 censuerunt.
532 554 561 583 In
576 565 657 592 quam
673 566 740 586 sane
763 568 827 587 scn-

61 597 154 624 tentiam
172 605 224 632 pra:
239 600 348 627 ceteris
370 601 542 629 concessisse
561 604 688 632 novimus
701 605 828 633 duumvi-

61 649 96 668 ros
109 642 281 676 doctissimos,
293 643 408 680 Pagium
424 646 481 682 (69)
498 654 530 674 ac
546 655 633 683 nuper
648 655 826 685 purpuratum

61 687 150 715 Patrem
164 689 205 716 cui
221 695 362 726 acceptam
377 691 522 720 referimus
539 692 684 721 Historiam
705 697 827 724 ecclesia-

60 733 138 760 sticam
152 733 287 768 eleganter
301 735 402 764 ltalicis
421 738 519 766 litteris
540 740 665 767 traditam
683 741 749 777 (70).
766 741 826 775 Quo

59 782 133 806 autem
154 783 289 816 utcunque
310 787 403 817 pateat
417 793 498 820 quam
514 785 600 813 ﬁrmis
615 787 767 816 rationibus
783 789 825 816 in-

59 825 145 852 nitatur
164 828 296 855 sententia
322 828 490 865 hujusmodi,
507 832 644 866 praecipua
669 833 763 861 saltem
789 843 822 862 ex

59 870 105 904 ipsa
126 871 239 906 Epistola
263 880 426 910 argumenta
442 878 538 912 paucis
553 878 759 907 contrahamus.
779 879 824 908 Sic
841 875 862 902 Β
878 870 976 918 dibrid,
992 892 1021 914 ut
1034 887 1153 922 ferarum
1169 891 1247 925 tergis
1257 870 1378 926 conteZti,

58 915 132 951 itaque
152 917 245 945 scribit
269 918 400 948 Clemens
425 922 477 949 sub
492 922 601 950 initium
616 923 673 959 (7i)
689 933 696 951 :
713 924 824 959 Propter

57 962 140 990 subitas
151 972 180 991 ac
190 965 240 991 sibi
254 966 367 993 invicem
380 967 544 996 succedentes
557 969 722 997 calamitates
735 975 759 998 et
775 979 822 998 ca-

56 1015 92 1035 m
102 1008 213 1037 aduersos
236 1011 282 1046 qui
307 1011 382 1038 nobis
404 1012 565 1045 acciderunt,
582 1013 696 1046 tardius,
713 1015 822 1050 fratres,

56 1055 204 1089 nometipsos
225 1059 387 1085 conuertisse
403 1060 573 1094 agnoscimus
588 1060 622 1087 ad
635 1069 666 1089 ea
679 1070 737 1096 quae
749 1071 765 1089 a
779 1071 823 1090 oo-

56 1099 87 1127 bis
98 1102 196 1135 quesita
211 1102 330 1137 fuerunt.
349 1103 453 1137 Quibus
469 1105 568 1139 verbis,
584 1107 700 1141 primum
713 1108 822 1143 quidem

56 1148 244 1179 persecutionem
262 1156 326 1183 quae
341 1150 395 1184 jam
409 1149 586 1183 deferbuerit,
601 1153 642 1179 vel
656 1154 747 1188 potius
763 1162 823 1190 quae

56 1199 125 1227 nuper
137 1192 254 1227 desierit,
270 1196 431 1231 designari;
446 1197 546 1226 deinde
561 1206 627 1227 vero
641 1200 682 1227 vel
707 1200 822 1229 Neronis

55 1237 86 1264 vel
97 1237 228 1267 Domitiani
244 1242 466 1276 persecutionem
491 1243 534 1270 hic
560 1244 656 1278 innni,
672 1252 753 1274 nemo
780 1250 822 1274 est

55 1288 107 1309 sane
127 1283 170 1318 qui
192 1292 246 1312 non
270 1286 431 1321 perspiciat.
450 1287 559 1320 Verum,
577 1298 637 1324 qua:
657 1291 737 1325 paulo
761 1295 822 1327 post

55 1326 129 1353 subdit
142 1327 271 1363 Clemens,
295 1330 480 1359 Neronianam
498 1334 604 1362 scilicet
626 1335 747 1364 indicare
759 1326 821 1372 per-

55 1369 170 1401 bibentur.
194 1373 230 1402 De
254 1376 344 1405 beatis
357 1377 429 1404 enim
445 1380 577 1413 apostolis
590 1380 670 1409 Petro
682 1385 708 1409 et
723 1369 819 1416 Paulo,

53 1423 93 1444 ceu
113 1426 160 1446 non
183 1419 219 1447 ita
243 1421 352 1456 pridem
378 1424 509 1460 martyrio
531 1430 737 1460 consummatis,
763 1429 820 1457 haec

53 1461 118 1490 habet
129 1464 180 1500 (τε)
193 1476 199 1492 :
216 1467 360 1503 Ἔλθωμεν
374 1470 420 1496 ἐπὶ
433 1472 496 1503 τοὺς
515 1471 638 1506 ἔγγιστα
659 1474 819 1510 γενομένους

52 1510 167 1547 ἀθλητάς·
194 1514 321 1551 λάϐωμεν
346 1517 396 1552 τῆς
421 1520 516 1552 γενεᾶς
542 1521 621 1555 ἡμῶν
648 1521 683 1548 τὰ
710 1525 818 1557 γενναῖα

53 1557 222 1595 ὑποδείγματα,
234 1562 412 1599 -Λάδωμεν
431 1564 484 1600 πρὸ
494 1565 639 1602 ὀφθαλμῶν
658 1568 737 1604 ἡμῶν
757 1570 820 1602 τοὺς
833 1562 854 1592 c

51 1603 150 1636 ἀγαθοὺς
159 1606 331 1640 ἁπηστόλους,
352 1609 380 1636 h.
402 1617 427 1637 e.
450 1619 459 1635 ‹
476 1609 624 1640 Veniamus
638 1612 670 1639 ad
685 1615 819 1647 proximos

52 1649 155 1683 athletas,
169 1656 194 1680 et
209 1655 305 1681 saeculi
322 1655 409 1682 nostri
431 1664 564 1692 generosa
585 1660 709 1694 exempla
726 1668 818 1689 suma-

52 1702 109 1724 mus.
121 1712 153 1718 —
166 1697 305 1728 Ponamus
316 1701 396 1728 nobis
408 1706 472 1729 ante
485 1704 580 1731 oculos
598 1704 684 1734 bonos
697 1706 816 1742 Aposto-

53 1741 92 1768 los.
105 1752 113 1768 i
127 1742 173 1770 Ubi
190 1745 272 1780 probe
288 1747 409 1774 notanda
426 1756 487 1775 cum
514 1748 652 1777 Dodwello
668 1741 727 1788 (75)
741 1753 817 1781 aliis-

52 1794 101 1820 que,
114 1788 252 1819 Clementis
267 1792 363 1824 verba,
378 1793 478 1828 quibus
491 1795 609 1830 gloriosa
624 1796 732 1826 Pctrict
739 1798 817 1827 Pauli

52 1836 177 1862 certamina
204 1837 385 1871 describens.
416 1839 478 1868 illos
514 1841 625 1876 ἔγγιστα
658 1845 817 1880 γενομένους

52 1878 157 1914 ἀθλητάς,
181 1883 346 1918 nuperrimos
378 1884 501 1918 athletas,
531 1887 658 1922 appellat,
675 1878 728 1917 seu
738 1898 816 1925 quam

52 1924 148 1954 proxime
167 1926 293 1954 sublatos
309 1935 324 1955 e
339 1928 430 1956 medio
444 1929 529 1958 fuisse
544 1936 670 1965 testatur,
686 1924 768 1969 atque
781 1937 815 1972 τῇ

52 1971 115 2006 γενεᾷ
127 1971 208 2006 ήμῶν,
227 1973 277 2001 hac
305 1979 396 2002 nostra
425 1981 503 2004 atate
529 1977 664 2008 ﬂoruisse.
686 1971 815 2010 Eamdem

52 2021 117 2047 porro
128 2019 341 2052 persecutionem
357 2021 444 2057 magis
461 2022 551 2051 adhuc
567 2025 706 2053 inculcare
721 2027 815 2055 viden-

52 2063 95 2092 tur,
108 2071 161 2098 qua:
175 2066 266 2099 paucis
281 2066 433 2100 interjectis
446 2074 597 2097 occurrunt
612 2071 668 2106 (74)
685 2082 692 2100 :
705 2073 815 2106 Τούτοις

52 2108 95 2138 τοῖς
119 2109 238 2145 ἀνδράσιν
265 2112 349 2144 ὁσίως
370 2112 605 2150 πολιτευσαμένοις
635 2117 814 2155 συνηθροίσθη

53 2152 106 2179 πολὺ
130 2154 223 2190 πλῆθος
258 2157 403 2185 ἐκλεκτῶν.
434 2168 444 2185 ι
471 2159 544 2189 Viris
568 2161 631 2190 istis
657 2163 704 2199 qui
719 2152 813 2192 ivitam-

53 2203 129 2227 sancte
138 2201 321 2236 instituerunt,
336 2212 433 2240 magna
445 2205 593 2234 electorum
609 2209 755 2238 multitudo
766 2219 813 2247 ag-

53 2248 141 2279 gregata
163 2251 212 2275 est.
230 2257 239 2274 ι
259 2248 310 2276 Ubi
333 2250 425 2279 videas
448 2253 595 2286 neminem,
611 2254 635 2282 si
653 2255 765 2284 Petrum
780 2265 813 2287 ac

54 2287 147 2318 Paulum
159 2294 288 2332 exciﬂas.
301 2302 316 2322 a
332 2294 470 2324 Clemente
485 2297 602 2332 laudari,
618 2308 672 2328 non
688 2300 811 2331 Flavium

54 2334 205 2371 aculeatam.
216 2347 272 2368 non
287 2341 405 2368 Acilium
420 2342 604 2378 Glabrionem,
619 2354 675 2374 non
691 2347 812 2376 Flaviam

55 2379 203 2417 Domitillam,
218 2386 324 2414 nullum
337 2387 454 2423 denique
476 2393 516 2417 tot
539 2391 687 2420 illustrium
711 2399 813 2431 marty-

54 2433 100 2454 rum
109 2430 149 2464 qui
161 2431 210 2458 sub
220 2431 375 2461 Domitiano
383 2435 456 2468 passi
468 2441 531 2463 sunt
541 2446 549 2469 ;
563 2445 680 2473 quorum
695 2440 812 2475 aliquem

54 2473 131 2501 saltem
153 2484 329 2507 memorasset
342 2478 371 2507 S.
387 2480 478 2515 Pater,
493 2483 516 2510 si
539 2488 601 2518 post
616 2473 812 2514 Domitianeam

81 2574 100 2589 “
111 2574 185 2605 Hebr.
197 2586 235 2611 Ix,
250 2578 298 2607 25.

221 2670 338 2709 Crit..ad
351 2680 414 2700 ann.
432 2673 475 2704 78,
492 2674 506 2709 5
522 2675 548 2702 5.

81 2701 215 2750 pelops,
229 2701 310 2750 by.
326 2709 389 2735 sccl.
407 2709 454 2737 lib.
470 2701 506 2742 in?
520 2701 596 2746 ἐδτι.
624 2715 644 2741 ι.
662 2712 682 2746 ι,
707 2722 734 2750 ρ,
747 2715 811 2749 tu,

54 2735 107 2765 edit.
120 2737 192 2768 Rom.
206 2735 288 2770 ἰπὶ-8⁸⁸.

148 2774 256 2814 ἓιξίξιΛ
275 2777 310 2807 ad
323 2778 385 2806 Cor.
401 2785 461 2814 mp.
476 2780 502 2808 l.

83 2808 131 2843 (7'2)
148 2808 227 2843 15M,
242 2820 302 2843 cap.
317 2814 340 2842 5.

148 2820 474 2887 caadpi’zarsﬂpp"
491 2859 551 2888 post
566 2862 592 2889 p.
609 2855 660 2882 219

177 2894 305 2928 Pauor“
325 2897 384 2928 Gn.
433 2900 444 2930 l
451 2923 457 2930 .

885 247 946 267 mus
959 240 1061 275 optime
1076 243 1166 277 arguit
1178 244 1243 280 (75).
1258 245 1328 278 Quid
1338 246 1410 282 quod
1425 245 1605 276 Clementinis
1628 257 1676 283 pe-

884 293 918 313 ne
932 293 1052 315 consona
1071 288 1105 316 de
1121 288 1237 318 Neronis
1251 292 1443 327 persecutione
1458 293 1604 328 scripsisse
1619 294 1673 322 Ta-

883 330 954 359 citus
970 334 1224 369 compcrituri76)?
1238 336 1381 364 Videbatur
1398 337 1480 371 Nero,
1498 339 1596 374 inquit,
1612 347 1676 368 con-

881 376 973 404 denda:
988 378 1060 406 urbis
1077 388 1160 411 nocte,
1180 386 1204 408 et
1229 389 1398 418 cognomento
1422 393 1471 411 suo
1498 385 1673 420 appellandae,

880 422 993 456 gloriam
1005 433 1175 460 quaerere.—
1190 427 1241 455 Sed
1257 437 1307 456 non
1322 438 1368 464 ope
1382 430 1507 463 humana,
1525 441 1575 460 non
1593 432 1675 468 largi-

881 469 995 496 tionibus
1008 471 1146 506 principis,
1162 479 1210 500 aut
1233 474 1310 502 deum
1334 477 1508 510 placamentis
1532 478 1672 506 decedebat

879 514 1002 547 infamia,
1028 518 1090 552 quin
1111 519 1218 553 jussum
1241 522 1389 549 incendium
1414 523 1573 552 crederetur.
1602 524 1672 561 Ergo

880 561 1007 590 abolendo
1021 566 1123 592 rumori
1140 565 1211 594 Nero
1226 568 1342 595 subdidit
1356 578 1424 600 reos.
1440 575 1463 597 et
1477 572 1672 606 qutesitissimis

878 609 960 642 pinnis
975 609 1074 644 a/fecit,
1089 619 1154 646 quos
1168 620 1214 647 per
1236 614 1340 649 ﬂagitia
1361 616 1468 647 invisos,
1482 618 1574 651 vulgus
1590 617 1671 644 Chri-

876 655 981 683 stianos
995 657 1156 691 appellabat.
1170 675 1205 679 —
1219 659 1305 696 Igitur
1317 663 1402 696 primo
1417 665 1530 698 correpti
1544 665 1588 699 qui
1602 665 1670 699 fate~

876 700 973 728 bantur
985 710 994 728 :
1009 703 1101 731 deinde
1118 704 1216 734 indicio
1231 715 1321 734 eorum
1340 709 1486 736 multitudo
1501 710 1597 746 ingens
1613 711 1670 747 (ea-

875 746 936 774 dem
952 756 1018 776 sane
1027 750 1131 784 phrasi.
1146 759 1199 786 qua
1216 753 1302 780 utitur
1316 753 1344 782 S.
1361 754 1452 787 Pater,
1468 757 1534 783 πολὺ
1552 757 1664 792 πλῆθος)

874 791 944 820 haud
971 794 1077 828 perinde
1106 797 1132 823 in
1161 798 1270 826 crimine
1294 800 1421 833 incendii,
1445 810 1524 836 quam
1540 803 1601 830 odio
1617 804 1668 830 Itu-

875 840 948 866 mani
960 842 1060 875 generis
1074 843 1185 870 convicti
1201 850 1273 873 sunt.
1285 845 1318 872 Et
1334 848 1503 881 pereuntibus
1519 850 1612 876 addita
1627 851 1670 877 lu-

1394 893 1497 921 laniatu
1513 904 1607 922 canum
1627 897 1669 923 iu-

876 932 993 966 terirent,
1009 939 1056 960 aut
1082 935 1204 963 crucibus
1226 937 1315 971 afﬁxi,
1337 944 1383 965 aut
1397 940 1555 974 flammandi
1565 948 1576 969 :
1591 947 1669 977 atque

875 977 920 1004 ubi
934 977 1069 1013 defecisset
1084 981 1152 1015 dies,
1168 983 1195 1010 in
1211 992 1288 1011 usum
1305 987 1427 1013 nocturni
1439 988 1546 1015 luminis
1558 997 1666 1017 ureren-

876 1028 931 1051 tur.
948 1024 1008 1052 Non
1025 1026 1093 1054 adeo
1108 1033 1198 1057 tamen
1217 1031 1345 1059 saeviebat
1359 1032 1539 1067 Domitianus,
1556 1034 1666 1063 Tertul-

875 1070 950 1099 liano
959 1075 1038 1104 teste.
1053 1074 1100 1108 qui
1110 1074 1171 1109 ejus
1182 1077 1400 1111 persecutionem
1413 1079 1448 1106 ita
1459 1080 1664 1116 describit(77):

876 1115 1032 1145 Tentaverat
1045 1124 1070 1146 et
1084 1119 1259 1155 Domitianus,
1267 1125 1353 1158 portio
1373 1123 1487 1153 Neronis
1502 1126 1534 1153 de
1549 1127 1666 1155 crudeli-

876 1167 943 1195 tate;
956 1164 1002 1191 sed
1014 1173 1066 1200 qua
1086 1171 1111 1194 et
1131 1166 1207 1194 homo
1223 1168 1304 1202 facile
1317 1175 1427 1204 ca-ptum
1440 1174 1574 1206 repressit,
1588 1175 1667 1202 resti-

874 1210 938 1236 tutis
963 1211 1043 1238 etiam
1067 1220 1132 1247 quos
1155 1214 1335 1249 relegaverat:
1352 1221 1380 1244 ut
1396 1223 1538 1253 propterea
1559 1221 1666 1248 nullum

873 1256 985 1284 dubium
997 1265 1142 1293 superesse
1152 1261 1289 1294 videatur,
1302 1263 1370 1297 quin
1384 1264 1464 1292 verba
1480 1266 1525 1292 illa
1542 1266 1667 1295 Clemen-

873 1303 909 1328 tis
923 1309 984 1336 ηυδε
999 1303 1050 1330 sub
1066 1303 1176 1332 initium
1194 1306 1276 1342 hujus
1291 1307 1305 1343 ξ
1324 1309 1512 1344 recitavimus,
1527 1311 1561 1340 de
1580 1311 1667 1341 Nero-

872 1347 915 1374 nis
930 1347 1020 1382 potius
1036 1356 1118 1384 quam
1134 1349 1279 1379 Domitiani
1299 1355 1490 1388 persecutione
1511 1357 1567 1385 sint
1591 1360 1665 1386 acci-

871 1393 979 1427 pienda.
995 1393 1135 1423 Delerbuit
1152 1401 1254 1430 autem,
1271 1399 1326 1428 imo
1341 1409 1406 1429 vero
1418 1406 1446 1429 ct
1460 1403 1542 1430 desiit
1553 1412 1584 1432 ea
1599 1413 1664 1440 per-

871 1439 986 1472 secutio,
1013 1441 1122 1469 sublato
1145 1441 1270 1476 Nerone,
1285 1452 1365 1480 quem
1381 1446 1398 1474 9
1412 1446 1486 1475 Junii
1508 1455 1581 1476 anno
1600 1439 1664 1478 term

870 1486 991 1521 vulgaris
1007 1486 1041 1515 68
1056 1489 1170 1523 periisse
1185 1496 1365 1525 compertum.
1376 1492 1476 1521 Eodem
1491 1494 1575 1529 igitur
1588 1503 1662 1523 anno

871 1537 1000 1561 currente
1015 1534 1058 1562 vel
1079 1535 1174 1562 saltem
1188 1536 1340 1570 desinente,
1358 1538 1480 1567 Romana
1498 1541 1619 1570 Ecclesia
1635 1543 1663 1570 in

870 1585 938 1612 pace
967 1583 1105 1616 utcunque
1136 1583 1305 1612 constituta.
1336 1585 1479 1620 scripserit
1510 1587 1540 1616 S.
1568 1587 1661 1617 Pater.

869 1622 952 1651 Plura
974 1625 1001 1652 in
1027 1626 1098 1655 hanc
1121 1630 1285 1656 sententiam
1302 1629 1403 1658 videsis
1425 1632 1497 1667 apud
1512 1634 1662 1669 scriptore:

870 1669 951 1696 modo
965 1670 1101 1704 laudatos,
1116 1672 1216 1708 quibus
1232 1673 1317 1701 addas
1331 1675 1410 1702 velim
1424 1675 1581 1704 Wottonum
1592 1678 1660 1714 (78),

869 1719 900 1741 ut
914 1715 983 1743 alios
997 1721 1201 1752 praetereamus.

905 1760 974 1788 Huic
992 1761 1056 1790 item
1074 1770 1146 1791 anno
1159 1764 1194 1791 68
1208 1772 1269 1792 esse
1291 1766 1448 1801 illigandam
1470 1768 1541 1795 hanc
1556 1770 1588 1797 ad
1606 1770 1661 1798 Co-

869 1806 987 1834 rinthios
1009 1808 1129 1842 priorem
1156 1810 1314 1845 epistolam,
1329 1812 1425 1840 suadet
1442 1814 1533 1842 cultus
1551 1814 1661 1845 Iudaici

868 1853 970 1879 mentio
983 1853 1012 1880 in
1024 1854 1126 1889 templo
1138 1854 1385 1892 Hierosolymitano
1399 1862 1464 1887 tunc
1479 1860 1569 1888 adhuc
1581 1866 1659 1890 stan-

868 1903 893 1925 tc
906 1897 1032 1933 vigentis,
1046 1908 1106 1936 quae
1131 1901 1158 1928 in
1183 1902 1278 1930 eadem
1292 1904 1408 1939 epistola
1425 1905 1500 1934 hisce
1515 1910 1658 1943 conceptis

867 1943 958 1972 verbis
973 1946 1096 1973 occurrit
1113 1946 1169 1983 (79)
1189 1957 1195 1975 :
1211 1947 1320 1977 Summo
1340 1951 1433 1986 quippe
1455 1953 1586 1981 sacerdoti
1609 1963 1659 1982 sua

867 1990 958 2017 munia
978 1990 1077 2019 tributa
1097 1998 1177 2025 sunt;
1194 1999 1219 2021 et
1240 1995 1421 2024 sacerdotibus
1440 1998 1512 2025 locus
1533 2000 1656 2034 proprius

867 2035 1017 2071 assignatus
1028 2042 1085 2069 est;
1106 2045 1130 2066 et
1160 2039 1246 2068 lenitis
1266 2050 1316 2068 sua
1330 2043 1478 2072 ministeria
1493 2046 1656 2078 incumbunt.

866 2096 901 2102 —
921 2081 984 2109 Non
1000 2083 1105 2119 ubique,
1120 2085 1229 2119 fratres,
1245 2087 1392 2121 offeruntur
1414 2090 1548 2125 sacriﬁcia
1564 2093 1654 2128 jugia,

865 2126 905 2154 vel
918 2135 966 2162 pro
981 2134 1088 2162 peccato
1101 2134 1126 2156 et
1142 2130 1249 2164 delicto,
1264 2132 1309 2159 sed
1325 2132 1518 2170 Hierosolymis
1530 2126 1633 2165 tantum
1645 2147 1655 2165 :

867 2180 948 2208 neque
966 2173 1024 2200 illic
1037 2174 1065 2201 in
1079 2176 1170 2210 quouis
1187 2176 1244 2204 loco
1266 2178 1298 2212 ﬁt
1319 2178 1430 2213 oblatio,
1446 2181 1492 2208 sed
1513 2187 1573 2210 ante
1589 2188 1655 2211 tem-

864 2216 938 2251 plum
951 2218 986 2244 ad
1001 2218 1097 2252 altare,
1115 2221 1189 2255 prius
1214 2222 1288 2257 facta
1309 2232 1326 2251 α
1347 2233 1450 2254 summo
1471 2230 1607 2258 sacerdote
1629 2237 1655 2258 et

864 2263 998 2298 predictis
1014 2265 1154 2300 ministris,
1170 2267 1253 2296 oblati
1268 2270 1429 2305 inspectione
1442 2278 1466 2301 et
1487 2276 1654 2309 probatione.

865 2309 919 2343 Qui
934 2319 995 2346 ergo
1008 2317 1105 2346 praeter
1116 2313 1143 2339 id
1155 2314 1224 2349 quod
1241 2316 1370 2345 uoluntati
1383 2319 1440 2354 ejus
1451 2327 1654 2351 consentaneum

862 2360 912 2387 est,
928 2356 1030 2392 aliquid
1053 2358 1166 2394 faciunt,
1187 2366 1271 2389 morte
1288 2364 1445 2394 multantur.
1462 2367 1556 2403 Neque
1576 2370 1655 2398 aliter

863 2407 930 2428 sane
946 2401 1066 2436 loquitur
1078 2403 1216 2437 Clemens,
1231 2414 1263 2434 ac
1276 2407 1378 2438 Paulus
1394 2411 1428 2438 ad
1442 2401 1571 2442 Hebraeos
1582 2416 1653 2442 scri-

862 2444 945 2478 bens;
960 2454 1041 2481 quem
1057 2449 1157 2484 ubique
1171 2450 1227 2478 fere
1241 2457 1363 2481 sectatur
1375 2453 1403 2483 S.
1414 2455 1505 2490 Pater,
1519 2459 1580 2493 ejus
1594 2468 1654 2488 συν-

863 2491 952 2526 εργός.
978 2492 1008 2519 1η
1034 2501 1066 2520 ea
1094 2496 1167 2522 enim
1184 2496 1304 2532 Epistota
1322 2501 1446 2529 meminit
1464 2491 1614 2538 Apostolus
1628 2506 1652 2524 ⁸³

902 2682 958 2722 tu)
979 2683 1061 2722 μία-ς
1074 2693 1139 2722 νοερ-
1155 2687 1182 2714 σ-

913 2718 956 2759 gs)
976 2718 1149 2759 Qrsi,_ls_tor.
1165 2723 1241 2756 eccl.,
1257 2729 1276 2752 t.
1293 2725 1313 2755 l.
1329 2732 1355 2759 p.
1371 2724 1434 2753 us.

975 2755 1073 2794 danai.
1090 2756 1136 2786 lib.
1153 2766 1196 2791 xv,
1211 2754 1290 2794 capp.
1304 2754 1398 2788 λιὶ-μ.

911 2789 954 2826 2'!)
975 2790 1110 2826 Δροιρροιι
1127 2800 1157 2819 ca

911 2794 954 2859 77;
975 2794 1110 2826 Apotoget.
1127 2800 1187 2856 cap.
1202 2794 1228 2821 5.
1271 2828 1276 2834 _

973 2822 1083 2868 Erasini:
1096 2827 1325 2868 adCemrneplst"
1346 2831 1399 2859 205
1420 2839 1498 2868 seqq.

909 2859 951 2895 79)
972 2859 1056 2895 Epist.
1074 2862 1098 2892 ι,
1114 2870 1190 2897 capp.
1205 2859 1298 2894 ιυ-ῐιι.

1467 2914 1486 2942 Ιι
