1893 3101
198 146 245 174 107
757 147 802 174 AD
823 147 851 175 S.
873 146 945 176 CLE!

1065 146 1082 173 \l
1102 146 1110 172 l
1130 145 1246 174 PAPAM
1759 144 1812 171 108

194 204 342 238 pontiﬁcis,
358 204 404 239 qui
422 195 504 231 intrat
528 204 556 232 in
581 208 674 232 sancta
692 213 740 240 per
755 206 876 241 singulos
892 212 978 232 annos
992 206 1015 235 Α
1030 203 1232 231 Corinthiorum
1247 203 1323 232 valde
1336 203 1478 236 emineret,
1490 204 1524 232 ab
1538 211 1571 231 eo
1586 201 1815 238 missusillomam

194 251 222 276 in
237 250 368 285 sanguine
381 250 470 277 alieno
487 259 493 277 :
511 251 633 277 meminit
651 251 742 278 item“
757 251 917 283 sacerdotis,
929 251 976 286 qui
1025 250 1109 281 venit,
1121 258 1176 285 quo
1200 250 1251 278 sibi
1275 250 1334 277 diro
1352 250 1499 278 schismate
1514 250 1649 277 laboranti
1666 256 1744 284 opem
1759 249 1816 275 fcru

193 300 290 329 privato
303 299 342 322 es!
362 295 484 330 quotidie
504 296 670 328 ministrare.
693 304 725 324 ac
741 296 890 324 hostiarum
909 304 977 331 quas
1026 300 1067 323 ret
1078 295 1201 323 Romana
1215 295 1347 323 Ecclesia.
1361 295 1463 323 Exinde
1477 303 1542 323 vero
1555 295 1679 323 eumdem
1693 295 1815 330 legatum

194 342 382 370 indesinenter
397 342 510 376 oﬂ‘erunt
526 342 655 370 ministri.
667 343 733 376 Quae
746 343 866 378 quidem,
883 348 912 370 ut
924 343 976 370 alia
1026 341 1091 368 illuc
1106 349 1169 368 cum
1183 341 1300 377 epistola
1314 340 1440 369 Clemens
1456 341 1579 373 remittit,
1593 341 1768 376 postulatque
1784 343 1815 367 ul

192 388 220 416 in
235 388 358 415 eamdem
381 388 544 416 sententiam
559 388 631 415 dicta
648 389 816 420 omittamus,
832 397 893 416 cum
909 394 977 416 tem-
1026 395 1088 414 cum
1104 388 1200 415 nuntio
1224 388 1377 415 concordiae
1399 388 1473 415 initae
1493 387 1568 415 brevi
1593 387 1627 414 ad
1651 395 1681 415 se
1706 386 1814 414 redeat.

193 441 258 468 pore
273 433 398 469 praesenti
412 433 482 468 apud
493 433 670 466 Clementem,
687 435 757 462 haud
769 443 849 462 secus
861 443 893 462 ac
906 435 977 469 apud
1026 433 1092 466 Quis
1107 441 1189 468 porro
1204 433 1284 462 facile
1299 434 1349 462 sibi
1366 434 1538 469 persuadeat,
1556 437 1585 460 ut
1604 437 1741 468 praeeunte
1758 431 1816 458 Do-

192 479 306 507 Paulum
330 479 488 512 ell'crantur,
507 480 581 508 ltunc
604 480 692 507 adhuc
711 480 841 514 templum
856 480 976 512 stetisse,
1027 480 1124 508 dwello
1138 480 1194 516 (8i)
1218 480 1307 516 arguit
1322 480 1364 507 vir
1377 479 1501 507 eruditus
1521 478 1588 514 (82),
1604 478 1730 506 eumdem
1744 475 1816 504 For—

191 526 349 560 cultumque
363 525 482 560 viguisse
496 523 639 552 Iudaicum
655 525 850 559 videtur.Quin
866 531 894 553 et
905 533 976 552 non-
1027 530 1151 553 lunatum
1167 529 1228 561 post
1243 529 1348 553 tantum
1369 525 1501 560 temporis
1527 524 1708 554 intervallum,
1723 529 1816 558 quan-

191 573 255 599 dum
271 573 423 605 obsessam,
439 571 486 599 sed
502 576 625 607 pacatam
650 572 741 607 potius
762 572 804 599 vel
818 573 905 606 ipsam
929 580 977 599 ur-
1029 576 1088 600 tum
1100 573 1134 600 ab
1157 580 1229 600 anno
1252 573 1285 600 57
1304 572 1338 600 ad
1355 573 1434 600 ﬁnem
1449 571 1539 599 saeculi
1555 571 1677 606 elapsum
1692 574 1745 601 est,
1762 577 1816 605 po-

191 618 251 645 bem
267 617 540 652 Hierosolymitanam
555 615 726 644 Clementina
741 617 824 644 verba
837 617 978 644 insinuare
1027 619 1114 646 tuisse
1128 624 1174 646 aut
1185 619 1304 647 voluisse
1315 623 1394 646 aetate
1403 619 1459 654 jam
1472 617 1549 645 valde
1560 620 1730 652 provectum,
1743 617 1816 644 adeo

190 661 411 697 comperiuntur;
428 666 474 688 aut
490 661 586 688 saltem
609 668 746 688 rumorem
763 660 797 688 de
812 661 884 688 illius
903 661 979 688 obsi-
1026 665 1136 700 longum
1153 666 1205 692 iter
1218 665 1376 701 suscipere?
1399 666 1433 692 At
1446 664 1537 692 omnia
1552 664 1661 691 demum
1685 664 1738 691 rite
1763 671 1814 691 co-

189 707 271 735 dione
284 707 398 734 Romam
416 706 636 747 nondumpfuisse
652 706 786 741 perlatum
801 707 869 734 satis
886 710 978 741 aperte
1027 711 1130 739 lim-ere
1157 715 1319 742 noscuntur,
1347 711 1370 738 si
1394 704 1564 738 'clememina
1593 709 1708 744 epistula
1736 709 1815 737 circa

189 754 339 782 declarant.
360 753 440 780 Αηιιο
466 756 557 780 θυιεηὶ
582 752 684 780 (Πιτὶϐιί
709 752 754 784 68.
770 751 976 787 VespaSianusn
1026 764 1127 784 annum
1155 757 1258 785 Christi
1283 757 1318 784 68
1342 756 1443 792 scripta
1461 759 1614 783 censeatur.
1635 755 1729 790 Neque
1758 755 1815 782 alia

188 800 328 835 plerisque
336 799 436 827 Iudaea).
451 799 565 826 urbibus
578 799 729 834 occupatis,
745 799 832 834 ipsam
848 799 978 827 Hieroso-
1026 803 1148 839 profecto
1158 804 1256 831 desunt
1267 807 1435 838 argumenta,
1451 801 1550 837 quibus
1572 801 1706 828 sententia
1717 800 1816 828 isthaec

189 846 323 881 lymorum
351 845 522 880 metropolim
550 844 746 872 circumsidere
775 845 885 873 molitus
909 850 974 873 est:
991 880 1008 884 _
1027 850 1113 884 magis
1141 849 1281 884 magisque
1310 848 1446 881 ﬁrmetur;
1473 854 1534 882 quae
1559 850 1650 875 tamen
1670 847 1816 874 brevitatis

187 880 269 926 quam
283 890 382 918 deinde
394 890 483 922 Titus,
499 897 513 916 a
528 889 697 925 Vespasiano
719 894 796 925 patre
817 890 851 918 ad
875 898 972 919 conse-
989 880 1011 907 Β
1025 880 1090 929 ergo
1105 880 1231 922 consulto
1238 880 1422 929 Dpratterimus.

187 937 327 972 quendum
350 937 450 964 bellum
477 937 504 964 in
527 935 621 963 Iudaea
642 936 764 967 relictus,
778 940 841 971 post
855 940 973 972 quatuor
1061 941 1098 968 De
1120 941 1251 976 temporis
1277 944 1367 968 autem
1383 940 1522 967 notatione
1536 947 1590 975 quo
1608 939 1711 975 scripta
1727 939 1816 966 fuerit

187 984 322 1011 mensium
339 982 507 1010 obsidionem
523 983 551 1009 in
567 982 697 1017 paschate
718 982 883 1014 inchoatam,
900 989 973 1010 anno
1024 985 1160 1020 posterior
1173 984 1319 1012 Clementis
1334 984 1460 1019 epistola,
1479 983 1546 1010 nihil
1569 983 1678 1019 quidem
1694 983 1762 1011 certi
1778 991 1815 1011 ex

187 1030 295 1056 demum
311 1029 345 1056 70
361 1029 432 1064 cepit
448 1033 529 1064 atque
543 1036 605 1056 cum
620 1028 720 1063 templo
742 1028 826 1055 diruit
840 1037 848 1056 :
865 1032 895 1055 ut
909 1036 972 1063 pro—
1023 1038 1054 1057 ea
1079 1030 1178 1058 elicere
1201 1038 1358 1065 possumus,
1373 1037 1435 1056 cum
1450 1029 1545 1056 mutila
1565 1029 1599 1056 ad
1614 1037 1663 1057 nos
1679 1037 1815 1064 pervene-

185 1074 251 1101 inde
265 1075 383 1110 priorem
401 1074 434 1100 ad
450 1073 607 1101 Corinthios
622 1072 765 1108 epistolam
781 1073 855 1101 circa
869 1080 972 1100 annum
1023 1075 1070 1107 rit,
1086 1075 1158 1102 unde
1180 1075 1245 1102 illud
1260 1078 1405 1102 statuatur.
1420 1073 1471 1107 Qui
1487 1082 1545 1101 eam
1561 1074 1694 1109 integram
1711 1073 1815 1109 legisse

183 1120 221 1147 68
233 1121 374 1156 scripserit
389 1119 418 1148 S.
434 1120 570 1148 Clemens.
1023 1124 1133 1155 putatur
1154 1120 1277 1152 Photius,
1294 1120 1321 1147 in
1348 1120 1409 1154 ejus
1431 1120 1590 1147 recensione
1615 1120 1716 1147 nullam
1744 1119 1814 1147 facit

223 1167 361 1194 Hactenus
375 1174 440 1194 vero
456 1167 536 1194 dictis
549 1175 633 1194 unum
649 1167 738 1195 adhuc
751 1166 852 1195 addere
872 1167 970 1202 placet.
1022 1166 1129 1194 dissidii
1143 1166 1309 1193 Corinthiaci
1325 1166 1505 1196 mentionem;
1525 1165 1571 1192 sed
1586 1165 1672 1201 ipsam
1688 1169 1814 1193 tantum-

184 1214 330 1245 Nimirum,
352 1214 403 1241 sub
424 1214 505 1241 tinem
528 1213 652 1248 ejusdem
676 1214 797 1248 epistolae
822 1213 878 1249 (80)
901 1214 972 1241 “mter
1021 1211 1103 1239 modo
1125 1211 1314 1238 institutionem
1340 1216 1364 1238 et
1389 1210 1592 1238 admonitionem
1611 1211 1726 1238 melioris
1750 1213 1814 1239 υἱιίε

186 1259 299 1287 nuntios
309 1267 324 1286 a
336 1258 474 1286 Clemente
489 1259 522 1286 ad
533 1259 680 1287 Ecclesiam
692 1259 895 1287 Corinthiacam
905 1260 972 1287 mis—
1022 1256 1143 1284 inducere
1165 1257 1260 1284 scribit
1277 1256 1343 1291 (85).
1362 1255 1430 1283 Hinc
1449 1255 1527 1283 facile
1541 1257 1603 1291 quis
1618 1257 1739 1292 colligat,
1756 1256 1813 1284 Co-

185 1312 233 1332 sos
248 1309 405 1332 recensetur
420 1303 597 1336 Fortunatus,
613 1305 728 1340 ipsemet
748 1305 793 1333 ille
808 1309 839 1332 ut
852 1305 969 1338 videtur,
1022 1302 1114 1329 rintho
1130 1301 1243 1328 Romam
1259 1301 1358 1328 reduce
1372 1300 1521 1328 Fortunato
1536 1310 1598 1329 cum
1623 1302 1685 1329 aliis
1708 1303 1810 1335 sociis,

185 1352 232 1386 qui
247 1351 350 1386 aliquot
364 1351 398 1378 ab
413 1350 477 1378 hinc
490 1351 570 1379 annis
585 1351 620 1378 ab
634 1351 730 1379 iisdem
744 1351 894 1378 Corinthiis
908 1359 970 1378 cum
1022 1348 1170 1376 schismate
1192 1348 1244 1378 iam
1260 1348 1368 1374 SublaIO
1387 1351 1414 1374 et
1437 1347 1522 1383 quieti
1538 1348 1654 1376 ecclesia
1669 1348 1714 1375 illa
1729 1349 1813 1376 resti-

187 1394 324 1430 Stcphana
338 1399 366 1422 et
379 1395 508 1427 Achaico,
524 1395 558 1422 ad
572 1395 685 1423 Paulum
699 1395 764 1423 dum
778 1401 870 1431 ageret
882 1395 972 1432 Ephe-
1021 1400 1091 1428 tuta,
1107 1396 1176 1423 hanc
1200 1395 1298 1423 deinde
1321 1395 1406 1423 fuisse
1429 1402 1445 1422 a
1468 1394 1608 1422 Clemente
1627 1395 1811 1430 perscriptam

181 1440 220 1473 si,
234 1440 322 1467 fuerat
337 1440 487 1475 ablegatus.
502 1440 568 1475 Ejus
583 1448 645 1469 cum
660 1441 740 1469 laude
756 1442 880 1469 meminit
896 1443 970 1478 Apo-
1021 1443 1175 1478 epistolam,
1191 1450 1263 1470 anno
1289 1442 1360 1469 forte
1381 1442 1542 1476 insequente
1556 1439 1602 1474 69,
1619 1448 1675 1477 quo
1690 1441 1717 1468 in
1741 1448 1811 1476 pace

180 1487 272 1515 -stolus
287 1486 314 1513 in
330 1486 421 1522 priore
440 1487 473 1514 ad
485 1486 640 1518 Corinthios
650 1488 770 1524 Epistola
781 1488 815 1521 ⁸⁸,
831 1497 892 1524 quae
905 1489 972 1517 scri-
1021 1489 1108 1525 magis
1123 1489 1214 1517 adhuc
1228 1489 1401 1516 firmarentur
1416 1487 1563 1515 Corinthii.

186 1539 231 1570 pta
246 1533 333 1562 fertur
346 1534 419 1562 circa
434 1541 535 1561 annum
551 1533 592 1561 57.
610 1534 661 1562 llic
676 1534 760 1570 igitur
776 1542 838 1563 cum
854 1535 881 1563 in
896 1539 970 1564 cuitu

977 1616 1013 1623 _.

825 1684 1037 1731 SECTIO
1076 1685 1145 1729 ΙΙ.

659 1783 706 1811 DE
724 1782 864 1812 DUABUS
883 1781 1063 1810 EPISTOLlS
1080 1782 1127 1810 AD
1146 1781 1319 1811 VIRGINES.

219 1939 253 1968 Χ.
273 1939 351 1967 Nunc
373 1942 463 1966 autem
488 1945 578 1966 sermo
600 1938 783 1966 instituendus
807 1937 841 1966 de
862 1937 968 1966 duabus
982 1940 1003 1969 ο
1018 1937 1122 1964 editore
1142 1937 1255 1965 omnino
1276 1936 1477 1972 praetermissis.
1491 1935 1562 1970 Quin
1584 1936 1677 1968 etiam,
1694 1941 1725 1963 ut
1740 1944 1808 1964 exa-

183 1985 320 2021 epistolis,
335 1991 404 2020 quas
416 1984 453 2011 De
467 1983 617 2019 virginitate
631 1991 679 2011 seu
694 1983 728 2010 ad
739 1984 849 2019 virgines
859 1983 969 2018 scripsit
1017 1983 1089 2010 ctior
1104 1983 1192 2010 adhuc
1215 1983 1301 2010 editio
1323 1987 1417 2010 nostra
1442 1983 1574 2018 prodiret,
1588 1981 1806 2011 Wetstenianam

185 2030 216 2059 S.
235 2031 371 2058 Clemens.
391 2029 445 2056 Eas
468 2029 584 2065 primum
602 2029 737 2064 evulgavit
749 2028 873 2063 Lugduni
889 2028 969 2055 Bata-
1017 2029 1076 2057 sive
1097 2029 1124 2056 in
1141 2033 1215 2056 textu
1231 2028 1289 2056 sive
1306 2029 1334 2055 in
1354 2029 1481 2056 versione
1502 2037 1517 2055 a
1535 2029 1615 2057 nobis
1636 2033 1748 2064 rogatus
1764 2038 1808 2057 re-

184 2084 280 2104 vorum
295 2084 367 2104 anno
380 2076 449 2104 1752
462 2084 477 2104 e
489 2084 541 2103 ms.
557 2075 651 2103 codice
661 2074 728 2102 Novi
739 2074 904 2102 Testamenti
919 2074 969 2110 Sy-
1018 2075 1127 2102 censuit
1151 2074 1184 2102 Β.
1198 2074 1230 2102 Ρ.
1245 2073 1402 2101 Bonifacius
1422 2073 1522 2102 Finetti
1537 2074 1605 2103 0rd.
1621 2074 1748 2108 Praedia,
1765 2076 1808 2102 vir

185 2123 263 2154 riaci.
274 2130 341 2149 cum
355 2122 482 2149 versione
502 2122 610 2155 Latina,
628 2121 747 2150 Joannes
760 2121 878 2149 Jacobus
893 2121 970 2148 Wet-
1017 2119 1047 2147 in
1060 2120 1160 2156 linguis
1178 2120 1293 2148 exoticis
1305 2119 1461 2148 excolendis
1476 2120 1807 2156 studiosissimustcujus

178 2169 308 2202 «steuius;
331 2171 494 2203 exstantque
518 2167 553 2194 ad
577 2168 679 2196 calcem
700 2167 846 2195 voluminis
859 2167 882 2194 ll
899 2166 967 2196 Nov.
1017 2166 1132 2202 proinde
1144 2165 1316 2200 conjecturas
1330 2166 1357 2193 in
1370 2165 1515 2194 lectionem
1530 2165 1670 2202 Syriacam
1682 2170 1709 2194 et
1720 2168 1807 2195 casti-

185 2214 261 2243 Test.
286 2213 385 2246 Graeci,
400 2214 435 2240 ab
456 2213 551 2240 eodem
576 2213 648 2249 typis
663 2210 968 2241 Amstaelodamensihus
1017 2212 1142 2248 gationel
1154 2212 1182 2239 in
1200 2210 1343 2239 Wetstenii
1359 2211 1523 2242 versionem.
1540 2212 1628 2247 ipsius
1641 2213 1753 2241 nomine
1768 2214 1807 2241 si-

184 2259 291 2287 excusi.
305 2258 347 2286 Ad
371 2258 509 2293 exemplar
519 2257 737 2285 Wetstenianum
763 2261 885 2285 nostram
908 2257 968 2284 edi-
1018 2260 1114 2292 gnatas
1140 2257 1168 2284 in
1191 2256 1306 2284 limbum
1322 2257 1500 2292 coniecimus.
1515 2257 1582 2284 Cum
1605 2261 1694 2285 autem
1710 2258 1764 2287 hac
1778 2259 1806 2286 in

184 2304 287 2331 tionem
299 2303 449 2338 exegimus,
466 2302 524 2330 suis
536 2301 690 2337 quibusque
700 2302 768 2329 locis
780 2309 811 2330 ea
824 2301 968 2329 restituen-
1018 2303 1085 2330 urbe
1109 2303 1166 2339 typi
1190 2302 1295 2338 Syriaci
1317 2307 1451 2338 quotquot
1465 2308 1543 2331 erant
1563 2304 1712 2333 necessarii
1731 2305 1805 2333 haud

185 2354 238 2381 tes,
255 2356 315 2384 qua:
338 2348 512 2376 doctissimus
527 2348 617 2375 editor
631 2348 830 2383 prolegomenis
845 2347 968 2382 subjecta
1016 2353 1117 2385 praesto
1131 2353 1235 2381 essent,
1246 2348 1388 2376 Patavium
1399 2350 1606 2383 contendimus;
1619 2351 1745 2385 votisque
1755 2359 1805 2378 no-

185 2396 245 2424 sive
267 2395 391 2423 addenda
415 2395 472 2422 sive
491 2394 660 2422 emendanda
676 2398 826 2422 monuerat.
843 2393 872 2421 ln
892 2397 968 2421 textu
1018 2395 1084 2422 stris
1095 2395 1193 2430 quibus
1203 2395 1396 2430 expetebamus
1407 2399 1437 2422 ut
1448 2395 1548 2423 easdem
1558 2396 1679 2431 epistolae
1691 2395 1805 2432 Syriaco

185 2442 250 2470 item
266 2441 380 2477 Syriaco
395 2441 529 2468 secliones
544 2448 592 2468 seu
612 2440 700 2476 capita
722 2440 908 2472 distinximus,
923 2447 968 2468 or-
1017 2449 1050 2469 ac
1062 2442 1156 2470 Latine
1164 2443 1192 2470 in
1205 2442 1354 2470 seminario
1363 2441 1494 2469 Patavino
1507 2442 1718 2475 excuderentur,
1735 2445 1804 2472 emi-

185 2488 277 2515 dinem
302 2487 389 2514 secuti
411 2495 491 2522 quem
513 2487 627 2522 ipsemet
651 2487 785 2521 interpres
800 2486 827 2514 in
843 2494 892 2514 sua
907 2494 969 2514 ver-
1014 2488 1196 2516 nentissimus
1215 2487 1354 2523 princeps,
1383 2495 1456 2514 nunc
1481 2495 1548 2515 vero
1570 2487 1620 2516 SS.
1638 2488 1670 2515 D.
1693 2488 1726 2518 N.
1742 2490 1805 2518 Cle-

186 2534 264 2562 sione
281 2533 452 2560 retinendum
476 2532 592 2560 censuit.
607 2531 698 2559 Sacra:
718 2532 866 2567 Scriptum
886 2533 968 2560 verba
1019 2542 1096 2562 mens
1120 2532 1177 2560 Xlll
1201 2533 1406 2568 perhumaniter
1423 2533 1529 2561 annuit.
1545 2533 1736 2569 lmpressionis
1755 2544 1805 2563 cu-

186 2586 302 2614 quorum
326 2578 396 2605 haud
420 2585 506 2613 pauca
520 2576 699 2605 Wetstenium
716 2577 850 2613 fugerant,
871 2577 968 2605 chara-
1018 2586 1076 2605 ram
1101 2578 1151 2606 sibi
1177 2578 1298 2612 suscepit
1312 2577 1399 2605 libens
1412 2577 1545 2606 Antonius
1556 2578 1715 2613 Zanolinus,
1733 2581 1804 2609 cele-

185 2629 260 2651 ctere
281 2623 374 2650 Italico
398 2623 575 2651 describenda
590 2623 756 2654 curavimus,
772 2623 840 2650 locis
855 2623 968 2659 insuper
982 2621 1005 2649 D
1019 2624 1076 2651 bris
1088 2624 1240 2659 linguarum
1252 2623 1424 2650 orientalium
1436 2624 1464 2650 in
1475 2623 1570 2652 eodem
1581 2625 1730 2653 seminario
1739 2634 1805 2661 pro-

184 2669 220 2697 λιι
233 2676 308 2696 oram
327 2669 456 2697 indicatis
471 2669 544 2696 unde
558 2669 602 2696 illa
617 2668 769 2704 desumpsit
783 2667 812 2695 S.
829 2668 917 2702 Pater,
933 2669 968 2696 ab
1020 2669 1107 2697 fessor
1121 2679 1130 2697 :
1146 2669 1245 2704 quibus
1267 2668 1375 2704 quidem
1402 2669 1560 2697 nominibus
1584 2669 1739 2699 duumviris
1753 2671 1803 2700 do-

221 2735 337 2763 “Hebr.
352 2745 379 2767 x,
395 2736 421 2768 3,
435 2736 479 2764 Η.
517 2737 539 2752 ⁸⁵
555 2735 638 2763 lCor.
650 2743 706 2767 xvi,
721 2735 765 2768 l5,
781 2737 824 2765 l7.

232 2804 277 2841 80)
297 2804 381 2841 Epist.
398 2805 423 2836 l.
434 2812 495 2840 cap.
509 2805 554 2833 68.
565 2839 571 2841 Α
776 2838 817 2841 ἡν
1056 2803 1113 2841 (ii?)
1131 2802 1222 2841 Ere},
1235 2807 1292 2841 not.
1307 2802 1341 2829 ad
1356 2811 1415 2839 cap.
1429 2803 1447 2831 2
1461 2803 1542 2839 epist.
1563 2804 1575 2833 Ι
1593 2803 1802 2841 Clem.,p.ﬂ3.

218 2804 277 2875 ἓεο)
297 2804 381 2838 Epist.
398 2805 423 2836 l.
434 2812 495 2840 cap.
509 2805 554 2833 68.
1056 2803 1113 2874 (82;
1131 2803 1222 2838 Frey.,
1235 2807 1292 2830 not.
1307 2803 1341 2829 ad
1356 2811 1378 2830 c:

229 2839 275 2875 8t)
293 2839 385 2867 Addit.
401 2840 435 2866 ad
452 2841 543 2868 I'ears.
556 2839 633 2875 0pp.,
650 2844 710 2876 post
733 2847 759 2876 p.
772 2838 835 2867 22L
1055 2839 1102 2876 (83
1132 2838 1201 2866 Bibl.
1218 2839 1278 2866 cod.
1289 2845 1378 2864 cxxvn.
