1893 3101
72 173 115 201 109

70 229 159 261 eus,in
181 227 272 264 primis
293 230 385 254 autem
407 225 581 254 sanctissimo
600 224 675 251 Patri
701 222 823 251 Pontiﬂci
840 221 863 250 Δ

70 275 170 302 Maximo
180 272 357 308 nosmetipsos
380 278 551 307 summopere
577 270 722 298 obstrictas
738 269 824 304 palam

69 321 217 357 proﬁtemur.

96 366 134 394 XI.
151 365 205 393 1am
224 371 288 393 vero
302 363 519 400 disquirendum,
543 371 608 390 num
632 363 740 391 demum
764 362 825 390 Cle~

68 412 138 439 menti
151 411 266 438 Romano
282 414 397 445 utraque
410 410 524 445 epistola
541 409 601 444 jure
617 409 653 436 sil.
668 408 824 436 adscriben-

68 458 162 486 da.Eas
176 458 310 486 enimvero
331 457 404 484 velut
436 456 557 484 sincerus
581 455 728 483 Clementis
754 454 824 482 fetus

68 503 160 539 agnovit
182 503 214 530 cl.
231 503 330 534 editor,
348 510 380 530 ac
397 510 447 538 pro
466 502 570 530 viribus
591 501 677 529 eidem
702 508 824 528 asserere

67 557 191 586 aggressus
205 554 254 577 est.
273 549 372 576 Verum
385 549 454 577 duos
468 557 524 584 prae
538 549 643 576 exteris
665 548 738 576 viros
752 548 824 575 haud

67 595 195 623 incelebres
209 599 306 622 nactus
320 598 361 622 est
373 594 543 622 adversarios
559 604 566 622 :
584 595 699 622 alterum
714 594 822 629 quidem

66 641 234 668 Nathanaelem
256 639 436 671 Lardnerum,
447 640 493 676 qui
517 648 588 667 anno
602 640 670 668 1755
691 641 822 668 disserta-

65 687 151 714 tionem
164 687 194 714 70
208 687 369 722 paginarum
380 686 448 713 ἰπὶ-8⁸
460 685 573 722 Anglice
587 686 702 714 Londini
718 687 802 714 edidit
814 696 821 720 ;

65 733 220 768 pluribusque
233 733 261 760 in
277 733 441 760 contrariam
463 733 623 760 sententiam
643 731 777 765 adductis,
795 733 823 760 in

64 786 113 806 eam
134 779 233 807 tandem
257 779 450 814 cogitationem
471 779 596 811 devenit,
623 778 671 807 has
693 779 823 807 nimirum

63 825 175 859 epistolas
194 825 265 852 circa
290 824 408 852 medium
424 825 516 853 saeculi
530 832 560 851 Ill
577 825 610 852 ab
624 825 753 860 episcopo
771 824 824 852 Ec-

64 869 139 896 clesia:
160 868 299 896 orientalis
322 869 407 897 fuisse
429 869 594 904 perscriptas
609 869 666 904 (84)
683 879 691 897 ι
707 870 821 897 alterum
838 890 859 917 Β

63 921 115 941 vero
139 913 317 942 Hermannum
337 914 465 946 Venema,
491 915 538 950 qui
565 922 636 942 anno
664 915 823 950 insequente

63 961 129 992 l75l,
144 960 275 996 Harlingaa
293 961 408 996 vulgatis
433 962 520 989 tribus
544 962 679 996 epistolis,
694 961 750 990 νγ.
768 961 821 990 CC.

63 1006 231 1042 Wessclingio,
254 1007 463 1035 Hemsterhusio
476 1012 503 1035 et
516 1008 710 1043 Cannegietero
725 1008 824 1036 inscri—

61 1052 114 1086 ptis,
136 1052 238 1079 easdem
269 1052 400 1087 epistolas
427 1053 609 1080 Clementinas
636 1053 823 1088 supposititias

60 1105 112 1125 esse
122 1098 188 1124 omni
198 1098 290 1125 studio
302 1097 441 1125 contendit
454 1099 579 1125 evincere
593 1107 599 1125 :
612 1098 639 1125 in
653 1098 687 1125 iis
697 1098 769 1125 enim
782 1098 824 1124 in-

61 1146 94 1169 ter
106 1143 152 1170 alia
162 1143 318 1178 Hieronymi
327 1143 425 1178 stylum
434 1143 486 1170 sibi
496 1143 649 1171 suboluisse
657 1143 746 1170 innuit
754 1143 821 1179 (85);

60 1192 82 1216 et
99 1189 212 1224 quamvis
226 1190 259 1217 de
273 1194 386 1218 auctore
401 1198 433 1217 ac
444 1195 563 1226 tempore
576 1199 631 1226 quo
644 1191 741 1218 vixerit
755 1191 823 1218 nihil

60 1233 163 1266 deﬁniat,
175 1242 235 1262 eum
258 1239 350 1262 tamen
371 1235 455 1264 fuisse
469 1236 637 1268 orientalem,
653 1244 708 1263 non
723 1235 823 1263 Roma-

59 1287 123 1310 num,
138 1285 162 1307 et
182 1280 298 1315 Origene
321 1288 429 1316 quoque
449 1282 626 1317 posteriorem
649 1281 738 1317 arguit
753 1281 821 1317 (86).

59 1323 157 1360 Utrique
179 1327 270 1354 statim
297 1327 438 1362 respondit
461 1327 628 1356 Wetstenius
641 1347 648 1360 ,
669 1329 822 1362 iterumque

58 1377 116 1404 quas
128 1372 207 1398 edidit
218 1373 359 1407 epistolas,
370 1373 457 1409 magis
472 1374 611 1409 magisque
624 1374 754 1402 Clementi
767 1373 821 1401 Ro-

57 1422 127 1443 mano
139 1417 286 1445 vindicavit
301 1427 308 1445 :
322 1417 461 1447 Lardnero
474 1420 583 1454 quidem
598 1420 624 1447 in
639 1419 730 1447 Diario
750 1420 822 1447 litte-

58 1462 120 1488 rario
134 1461 232 1490 Gallice
245 1464 380 1499 inscripto
405 1464 583 1501 Bibliothéque
597 1466 732 1493 raisonnée
746 1465 819 1502 (87):

59 1505 168 1535 Venemae
181 1512 282 1541 autem,
299 1509 414 1544 epistola
427 1517 459 1537 eo
469 1510 527 1545 ipso
539 1518 611 1538 anno
624 1510 693 1537 1751
705 1510 820 1538 Amatae-

56 1550 242 1581 lodamensibus
258 1555 331 1590 typis
345 1554 514 1591 consignata,
530 1563 611 1591 quam
633 1556 754 1590 epistola
767 1555 820 1584 γε-
832 1553 854 1583 C

55 1598 174 1626 nemianze
198 1601 337 1636 opposuit.
356 1600 463 1628 Utinam
488 1609 552 1628 vero
579 1601 685 1629 duabus
712 1608 820 1636 quoque

56 1644 153 1679 reliquis
165 1647 332 1682 respondere
343 1647 474 1675 valuisset
488 1648 530 1675 vir
543 1647 656 1676 doctus!
673 1647 708 1674 At
727 1647 819 1675 lethali

54 1692 138 1719 morbo
158 1693 339 1721 decumbebat
352 1693 531 1726 Wetstenius,
544 1695 608 1722 dum
623 1695 738 1730 primam
753 1702 819 1722 exa-

55 1738 115 1765 ravit
129 1739 270 1774 epistolam
296 1749 312 1768 v
335 1740 395 1767 Kal.
417 1740 506 1767 Martii
522 1741 592 1769 1754
607 1748 754 1776 menseque
776 1748 821 1768 se—

53 1787 142 1816 quente
163 1784 233 1812 diem
260 1792 417 1820 supremum
434 1785 502 1813 obiit
516 1793 543 1812 lx
557 1785 616 1813 Kal.
633 1785 745 1820 Aprilis.
770 1793 820 1812 an-

54 1835 109 1854 num
122 1836 200 1864 agens
216 1837 274 1856 ut.
293 1828 357 1862 Quae
370 1837 436 1857 vero
458 1829 590 1857 hactenus
605 1829 729 1857 recensui
752 1837 820 1864 opu-

52 1874 128 1907 scula,
141 1883 171 1902 ea
187 1876 260 1903 dono
288 1875 380 1911 accepi
396 1875 430 1902 ab
443 1875 629 1904 eruditissimo
641 1874 745 1903 Jacobo
757 1874 820 1902 Kri-

52 1921 142 1955 gbout;
161 1923 206 1957 qui
221 1922 296 1950 datis
313 1930 420 1958 quoque
437 1922 642 1950 humanissimis
656 1922 752 1950 litteris
765 1930 819 1950 una

50 1973 106 1993 cum
123 1975 248 1996 sermone
263 1967 382 1999 funebri,
395 1975 474 2003 quem
491 1968 604 2003 ipsemet
620 1967 714 1994 habuit
726 1967 754 1994 in
769 1967 819 1995 ob-

51 2010 111 2038 itum
124 2012 224 2040 laudati
234 2013 378 2041 Wetstenii
390 2014 543 2041 decessoris
554 2013 607 2045 sui,
622 2019 736 2040 munera
751 2013 818 2040 mibi

53 2062 165 2090 pergrata
190 2059 266 2094 large
291 2059 459 2086 cumulavit:
474 2067 529 2093 quo
545 2058 656 2087 nomine
670 2059 737 2086 mihi
751 2063 817 2086 tem-

50 2108 135 2136 perare
150 2103 220 2131 haud
239 2112 363 2139 possutn,
378 2105 444 2139 quin
466 2103 499 2132 ν.
521 2104 552 2132 C.
576 2105 731 2132 comitatem
752 2105 820 2133 adeo

49 2145 204 2182 singularem
220 2155 303 2183 quam
319 2149 435 2176 maxime
449 2152 575 2176 testatam
588 2148 698 2177 faciam.

79 2190 172 2220 Verum
199 2198 228 2220 ut
249 2193 284 2221 ad
304 2201 359 2221 rem
384 2194 496 2229 propius
517 2194 696 2227 accedamus,
720 2194 817 2223 harum

49 2236 211 2270 epistolarum
225 2242 365 2266 auctorem
380 2238 465 2266 fuisse
476 2238 641 2267 Clementem
654 2239 817 2272 Romanum,

48 2281 140 2317 duplici
155 2288 378 2319 argumentorum
393 2292 492 2319 genere
508 2285 751 2312 demonstrandum
771 2293 819 2312 su-

48 2329 177 2364 scipimus.
204 2330 329 2358 Primum
351 2332 460 2367 quidem
484 2331 602 2366 petimus
625 2331 659 2359 ab
681 2332 796 2359 externis
810 2353 818 2365 ,

46 2376 98 2403 sive
123 2377 299 2412 antiquorum
332 2378 496 2413 scriptorum
527 2377 692 2405 testimoniis
718 2377 818 2412 quibus

46 2421 101 2449 illas
114 2421 198 2450 luisse
215 2430 231 2449 a
246 2421 384 2450 Clemente
401 2423 568 2458 perscriptas
591 2423 737 2454 astruitur,
761 2422 818 2450 sive

45 2468 145 2498 Patrum
160 2472 407 2500 vetustissimorum
432 2471 559 2506 operibus
574 2471 645 2498 unde
668 2470 702 2498 ab
721 2470 818 2498 iisdem

45 2524 88 2544 eas
107 2516 189 2546 fuisse
211 2517 346 2553 periectas
366 2517 513 2552 colligitur.
534 2517 654 2544 Alterum
673 2524 748 2548 vero,
773 2517 817 2543 in-

45 2567 139 2590 ternum
164 2563 285 2595 scilicet,
303 2570 336 2590 ex
350 2563 416 2598 ipsis
430 2563 554 2598 epistolis
569 2562 714 2590 sumimus.
729 2561 759 2590 In
774 2563 817 2590 his

44 2613 126 2636 autem
139 2609 310 2645 argumentis
333 2609 488 2644 digerendis
509 2607 688 2636 Wetstenium
707 2608 818 2643 potissi-

75 2676 127 2710 (84)
144 2676 280 2709 Lsrdner,
294 2676 313 2702 Α
329 2675 500 2703 dissertation
511 2683 579 2710 upon
591 2675 631 2701 the
646 2679 694 2701 two
704 2674 815 2709 Epistles

44 2711 164 2746 ascribed
185 2716 212 2738 to
226 2711 344 2739 Clement
357 2711 387 2742 of
398 2711 487 2742 Rome.
501 2718 528 2746 p.
544 2711 588 2743 57,
604 2710 648 2742 54,
665 2710 709 2737 57.

70 2745 123 2781 (85)
146 2745 236 2781 Epist.
250 2746 278 2778 a,
296 2746 365 2781 521,
381 2753 409 2781 p.
425 2746 468 2773 89.

74 2780 127 2817 (se)
146 2780 236 2817 Epist.
248 2781 280 2817 β,
297 2780 358 2817 516
369 2780 457 2816 seqq.,
472 2788 499 2816 ι).
510 2780 577 2817 129.

83 2815 126 2851 87)
144 2815 225 2844 Tom.
247 2815 279 2848 L,
301 2815 370 2851 part.
385 2815 487 2851 ligari.
504 2816 532 2848 8,
552 2824 579 2851 p.
602 2815 654 2843 365
668 2819 695 2842 et
708 2815 780 2844 suiv.

84 2850 138 2888 81‘)
160 2851 235 2880 Har.
247 2850 312 2883 xu,
329 2850 478 2889 §t5,0pp.
490 2850 559 2880 tom.
575 2851 594 2884 Ι,
608 2850 707 2887 p.159.

657 163 826 193 ΡιιοοεΜιΑ
847 163 1039 194 VABIORUM.

1605 169 1654 197 110

876 229 948 248 mum
966 227 1135 250 assectamur
1152 233 1157 250 :
1175 231 1206 251 ea
1227 228 1317 252 tamen
1336 225 1457 259 ratione.
1473 231 1502 254 ut
1524 230 1654 256 nonnulla

876 268 1020 303 utrobique
1037 276 1053 296 a
1070 270 1149 297 nobis
1165 270 1191 297 in
1206 270 1323 298 medium
1338 271 1521 306 proferantur,
1533 273 1654 302 Wetste-

875 313 921 341 nio
942 315 1139 349 praetermissa;
1156 323 1242 351 eaque
1264 316 1290 343 in
1314 317 1409 351 primis
1424 326 1484 353 qua:
1509 327 1542 346 ex
1557 320 1653 347 harum

874 359 1048 394 epistolarum
1076 361 1199 388 instituta
1217 362 1361 390 collatione
1385 371 1447 390 cum
1462 365 1568 394 duabus
1589 367 1654 393 reli-

874 406 936 440 quis
950 406 1152 439 Corinthiacis,
1180 407 1214 434 ad
1232 416 1287 435 rem
1311 410 1397 444 magis
1419 412 1553 445 pertinere
1575 413 1654 440 nobis

874 453 930 478 visa
945 457 1018 479 sunt.
1348 457 1351 464 '

909 497 998 526 Testis
1023 499 1113 534 itaque
1142 500 1278 535 antiquior
1314 501 1497 537 Epiphanius,
1521 506 1567 540 qui
1603 506 1653 534 ad-

874 551 970 572 versus
989 544 1131 574 Ebionaeos
1158 547 1216 574 haec
1241 548 1321 575 habet
1351 549 1419 585 (87')
1439 559 1446 578 :
1467 551 1553 584 Αὐτὸς
1580 553 1655 588 Κλή-

877 598 930 625 μης
950 590 1048 623 αὐτοὺς
1071 592 1140 618 κατὰ
1161 592 1248 619 πάντα.
1281 593 1385 630 ἐλέγχει
1412 596 1458 630 ἀφ’
1479 593 1515 623 ὧν
1537 598 1655 634 ἔγραψεν

872 636 1020 664 ἐπιστολῶν
1052 637 1212 671 ἐγκυκλίων,
1250 639 1303 666 τῶν
1341 641 1370 666 ὲν
1407 643 1468 673 ταῖς
1494 643 1585 678 ἁγίαις
1610 645 1654 672 ἐκ·

873 680 997 716 κλησίαις
1023 683 1298 719 ἀναγινωσκομένων·
1315 685 1356 712 ὅτι
1380 686 1458 714 ἄλλον
1482 688 1537 724 ἔχει
1553 699 1654 726 χαρακ‹

872 726 944 762 τῆρα
957 728 973 763 ἡ
989 728 1085 755 ἑαυτοῦ
1103 730 1193 762 πίστις
1206 730 1252 757 καί
1265 731 1279 757 ὁ
1289 731 1377 766 λόγος,
1393 734 1467 769 παρὰ
1482 734 1515 761 τὰ
1530 736 1582 762 ὑπὸ
1595 737 1655 764 τούο

872 780 925 799 των
939 774 977 804 εἰς
991 773 1075 809 ὄνομα
1090 775 1171 801 αὑτοῦ
1188 776 1217 802 ὲν
1232 778 1291 808 ταῖς
1305 777 1453 812 Περιόδοις
1464 781 1652 817 νενοθευμένα.

874 817 961 849 Αὐτὸς
974 818 1027 864 γᾴρ
1050 820 1197 855 παρθενίαν
1212 821 1340 855 διδάσκει,
1358 825 1404 851 καὶ
1424 826 1501 852 αὐτοὶ
1517 828 1547 853 02'.
1562 828 1652 864 δέχον-

872 870 925 888 ται⁴
941 863 1021 895 αὐτὸς
1041 864 1095 900 γὰρ
1116 866 1279 901 ἐγκωμιάζει
1304 868 1404 901 Ἠλίαν,
1415 870 1462 897 καὶ
1486 872 1583 905 Δαϐὶδ,
1606 876 1653 902 καὶΙ

873 908 1000 943 Σαμψὼν,
1016 911 1061 937 καὶ
1077 911 1179 944 πάντας
1193 914 1255 946 τοὺς
1283 916 1434 951 προφήτας,
1451 916 1498 949 οὓς
1512 914 1584 946 οὗτοι
1599 920 1653 955 βδε-

872 953 1019 982 λύττονται.
1041 955 1068 984 ld
1099 961 1159 985 est:
1179 969 1188 984 ε
1203 958 1328 988 Clemens
1355 962 1412 996 ipse
1438 965 1563 992 omnibus
1591 953 1652 994 illos

873 998 1036 1036 (Ebionzeos)
1063 1003 1150 1031 modis
1171 1004 1308 1040 redarguit
1331 1006 1363 1034 iis
1386 1009 1509 1042 epistolis
1532 1011 1651 1039 circula-

872 1041 1034 1080 ribus,'qu:e
1055 1046 1081 1073 in
1097 1050 1279 1077 sacrosanctis
1302 1041 1426 1080 ecclesiis
1448 1053 1575 1089 leguntur
1591 1065 1598 1086 ;
1617 1064 1650 1084 ex

872 1089 971 1124 quibus
987 1095 1104 1125 constat,
1120 1093 1198 1128 longe
1213 1093 1246 1121 ab
1265 1094 1298 1122 iis
1310 1103 1370 1130 quae
1385 1097 1413 1123 in
1435 1098 1591 1127 Cit-cultibus
1617 1101 1651 1128 il-

873 1134 907 1162 lis
929 1135 1042 1172 (Petrt')
1062 1137 1112 1165 sub
1135 1138 1196 1173 ejus
1216 1140 1325 1168 nomine
1347 1141 1498 1170 adulterina
1523 1151 1650 1179 exstant,

873 1180 947 1208 illius
964 1181 1042 1209 fidem
1059 1190 1090 1210 ac
1106 1191 1257 1212 sermonem
1274 1185 1459 1216 abhorruisse.
1473 1188 1577 1218 Etenim
1592 1191 1652 1218 Vir-

872 1226 1013 1274 ginitatem
1026 1228 1084 1260 ipse
1099 1228 1254 1266 (Clemens)
1269 1232 1383 1267 edocet;
1402 1238 1429 1261 et
1444 1235 1487 1262 isti
1501 1234 1651 1274 (Ebiunzei)

872 1273 1017 1308 repudiant
1031 1282 1036 1299 :
1061 1274 1105 1302 ille
1119 1275 1217 1308 Eliam,
1231 1277 1360 1306 Davidem
1374 1285 1401 1307 et
1417 1280 1576 1310 Samsonem
1591 1292 1652 1313 oms

872 1326 974 1354 nesque
996 1320 1141 1355 prophetas
1162 1324 1352 1358 commendat;
1377 1334 1445 1360 quos
1464 1327 1491 1354 hi
1514 1329 1653 1358 detestan-

872 1367 925 1391 tur.
945 1374 954 1390 ι
983 1364 1049 1398 Quae
1074 1366 1196 1401 profecto
1224 1367 1409 1404 Epiphaniana
1438 1372 1544 1402 duabus
1575 1375 1650 1404 hisce

872 1409 1049 1438 Clementinis
1065 1412 1188 1446 epistolis
1209 1413 1308 1440 mirum
1325 1415 1353 1442 in
1368 1416 1477 1444 modum
1500 1425 1651 1455 congruere

872 1461 1033 1484 noscuntur.
1050 1457 1170 1485 Primum
1184 1459 1275 1494 itaque
1290 1460 1318 1488 in
1335 1461 1379 1494 iis,
1396 1461 1547 1498 Epiphanio
1562 1470 1630 1494 teste
1640 1487 1649 1500 .

872 1501 900 1529 S.
939 1501 1064 1531 Clemens
1097 1504 1273 1539 virginitatem
1302 1507 1390 1534 edocet
1416 1517 1427 1536 .·
1454 1509 1550 1537 harum
1576 1512 1647 1540 enim

871 1547 1045 1582 epistolarum
1060 1557 1123 1584 pars
1137 1551 1259 1582 minima.
1277 1556 1306 1578 ut
1319 1557 1392 1581 recte
1406 1554 1523 1582 advertit
1531 1555 1650 1585 Wctste-

871 1595 933 1622 nius
953 1595 1010 1631 (88)
1022 1616 1029 1629 ,
1046 1596 1072 1624 in
1087 1597 1240 1625 extollendo
1253 1598 1362 1634 quidem
1380 1600 1535 1636 virginitate
1558 1610 1652 1631 versa-

870 1645 932 1676 tur;
948 1646 975 1669 at
988 1643 1066 1678 longe
1079 1643 1207 1678 maxima,
1226 1644 1281 1672 imo
1303 1649 1359 1673 tota
1382 1648 1497 1682 epistola
1511 1650 1630 1677 secunda
1641 1670 1650 1682 ,

870 1687 897 1715 in
914 1688 1065 1724 virginibus
1081 1689 1160 1716 ollicii
1177 1690 1355 1719 admonendis
1377 1698 1537 1728 occupatur,
1552 1693 1600 1723 seu
1615 1696 1650 1723 de

869 1734 1025 1768 virginitate
1051 1734 1094 1769 pie
1118 1742 1149 1761 ac
1175 1735 1226 1763 rite
1250 1737 1381 1764 servanda
1408 1743 1556 1772 pertractat
1581 1750 1587 1767 :
1618 1745 1650 1768 ut

869 1783 1013 1814 propterea
1050 1779 1079 1807 S.
1110 1779 1191 1808 Pater
1212 1781 1240 1807 in
1260 1781 1302 1809 his
1326 1783 1449 1817 epistolis
1473 1784 1648 1819 virginitatem

869 1825 960 1860 potius
981 1825 1103 1859 edocere,
1125 1833 1205 1861 quam
1225 1827 1425 1861 commendare,
1443 1827 1505 1863 jure
1527 1830 1561 1858 ab
1582 1831 1649 1866 Epi-

869 1871 969 1906 phanio
983 1871 1099 1899 dicatur.

904 1918 962 1945 Jam
978 1922 1075 1945 caetera
1089 1925 1295 1954 prosequamur.
1319 1919 1418 1953 Ellam,
1436 1921 1534 1957 inquit,
1555 1924 1648 1950 laudat

869 1964 997 1992 Clemens.
1016 1964 1048 1991 Et
1063 1965 1170 2000 quidem
1187 1966 1229 1993 his
1244 1966 1334 1994 verbis
1371 1967 1427 2003 (89)
1449 1975 1456 1995 :
1480 1967 1555 1996 Certe
1568 1971 1648 1998 etiam

869 2009 938 2037 Elia:
952 2015 976 2036 et
992 2009 1074 2037 Eliso:
1084 2030 1091 2042 ,
1104 2015 1128 2037 et
1142 2011 1284 2038 multorum
1308 2011 1421 2039 aliorum
1441 2019 1591 2042 sanctorum
1607 2024 1649 2043 re-

868 2057 982 2091 perimus
1003 2057 1222 2084 conversationem
1238 2056 1319 2091 fuisse
1337 2063 1456 2085 sanctam
1473 2064 1497 2086 et
1517 2061 1573 2087 sine
1587 2070 1646 2088 ma-

870 2102 941 2130 cula.
961 2103 1028 2130 Tum
1042 2111 1117 2136 vero,
1135 2103 1183 2134 ait,
1200 2102 1327 2130 Davidem
1341 2104 1516 2132 commendat.
1532 2105 1561 2133 Id
1579 2114 1648 2141 quo-

868 2157 922 2185 que
937 2149 977 2177 sic
993 2149 1142 2184 prmstitum
1156 2157 1171 2176 a
1195 2148 1333 2177 Clemente
1355 2149 1410 2185 (90)
1430 2160 1436 2178 :
1459 2150 1552 2179 Nonne
1573 2152 1648 2180 docet

870 2199 894 2222 te
908 2194 974 2221 illud
992 2194 1119 2226 Dauidis,
1142 2202 1218 2230 quem
1236 2194 1331 2221 invenit
1354 2194 1424 2222 Deus
1447 2195 1533 2223 virum
1553 2205 1648 2224 secun-

869 2241 933 2267 dum
946 2249 991 2267 cor
1004 2249 1092 2273 suum,
1106 2240 1235 2268 hominem
1257 2241 1360 2276 ﬁdelem
1372 2262 1379 2274 ,
1398 2243 1541 2277 perfectum
1551 2265 1557 2274 .
1583 2253 1646 2272 san-

869 2291 950 2318 ctum,
967 2287 1069 2314 verum?
1083 2285 1182 2313 Deinde
1205 2286 1360 2314 Samaonem
1374 2288 1486 2321 extollit,
1502 2289 1643 2325 subiungit

868 2332 1046 2368 Epiphanius.
1071 2331 1111 2359 En
1134 2332 1331 2359 Clementinum
1354 2333 1442 2361 locum
1465 2334 1521 2370 (91)
1547 2344 1553 2362 :
1584 2335 1645 2364 Non

869 2379 996 2406 audivisti
1015 2378 1046 2405 de
1062 2377 1189 2405 Samsone
1205 2377 1341 2410 Nazirwo.
1353 2386 1412 2404 cum
1426 2387 1476 2414 quo
1496 2379 1546 2413 fuit
1561 2379 1647 2414 Spiri-

870 2429 912 2450 tus
925 2423 989 2456 Dei,
1005 2424 1060 2450 viro
1075 2423 1158 2457 forti?
1174 2422 1202 2449 Is
1215 2423 1254 2449 vir
1271 2422 1412 2450 Nazirtzus
1425 2423 1487 2458 fuit,
1502 2429 1526 2450 et
1537 2430 1645 2453 sanctus

869 2469 935 2504 Dei,
950 2473 975 2497 et
990 2469 1042 2503 fuit
1056 2470 1082 2496 in
1098 2468 1252 2504 fortitudine
1265 2474 1290 2496 et
1307 2469 1410 2497 robore.
1426 2469 1562 2506 Denique,
1579 2473 1645 2500 sub—

869 2516 919 2548 dit,
945 2524 1032 2543 omnes
1062 2515 1200 2550 prop/tetas
1228 2515 1351 2543 laudibus
1376 2516 1459 2551 effert.
1482 2516 1591 2545 Scilicet
1616 2520 1644 2547 in

869 2562 939 2589 banc
957 2561 1118 2589 sententiam
1134 2561 1189 2596 (92)
1205 2570 1212 2588 :
1235 2560 1318 2588 Porro
1333 2562 1412 2588 etiam
1427 2561 1531 2589 Elimm
1545 2568 1571 2590 et
1592 2564 1644 2591 Ge-

868 2606 926 2633 Itast'
942 2610 967 2632 et
991 2605 1272 2643 ﬁlios-prophetarum
1293 2605 1436 2639 reperimus
1462 2605 1595 2634 habitasse
1617 2609 1644 2635 in

904 2673 959 2707 (88)
978 2672 1061 2708 Epist.
1080 2672 1112 2699 ad
1125 2671 1291 2701 H.Venem..
1306 2672 1396 2708 p.721.

903 2708 958 2743 (89)
980 2707 1016 2735 De
1031 2708 1094 2742 uirg.
1123 2708 1204 2742 epist.
1219 2708 1243 2741 1,
1259 2714 1318 2743 cap.
1332 2707 1358 2734 6.

914 2743 959 2778 9U)
977 2743 1063 2778 Epist.
1076 2743 1104 2774 2,
1119 2750 1179 2778 cap.
1194 2743 1221 2770 9.

915 2777 960 2812 91)
982 2777 1066 2809 Ibid,
1080 2785 1138 2812 cap.
1155 2778 1182 2804 9.

915 2812 959 2848 92)
977 2812 1058 2846 Ibid,
1069 2820 1130 2848 cap.
1146 2813 1193 2840 M.

950 2708 960 2850 ἓ
