1893 3101
228 158 275 186 HI

784 158 824 186 AD
845 159 872 186 S.
893 156 1102 186 CLEMENTEM
1122 157 1132 185 Ι
1151 157 1267 186 PAPAM

1786 155 1834 183 ll!

227 214 319 242 timore
333 215 400 249 Dei,-
415 219 440 243 ει
456 216 560 251 hospita
575 225 625 244 non
641 216 692 251 fuit
706 218 753 244 eis.
771 216 887 243 Micham
903 219 927 243 et
944 223 1004 250 pro-
1020 219 1041 246 Α
1055 222 1144 244 autem
1174 216 1315 245 Samsonis
1337 215 1454 252 elogium
1468 234 1476 246 ,
1502 220 1533 241 ea
1557 213 1666 240 demum
1688 213 1782 239 omnia
1807 213 1834 240 in

225 261 316 294 pheta:
333 270 422 289 omnes
435 263 536 296 pariter
551 264 588 290 sic
605 263 747 298 reperimus
768 262 900 289 habitasse
921 262 948 288 in
972 262 1005 288 ti-

226 315 298 334 more
327 307 443 335 Domini.
473 308 611 337 Hactenus
635 309 780 342 Clemens;
812 308 891 342 cujus
916 307 1005 335 verbis

224 354 363 382 enimvero
392 354 426 381 ad
447 354 588 390 Epiphanii
611 354 796 382 testimonium
820 353 1004 388 comproban-

228 399 292 427 dum
317 400 385 427 nihil
406 400 508 428 clarius
533 409 594 429 esse
621 406 668 428 aut
687 399 852 428 luculentius
874 399 1003 431 videtur;

225 452 272 472 seu
289 446 379 481 potius
395 446 429 473 ad
446 450 557 474 nostras
571 447 702 475 Clementi
723 445 885 474 asserendas
905 445 1004 480 episto-

223 494 281 524 las,
296 493 365 521 nihil
387 494 476 528 aptius
496 493 653 527 hujusmodi
673 493 818 528 Epiphanii
836 491 1003 522 testimonio.

223 538 340 566 validius
356 538 423 566 nihil
438 538 554 574 proferri
567 546 647 573 posse
661 539 759 574 liquet.

262 583 391 617 Quaenam
411 592 477 611 vero
499 584 632 612 hactenus
657 583 809 612 observatis
828 583 1003 617 objiciantur,

222 631 411 666 inspiciamus.
436 629 514 657 Haud
542 630 579 657 ita
597 631 700 665 pridem
716 629 749 658 V.
766 629 797 657 C.
824 639 834 656 ι
849 629 921 656 Nihil
943 636 1004 655 mo-

222 683 279 707 ror,
294 675 401 710 inquit,
419 673 449 702 S.
467 674 609 710 Epiphanii
632 674 837 708 testimonium;
857 681 920 701 nam
937 673 1004 700 illud

221 721 370 756 expetitum
396 725 438 748 est
461 729 495 748 ex
515 720 639 760 epistolis
662 719 828 752 Clementis,
855 727 916 754 quae
939 722 1004 746 tunc

221 766 373 802 legebantur
403 767 431 793 in
463 767 589 794 ecclesiis.
620 765 745 794 Profecto
781 773 814 793 ex
847 765 1004 793 testimonio

223 810 253 838 S.
281 810 437 847 Hieronymi
461 811 614 842 discimus,
643 811 733 838 nullas
761 810 829 838 alias
855 810 1003 839 Clementis

222 859 359 895 Epistolas
383 862 462 886 aetate
487 858 533 885 illa
554 857 581 884 in
597 856 728 884 Ecclesiis
743 855 794 891 legi
814 857 1001 889 consuevisse.

222 905 277 934 nisi
307 905 340 932 ad
367 903 525 932 Corinthios
551 903 677 938 geminas.
703 910 712 928 ›
748 901 838 929 Nolim
865 903 1003 931 enimvero

220 951 280 977 viro
303 949 488 978 eruditissimo
511 948 568 975 haec
589 947 734 975 excidisse.
750 946 879 975 Testatur
893 946 1003 982 quidem

221 997 254 1027 S.
270 997 451 1032 Hieronymus
467 995 524 1031 (95)
537 1016 544 1026 ,
559 995 706 1023 Clementis
721 995 839 1030 priorem
861 995 894 1023 ad
901 994 1004 1027 .Eccle-

220 1045 289 1072 siam
304 1043 509 1071 Corinthiorum
526 1041 674 1077 Epistolam
690 1042 718 1068 in
733 1041 873 1069 nonnullis
886 1042 1004 1070 coetibus

220 1088 416 1117 ecclesiasticis
442 1088 537 1114 lectam
555 1086 641 1114 fuisse
667 1096 674 1119 ;
697 1091 724 1113 at
739 1086 879 1114 secundam
903 1095 919 1113 a
934 1092 1002 1114 vete-

221 1133 293 1160 ribus
320 1132 486 1167 reprobatam
514 1131 634 1164 asserit;
661 1135 768 1158 tantum
797 1132 883 1163 abest,
913 1135 943 1158 ut
976 1131 1003 1158 in

226 1178 352 1206 ecclesiis
367 1182 432 1204 tunc
449 1176 500 1212 legi
523 1177 699 1204 consuevisse
720 1177 834 1211 geminas
853 1177 885 1204 ad
906 1176 1003 1204 Corin-

220 1225 296 1252 thios
310 1223 452 1259 epistolas,
468 1230 501 1250 ex
515 1221 576 1256 ejus
593 1222 749 1249 testimonio
763 1222 912 1250 discamus.
926 1222 1002 1256 Quod

221 1275 312 1297 autem
332 1269 384 1296 hac
407 1268 440 1296 de
459 1275 489 1295 re
512 1267 609 1294 doctor
632 1267 778 1299 maximus,
801 1267 872 1295 idem
895 1275 1003 1303 quoque

223 1320 285 1342 ante
302 1314 391 1350 ipsum
411 1312 558 1348 Dionysius
571 1312 730 1339 Corinthius
741 1333 748 1346 ,
768 1312 839 1340 idem
852 1313 933 1340 etiam
950 1313 1002 1340 Eu»

221 1362 314 1389 sebius
329 1359 516 1392 Caesariensis,
541 1358 612 1386 idem
636 1359 732 1393 reliqui
754 1359 922 1393 antiquiores
940 1367 1002 1394 pro-

222 1406 342 1434 fitentur.
360 1404 428 1431 Cum
450 1404 541 1438 itaque
554 1407 632 1430 certo
645 1407 751 1431 constet
765 1411 799 1431 ex
816 1407 936 1431 veterum
961 1408 1001 1431 te-

221 1450 369 1482 stimoniis,
386 1456 478 1481 unam,
502 1452 529 1476 et
554 1448 662 1483 quidem
690 1449 825 1484 priorem,
852 1448 1001 1478 Corinthiis

1056 264 1159 292 nostris
1173 263 1294 300 Syriacis
1306 265 1464 298 comparent
1476 271 1483 296 ;
1500 261 1602 288 frustra
1613 267 1677 287 vero
1690 259 1719 286 in
1734 259 1836 288 Graecis

1056 310 1181 346 requiras
1206 319 1212 337 :
1238 314 1267 337 ut
1291 313 1433 345 propterea
1458 307 1562 335 nullum
1584 305 1702 341 amplius
1723 305 1835 333 dubium

1055 363 1200 391 superesse
1215 355 1311 383 merito
1330 355 1464 385 videatur,
1480 353 1546 388 quin
1569 352 1603 379 de
1617 351 1756 387 prioribus
1775 354 1837 378 tan—

1054 405 1123 434 tum,
1139 409 1194 429 non
1209 404 1299 429 autem
1317 401 1351 429 de
1365 398 1563 436 posterioribus
1573 417 1581 431 .
1602 397 1744 432 Enipbanii
1760 397 1837 425 testi-

1055 448 1176 475 monium
1192 447 1228 475 sit
1244 446 1444 482 accipiendum.

1090 492 1258 521 Lardnerum
1276 495 1387 520 secutus
1403 491 1456 518 alia
1475 490 1554 525 plura
1569 489 1690 525 congerit
1703 489 1836 517 Herman-

1055 546 1107 566 nus
1121 537 1248 571 Venema,
1261 538 1360 573 quibus
1375 536 1591 572 Epiphanianum
1609 535 1697 562 locum
1711 539 1834 567 enervet,

1057 587 1139 617 atque
1164 583 1193 609 in
1219 583 1381 610 sententiam
1408 589 1486 609 suam
1512 580 1660 616 pertrahat.
1691 579 1723 607 Et
1747 580 1836 615 primo

1054 629 1162 663 quidem
1178 628 1314 663 negotium
1337 627 1449 655 facessit
1470 627 1528 654 viro
1543 627 1639 654 critico
1664 625 1720 661 (95)
1734 645 1742 657 .
1763 625 1836 661 quod

1055 671 1085 698 S.
1101 671 1267 706 Epiphanius
1281 671 1451 705 ἐγκυκλίους,
1467 671 1621 703 circulares,
1633 671 1764 705 epistolas
1776 678 1838 698 nos-

1054 721 1112 745 tras
1137 718 1268 753 appellet;
1283 722 1468 746 verumtamen
1488 718 1608 745 animum
1628 718 1662 745 ab
1683 718 1736 745 hoc
1757 725 1837 745 scru-

1054 763 1119 798 pulo
1148 771 1293 799 parumper
1320 768 1464 797 avertens,
1501 763 1676 798 nondumque
1710 763 1837 798 deposita

1053 812 1127 839 omni
1152 811 1336 844 cunctatione,
1361 812 1503 839 elucescere
1524 811 1572 842 ait.
1602 811 1631 838 S.
1653 811 1762 838 Patrem
1789 811 1837 838 hoc

1054 857 1145 884 addito
1165 857 1270 885 criterio
1286 858 1482 894 uulgatissimas
1499 862 1603 885 tantum
1621 857 1775 885 Corinthiis
1795 857 1838 884 in-

1019 893 1170 938 Bscriptas
1195 905 1223 931 in
1247 905 1330 932 oculis
1353 904 1483 932 habuisse.
1513 903 1615 931 Vereor
1642 904 1770 938 equidem
1802 911 1838 932 ne

1055 949 1136 976 dictis
1166 949 1340 978 Venemianis
1371 950 1506 978 calculum
1537 958 1592 978 non
1620 950 1752 985 adjiciant
1783 950 1835 977 viri

1054 995 1136 1026 docti.
1155 1000 1184 1022 ut
1203 1004 1263 1031 quae
1278 996 1370 1024 minus
1383 1000 1456 1024 recte
1478 997 1529 1025 sibi
1548 997 1683 1024 cobterere
1694 997 1825 1024 videntur

1055 1039 1197 1075 Utcunque
1215 1045 1305 1068 autem
1331 1049 1373 1069 res
1396 1050 1425 1070 se
1443 1042 1551 1075 habeat,
1565 1042 1631 1069 nihil
1653 1049 1719 1069 sane
1740 1041 1836 1077 prohi~

1054 1085 1115 1117 bet,
1134 1086 1282 1121 quominus
1299 1088 1340 1114 vel
1362 1088 1567 1120 existimemus,
1592 1087 1736 1123 Epiphanii
1754 1091 1837 1115 aetate

1055 1131 1129 1165 apud
1143 1133 1288 1161 nonnullas
1298 1134 1430 1161 ecclesias
1453 1133 1482 1160 in
1508 1141 1584 1161 more
1606 1133 1691 1161 fuisse
1713 1134 1835 1168 posittun

1056 1176 1187 1210 epistolas
1201 1176 1240 1205 De
1264 1178 1411 1213 virginitate
1425 1179 1532 1214 publice
1547 1179 1609 1214 legi;
1623 1179 1665 1206 vel
1679 1186 1741 1206 cum
1757 1178 1836 1206 Wet-

1053 1220 1142 1247 stenio
1157 1221 1214 1257 (96)
1229 1231 1390 1251 censeamus
1405 1233 1415 1250 ‹
1433 1224 1612 1260 Epiphanium
1626 1228 1655 1251 ut
1668 1224 1815 1253 Ebionaaos
1826 1245 1833 1257 ,

1053 1272 1107 1292 non
1128 1265 1275 1295 Clementis
1295 1269 1398 1301 solum,
1417 1270 1465 1297 sed
1485 1270 1565 1297 etiam
1586 1269 1716 1297 Ecclesia:
1736 1275 1836 1298 aucto-

1053 1310 1134 1337 ritate
1167 1318 1323 1346 premeret,
1358 1315 1512 1342 encomium
1539 1315 1624 1350 priori
1649 1315 1837 1343 Corinthiacus

1053 1356 1179 1392 Epistolas
1193 1358 1334 1391 tributum,
1353 1360 1380 1387 in
1394 1364 1539 1396 utramque
1557 1363 1592 1387 ad
1606 1362 1717 1396 virgines
1740 1367 1836 1389 trans-

1052 1404 1158 1432 tulisse.
1175 1415 1184 1431 ›
1208 1405 1307 1438 Quidni
1324 1410 1414 1434 autem
1443 1406 1471 1433 id
1488 1407 1540 1434 rite
1563 1408 1660 1435 fecerit
1682 1408 1711 1435 S.
1729 1407 1837 1436 Pater?

1052 1453 1127 1476 ratus
1141 1449 1269 1477 nimirum
1282 1451 1402 1486 episcopi
1415 1451 1530 1479 Romani
1544 1453 1675 1488 epistolas
1688 1454 1722 1481 ad
1737 1453 1836 1482 Eccle-

222 1496 382 1531 inscriptam
400 1494 542 1529 epistolam
562 1495 670 1530 publice
688 1494 774 1523 fuisse
792 1495 938 1523 lectitatam
949 1516 958 1529 ,
974 1496 1000 1523 id
1052 1494 1100 1521 sia:
1114 1494 1249 1522 universa:
1263 1495 1460 1524 institutionem
1481 1497 1617 1532 pertinere
1628 1519 1636 1531 ,
1651 1499 1837 1534 quemadmo-

221 1543 312 1578 ipsum
346 1540 468 1577 profecto
498 1540 665 1576 Epiphanius
701 1541 765 1568 item
796 1541 906 1569 novisse
937 1542 999 1576 jure
1013 1557 1035 1588 C
1052 1540 1117 1567 dum
1130 1544 1158 1567 et
1172 1541 1206 1568 de
1221 1542 1311 1576 priore
1324 1542 1358 1569 ad
1370 1543 1526 1571 Corinthios
1537 1543 1688 1571 factitatum
1705 1551 1835 1574 noverat.

220 1587 422 1616 existimandus
446 1596 453 1614 :
469 1586 589 1622 adeoque
600 1606 608 1618 ,
630 1587 674 1613 ubi
690 1594 745 1614 non
761 1595 840 1614 unam
852 1587 999 1616 Clementis
1018 1585 1034 1588 ”
1051 1585 1137 1613 Porro
1155 1587 1188 1613 ad
1206 1587 1309 1622 reliqua
1331 1588 1516 1623 Epiphaniana
1538 1591 1708 1617 extenuanda
1720 1610 1728 1622 ,
1752 1592 1836 1627 plura

221 1633 375 1669 epistolam,
396 1632 443 1660 sed
463 1632 522 1667 ejus
548 1631 680 1666 Epistolas
700 1633 842 1660 circulares
863 1633 889 1660 in
913 1634 1001 1661 eccle-

221 1680 271 1707 siis
285 1678 371 1706 fuisse
387 1678 521 1713 periectas
535 1677 659 1709 aﬂirmat,
674 1678 707 1705 de
723 1677 904 1706 Corinthiacis
927 1679 1001 1713 epis-

222 1725 288 1752 tolis
311 1723 397 1758 ipsius
413 1722 496 1749 verba
519 1722 594 1748 nullo
607 1725 688 1756 pacto
705 1722 861 1756 accipienda
877 1730 939 1750 esse
959 1723 999 1749 vi-

222 1770 332 1797 dentur.
348 1768 418 1802 Quid
426 1768 496 1803 quod
509 1767 724 1802 Epiphanianum
739 1767 922 1795 testimonium
932 1769 999 1796 alias

223 1817 335 1844 omnino
358 1815 391 1843 ab
411 1814 532 1850 epistolis
554 1814 587 1841 ad
610 1814 766 1842 Corinthios
788 1814 924 1849 respicere
938 1822 998 1849 pcr-

225 1862 353 1890 hibetur?
387 1861 417 1889 In
444 1861 626 1889 Corinthiacis
653 1861 726 1888 enim
752 1861 826 1887 nulla
861 1860 998 1888 Samsonis

223 1909 336 1940 mentio,
354 1915 441 1942 neque
462 1907 569 1942 uspiam
583 1907 698 1933 omnium
722 1906 905 1942 prophetarum
917 1915 1000 1935 enco-

222 1955 306 1982 mium
321 1954 440 1981 occurrit
453 1962 460 1986 ;
473 1957 503 1980 ut
516 1953 619 1988 reliqua
633 1957 825 1988 praetereamus
840 1962 846 1979 :
863 1960 923 1987 qua:
934 1961 1000 1981 sane

223 1999 250 2027 in
276 1999 400 2035 epistolis
423 1997 602 2025 Clementinis
621 1997 757 2031 extitisse,
780 1995 810 2025 S.
832 1996 1000 2032 Epiphanius

224 2045 376 2072 luculenter
389 2047 516 2071 testatur.

257 2089 291 2116 At
302 2089 409 2124 inquies
424 2096 485 2116 cum
505 2088 644 2115 Lardnero
661 2088 728 2123 (94),
744 2087 925 2123 Epiphanium
937 2088 999 2123 qui-

222 2136 282 2163 dem
297 2135 426 2170 epistolas
440 2134 587 2162 Clementis
607 2141 659 2160 una
676 2134 768 2169 plures
788 2141 947 2168 agnoscere,
957 2137 999 2160 at-

221 2189 274 2216 que
299 2180 327 2208 in
352 2180 385 2207 iis
410 2187 465 2206 non
495 2180 582 2207 solum
610 2179 644 2206 de
669 2178 829 2214 Vlrginitate
854 2178 999 2213 scripsisse

1050 1632 1174 1666 congerit
1189 1631 1258 1659 idem
1280 1633 1322 1660 vir
1335 1634 1458 1661 eruditus
1471 1642 1478 1667 ;
1494 1641 1554 1668 qua!
1570 1638 1660 1661 tamen
1673 1635 1767 1662 omnia
1784 1643 1838 1663 ex-

1051 1676 1145 1711 pendit
1158 1683 1191 1703 ac
1205 1676 1286 1703 diluit
1300 1677 1335 1704 cl.
1352 1677 1440 1705 editor
1462 1685 1469 1703 ε
1485 1678 1553 1705 adeo
1567 1682 1597 1705 ut
1620 1683 1744 1712 constet,
1766 1688 1838 1708 sart-

1050 1727 1125 1749 ctum
1140 1723 1296 1758 episcopum
1309 1723 1544 1751 Constantiensem
1555 1744 1562 1756 ,
1577 1725 1641 1752 dum
1652 1726 1733 1753 verba
1751 1735 1839 1763 supe-

1050 1767 1110 1795 rius
1121 1768 1234 1795 recitata
1248 1768 1439 1803 perscriberet,
1453 1769 1480 1795 in
1491 1769 1541 1796 has
1551 1770 1680 1804 epistolas
1701 1770 1838 1806 Syriacas

1050 1814 1145 1842 oculos
1158 1814 1317 1842 intendisse.

1086 1860 1144 1888 XII.
1186 1860 1337 1896 Epiphanio
1367 1860 1544 1897 Hieronymus
1592 1862 1702 1890 accedat
1734 1863 1838 1891 doctor

1051 1906 1205 1938 maximus,
1230 1907 1308 1933 testis
1327 1906 1394 1933 alter
1409 1906 1647 1941 locupletissimus.
1671 1908 1718 1936 Sic
1747 1910 1840 1945 igitur

1051 1953 1096 1981 ille
1108 1953 1239 1981 adversus
1253 1952 1423 1980 Jovinianum
1441 1953 1497 1988 (97)
1511 1963 1517 1981 :
1532 1953 1568 1980 Hi
1584 1959 1644 1981 sunt
1655 1957 1780 1989 eunuchi,
1800 1974 1840 1980 _

1049 2006 1114 2033 quos
1127 1999 1254 2025 castravit
1274 2006 1326 2025 non
1349 2000 1499 2031 necessitas,
1514 1999 1560 2026 sed
1574 1999 1704 2029 voluntas.
1728 2018 1765 2022 —
1792 2005 1839 2031 Ad

1048 2043 1134 2070 hoset
1161 2042 1280 2070 Clemens
1309 2051 1443 2070 successor
1477 2046 1591 2078 apostoli
1625 2046 1718 2079 Petri.
1753 2049 1838 2083 cujus

1052 2089 1154 2116 Paulus
1166 2091 1299 2124 apostolus
1315 2090 1450 2121 meminit,
1466 2090 1555 2117 scribit
1566 2092 1689 2125 epistolas
1709 2102 1837 2120 omnem-

1049 2143 1097 2169 que
1111 2142 1173 2168 pene
1194 2143 1336 2162 sermonem
1362 2143 1438 2162 suum
1471 2135 1502 2163 de
1525 2137 1684 2172 virginitatis
1710 2141 1839 2172 puritate

1049 2181 1190 2208 contexuit.
1219 2180 1314 2215 Agesis
1338 2188 1423 2214 nunc,
1461 2181 1615 2216 huiusmodi
1640 2184 1839 2213 testimonium

221 2227 386 2254 Clementem
397 2246 403 2258 ,
422 2225 471 2253 sed
484 2225 565 2253 etiam
580 2224 740 2252 Samsonem
755 2223 891 2255 laudasse.
907 2224 997 2259 ipsum
1015 2231 1036 2258 ι)
1051 2224 1244 2259 expendamus.
1262 2223 1325 2251 Tria
1340 2225 1367 2251 in
1382 2232 1415 2252 eo
1427 2229 1490 2252 sunt
1504 2225 1587 2260 probe
1602 2226 1733 2255 notanda.
1751 2227 1775 2255 1.
1791 2229 1839 2256 Ad

222 2273 341 2309 proﬁteri
375 2280 380 2298 :
410 2271 482 2307 quod
507 2275 654 2306 utrumque
676 2271 705 2298 in
728 2270 851 2305 epistolis
879 2269 1000 2306 Syriacis

221 2317 399 2353 conspicitur,
425 2316 596 2344 desideratur
618 2319 708 2343 autem
736 2315 764 2342 in
788 2314 900 2343 Graecis.
929 2315 999 2343 Hinc

221 2367 312 2390 tamen
327 2369 406 2389 nemo
424 2361 486 2395 jure
502 2360 629 2394 colligat,
643 2358 734 2394 judicé
755 2358 894 2387 Lardnero
905 2380 913 2392 ,
934 2359 999 2395 Epi-

220 2409 351 2445 phanium
372 2407 406 2435 de
421 2406 558 2441 prioribus
575 2405 665 2433 statim
680 2405 884 2440 intelligendum
905 2414 913 2432 :
935 2413 996 2433 cum

219 2454 293 2482 enim
313 2456 410 2481 neutra
432 2451 606 2479 Corinthiaca
626 2451 740 2486 epistola
764 2451 866 2486 integra
890 2451 924 2478 ad
946 2459 997 2479 nos

220 2497 375 2535 pervenerit
388 2517 395 2529 ,
414 2496 472 2524 ficri
485 2501 590 2532 potest,
610 2500 639 2523 ut
657 2495 798 2524 Samsouis
812 2497 912 2524 mentio
927 2497 998 2525 inter

220 2553 252 2572 ea
267 2552 328 2580 quae
343 2544 370 2570 in
385 2542 480 2570 iisdem
500 2542 622 2577 epistolis
635 2542 743 2574 desunt,
758 2542 875 2570 maxime
889 2551 954 2571 vero
969 2544 996 2570 in

222 2589 352 2620 secunda,
366 2588 526 2615 occurrerit.
541 2587 597 2619 Nae.
612 2588 659 2623 qui
675 2588 794 2616 rationes
811 2589 921 2616 suasita
937 2589 998 2616 sub-

221 2634 308 2665 ducit,
323 2640 432 2668 operam
461 2633 537 2662 ludit.
551 2633 620 2666 Quid
637 2633 759 2668 quaeris?
783 2633 874 2661 nullus
888 2634 996 2669 conjec-

221 2680 292 2706 turis
306 2679 392 2710 locus,
418 2678 463 2704 ubi
484 2686 528 2706 res
556 2678 614 2713 ipsa
637 2678 746 2705 clamat.
768 2678 940 2713 Qumcunque
963 2679 996 2706 de

219 2724 367 2753 Clementis
391 2724 515 2759 epistolis
534 2724 617 2751 refert
636 2723 820 2759 Epiphanius,
848 2724 875 2750 in
900 2724 996 2759 primis

251 2789 313 2826 (95)
332 2792 369 2820 De
383 2793 431 2820 vir.
447 2793 559 2823 illustr..
575 2800 635 2827 cap.
652 2791 696 2819 15.

253 2827 312 2890 (at)
346 2827 480 2864 Lardner,
496 2828 516 2854 Α
532 2826 636 2853 dissert.
662 2834 731 2860 upon
746 2826 788 2852 the
812 2829 860 2853 two
875 2826 961 2861 Epist.
975 2847 983 2860 ,

217 2871 244 2898 p.
302 2883 311 2892 .

1050 2270 1180 2297 eunuchos
1214 2270 1364 2304 spirituales
1400 2274 1427 2297 et
1468 2271 1639 2306 evangelicos
1681 2274 1841 2308 scripsisse

1049 2315 1213 2343 Clementem
1224 2316 1321 2343 asserit
1332 2321 1443 2343 sanctus
1453 2315 1556 2344 doctor.
1565 2316 1659 2344 Il.Non
1670 2318 1839 2352 epistolam.

1049 2362 1096 2390 sed
1111 2362 1235 2396 epistolas
1253 2362 1349 2389 iisdem
1364 2362 1509 2397 inscriptas
1528 2363 1617 2397 ipsum
1638 2371 1773 2393 exarasse
1791 2370 1840 2393 te-

1049 2411 1147 2436 statur.
1172 2406 1215 2433 lll.
1239 2407 1269 2434 in
1284 2407 1326 2434 his
1344 2408 1467 2443 epistolis
1478 2415 1580 2435 omnem
1598 2416 1661 2442 pene
1680 2417 1841 2438 sermonem

1047 2461 1124 2480 suum
1134 2452 1165 2479 de
1176 2453 1332 2487 uirginitatis
1343 2453 1457 2484 puritate
1471 2452 1545 2480 illum
1555 2454 1720 2481 contexuisse
1731 2455 1839 2483 tradit.

1047 2498 1113 2531 Quae
1135 2498 1241 2533 quidem
1257 2497 1325 2525 adeo
1345 2502 1409 2526 sunt
1425 2498 1579 2531 manifesta,
1597 2503 1626 2526 ut
1651 2500 1761 2527 nullum
1783 2509 1841 2529 su-

1047 2544 1132 2579 pet-sit
1145 2543 1258 2571 dubium
1273 2544 1339 2579 quin
1357 2543 1392 2571 de
1410 2543 1513 2572 nostris
1526 2544 1649 2579 epistolis
1672 2545 1729 2572 sint
1753 2548 1843 2574 acci-

1046 2589 1154 2624 pienda.
1167 2588 1238 2621 Quid
1256 2596 1320 2616 vero
1350 2589 1384 2616 ad
1405 2590 1462 2617 haec
1478 2590 1578 2618 eruditi
1594 2590 1643 2617 viri
1659 2591 1743 2618 modo
1767 2593 1842 2620 lau-

1047 2634 1122 2661 dati?
1135 2633 1297 2661 Existimant
1311 2641 1407 2669 nempe
1429 2633 1624 2670 Hieronymum
1637 2635 1683 2662 hic
1705 2636 1842 2665 animum

1047 2680 1196 2707 intendisse
1214 2680 1241 2706 in
1262 2679 1407 2706 secundam
1432 2680 1464 2707 ad
1481 2679 1638 2708 Corinthios
1660 2681 1814 2716 epistolam
1830 2704 1842 2714 ,

1047 2724 1093 2751 ubi
1113 2723 1183 2751 forte
1205 2723 1239 2750 de
1263 2724 1418 2759 virginitate
1433 2724 1560 2753 Clemens
1583 2725 1719 2760 prolixius
1742 2727 1843 2763 egerit

1081 2790 1137 2827 (95,)
1155 2790 1241 2827 Epist
1257 2791 1283 2822 1η
1298 2799 1358 2827 res
1377 2792 1404 2819 6-

1081 2825 1138 2864 (gtj)
1158 2825 1244 2864 Epist.
1261 2825 1345 2864 adii:
1361 2827 1484 2861 Venem.,
1500 2837 1526 2864 p.
1542 2829 1587 2857 22.

1083 2859 1139 2897 (97)
1160 2859 1218 2889 Lib.
1237 2869 1255 2894 ι,
1273 2861 1346 2898 με.
