1893 3101
77 161 122 189 “5
690 161 858 189 ΡιιοοΕΜΙΑ
879 161 1066 189 νΑιιιοῖιωι.

1616 160 1666 188 ιιι

78 219 108 247 iis
122 218 148 245 in
165 217 233 244 locis
252 223 312 253 qua
332 224 407 245 nunc
427 216 633 251 desiderantur;
655 226 742 253 neque
766 219 838 246 enim
855 222 875 250 Α
891 219 1033 246 servanda.
1050 217 1097 244 llis
1109 217 1227 251 denique
1245 223 1309 243 cum
1323 214 1476 243 Wetstenlo
1493 216 1567 252 (100)
1579 217 1663 245 addas

78 265 173 299 integra
206 263 239 290 ad
265 270 316 291 nos
339 264 471 298 pervenit.
497 262 568 296 Quid
602 264 716 298 loquar?
740 264 840 297 Quovis

77 310 194 347 equidem
207 309 319 345 pignore
333 309 496 337 contendere
506 310 605 341 ausim,
621 318 654 337 ex
668 310 756 338 tribus
769 311 841 338 notis

77 357 101 384 in
120 355 274 382 testimonio
305 353 517 389 Hieronymtano
540 355 711 387 observatis,
739 355 841 382 nullam

77 401 179 428 omnino
194 400 337 435 posteriori
351 400 472 435 epistolis
487 399 687 434 Corinthiacis;
704 404 732 427 at
746 404 842 427 contra

77 446 189 481 epistolis
203 446 305 473 nostris
330 445 364 472 ad
380 453 461 472 unam
487 453 584 473 omnes
606 446 657 473 rite
681 453 840 480 congruere.

78 491 188 518 Primum
209 491 282 518 enim
307 490 348 518 hie
368 491 509 526 virginibus
531 491 659 525 fratribus
687 495 714 519 et
736 492 842 527 virgini—

78 535 120 562 bus
133 534 273 567 sororibus,
284 535 311 562 id
321 540 362 562 est
371 535 504 563 eunuchis
517 536 702 570 spiritualibus
717 544 786 571 quos
797 543 843 564 ca—

78 581 167 608 stravit
179 581 306 607 voluntas
318 599 326 612 ,
342 580 481 615 inscripta:
501 579 635 608 feruntur.
661 580 772 612 Deinde,
788 589 843 608 non

78 633 162 657 unam,
173 624 218 652 sed
229 624 297 651 duas
311 624 434 655 epistolas
448 624 482 651 ad
497 624 559 652 illos
572 623 647 650 misit
664 623 692 651 S.
705 623 841 651 Clemens.

79 670 190 705 Denique
200 668 331 698 iniisdetn
344 678 446 697 onmem
469 677 532 703 pene
554 677 697 697 sermonem
717 669 749 695 de
764 669 843 703 virgi—

77 716 160 742 nitatis
174 715 287 750 puritate
310 714 451 741 canteauit.
481 714 531 742 Ubi
553 715 762 745 advertendum,
784 722 844 749 per-

76 768 151 796 quam
174 759 297 795 apposite
322 759 408 787 fuisse
430 759 549 786 locututn
564 764 686 787 sanctum
712 759 842 794 Hierony-

78 814 145 833 mum
169 815 175 833 :
205 805 325 840 vigilanti
351 805 483 840 siquidem
499 805 574 833 verbo
598 813 675 838 usus,
701 810 730 833 ut
752 805 844 840 phrasi

79 852 269 887 Augustiniana
293 852 389 887 loquar
404 851 476 888 (98),
499 856 581 888 alque
595 853 777 881 restrictionis
798 859 844 879 vo-

894 263 984 296 velim,
1001 263 1131 298 epistolas
1149 261 1257 296 quidem
1282 260 1409 297 Syriacas
1429 268 1478 295 pro
1502 260 1666 297 Hieronymo

892 312 920 336 et
933 313 1029 336 contra
1044 307 1217 335 Iovinianum
1233 305 1350 333 maxime
1365 305 1456 333 facere
1472 315 1478 332 :
1497 305 1525 332 in
1539 305 1573 332 iis
1593 307 1665 333 enim

892 355 988 383 statuit
1005 354 1132 382 Clemens
1149 353 1187 389 (l)
1199 373 1206 385 ,
1220 352 1363 387 virginibus
1382 352 1480 379 sancti:
1500 351 1667 382 excellentio-

892 409 945 428 rem
964 401 992 428 in
1013 401 1083 428 mli;
1104 400 1189 428 locum
1215 399 1308 426 datum
1329 400 1382 431 iri,
1406 406 1483 433 quam
1511 397 1664 432 conjugibus

891 447 992 473 sanctis
1008 454 1019 474 :
1040 454 1101 481 quae
1120 450 1163 474 est
1188 446 1326 481 ipsissima
1346 444 1481 471 sententia
1498 443 1666 478 Hieronymi.

893 491 993 520 Verum
1008 499 1040 519 ex
1057 491 1185 527 Epistolis
1196 491 1296 519 Graecis
1309 490 1412 518 nullum
1427 498 1482 517 sua:
1495 497 1585 517 causae
1600 497 1666 524 prae-

892 537 992 566 sidium
1022 545 1146 572 quaerere
1171 537 1307 572 potuisset
1334 540 1448 564 sanctus
1474 535 1588 567 doctor,
1622 535 1667 562 ubi

892 583 996 610 nullum
1020 583 1055 611 de
1086 584 1243 618 virginitate
1269 582 1384 610 colenda
1413 581 1568 617 vestigium.
1603 580 1668 614 Quae

893 635 955 656 cum
978 629 1015 655 ita
1036 635 1067 655 se
1083 629 1216 660 habeant,
1239 628 1348 655 nonnisi
1373 627 1406 655 de
1428 627 1529 654 nostris
1555 625 1590 653 ad
1615 626 1667 652 vir-

893 673 964 708 gines
982 673 1106 708 epistolis
1125 672 1283 707 Hieronymi
1310 672 1393 699 verba
1418 671 1593 707 intelligenda
1605 678 1668 699 esse

894 721 1056 746 noscuntur.

930 761 983 788 Sed
1002 769 1067 789 ecce
1080 761 1129 788 tibi
1151 768 1247 788 rursus
1268 761 1310 788 vir
1326 761 1371 788 ille
1392 761 1578 794 doctissimus,
1589 761 1668 796 cujus

895 806 974 840 paulo
995 811 1056 834 ante
1076 806 1266 838 meminimus,
1287 806 1333 840 qui
1352 814 1386 833 ex
1408 805 1565 840 Hieronymi
1586 806 1670 833 silen-

895 851 932 878 tio
945 852 971 879 in
987 851 1057 878 libro
1074 851 1110 879 De
1119 852 1181 879 viris
1193 851 1350 883 illustribus,
1381 851 1475 878 harum
1488 851 1668 885 Epistolarum

77 898 156 925 colam
181 905 242 931 pene
258 904 394 932 usurpans
407 917 415 931 ,
437 905 490 925 non
506 906 606 925 onmem
622 898 746 926 absolute
758 898 842 929 dixit,
859 893 880 921 B
895 894 1108 928 suppositionem
1131 895 1257 922 evincere
1283 895 1431 922 existimat.
1459 895 1667 931 «Hieronymus.

77 944 120 971 sed
135 951 231 970 omnem
250 951 316 977 pene
338 951 491 971 sermonem
516 944 549 971 de
572 945 728 978 virginitate
746 951 761 971 a
784 944 846 972 Cle-

76 994 158 1016 mente
179 989 266 1017 l'uisse
286 993 447 1017 contextum
474 999 480 1017 :
507 994 651 1025 propterea
675 991 789 1021 scilicet,
817 993 846 1017 ut

76 1035 167 1069 optime
189 1035 356 1063 Wetstenius
383 1035 451 1069 (99),
475 1035 546 1070 quod
572 1035 600 1062 in
624 1035 710 1070 prima
731 1035 845 1070 epistola

77 1087 129 1116 cap.
146 1081 187 1113 14,
202 1081 295 1116 agitur
320 1081 353 1108 de
369 1081 514 1108 visitandis
530 1081 654 1116 aegrotis,
670 1088 697 1108 et
722 1089 781 1116 cap.
799 1081 842 1112 15,

77 1126 106 1154 de
128 1127 185 1154 aliis
215 1126 332 1159 olliciis,
366 1135 426 1162 qua:
461 1135 515 1154 non
549 1127 635 1162 ntagis
663 1127 696 1154 ad
727 1127 845 1162 virgines

76 1180 151 1207 quam
170 1173 202 1200 ad
227 1174 361 1208 conjuges
387 1173 544 1209 pertinent;
572 1173 598 1199 in
629 1172 747 1200 secunda
781 1180 846 1200 vero

76 1221 257 1252 proponuntur
282 1219 404 1252 exempla
427 1217 510 1246 Mosis
526 1237 533 1248 .
560 1217 679 1245 Aaronis
693 1221 720 1245 et
742 1217 843 1251 Josute,

77 1262 118 1296 qui
131 1267 202 1290 certe
215 1263 243 1291 in
259 1263 389 1298 conjugio
402 1265 539 1291 vixerunt.

107 1307 138 1334 At
152 1309 221 1336 enim
237 1309 420 1344 Hieronymus
433 1309 461 1336 in
477 1309 707 1344 disputationibus
723 1317 783 1336 cum
797 1309 845 1337 ad-

76 1355 208 1385 versariis.
228 1362 260 1382 ac
276 1356 426 1390 praesertim
440 1362 473 1382 eo
489 1355 516 1382 in
529 1354 599 1382 libro
620 1359 711 1382 contra
726 1353 845 1381 Iovinia-

79 1407 146 1431 num,
160 1400 249 1427 omnia
263 1406 407 1435 exaggerat
421 1405 502 1434 atque
518 1399 690 1434 hyperbolice
705 1400 843 1434 loquitur:

77 1449 104 1471 ut
121 1446 230 1480 proinde
250 1445 324 1473 haud
341 1446 452 1472 ntiretur
478 1444 613 1479 quispiam
626 1464 633 1476 ,
655 1444 677 1471 si
698 1444 844 1472 secundam

78 1489 258 1516 tantummodo
287 1489 430 1524 epistolam
456 1489 658 1518 Corinthiacam
684 1489 844 1524 respiciens,

79 1534 199 1568 epistolas
224 1534 310 1561 fuisse
333 1542 347 1560 a
363 1533 501 1562 Clemente
521 1535 685 1570 perscriptas
704 1538 818 1563 testetur
837 1545 843 1562 :

77 1587 133 1614 qua
147 1585 187 1608 est
198 1581 316 1616 primum
333 1579 425 1608 Grabii
439 1601 446 1612 ,
462 1581 559 1609 deinde
573 1581 704 1609 Lardneri
719 1585 745 1608 et
760 1580 847 1608 Vene-

78 1632 124 1652 ma:
139 1627 280 1653 sententia.
297 1626 362 1653 Esto
380 1636 385 1653 :
404 1627 576 1654 consueverit
588 1627 733 1662 aliquando
748 1627 776 1654 in
791 1627 848 1654 dis-

78 1671 217 1704 putationis
232 1677 301 1700 testu
323 1681 485 1708 exaggerare
506 1673 704 1710 Hieronymus;
731 1682 784 1701 non
807 1678 848 1702 est

79 1719 161 1744 tamen
186 1726 236 1745 cur
252 1718 298 1746 hic
314 1719 402 1754 ipsum
425 1727 479 1746 non
505 1719 636 1752 humane,
656 1728 710 1747 non
740 1720 848 1755 proprie

79 1761 189 1790 locutum
208 1763 406 1791 existimemus.
424 1763 570 1796 Prmterea,
594 1764 724 1799 epistolas
748 1764 781 1791 ad
802 1772 848 1790 eu-

79 1807 168 1834 nuc/tos
191 1809 365 1844 evangelicos
399 1809 507 1837 dedisse
536 1809 701 1837 Clementem
725 1810 848 1846 perhibet

80 1851 107 1878 8.
123 1852 208 1881 Pater.
227 1853 298 1881 Num
313 1862 377 1889 ergo
393 1858 420 1882 et
441 1855 487 1883 hic
510 1855 586 1882 illum
602 1855 748 1891 hyperbole
763 1855 848 1884 fuisse

80 1906 170 1932 usum;
193 1904 240 1927 aut
263 1900 297 1927 ad
320 1908 368 1928 eos
384 1909 446 1936 quos
468 1901 593 1928 castravit
618 1910 670 1928 non
692 1903 844 1935 necessitas,

83 1944 124 1971 sed
134 1946 264 1978 voluntas,
286 1946 396 1974 missam
411 1947 567 1983 putabimus
579 1955 639 1982 qua:
654 1951 695 1976 est
715 1948 849 1983 posterior

80 1990 109 2016 ad
121 1989 295 2018 Corinthios?
308 1991 377 2026 Quid
393 1992 464 2027 quod
487 1991 655 2026 Hieronymo
675 1993 848 2021 consentiens

81 2033 250 2068 Epiphanius,
266 2039 381 2064 testatur
399 2036 539 2063 circulare;
561 2037 686 2071 epistolas
723 2037 847 2065 eumdem

80 2078 222 2106 missitasse
236 2079 414 2112 Clementem,
428 2080 454 2107 in
471 2081 569 2115 quibus
586 2081 761 2116 virginitatem
781 2081 847 2109 edo-

79 2123 139 2149 cet?
150 2123 190 2150 An
207 2132 272 2151 vero
288 2128 400 2151 sanctus
420 2132 528 2159 quoque
551 2124 770 2153 Constantiensis
788 2127 847 2162 epi-

81 2174 173 2202 scopus
188 2176 369 2204 exaggerasse
383 2169 537 2197 dicendus?
552 2169 606 2196 Fac
621 2169 739 2205 denique
755 2171 782 2198 in
804 2179 848 2199 re-

896 940 998 974 inquit,
1025 940 1052 966 in
1083 940 1213 975 Catalogo
1236 940 1399 975 scriptorum
1421 941 1669 968 ecclesiasticorum

894 985 1063 1013 Clementem
1077 993 1130 1013 non
1147 987 1269 1022 negligit,
1286 987 1432 1021 laudatque
1453 986 1514 1021 ejus
1527 988 1669 1021 epistolam

895 1031 1009 1066 primam
1025 1031 1058 1058 ad
1072 1032 1231 1060 Corinthios
1244 1042 1250 1060 :
1263 1032 1385 1060 meminit
1398 1036 1425 1060 et
1440 1033 1576 1065 secundae,
1588 1041 1670 1068 quam

895 1080 983 1104 tamen
1002 1085 1056 1105 non
1071 1078 1106 1106 ab
1129 1078 1256 1106 omnibus
1276 1078 1382 1105 admitti
1399 1078 1523 1106 allirmat.
1544 1079 1670 1107 Proiecto

895 1129 948 1149 non
971 1123 1092 1151 siluisset
1113 1127 1140 1151 et
1164 1124 1285 1158 geminas
1307 1124 1386 1156 alias,
1408 1125 1432 1152 si
1455 1128 1585 1153 nosset.»
1608 1124 1670 1152 llias

895 1168 988 1203 utique
1004 1175 1059 1195 non
1073 1169 1212 1196 omisisset
1228 1173 1340 1196 sattctus
1356 1169 1461 1201 doctor,
1477 1171 1500 1197 si
1514 1176 1605 1198 nosset
1617 1178 1671 1205 qtto

895 1216 1018 1248 tempore
1031 1214 1132 1241 librutn
1147 1213 1185 1240 De
1204 1215 1266 1241 viris
1280 1214 1427 1242 illustribus
1442 1215 1537 1243 edidit.
1566 1215 1671 1243 Hincne

895 1266 961 1286 vero
974 1266 1069 1286 earum
1083 1259 1266 1295 integritatem
1280 1264 1434 1295 suspectam
1450 1261 1563 1288 reddere
1577 1261 1673 1288 liceat?

894 1303 978 1335 Cedo,
987 1312 1042 1339 quo
1051 1305 1160 1332 demum
1169 1313 1240 1332 anno
1247 1305 1362 1333 confecti
1373 1305 1449 1333 luere
1460 1306 1517 1334 sive
1526 1306 1671 1340 Catalogus

896 1348 941 1376 ille
967 1349 1195 1385 Hieronymianus
1211 1350 1256 1378 ubi
1274 1351 1349 1378 nulla
1368 1355 1524 1378 nostrarum
1547 1352 1673 1387 cpistola-

895 1402 956 1422 rum
976 1397 1094 1428 mentio,
1119 1396 1176 1423 sive
1194 1396 1255 1423 libri
1271 1395 1325 1424 duo
1353 1403 1445 1425 contra
1458 1397 1627 1425 Iovinianum
1645 1398 1672 1424 in

895 1441 995 1476 quibus
1007 1441 1107 1469 eaedem
1118 1450 1152 1470 ex
1164 1446 1257 1469 nostra
1272 1444 1405 1471 sententia
1418 1442 1574 1470 laudantur-‘3
1591 1442 1671 1470 Scili-

895 1491 938 1514 cet
948 1494 981 1514 cx
997 1487 1056 1522 ipso
1068 1487 1233 1524 Hieronymo
1243 1488 1374 1516 discimus
1388 1488 1436 1524 (2).
1450 1488 1549 1515 librum
1559 1487 1597 1515 De
1609 1488 1671 1515 viris

898 1532 1045 1560 illustribus
1067 1532 1153 1560 fuisse
1164 1534 1317 1561 absolutum
1331 1542 1399 1561 anno
1425 1534 1561 1561 Theodosii
1573 1534 1671 1568 princi-

898 1578 938 1612 pis
953 1585 1007 1610 xtv,
1021 1577 1071 1604 hoc
1088 1582 1130 1605 est
1145 1586 1217 1606 anno
1227 1578 1328 1606 Christi
1340 1579 1481 1607 392.Patet
1496 1583 1626 1614 pratterea
1638 1587 1671 1606 ex

898 1623 991 1650 eodem
1004 1627 1101 1650 sancto
1117 1623 1238 1657 doctore,
1253 1624 1338 1652 libros
1353 1624 1485 1652 adversus
1497 1624 1671 1652 Iovinianum

898 1673 960 1704 post
976 1669 1049 1696 hunc
1068 1669 1157 1704 ipsum
1180 1677 1281 1697 annum
1301 1670 1436 1704 prodiisse
1460 1679 1466 1697 :
1490 1669 1625 1704 siquidem
1644 1670 1673 1698 in

898 1721 992 1741 eorum
1008 1714 1106 1749 primo,
1125 1721 1201 1741 num.
1222 1713 1257 1741 26
1282 1714 1373 1749 operis
1397 1713 1435 1741 De
1449 1714 1511 1740 viris
1525 1713 1673 1740 illustribus

898 1759 1030 1786 meminit.
1046 1759 1146 1792 Quare,
1172 1767 1243 1787 anno
1269 1760 1409 1786 minimutu
1434 1759 1496 1791 395,
1517 1764 1564 1787 aut
1584 1759 1672 1787 serius

897 1804 1023 1836 fortasse,
1050 1807 1145 1831 contra
1160 1803 1331 1831 Jovinianum
1360 1803 1498 1837 scripserit
1514 1802 1542 1830 S.
1567 1803 1672 1831 doctor.

898 1849 969 1876 Nihil
986 1848 1068 1883 igitur
1081 1849 1190 1881 mirum,
1213 1848 1236 1876 si
1256 1848 1289 1875 de
1302 1848 1401 1882 quibus
1416 1848 1534 1882 loquitur
1550 1847 1674 1875 Clemen-

899 1895 963 1923 tinis
977 1895 1101 1930 epistolis
1116 1895 1143 1922 in
1158 1895 1191 1922 iis
1205 1895 1293 1926 libris,
1307 1902 1353 1922 eas
1369 1895 1395 1921 in
1415 1894 1542 1929 Catalogo
1563 1898 1673 1929 prater—

899 1942 969 1970 ierit.
992 1941 1048 1970 Cur
1067 1942 1103 1968 ita
1119 1941 1236 1973 demum.
1264 1941 1388 1976 inquies?
1413 1940 1476 1975 quia
1499 1939 1625 1967 videlicet
1644 1940 1671 1966 in

898 1987 1009 2023 prologo
1024 1987 1058 2015 ad
1085 1987 1208 2015 eumdem
1232 1986 1389 2022 Catalogum
1411 1987 1532 2021 queritur
1559 1986 1673 2021 ipsemet

899 2033 1088 2068 Hieronymus,
1102 2033 1229 2067 pleraque
1243 2036 1306 2059 tunc
1323 2032 1374 2060 sibi
1397 2031 1480 2059 fuisse
1495 2032 1671 2066 incomperta.

900 2078 988 2113 Neque
998 2080 1077 2110 enim,
1092 2080 1140 2110 ait,
1155 2078 1186 2105 de
1202 2078 1241 2106 liis
1265 2087 1322 2113 quae
1345 2086 1394 2105 non
1417 2078 1476 2112 legi,
1496 2085 1570 2104 nosse
1584 2078 1672 2112 potui;

897 2129 923 2150 et
939 2123 1007 2158 quod
1020 2123 1080 2150 aliis
1096 2123 1208 2157 forsitan
1228 2123 1262 2149 sit
1277 2128 1375 2154 notum,
1397 2123 1460 2149 mihi
1485 2123 1511 2149 in
1527 2122 1575 2150 Itoc
1589 2127 1671 2149 terra-

899 2177 957 2195 rum
972 2168 1067 2203 angulo
1082 2168 1160 2202 fuerit
1175 2168 1299 2202 ignotum.
1319 2167 1388 2201 Quid
1412 2175 1503 2202 porro.
1519 2167 1541 2194 si
1556 2166 1675 2195 sanctis‘

80 2212 156 2247 liquis
171 2223 231 2250 quin
245 2215 406 2242 exciderunt
425 2215 586 2250 posterioris
607 2215 733 2251 Epistolze
751 2216 847 2245 Corin-
863 2219 884 2248 D
898 2214 984 2241 simus
997 2214 1091 2241 doctor
1116 2214 1143 2240 in
1171 2213 1324 2241 subsecutis
1350 2213 1426 2241 libris
1449 2213 1525 2248 plura
1544 2216 1674 2240 memoret

81 2258 181 2291 thiacaa,
196 2259 283 2288 fuisse
297 2259 330 2287 de
345 2259 506 2295 Virginitate
520 2260 640 2288 locutum
657 2261 824 2291 Clementem
839 2273 846 2291 ;

81 2309 105 2331 at
117 2306 259 2340 quomodo,
276 2305 368 2338 sodes,
384 2305 411 2332 in
424 2313 456 2334 ea
470 2313 529 2340 quae
548 2312 696 2341 supersunt
716 2309 849 2343 quadrent

81 2347 230 2386 Hieronymi
245 2351 336 2384 verba,
351 2351 450 2386 quibus
475 2351 588 2378 allirntat
605 2352 631 2380 in
655 2353 709 2381 illis
723 2353 849 2382 Clemen-

80 2394 140 2422 tittis
151 2395 278 2431 Epistolis
295 2405 394 2425 omnem
410 2406 472 2432 pene
487 2407 629 2426 sermonem
649 2400 731 2434 fuisse
749 2399 780 2427 de
797 2401 849 2427 vir-

80 2441 193 2477 ginitatis
212 2444 326 2478 puritate
350 2447 521 2473 contextum?
537 2444 577 2473 lbi
602 2453 718 2481 namque
738 2447 849 2481 potissi-

80 2494 148 2514 mum
176 2487 305 2522 pleraque
338 2493 486 2516 occurrunt
514 2489 549 2517 de
576 2489 686 2517 Christo
710 2489 785 2523 Deo,
814 2491 849 2518 de

80 2532 224 2560 vocationis
238 2533 400 2562 Christianae
421 2535 596 2570 praestantia,
616 2535 650 2563 de
671 2536 764 2563 mundi
783 2544 848 2564 con-

81 2579 190 2612 temptu,
211 2577 245 2605 de
259 2580 409 2607 certamine
423 2580 557 2615 spirituali
568 2599 577 2613 ,
598 2580 633 2607 de
647 2581 738 2608 carnis
756 2588 848 2608 resur-

82 2623 206 2657 rectione,
218 2624 252 2652 de
264 2625 343 2653 bonis
357 2626 511 2661 promissis,
524 2630 589 2659 etc.,
602 2626 766 2661 paucissima
784 2634 849 2654 vero

80 2668 112 2695 de
130 2670 248 2697 castitate
268 2671 295 2697 in
306 2680 396 2706 genere
408 2692 416 2704 ,
437 2673 564 2700 omnibus
583 2673 664 2700 etiam
685 2672 846 2707 conjugatis,

117 2777 168 2810 [98)
187 2777 304 2814 Aug..in
321 2778 390 2806 Joaa
406 2800 413 2807 .
430 2783 508 2807 tract.
537 2779 598 2812 ΝΟ,
613 2779 664 2814 §2,
681 2779 747 2813 Opp.
762 2783 782 2806 t.
795 2778 826 2806 lll
840 2799 846 2811 ,

83 2816 150 2845 part.
166 2820 194 2842 ιι,
209 2813 261 2840 col.
278 2813 340 2840 804.

116 2846 208 2874 ιυυὶΙι.
225 2856 261 2879 c.,
277 2855 336 2883 pag.
349 2849 392 2876 40.

900 2263 1076 2286 tractatorum
1104 2259 1348 2286 ecclesiasticorum
1364 2267 1443 2294 opera
1455 2279 1462 2290 ,
1474 2266 1533 2294 quae
1546 2257 1610 2285 dum
1627 2265 1674 2285 eo—

900 2306 1022 2333 rutndem
1041 2306 1143 2340 reliqua
1159 2305 1185 2332 in
1200 2305 1498 2341 Catalogorecenseret,
1514 2304 1673 2332 omisit?An

899 2358 963 2377 vero
979 2349 1070 2376 lictitia
1087 2350 1236 2385 reputanda
1248 2358 1328 2385 opera
1344 2351 1399 2384 illa,
1409 2359 1442 2378 eo
1453 2350 1525 2386 quod
1536 2350 1630 2377 eadem
1645 2349 1672 2376 in

899 2395 1028 2429 Catalogo
1042 2396 1259 2430 praetermisisset
1267 2397 1361 2424 doctor
1372 2396 1525 2423 maximus?
1539 2394 1595 2422 into
1608 2402 1673 2422 vero

900 2449 979 2468 nemo
992 2441 1053 2476 jure
1070 2449 1124 2470 non
1137 2442 1234 2470 dixerit
1256 2449 1317 2469 cum
1335 2443 1394 2477 ipso
1406 2442 1581 2477 Hieronymo,
1596 2441 1672 2468 illunt

900 2495 996 2522 nempe
1010 2495 1067 2522 ante
1085 2490 1150 2515 tunc
1177 2496 1227 2514 non
1252 2488 1358 2523 legerat,
1375 2496 1449 2514 nosse
1473 2495 1523 2514 non
1548 2487 1672 2522 potuisse,

899 2532 1017 2568 quodque
1031 2534 1058 2559 in
1080 2533 1126 2560 illo
1142 2538 1273 2560 terrarum
1299 2533 1404 2567 angulo,
1419 2533 1446 2560 in
1465 2532 1609 2560 solitudine
1623 2531 1673 2560 Be-

899 2579 1062 2606 thleemitica
1075 2599 1082 2610 ,
1098 2579 1122 2606 ei
1140 2583 1218 2606 antea
1231 2579 1449 2614 fueratignotum,
1461 2583 1553 2613 postea
1560 2586 1674 2613 comper-

901 2626 964 2654 isse.
988 2624 1117 2660 Agedum.
1128 2632 1181 2651 uno
1193 2624 1234 2652 vel
1249 2625 1334 2651 altero
1347 2624 1469 2659 exemplo
1482 2632 1538 2651 rem
1550 2623 1675 2651 adstrua-

901 2678 972 2696 nlllS.
1000 2669 1019 2696 l.
1041 2669 1169 2697 Memorat
1194 2669 1373 2705 llieronytnus
1401 2670 1428 2696 in
1453 2669 1567 2704 epistola
1582 2669 1672 2702 'll,ad

937 2777 1011 2812 (100)
1030 2777 1126 2812 Epist.,
1142 2785 1202 2812 pag.
1219 2777 1264 2804 54.

994 2811 1091 2852 C_letii_.,
1107 2811 1185 2852 epist.
1205 2813 1212 2838 l
1245 2812 1281 2851 [te
1298 2811 1387 2852 virgin.
1416 2811 1517 2852 capt.
1539 2845 1566 2852 Μ

939 2848 976 2882 (Et)
998 2847 1033 2873 De
1050 2848 1097 2874 rir.
1122 2845 1231 2879 illuslr.,
1256 2847 1282 2873 in
1298 2845 1400 2881 prolog.
1415 2851 1440 2872 et
1460 2853 1521 2880 cap.
1537 2845 1596 2871 155.
