1875 3101
199 167 250 196 115

754 165 799 193 AD
818 165 848 194 S.
867 163 1078 193 CLEMENTEM
1096 163 1106 190 1
1125 163 1240 191 PAPAM

1756 159 1806 186 Illi

197 225 341 253 Lacinium
366 233 393 252 n.
409 225 444 257 4,
467 224 603 261 Hippolyti
628 225 787 253 Portuensis
814 225 973 260 opusculum
989 225 1012 254 Α
1026 231 1098 250 nunc
1109 223 1225 251 strictim
1252 221 1348 249 saltem
1368 227 1529 256 proponere,
1553 221 1647 247 nostra
1672 217 1807 246 interesse

198 272 298 299 Contra
311 271 416 304 Gentes,
430 272 509 306 cujus
526 271 599 298 nulla
614 272 714 300 mentio
728 280 757 299 in
770 271 899 306 Catalogo
913 277 972 305 cap.

196 318 241 345 61.
261 317 339 345 Haud
352 318 476 352 equidem
496 318 598 346 miror:
614 318 641 345 in
663 325 696 345 eo
712 318 784 345 enim
808 319 930 344 recenset
943 315 973 344 ὃ.

197 363 293 392 doctor
307 363 445 399 Hippolyti
460 363 545 391 libros
559 371 628 398 quos
639 364 743 397 reperit,
760 367 791 390 ut
813 363 870 397 ipse
891 365 974 390 testa-

195 413 259 437 tur:
280 409 314 437 ab
329 417 362 437 eo
376 413 464 436 autem
479 413 574 444 postea
597 413 734 443 repertum
748 416 818 444 opus
832 408 898 435 illud
910 415 975 443 apo-

198 454 353 489 logeticum,
370 454 472 481 indicat
494 462 582 482 annus
607 453 670 485 597,
688 460 742 488 quo
763 453 865 488 scripta
888 453 975 480 fertur

195 498 290 526 eadem
304 499 429 534 epistola.
457 497 489 526 II.
503 497 533 525 In
556 498 714 533 prmfatione
734 496 768 524 ad
783 496 880 524 librum
894 503 972 528 svnt,

195 542 224 570 in
238 543 346 576 Isaiam,
365 542 524 579 Dionysium
549 542 759 571 Alexandrinum
784 542 883 570 librum
898 549 974 570 com-

196 588 321 624 posuisse
335 588 418 615 tradit
431 591 526 615 contra
549 587 680 616 Irenaeum
697 587 904 623 Lugdunensem
917 586 974 622 epi-

196 641 320 668 scopum,
336 633 480 661 chiliastici
493 634 571 669 regni
586 638 768 667 assertorem;
787 640 867 668 quem
883 637 973 659 tamen

195 679 297 707 omittit
308 679 336 706 in
351 678 479 714 Catalogo
493 687 553 715 cap.
570 679 615 712 69,
633 680 696 708 licet
709 681 745 707 ibi
773 679 895 714 ejusdem
911 679 974 706 Dio-

195 725 266 760 nysii
282 732 394 760 operum
413 726 598 753 recensionem
624 726 702 761 longe
716 729 869 753 accuratam
892 724 972 752 insti-

195 773 265 797 tuat.
279 769 364 805 Cujus
379 770 478 798 silentii
492 771 562 798 ratio
576 778 607 798 ea
622 771 730 798 demum
743 775 794 803 est.
812 770 885 805 quod
899 777 974 798 corn-

194 815 326 843 mentaria
355 816 399 843 illa
427 817 548 852 quinque
571 819 634 850 post
657 823 742 843 annos
768 815 867 843 fuerint
881 816 973 842 elucu-

193 860 281 888 brata.
296 860 389 895 Neque
416 861 489 888 enim
512 861 640 889 assentiri
668 868 777 896 possum
792 860 900 888 Valesio
913 861 972 888 viro

1024 268 1222 296 existimamus.

1059 312 1180 340 Primum
1200 313 1282 348 igitur
1306 313 1334 339 in
1350 312 1392 340 bis
1408 310 1530 347 epistolis
1551 309 1673 346 Syriacis
1686 308 1806 336 nonnul-

1024 357 1066 385 las
1089 358 1238 386 sententias
1264 357 1456 393 perspicimus.
1482 364 1550 392 quas
1577 363 1654 391 paene
1668 353 1806 386 αὐτολεξεὶ

1024 403 1127 431 Graecae
1144 404 1248 439 pariter
1272 403 1412 431 exhibent.
1436 401 1525 430 Unum
1551 402 1700 429 alterumve
1714 400 1805 435 speci-

1023 456 1086 476 men
1100 448 1202 484 accipe.
1230 448 1250 475 l.
1268 447 1393 484 Legimus
1420 448 1448 475 in
1471 446 1558 482 Epist.
1588 446 1600 473 1
1626 445 1661 473 ad
1677 444 1804 472 Corinth.

1022 500 1084 528 cap.
1099 493 1153 521 27:
1170 492 1228 520 Hac
1238 493 1319 528 igitur
1331 500 1379 529 spe
1390 493 1472 520 animi
1483 491 1609 519 nostriad
1619 499 1678 518 eum
1685 490 1805 517 adstrin-

1022 543 1129 574 gantur,
1147 539 1194 573 qui
1210 538 1296 565 ﬁdelis
1312 543 1354 566 est
1368 539 1396 565 in
1408 537 1691 573 promissionibus.—
1706 536 1761 570 Qui
1775 544 1806 563 ne

1024 584 1180 611 mentiamur
1186 584 1318 618 prtecepit,
1327 583 1408 610 multo
1417 583 1500 618 magis
1510 582 1568 618 ipse
1576 590 1629 609 non
1638 582 1788 609 mentietur
1798 589 1807 608 :

1023 629 1088 656 nihil
1101 630 1194 664 quippe
1216 629 1270 656 Deo
1285 629 1465 664 impossibile,
1483 632 1655 663 praeterquam
1676 627 1803 654 mentiri.

1024 674 1069 702 Sic
1087 675 1166 710 plane
1180 675 1206 701 in
1223 675 1303 709 epist.
1325 675 1338 702 i
1353 674 1387 700 ad
1400 674 1520 709 virgines,
1537 673 1640 708 cap.4:
1658 672 1806 701 Desiderat

1023 729 1097 756 spem
1110 721 1271 756 promissam
1283 725 1307 748 et
1317 725 1492 755 prosperatum
1503 724 1527 746 et
1536 719 1653 754 positam
1664 719 1692 745 in
1706 718 1781 745 culis
1789 727 1805 744 ι

1023 766 1087 799 Deo,
1114 767 1159 801 qui
1173 767 1297 802 promisit
1311 773 1358 794 ore
1372 770 1398 794 et
1421 773 1475 793 non
1489 765 1629 793 mentitur.
1649 764 1805 799 Utrobique

1022 814 1126 842 scilicet
1144 813 1258 841 Paulum
1279 813 1445 848 apostolum.
1475 816 1506 840 ut
1533 813 1650 843 assolet,
1679 812 1806 839 imitatur

1022 859 1165 893 Clemens;
1182 859 1251 894 apud
1272 866 1352 894 quem
1377 858 1472 886 eadem
1494 858 1603 894 phrasis
1621 858 1746 885 occurrit
1760 858 1803 884 “z

190 905 365 940 doctissimo,
374 907 496 934 censenti
509 906 547 942 (3)
559 906 588 934 S.
601 906 739 934 doctorem
753 907 842 934 minus
854 909 926 934 recte
942 906 970 933 in
985 900 1008 929 Β
1023 904 1056 932 Ut
1074 913 1119 939 per
1140 904 1208 932 duas
1231 913 1272 932 res
1291 905 1448 937 immobiles,
1470 905 1498 931 in
1517 904 1610 940 quibus
1631 904 1805 939 impossibile

192 950 322 978 Irenaeum
336 951 495 983 transferre,
507 959 567 987 quae
577 952 707 980 adversus
724 951 852 986 Nepotem
867 952 971 986 episco-

192 1003 257 1030 pum
273 995 428 1032 Egyptium
455 996 600 1033 Dionysius
623 997 719 1024 litteris
729 997 850 1024 tradidit.
878 996 970 1032 Siqui-

191 1041 252 1068 dem
266 1042 294 1069 in
308 1041 436 1078 Catalogo
455 1043 556 1070 diserte
572 1043 695 1078 perhibet
709 1042 898 1078 Hieronymus,
915 1043 970 1070 sic-

192 1088 231 1114 uti
251 1092 314 1116 ante
335 1088 423 1123 ipsum
448 1093 475 1116 et
501 1088 646 1121 Eusebius,
666 1089 731 1116 duos
751 1089 830 1115 libros
850 1089 970 1117 edidisse

193 1134 350 1169 Dionysium
368 1134 498 1162 adversus
517 1134 665 1169 Nepotem:
695 1135 723 1162 in
742 1134 898 1169 praefatione
921 1142 970 1162 au-

191 1184 244 1206 tem
259 1180 293 1207 ad
322 1179 418 1208 Isaiam
445 1181 464 1208 l.
486 1188 511 1208 c.
536 1180 661 1208 eumdem
685 1179 845 1215 Dionysium
873 1180 969 1207 librum

189 1226 333 1261 evulgasse
366 1226 497 1254 adversus
526 1225 655 1254 Irenaeum
682 1230 829 1254 asseverat.
859 1225 903 1255 Ill.
930 1227 969 1255 De

191 1270 289 1303 Pierio,
300 1271 428 1299 Ecclesiae
445 1271 632 1299 Alexandrinae
651 1272 818 1308 presbytero,
831 1273 911 1299 verba
928 1273 968 1300 fa-

190 1318 267 1345 ciens
283 1317 310 1344 in
325 1316 453 1353 Catalogo
468 1325 529 1352 cap.
558 1317 601 1349 76,
616 1317 645 1345 S.
665 1317 761 1350 Pater,
784 1318 844 1353 ejus
867 1322 968 1346 tracta-

189 1366 248 1389 tum
263 1362 296 1390 de
310 1362 441 1398 propheta
456 1362 526 1390 Osee
554 1363 743 1390 tantummodo
770 1364 912 1391 nominat:
939 1365 967 1391 in

188 1407 303 1441 epistola
328 1415 392 1434 vero
418 1407 462 1439 19,
480 1416 555 1435 num.
585 1408 612 1440 5,
628 1409 679 1436 sub
708 1408 787 1436 ﬁnem
814 1410 878 1436 anni
903 1409 965 1442 595,

188 1451 362 1480 Pammachio
373 1453 502 1489 inscripta
512 1474 520 1486 ,
535 1453 657 1488 ejusdetn
671 1453 754 1481 Pierii
769 1454 966 1489 amplissimum

188 1499 412 1526 commentarium
441 1499 469 1526 in
485 1499 631 1534 Epistolam
647 1500 656 1527 I
683 1498 718 1528 ad
738 1499 893 1529 Corinthios
908 1502 966 1529 col-

188 1544 291 1573 laudat.
319 1543 364 1573 Ν.
386 1545 569 1574 Praetermittit
599 1547 625 1574 in
651 1547 788 1583 Catalogo,
815 1555 874 1583 cap.
903 1548 964 1580 129.

188 1589 294 1626 Didymi
304 1589 534 1619 Commentarium
562 1593 590 1620 in
618 1592 756 1626 Psalmos;
780 1593 861 1627 cujus
875 1598 965 1621 tamen

187 1635 312 1663 meminit
326 1636 354 1663 in
370 1636 488 1672 Epistula
501 1638 562 1670 “2,
578 1647 607 1666 n.
621 1638 666 1670 2",
691 1646 763 1666 anno
780 1640 843 1672 404,
860 1639 893 1667 ad
909 1641 966 1666 Au-

187 1679 327 1714 gustinum
340 1681 434 1709 missa.
448 1681 511 1710 Dies
525 1691 568 1710 me
584 1683 700 1716 deﬁciet,
723 1684 745 1712 si
760 1685 851 1712 omnia
872 1692 967 1713 recen-

187 1731 249 1752 sere
263 1726 341 1753 velim
364 1734 424 1761 quae
447 1730 568 1755 veterum
596 1729 760 1764 scriptorum
785 1737 866 1765 opera
890 1731 966 1765 prius

186 1770 290 1798 omissa
305 1771 333 1798 in
348 1771 418 1799 libro
432 1771 470 1798 De
488 1773 552 1799 viris
563 1773 724 1805 illustribus,
747 1775 774 1801 in
790 1775 850 1802 aliis
873 1781 966 1810 postea

185 1815 422 1844 lucubrationibus
436 1816 655 1853 Hieronymianis
669 1820 854 1847 enuntiantur.
864 1819 964 1848 Verum

186 1860 254 1888 satis
278 1859 336 1888 haec
362 1866 464 1889 sunto:
483 1870 517 1890 ex
543 1863 643 1898 quibus
673 1864 707 1892 lis
728 1866 817 1892 omnis
832 1865 965 1901 dirempta

182 1913 244 1934 esse
257 1905 373 1935 videtur.

217 1950 257 1978 Nc
271 1952 333 1986 quis
348 1956 437 1980 autem
453 1957 528 1989 putet
543 1954 586 1982 his
598 1954 706 1984 duobus
716 1956 904 1984 tantummodo
915 1964 962 1984 an-

184 1996 268 2032 tiquis
281 1997 409 2026 Patribus
437 1999 572 2034 Epistolas
597 2000 631 2028 de
642 2001 742 2035 quibus
757 2002 863 2036 agimus
878 2002 965 2030 fuisse

184 2047 341 2078 perspectas
354 2054 361 2071 :
375 2045 508 2080 siquidem
522 2049 550 2073 et
564 2046 631 2073 alios
644 2047 807 2075 vetustiores
825 2048 884 2076 illas
891 2048 964 2075 haud

183 2087 327 2122 ignorasse
342 2090 525 2125 comperimus
541 2098 573 2118 ex
594 2092 730 2126 plerisque
745 2092 813 2120 locis
826 2093 963 2128 parallelis

181 2133 282 2162 Justini
297 2135 434 2171 martyris,
453 2136 601 2164 Clementis
627 2136 813 2170 Alexandrini,
836 2137 962 2174 Cypriani

183 2183 266 2215 atque
280 2180 393 2215 insuper
404 2181 525 2216 ejusdem
550 2181 723 2217 Hieronymi,
739 2191 799 2217 quae
821 2183 962 2219 diligenter

1020 955 1062 979 est
1074 952 1182 979 mentiri
1196 951 1292 983 Deum,
1311 951 1484 985 fortissimum
1504 951 1628 978 solatium
1643 950 1802 981 habeamus,

1019 997 1066 1033 qui
1078 997 1251 1033 confugimus
1259 997 1292 1024 ad
1301 997 1444 1024 tenendam
1457 998 1620 1032 propositam
1632 1004 1720 1031 spem.
1731 995 1764 1023 ll.
1774 995 1804 1022 In

1019 1043 1106 1079 Epist.
1124 1044 1137 1071 1
1154 1043 1188 1070 ad
1207 1042 1339 1073 Carinth..
1357 1049 1418 1076 cap.
1433 1042 1460 1074 1,
1478 1042 1515 1069 ita
1530 1041 1626 1069 scribit
1653 1040 1683 1068 ὃ.
1700 1041 1802 1068 Pater:

1019 1088 1167 1116 Emittatio
1187 1088 1282 1123 effecit,
1309 1091 1338 1114 ut
1349 1087 1450 1122 Joseph
1465 1086 1499 1113 ad
1511 1091 1623 1113 mortem
1637 1094 1726 1120 usque
1739 1093 1804 1122 per-

1018 1135 1184 1163 secutionem
1197 1134 1353 1165 sustineret,
1366 1138 1392 1160 et
1401 1133 1428 1160 in
1444 1133 1602 1161 servitutem
1613 1132 1800 1160 addiceretur.

1018 1181 1118 1208 Eadem
1138 1180 1265 1215 loquendi
1290 1181 1360 1207 ratio
1374 1180 1402 1207 in
1421 1179 1501 1214 epist.
1522 1179 1540 1206 2
1565 1177 1599 1206 ad
1612 1179 1721 1214 virgin.,
1736 1186 1800 1213 cap.

1017 1226 1051 1254 8:
1062 1225 1156 1254 Nonne
1169 1225 1387 1261 pulchritudinem
1400 1225 1478 1260 hujus
1488 1225 1556 1252 casti
1569 1229 1594 1253 ct
1607 1225 1670 1252 recti
1679 1224 1801 1260 (Ioseph)

1018 1273 1162 1306 concupiuit
1177 1272 1292 1299 mulier?
1312 1276 1341 1298 ut
1362 1272 1390 1298 in
1410 1271 1617 1306 concupiscentia
1626 1279 1685 1298 cum
1698 1279 1752 1298 non
1772 1279 1802 1298 se

1018 1318 1156 1352 subjiceret
1166 1323 1191 1345 ct
1204 1317 1343 1345 inclinaret
1362 1322 1392 1344 ut
1408 1317 1505 1352 faceret
1520 1317 1653 1344 libidinem
1663 1322 1688 1344 et
1703 1317 1800 1344 uolun-

1019 1368 1098 1390 tatem
1111 1364 1178 1398 ejus,
1191 1364 1219 1391 in
1232 1371 1340 1391 omnem
1351 1363 1525 1390 afﬂictionem
1538 1366 1565 1390 et
1579 1363 1607 1390 in
1617 1370 1725 1390 omnem
1733 1371 1800 1390 cru-

1017 1411 1118 1437 ciatum
1132 1410 1279 1444 conjiceret
1300 1410 1501 1444 virumjustum
1521 1417 1608 1445 usque
1619 1409 1653 1437 ad
1667 1412 1798 1437 mortem.

1017 1454 1061 1482 III.
1076 1454 1104 1482 In
1120 1455 1199 1490 epist.
1217 1455 1231 1481 1
1248 1454 1282 1481 ad
1295 1454 1390 1490 uirgin.
1414 1455 1505 1482 laudat
1523 1454 1648 1482 Clemens
1661 1455 1799 1489 operarios

1017 1501 1150 1529 imitantes
1171 1500 1279 1529 Patrem
1304 1505 1331 1529 et
1353 1500 1453 1528 Filium
1471 1504 1498 1528 et
1514 1499 1645 1536 Spiritum
1657 1505 1798 1528 sanctum.

1018 1548 1123 1581 Quibus
1139 1547 1227 1574 allinia
1243 1555 1275 1574 ex
1292 1547 1345 1574 alio
1358 1547 1479 1582 ejusdem
1501 1545 1647 1574 Clementis
1660 1546 1722 1574 loco
1733 1554 1801 1581 pro-

1018 1593 1070 1620 fert
1098 1592 1126 1619 S.
1155 1592 1285 1624 Basilius,
1314 1592 1354 1619 sic
1380 1592 1504 1626 inquiens
1526 1591 1590 1626 (5):
1623 1591 1652 1618 '0
1680 1590 1800 1626 Κλήμης

1018 1638 1301 1674 ἀρχαϊκώτερον-(Ζῇ,
1327 1638 1418 1673 φησὶν,
1449 1638 1463 1663 ὁ
1487 1636 1561 1669 Θεὸς,
1589 1637 1636 1663 καὶ
1663 1637 1678 1663 ὁ
1696 1634 1800 1672 Κύριος

1024 1683 1126 1719 Ἰησοῦς
1143 1683 1268 1719 Χριστὸς,
1292 1683 1339 1710 καὶ
1358 1683 1388 1710 τὸ
1411 1682 1522 1719 Πνεῦμα
1549 1682 1579 1709 τὸ
1604 1682 1690 1718 ᾱγιον.
1707 1694 1716 1710 s
1735 1683 1800 1710 Cle-

1016 1739 1088 1757 mens
1119 1730 1262 1764 simplicius
1275 1729 1383 1761 “Vivit,
1423 1730 1518 1764 inquit,
1543 1728 1624 1760 Deus,
1650 1733 1675 1756 et
1701 1728 1799 1755 Domi-

1016 1786 1065 1804 nus
1094 1776 1171 1804 Jesus
1198 1776 1330 1807 Christus,
1361 1780 1386 1802 et
1409 1775 1524 1810 Spiritus
1551 1778 1669 1802 sanctus.
1696 1784 1708 1801 ι
1733 1774 1798 1801 Alia

1015 1823 1149 1857 ejusmodi
1163 1822 1235 1849 haud
1252 1828 1338 1857 pauca
1361 1821 1389 1847 in
1410 1824 1535 1856 promptu
1551 1824 1631 1846 erunt
1658 1819 1798 1855 Epistolas

1014 1868 1204 1897 Corinthiacus
1219 1875 1250 1894 ac
1279 1866 1404 1902 Syriacas
1432 1869 1534 1893 attente
1548 1865 1662 1900 legenti,
1693 1873 1799 1900 easque

1014 1912 1110 1940 sedulo
1125 1911 1240 1938 invicem
1253 1910 1418 1943 conferenti;
1435 1909 1534 1944 quibus
1547 1909 1661 1944 proinde
1673 1909 1798 1937 referen-

1014 1958 1058 1986 dis
1088 1957 1306 1993 supersedemus.
1338 1955 1389 1983 llic
1411 1960 1502 1983 tamen
1530 1955 1596 1982 illud
1620 1955 1797 1983 solummodo

1014 2012 1124 2032 rursum
1139 2004 1274 2038 subjicere
1289 2003 1388 2037 placet,
1404 2002 1477 2037 quod
1500 2009 1534 2029 ex
1558 2001 1618 2029 viro
1632 2001 1797 2029 doctissimo

1014 2049 1052 2085 (6)
1070 2050 1196 2084 superius
1219 2048 1403 2084 protulimus:
1434 2055 1444 2073 α
1459 2047 1518 2080 Quo
1544 2047 1721 2082 singularior,
1745 2048 1794 2078 ait,

1012 2099 1055 2123 est
1070 2094 1206 2123 sententia
1225 2094 1322 2122 iterum
1338 2094 1453 2128 prolata,
1469 2101 1501 2121 eo
1516 2094 1606 2128 aptior
1619 2096 1662 2121 est
1681 2093 1716 2120 ad
1731 2101 1797 2128 per-

1012 2141 1191 2174 suadendum,
1207 2141 1335 2176 epistolas
1361 2140 1389 2167 in
1412 2139 1512 2175 quibus
1539 2139 1640 2174 pariter
1654 2139 1794 2172 laudatur,

1015 2189 1050 2216 ab
1064 2196 1118 2215 uno
1133 2190 1244 2214 auctore
1260 2186 1404 2221 proﬁcisci.
1420 2185 1509 2212 Unum
1526 2185 1597 2212 enim
1613 2185 1796 2220 eumdemque

182 2226 335 2260 conquisita
349 2227 437 2261 exegit
460 2227 493 2254 ad
507 2226 675 2255 Clementina
700 2228 827 2257 laudatus
844 2229 962 2258 Wetsle-
977 2243 999 2271 ι)
1012 2234 1113 2264 locum,
1141 2232 1187 2260 ubi
1202 2239 1263 2258 sese
1277 2230 1354 2258 oﬁ‘ert
1367 2230 1486 2262 occasio,
1501 2230 1534 2256 ab
1549 2229 1643 2257 eodem
1658 2230 1796 2265 scriptore

182 2271 246 2298 nius
262 2271 312 2307 (4).
340 2271 374 2298 Et
394 2280 426 2300 ea
449 2273 558 2308 quidem
584 2274 629 2302 hic
653 2274 809 2303 describere
825 2276 960 2305 libuisset.

182 2316 282 2344 Verum
299 2326 348 2353 pro
362 2318 478 2346 instituti
502 2319 588 2347 nostri
605 2320 710 2348 ratione
735 2322 821 2349 satius
835 2322 962 2351 duximus

181 2362 227 2390 illa
243 2364 458 2398 przetermittere,
475 2372 508 2392 ne
535 2364 642 2400 longius
657 2373 737 2400 quam
751 2373 800 2401 par
814 2367 849 2394 sit
863 2375 957 2395 excur-

181 2412 223 2435 rat
237 2408 335 2435 oratio.

217 2452 286 2481 XIII.
303 2453 527 2490 Quandoquidem
550 2463 615 2482 vero
630 2459 726 2491 praeter
741 2461 899 2491 argumenta
914 2467 960 2485 ea:-

180 2505 255 2527 tcrna
268 2508 283 2528 e
294 2504 416 2528 veterum
433 2501 596 2530 testimoniis
615 2506 746 2537 usurpata
761 2511 821 2537 quae
835 2505 869 2532 ab
883 2505 960 2540 obje-

180 2546 317 2573 ctionibus
331 2546 462 2574 hactenus
477 2555 527 2582 pro
548 2548 650 2576 viribus
664 2548 873 2580 vindicavimus.
890 2559 960 2585 prae-

180 2595 223 2619 sto
238 2596 302 2620 sunt
316 2600 424 2627 quoque
443 2594 546 2620 interna
562 2594 662 2628 quibus
685 2594 841 2622 earumdem
857 2596 959 2630 epistoo

179 2637 266 2664 larum
282 2638 424 2673 integritas
442 2639 527 2675 magis
542 2640 681 2674 magisque
699 2639 896 2674 conﬁrmatur;
926 2649 958 2669 ca

213 2728 236 2744 "
250 2727 333 2754 Hebr.
345 2736 382 2759 γι,
401 2728 444 2755 18.

212 2809 250 2843 (5)
265 2808 306 2845 ᾼᾴ
318 2808 418 2837 Euseb.
431 2809 469 2845 ῌ.
483 2809 525 2839 Ε..
538 2810 650 2845 livaii.
664 2817 724 2845 cap.
743 2810 789 2838 2t.

213 2843 413 2885 ﬁletlsten.’
430 2843 515 2878 Epist.
528 2844 560 2872 ad
571 2843 609 2885 Ἠ.
621 2843 744 2885 verrem”
753 2853 834 2885 pagg.
854 2845 886 2874 10
897 2854 953 2883 seq.

176 2883 204 2907 et
221 2879 348 2906 Biblioth.
365 2879 477 2912 raison.,
495 2884 559 2906 tom.
571 2879 592 2911 l,
610 2883 660 2907 art.
673 2880 698 2913 8,
710 2888 736 2916 p.
753 2880 812 2908 565.

1011 2279 1039 2306 in
1055 2279 1148 2306 eodem
1163 2285 1254 2312 opere,
1269 2280 1370 2312 quanto
1387 2275 1474 2311 magis
1498 2276 1526 2303 in
1551 2276 1680 2308 diversis,
1695 2278 1796 2304 iterato

1011 2325 1088 2352 citari
1102 2324 1167 2359 quid
1184 2323 1301 2350 mirum?
1316 2331 1325 2348 ι

1049 2371 1149 2398 Deinde
1174 2369 1321 2401 scribendi,
1349 2368 1471 2403 exempla
1494 2367 1523 2395 in
1545 2367 1662 2395 medium
1691 2369 1795 2403 produ-

1012 2416 1107 2447 cendi,
1125 2419 1151 2443 et
1173 2414 1352 2442 ratiocinandi
1378 2414 1538 2445 methodus,
1563 2414 1656 2441 eadem
1679 2416 1794 2442 omnino

1012 2461 1156 2496 utrobique
1170 2461 1336 2495 perhibetur.
1354 2459 1436 2487 Verbi
1464 2467 1546 2487 causa
1556 2479 1564 2492 ,
1579 2459 1606 2487 in
1621 2459 1703 2494 epist.
1723 2461 1735 2487 1
1760 2460 1793 2487 ad

1013 2506 1145 2539 Corinth.,
1157 2514 1236 2541 capp.
1251 2506 1317 2533 4-12
1331 2510 1357 2533 et
1371 2506 1434 2533 alibi
1450 2506 1551 2541 passim
1569 2515 1575 2533 :
1602 2504 1791 2538 Recurromus,

1013 2553 1111 2587 inquit,
1140 2552 1176 2579 ad
1194 2560 1282 2579 omnes
1304 2552 1493 2587 generationes.
1504 2567 1540 2572 —-
1554 2550 1632 2579 Fixis
1649 2552 1736 2579 oculis
1750 2561 1792 2580 eos

1012 2598 1172 2630 intueamur,
1183 2597 1228 2633 qui
1250 2597 1397 2632 magni/icta
1415 2597 1471 2632 ejus
1492 2597 1583 2632 gloriae
1602 2598 1718 2632 perfecte
1738 2606 1792 2625 ser-

1012 2644 1122 2672 vierunt.
1159 2643 1302 2671 Sumamus
1332 2643 1431 2675 Enoch,
1459 2646 1562 2670 etc.-——
1579 2641 1629 2670 Sed
1651 2647 1680 2669 ut
1705 2647 1791 2670 cetera

1046 2811 1084 2845 (5)
1099 2810 1134 2846 De
1150 2809 1220 2844 Spir.
1237 2815 1334 2846 sanct.,
1353 2817 1413 2846 gap.
1427 2809 1473 2842 29,
1490 2809 1504 2845 §
1526 2809 1576 2846 _7‘.'..

1045 2846 1082 2882 (6)
1098 2845 1237 2878 Coutant.,
1252 2845 1336 2880 Epist.
1348 2844 1422 2873 Rom.
1447 2844 1550 2880 pontiﬁ,
1565 2851 1626 2880 pag.
1641 2844 1705 2880 39,5
1729 2845 1752 2872 5.
