1875 3101
77 166 122 194 M7

693 160 864 190 PHOCEMIA
884 159 1079 190 VARIORUM.

1622 157 1673 185 H8

72 222 182 258 exempla
193 222 382 256 relinquamus,
405 220 538 247 veniamus
554 217 588 245 ad
613 219 746 253 proximos
759 217 842 245 atltle-
856 222 880 250 Α
893 217 1000 252 aliaque
1021 217 1110 252 plura,
1125 223 1185 252 quae
1199 215 1227 243 in
1253 214 1363 243 solertis
1386 215 1497 243 lectoris
1517 214 1617 243 oculos
1628 223 1675 250 ge-

74 276 121 300 m.
139 274 162 296 et
177 267 267 296 circuli
282 267 366 294 nostri
379 273 506 301 generosa
522 264 642 299 exempla
655 271 841 298 proponamus.

74 315 155 342 Habes
168 317 256 341 autem
272 313 409 341 simillima
421 315 449 339 et
467 311 588 338 maxime
600 310 708 345 gemina
716 309 744 337 in
757 309 842 344 Epist.

72 360 89 387 2
125 359 158 386 ad
186 359 278 394 rirgin.
307 365 386 393 capp.
409 357 495 385 7-15:
522 356 725 384 Consideremus
750 356 842 391 igitur,

74 406 173 441 fratres,
183 409 207 432 et
218 403 350 431 videamus
358 402 486 438 quomodo
494 402 640 429 conoersati
649 401 745 436 fuerint
756 409 844 428 omnes

72 455 153 486 patres
159 450 227 485 justi
241 453 294 476 toto
310 453 426 483 tempore
440 448 611 475 habitationis
626 448 685 475 niue
710 455 783 475 sure:
804 447 846 474 in-

74 497 199 532 quiramus
212 499 238 523 et
248 500 396 523 scrutemur
410 503 427 521 a
440 494 506 530 Lege
520 493 556 521 ad
572 493 597 520 Ν
601 502 676 521 ovum
693 493 846 521 Testamen-

75 547 135 570 tum.
149 556 183 562 —
201 540 237 568 Et
264 549 296 568 ne
320 541 399 568 nimis
422 540 528 575 longum
543 540 674 574 faciamus
701 547 846 567 sermonem

75 591 200 621 nostrum,
222 586 286 622 quid
301 586 402 613 dictum
419 591 458 613 est
479 585 512 613 de
527 585 640 613 Domino
649 585 713 613 Iesu
727 585 847 614 Christo?

75 631 130 667 Ipse
140 631 264 659 Dominus
288 640 347 659 cum
365 631 503 658 duodecim
527 631 675 666 discipulis,
689 635 742 659 etc.
766 631 843 660 Scili-

75 682 122 709 cet.
142 685 199 706 mos
218 683 278 706 erat
299 677 448 711 Clementi,
473 685 614 705 sacrarum
643 676 845 712 Seripturarum

75 723 279 756 studiosissimo,
294 731 327 751 ex
348 724 491 758 utriusque
505 723 628 751 Ftcderis
643 723 749 758 paginis
758 723 846 758 plera-

73 777 122 805 que
135 769 255 804 exempla
271 769 427 801 desumere,
449 777 510 804 quae
529 769 654 797 instituto
667 776 717 796 suo
742 775 848 796 summe

73 816 239 852 congruentia
255 816 442 851 perspiceret:
465 816 536 850 quod
553 815 663 850 quidem
684 815 711 841 in
733 819 848 850 utroque

73 861 245 896 Epistolarum
257 862 327 896 pari,
345 861 440 889 eodem
456 860 536 896 plane
548 864 654 891 tenore,
671 859 739 888 satis
753 863 847 895 aperte

893 267 967 293 mina
982 273 1095 301 prorsus
1107 265 1165 294 sive
1186 265 1214 292 in
1235 263 1420 292 Corinthiacis
1439 263 1496 292 sive
1511 263 1538 290 in
1555 262 1675 297 Syriacis

892 312 1044 339 incurrunt.
1056 311 1096 338 Ad
1112 311 1179 343 haec,
1194 318 1284 338 mores
1298 317 1363 337 vere
1379 308 1533 344 apostolici,
1547 307 1674 343 simplici-

893 361 947 389 tas,
958 357 1101 388 modestia,
1111 356 1264 392 frugalitas,
1277 355 1443 390 benignitas.
1455 358 1483 382 et
1494 357 1602 382 caetera.
1617 353 1675 381 Uno

893 401 988 434 verbo,
1003 406 1147 436 utrumque
1170 401 1345 436 epistolarum
1366 407 1416 435 par
1443 400 1532 426 vivam
1553 398 1678 426 Clemen-

893 446 930 474 tis
945 445 1090 482 imaginem
1106 445 1208 473 referre
1218 465 1226 477 ,
1241 452 1273 473 ac
1289 448 1394 472 tantum
1409 452 1465 472 non
1481 443 1587 479 spirare
1603 450 1679 471 com-

894 492 1007 527 peritur.

929 536 1000 564 XIV.
1016 535 1147 571 Superest
1177 539 1206 563 ut
1224 535 1289 563 illud
1306 543 1414 571 quoque
1442 535 1580 562 diluamus
1603 534 1678 569 quod

894 581 937 609 vir
950 582 1076 610 eruditus
1088 589 1159 617 saepe
1178 581 1305 609 laudatus
1324 581 1447 616 ingerere
1462 581 1534 608 haud
1556 584 1677 607 veretur.

894 625 1037 659 Nimirum,
1054 626 1140 663 inquit
1153 625 1203 662 (7),
1214 635 1224 652 ι
1239 630 1335 654 auctor
1350 633 1380 653 se
1394 625 1453 661 ipse
1464 624 1616 660 virginibus
1626 623 1680 651 fra-

895 671 983 699 tribus
995 670 1156 698 adnumerat
1173 670 1223 706 (8),
1250 674 1278 698 et
1303 678 1382 698 suum
1409 670 1563 705 exemplum
1579 669 1634 696 illis
1650 669 1680 696 in

894 718 969 746 omni
983 718 1190 745 conversatione
1205 716 1366 744 imitandum
1382 715 1605 751 proponit.Quod
1618 716 1680 751 qui.

896 765 957 793 dem
972 764 1076 792 factum
1092 763 1262 796 historicum,
1286 763 1309 790 si
1325 770 1468 790 censorem
1486 762 1558 789 hunc
1571 761 1679 794 audias,

896 819 912 839 a
925 811 1073 839 Clementis
1099 817 1218 845 persona
1237 817 1298 837 esse
1320 809 1429 837 videtur
1444 809 1562 836 alienum
1578 818 1585 836 :
1612 809 1680 843 quin

897 862 924 885 et
934 864 996 885 cum
1013 857 1099 892 ipsius
1113 856 1262 884 Clementis
1276 855 1450 883 confessione
1467 855 1620 883 consistere
1634 863 1681 882 nc-

73 906 212 934 factitatum
227 907 377 935 cernimus.
392 905 425 933 Et
439 906 484 933 hic
505 913 624 941 quoque,
640 909 669 932 ut
683 913 754 940 saepe
768 905 845 935 alias.
862 900 884 928 Β
897 903 974 938 quit;
991 903 1014 930 si
1030 910 1091 937 qua
1105 902 1133 929 in
1147 901 1234 937 prima
1251 908 1367 936 persona
1381 901 1409 928 in
1431 900 1546 936 epistola
1562 901 1622 936 ejus
1647 901 1681 928 ad

74 951 189 986 apostolo
209 950 296 978 Paulo
324 954 484 978 constanter
505 950 640 978 adhaeret:
666 950 712 984 qui
730 949 847 984 primum

71 996 91 1012 "
115 997 331 1032 patriarcharum
355 1001 382 1024 et
399 997 593 1032 prophetarum
621 1000 697 1031 gesta
727 995 848 1023 Hebraeis

72 1046 129 1070 ante
142 1043 236 1070 oculos
263 1049 380 1078 ponens.
407 1050 455 1069 eos
471 1042 504 1069 ad
520 1041 601 1069 ﬁdem
615 1041 783 1069 retinendam
800 1041 849 1068 ad—

71 1087 203 1122 hortatur;
223 1087 324 1116 deinde
344 1088 494 1123 propositis
521 1087 623 1116 Christi
643 1091 670 1115 ct
691 1090 848 1115 sanctorum

71 1135 205 1169 exetnplis,
216 1133 251 1161 ad
267 1133 425 1162 tolerandas
436 1133 580 1168 passiones
590 1153 598 1166 ,
614 1133 648 1161 ad
662 1141 769 1169 pacem,
783 1141 849 1160 con-

71 1179 184 1206 cordiam
208 1183 236 1206 et
262 1180 436 1207 sanctitatem
467 1179 629 1207 servandam
653 1179 715 1208 illos
740 1179 849 1206 allicere

71 1225 163 1257 studet,
180 1225 219 1252 ita
233 1225 344 1253 demum
359 1225 511 1253 orationem
526 1225 693 1254 concludens
708 1234 715 1253 ι
738 1225 849 1260 Ideoque

70 1275 92 1297 et
103 1279 146 1298 nos
162 1276 265 1299 tantam
286 1271 408 1299 habentes
436 1272 589 1306 impositam
609 1272 702 1298 nubem
731 1273 847 1304 testium,

68 1317 216 1351 deponentes
231 1326 308 1345 omne
321 1318 433 1353 pondus,
452 1323 477 1344 et
498 1319 672 1345 circumstans
688 1327 734 1345 nos
759 1326 849 1352 pecca-

70 1368 131 1394 tum.
146 1372 190 1398 per
203 1365 360 1399 patientiam
386 1372 524 1392 curramus
540 1363 574 1391 ad
597 1365 759 1399 propositum
774 1364 849 1392 nobis

71 1414 204 1437 certamen.

102 1455 191 1491 Neque
209 1456 294 1484 etiam
305 1456 486 1484 omittendum
504 1460 632 1492 putamus
654 1465 739 1485 unum
754 1458 796 1486 vel
810 1458 850 1485 al-

69 1507 151 1530 terum
166 1502 227 1537 styli
243 1502 387 1534 indicium,
407 1502 480 1529 haud
502 1502 611 1537 quidem
634 1503 773 1538 exiguum,
795 1511 849 1538 quo

68 1548 150 1582 magis
170 1547 258 1575 adhuc
273 1548 300 1576 id
311 1547 384 1582 quod
400 1547 583 1581 intendimus,
599 1548 787 1576 conﬁrmatur.
808 1548 847 1575 En

69 1593 130 1621 illud
147 1600 179 1622 ex
197 1594 281 1629 epist.
301 1594 314 1622 1
334 1593 368 1621 ad
389 1593 510 1622 Corinth.
523 1602 584 1630 cap.
601 1595 638 1622 5:
657 1595 845 1630 Hinc,inquit,

69 1639 207 1672 aemulatio,
237 1640 356 1672 inuidia,
385 1641 534 1673 contentio,
559 1640 663 1674 seditio,
690 1641 845 1675 persecutio,

67 1685 319 1717 commotio,bellum
333 1690 357 1712 et
368 1686 506 1720 raplivilas
519 1691 670 1714 manarunt.
681 1685 781 1720 Etcap.
790 1686 825 1714 55
837 1696 844 1714 :

69 1728 123 1756 Nos
143 1730 223 1765 igitur
245 1739 349 1757 summa
365 1731 452 1758 studio
480 1730 667 1758 contendamus
688 1732 716 1757 in
739 1739 847 1760 numero

66 1776 269 1809 exspectantium
293 1784 351 1802 eum
376 1777 493 1810 reperiri.
509 1792 544 1797 —
559 1776 711 1811 abjicientes
733 1785 750 1803 a
773 1777 847 1804 nobis

68 1828 162 1847 omnem
173 1822 336 1855 injustitiam
351 1826 375 1849 et
387 1822 561 1857 iniquitatem,
574 1822 726 1854 avaritiam,
742 1827 847 1850 conten-

68 1866 156 1898 tiones,
175 1867 356 1902 malignitates
367 1872 392 1894 et
408 1868 526 1903 fraudes,
539 1876 664 1895 susurros
677 1873 702 1895 et
716 1868 848 1895 obtrecta-

68 1912 156 1946 tiones,
171 1913 264 1940 odium
279 1913 338 1946 Dei,
351 1914 500 1949 superbiam
520 1919 545 1941 et
562 1915 773 1947 ostentationem,
789 1915 847 1942 ina-

67 1965 122 1984 nem
159 1960 275 1994 gloriam
309 1964 386 1995 atque
420 1968 536 1987 amorem
578 1961 715 1987 vanitatis.
748 1959 848 1988 Confer

67 2003 126 2036 ista,
151 2005 174 2032 si
199 2006 302 2040 placet,
326 2013 388 2033 cum
415 2006 457 2034 his
486 2014 547 2041 quae
573 2007 702 2041 leguntur
717 2006 744 2033 in
759 2005 845 2041 Epist.

68 2048 126 2074 iad
137 2050 230 2084 virgin.
256 2057 317 2085 cap.
334 2050 370 2078 8:
398 2050 451 2083 Qui
466 2058 522 2078 vere
551 2050 640 2085 ﬁdeles
664 2055 737 2081 sunt.
762 2051 810 2084 ait,
824 2056 848 2078 et

66 2093 172 2125 spiritus
186 2093 289 2121 Christi
315 2094 417 2121 habitat
433 2095 462 2122 in
476 2095 552 2130 ipsis,
579 2095 607 2122 in
629 2095 683 2122 illis
698 2103 750 2122 non
764 2100 848 2129 potest

66 2145 119 2165 asc
133 2140 259 2174 cogitatio
273 2141 361 2167 carnis
375 2148 384 2172 ;
396 2149 454 2175 qua:
464 2146 503 2168 est
517 2142 657 2173 scortatio,
671 2141 846 2176 impudicitia,

67 2185 214 2218 impuritas,
241 2185 406 2218 idololatria,
430 2187 593 2221 veneﬁcium,
609 2187 761 2219 inimicitia,
780 2187 848 2214 inui-

897 949 1053 977 Corinthios
1065 948 1225 981 eﬂ'erunlur,
1240 948 1274 975 ad
1299 948 1388 983 ipsum
1400 955 1509 983 quoque
1523 946 1636 979 referre,
1650 951 1682 974 ut

897 999 1005 1030 oportet
1020 995 1043 1022 si
1059 995 1125 1022 nihil
1142 995 1243 1026 obstet,
1259 994 1349 1021 liceat.
1363 993 1496 1028 Loquitur
1506 997 1605 1026 autem,
1616 994 1683 1021 sub-

898 1040 939 1068 dit
954 1040 996 1066 vir
1005 1039 1127 1071 criticus,
1144 1038 1175 1066 de
1189 1038 1314 1066 uxoribus
1334 1043 1358 1065 et
1374 1038 1463 1065 liberis
1488 1038 1597 1070 nostris,
1618 1044 1682 1064 eum

898 1084 965 1112 dicit
981 1084 1040 1120 (9):
1071 1085 1170 1112 Uxores
1198 1089 1302 1111 nostras
1335 1083 1413 1111 adid
1438 1083 1508 1119 quod
1528 1083 1624 1110 bonum
1641 1087 1683 1110 est

897 1132 1077 1166 corrigamus;
1096 1146 1132 1151 —
1143 1131 1218 1158 liberi
1232 1131 1317 1158 nostri
1333 1129 1480 1164 disciplina:
1504 1128 1605 1157 Christi
1619 1136 1683 1163 par-

899 1177 987 1210 ticipes
1001 1176 1065 1208 sint,
1080 1180 1134 1204 etc.
1149 1176 1199 1203 Cui
1215 1175 1319 1209 nescio,
1336 1175 1445 1202 tandem
1458 1173 1607 1206 concludit,
1617 1181 1682 1200 num

898 1222 965 1257 quid
988 1221 1097 1249 roboris
1123 1221 1227 1253 addat,
1255 1221 1328 1256 quod
1357 1220 1490 1248 Clementi
1518 1220 1683 1255 adjungatur

899 1267 1001 1304 Grapte
1016 1268 1086 1303 apud
1102 1267 1229 1296 Hermam
1252 1267 1320 1303 (10).
1336 1266 1422 1301 Cujus
1441 1266 1480 1293 rei
1495 1266 1591 1293 melior
1605 1265 1682 1293 reddi

900 1315 944 1341 vix
961 1322 1042 1350 posse
1054 1314 1161 1341 videtur
1176 1314 1256 1346 ratio,
1277 1320 1358 1348 quam
1384 1311 1457 1347 quod
1481 1310 1578 1346 Grapte
1602 1311 1684 1338 fuerit

899 1357 1044 1386 Clementis
1060 1366 1154 1386 uxor.»
1175 1358 1314 1386 Hactenus
1342 1357 1467 1385 eruditus
1493 1356 1634 1384 Venema:
1656 1361 1685 1384 et

899 1404 1009 1440 quidem
1028 1405 1096 1433 satis
1107 1405 1188 1433 belle.

934 1450 1023 1479 Nolim
1044 1452 1170 1487 equidem
1185 1451 1274 1479 virum
1289 1453 1356 1479 clar.
1372 1452 1399 1479 in
1428 1451 1581 1478 caelibatum
1596 1449 1684 1477 ecclo-

901 1497 1043 1526 siasticum
1059 1498 1183 1533 iniquum
1199 1497 1345 1532 suspicari.
1371 1497 1406 1524 At
1430 1497 1499 1524 illud
1514 1496 1566 1532 ipsi
1582 1495 1685 1523 condo-

900 1545 1020 1572 nandum
1039 1544 1151 1572 minime
1175 1551 1248 1576 reor,
1280 1544 1353 1579 quod
1380 1552 1437 1571 sua:
1460 1543 1603 1570 sententias
1627 1543 1683 1570 vim

898 1590 998 1618 addere
1022 1591 1147 1626 cupiens,
1167 1591 1247 1619 nobis
1275 1590 1407 1618 obtrudat
1430 1589 1504 1617 velut
1535 1589 1685 1616 Clementis

897 1636 1013 1664 Romani
1028 1637 1183 1669 lectionem,
1203 1644 1264 1672 qua:
1295 1636 1480 1664 Alexandrino
1504 1639 1564 1663 erat
1577 1635 1685 1663 adscri-

897 1682 997 1710 henda.
1017 1682 1085 1710 Rem
1105 1683 1202 1717 paucis
1217 1682 1377 1718 attingimus
1393 1682 1464 1710 infra
1490 1681 1568 1717 (ll);
1601 1688 1683 1716 quam

897 1731 987 1755 tamen
1011 1728 1056 1755 hic
1071 1728 1302 1762 pertractandam,
1331 1731 1515 1756 commentum
1541 1727 1685 1754 Venemia-

897 1781 963 1801 num
977 1773 1091 1809 ﬂagitat,
1108 1782 1163 1801 non
1178 1774 1300 1809 postulat
1327 1773 1374 1802 Sic
1388 1775 1471 1809 igitur
1497 1774 1527 1801 S.
1557 1773 1684 1801 Clemens

898 1819 964 1855 (12):
974 1820 1030 1851 Τὰς
1037 1822 1166 1854 γυναῖκας
1175 1819 1253 1855 ἡμῶν
1266 1820 1311 1846 ἐπὶ
1317 1820 1346 1846 τὸ
1355 1820 1455 1854 ἀγαθὸν
1462 1819 1683 1855 διορθωσώμεθα.

896 1882 927 1888 -——
945 1865 984 1892 Τὰ
994 1866 1075 1892 τέκνα
1086 1865 1161 1901 ὑμῶν
1172 1866 1222 1901 τῆς
1237 1867 1266 1892 ὲν
1276 1866 1385 1901 Χριστῷ
1405 1866 1528 1897 παιδείας
1545 1865 1684 1901 μεταλαμ-

897 1911 1062 1938 6ανέτωσαν.
1072 1911 1100 1938 ld
1110 1915 1152 1938 est
1166 1921 1172 1938 :
1197 1910 1296 1938 Uxores
1310 1917 1416 1938 nostras
1425 1911 1458 1937 ad
1468 1911 1495 1939 id
1510 1911 1577 1945 quod
1588 1910 1684 1938 bonum

896 1956 1217 1993 estcorrigamus.—Filii
1227 1957 1305 1984 uestri
1312 1956 1460 1991 disciplina:
1467 1956 1566 1984 Christi
1571 1957 1684 1991 partici-

896 2011 941 2039 pes
954 2003 1018 2030 sint.
1035 2003 1074 2030 Ita
1090 2006 1250 2031 constanter
1264 2003 1349 2031 codex
1366 2011 1417 2031 ms.
1438 2011 1469 2031 ev
1485 2011 1540 2038 quo
1550 2010 1605 2030 uno
1619 2003 1684 2031 Cle‘-

897 2047 1019 2075 mentina
1047 2047 1163 2082 epistola
1179 2048 1239 2075 .l'uit
1265 2048 1419 2083 desumpta.
1444 2047 1522 2076 Haud
1549 2055 1615 2076 sane
1639 2056 1684 2076 me

898 2092 977 2128 fugit,
994 2093 1066 2127 apud
1089 2092 1255 2121 Clementem
1276 2093 1490 2121 Alexandrinum
1506 2093 1563 2129 (Ιὸ)
1590 2094 1635 2129 qui
1650 2101 1683 2121 ex

898 2137 1022 2166 Romano
1037 2138 1173 2174 integrum
1191 2147 1266 2174 paene
1283 2143 1366 2174 caput
1392 2139 1459 2167 illud
1481 2138 1513 2167 21
1526 2139 1682 2174 exscripsit.

898 2183 951 2219 legi
973 2183 1008 2210 τὰ
1030 2184 1112 2210 τέκνα
1127 2183 1218 2219 ἡμῶν.
1233 2183 1286 2212 Sed
1302 2191 1356 2211 non
1372 2188 1415 2212 est
1437 2184 1547 2212 demum
1559 2192 1610 2211 cur
1621 2183 1684 2211 Cle-

67 2229 120 2261 dia,
135 2231 277 2262 contentio,
293 2231 345 2263 ira,
363 2232 434 2262 rixa,
462 2231 568 2265 divisio,
585 2232 672 2263 zelus,
687 2235 740 2259 etc.
753 2231 849 2259 Nonne
865 2236 886 2264 ι)
900 2233 1019 2257 mentem
1042 2228 1195 2257 Romanum
1218 2237 1252 2257 ex
1278 2229 1467 2258 Alexandrino
1494 2230 1682 2261 emendemuS.

67 2275 188 2304 Clemens
201 2277 347 2313 utrobique
370 2285 400 2305 se
425 2278 513 2313 ipsum
537 2278 648 2313 prodit?
672 2278 773 2313 quippe
783 2278 847 2306 Cle-

67 2330 151 2354 mens,
180 2323 305 2358 inquam,
330 2324 488 2359 scriptionis
514 2323 634 2351 Paulinae
661 2325 848 2352 characterem

67 2370 163 2404 ubique
175 2370 233 2397 tere
249 2370 382 2402 imitatus,
399 2378 462 2397 cum
478 2371 522 2399 hic
544 2375 601 2397 tum
624 2371 680 2398 illic
696 2371 849 2406 respexisse

67 2414 169 2443 videtur
181 2415 260 2443 Rom.
283 2423 303 2448 I,
329 2415 434 2450 29-31;
453 2416 513 2444 Gal.
530 2425 556 2450 v,
573 2417 673 2450 19-21;
691 2416 705 2444 Ι
722 2417 791 2444 Tim.
809 2424 847 2448 vl,

66 2459 111 2487 5-5
124 2465 150 2488 et
163 2460 195 2488 11
212 2461 282 2489 Tim.
302 2468 344 2494 tu,
359 2461 418 2489 2-5.

99 2506 147 2534 His
164 2507 250 2535 addas
274 2507 354 2534 velim
382 2507 548 2542 δοξολογιαν,
570 2508 687 2536 mediam
702 2508 772 2536 inter
790 2508 848 2542 epi-

65 2553 171 2585 stolam,
188 2560 266 2580 more
289 2553 382 2580 itidem
408 2553 532 2586 Paulino,
548 2559 726 2590 usurpatam:
750 2554 847 2582 verbo-

67 2605 123 2626 rum
135 2599 244 2635 copiam
256 2607 287 2627 ex
301 2600 402 2627 divinis
421 2599 532 2628 Litteris
555 2601 657 2635 passim
673 2601 822 2628 derivatam
839 2609 844 2626 :

98 2687 118 2702 “
136 2687 220 2715 Hebr.
234 2696 261 2714 xl
273 2692 299 2716 et
311 2696 358 2715 xu.

157 2763 284 2805 lenem"
299 2766 380 2805 epist:
392 2765 420 2796 2,
438 2774 497 2805 pag.
508 2766 551 2792 87.

110 2801 136 2839 ξ)
155 2799 382 2839 Clem.._cpist_.}
409 2799 445 2826 ad
466 2799 546 2839 Virg.2
561 2808 619 2835 cap.
639 2800 677 2828 lli.

99 2833 246 2876 (illd-Epist.
307 2835 341 2861 ad
353 2833 561 2876 Corq‘capfil.

99 2868 154 2904 (ιο)
171 2870 248 2896 l'ast.
263 2871 308 2898 lib.
327 2879 345 2902 ι,
363 2871 412 2898 vis.
424 2870 451 2902 2,
464 2868 524 2906 cap.
537 2871 564 2898 4.

901 2276 1010 2310 vimque
1024 2275 1175 2303 inferamus
1200 2276 1303 2304 codicis
1330 2284 1382 2305 ms.
1412 2276 1520 2304 lectioni
1536 2284 1598 2304 cum
1614 2276 1681 2303 clar.

899 2321 1004 2349 editore
1018 2321 1137 2353 Pottero,
1155 2329 1186 2349 ac
1203 2321 1310 2350 Davisio
1334 2322 1423 2357 ipsum
1445 2326 1539 2350 secuto
1556 2331 1563 2349 :
1585 2330 1618 2350 eo
1641 2323 1684 2350 vel

901 2367 1019 2394 maxime
1031 2367 1104 2401 quod
1121 2375 1200 2395 nemo
1213 2368 1318 2395 nesciat
1331 2368 1358 2394 in
1374 2375 1449 2395 more
1467 2368 1585 2402 positum
1598 2367 1684 2395 fuisse

900 2411 1032 2439 Clementi
1056 2411 1252 2446 Alexandrino,
1274 2413 1301 2440 in
1326 2417 1469 2440 auctorum
1497 2413 1565 2441 locis
1579 2412 1684 2440 descri-

902 2458 998 2486 bendis
1014 2458 1067 2485 alia
1086 2459 1258 2491 contrahere,
1284 2459 1337 2486 alia
1362 2459 1466 2490 tollere,
1489 2459 1542 2486 alia
1562 2458 1684 2494 interpo.

900 2511 967 2532 nere
979 2507 1061 2539 atque
1075 2512 1125 2539 pro
1144 2504 1259 2532 arbitrio
1273 2509 1389 2535 mutare.
1414 2504 1506 2532 omnia
1527 2513 1582 2532 uno
1601 2506 1683 2533 verbo

899 2550 952 2578 sibi
968 2551 1124 2585 permittere
1137 2559 1144 2577 :
1157 2549 1228 2585 quod
1246 2554 1273 2577 et
1288 2551 1339 2577 hoc
1355 2551 1413 2585 ipso
1430 2553 1458 2578 in
1471 2551 1560 2586 capite
1570 2551 1684 2579 licenter

899 2597 982 2624 nimis
995 2596 1164 2631 exsequitur,
1179 2601 1208 2623 ut
1224 2596 1294 2631 apud
1315 2590 1473 2624 Wottonum
1491 2597 1582 2624 videre
1596 2601 1647 2624 est.

1002 2763 1062 2819 vid.
1079 2767 1135 2790 not.
1152 2764 1179 2790 in
1191 2771 1250 2798 cap.
1264 2763 1294 2790 2|
1318 2762 1397 2797 epist.
1413 2764 1423 2789 Ι
1443 2762 1477 2789 ad
1490 2763 1610 2790 Corinth.

1003 2798 1113 2863 glr‘oinu
1138 2833 1184 2861 lib.
1202 2841 1239 2868 Iv,
1257 2843 1315 2870 cap.
1332 2834 1374 2866 lli,
1389 2842 1414 2869 p.
1426 2833 1488 2865 61:1,
1505 2834 1571 2862 edit.
1593 2834 1680 2861 0mm.
