1875 3101
169 127 220 154 119

729 129 773 157 AD
791 130 820 159 S.
840 130 1047 160 CLEMENTEM
1068 131 1077 159 1
1096 131 1223 160 ΡΑΡΑΜ.

1737 131 1788 158 120

203 185 273 218 Quid
286 184 397 220 ψει-111,
406 184 533 220 inquies?
543 183 606 213 Esto
616 194 621 212 :
633 184 907 220 scripseritClemens
914 186 948 212 τὰ
962 188 986 216 Α
1000 187 1090 215 αὐτόν.
1105 187 1187 221 «Quis
1201 195 1265 223 ergo
1280 187 1350 216 inter
1361 194 1409 215 vos
1421 187 1588 223 generosus?
1601 187 1663 222 quis
1683 188 1791 216 miscri-

166 230 250 258 τίιινα
264 230 356 265 ὐμῶνι
368 233 396 256 at
409 230 498 264 ipsum
512 229 562 261 τὰς
575 231 705 264 γυναῖκας
719 230 797 266 ήμῶν
809 231 955 266 scripsisse

171 277 257 312 liquet
273 285 280 303 :
295 275 370 311 quod
388 277 482 312 utique
504 277 539 303 ad
557 275 684 304 Venema:
707 277 872 305 sententiam
887 283 954 304 con-

169 322 332 349 ﬁrmandam
357 321 426 349 satis
452 325 505 350 est.
534 321 591 354 Nae,
615 322 662 357 qui
684 322 724 350 sic
741 321 851 354 sentiat,
863 322 955 351 minus

169 370 274 395 attente
288 366 455 394 Clementem
481 366 586 402 legerit.
613 366 765 402 Siquidem,
786 366 861 403 quod
886 367 955 396 scri-

170 413 255 448 pserit
271 411 301 440 S.
315 412 395 440 Pater
403 413 452 444 τὰς
466 414 596 446 γυναῖκας
603 413 619 449 ὴ
624 413 692 449 μῶν,
703 413 731 440 in
739 421 822 442 causa
834 413 885 442 l'uit
895 421 955 442 ver-

170 459 235 486 bum
248 457 478 494 διορθωσώμεθα;
495 462 526 485 ut
544 459 663 487 sermoni
680 459 762 495 paulo
784 464 846 487 ante
857 460 884 487 in
900 460 956 496 pri-

169 513 215 533 ma
229 512 347 540 persona
363 505 500 537 instituto,
517 504 705 540 ὲντραπῶμεν,
721 505 898 541 αιδεσθῶμεν,
913 513 955 532 τι-

171 551 313 586 μήσωμεν,
329 549 527 585 παιδεύωμεν,
543 551 678 578 sententia
697 556 870 586 congrueret.
887 550 955 578 Cum

170 601 261 624 autem
276 603 339 624 mox
351 596 425 624 aliud
440 596 568 631 loquendi
579 603 666 632 genus
677 601 801 632 usurpet,
812 597 957 633 scripsisse

170 643 284 671 omnino
293 642 445 671 censendus
455 647 498 671 est
507 642 542 669 τὰ
555 642 637 670 τέκνα
651 643 728 679 ὑμῶν
741 653 747 671 :
761 644 873 678 perinde
887 651 919 671 ac
932 644 957 671 si

171 689 206 717 ab
224 688 358 716 orationis
370 696 453 716 cursu
469 689 613 724 abreptus,
627 688 700 724 quod
714 689 796 717 modo
810 690 957 724 scripserat

172 734 265 761 minus
280 733 332 761 sibi
347 737 540 765 consentanee,
555 741 650 760 uxores
661 738 767 761 nostras
782 734 956 769 corrigamus,

171 777 318 806 emendare
333 777 463 810 voluerit;
476 777 599 813 adeoque
610 779 710 814 stylum
732 778 826 806 statim
844 778 958 814 castiga-

172 824 228 852 tius
240 831 388 855 exacuens,
418 823 598 858 docentisque
620 823 747 858 dignitati
772 825 955 859 prospiciens,

172 870 323 898 orationem
347 873 495 906 permutat,
511 872 603 904 atque,
630 869 681 904 ﬁlii
708 871 786 897 vestri
800 871 956 905 suscipiant,
973 862 994 890 Β

172 916 380 944 convenientius
392 915 528 944 rescribit.
547 915 697 944 Retinenda
719 916 803 952 igitur
818 917 902 952 probo
919 917 959 945 le-

173 963 228 991 ctio
243 969 295 990 ms.
311 962 417 990 codicis
431 962 620 994 Alexandrini,
632 970 664 989 ac
676 963 772 997 procul
788 964 959 991 amandanda

173 1010 208 1037 de
218 1009 318 1045 Grapte
331 1008 482 1037 Clementis
511 1015 597 1036 uxore
623 1008 688 1036 hinc
711 1014 789 1036 eruta
802 1010 960 1044 conjectura

173 1055 353 1088 virieruditi;
366 1056 413 1090 qui
423 1053 625 1082 Cotelerianam
653 1056 807 1083 versionem
819 1063 835 1082 a
854 1054 961 1083 Clerico

173 1101 340 1129 recensitam
357 1102 415 1129 sive
426 1100 586 1128 mendosam
602 1101 660 1128 sive
674 1100 784 1128 inﬁdam
804 1101 961 1129 exscribere

174 1148 281 1181 maluit,
297 1155 380 1182 quam
397 1151 500 1174 textum
517 1146 606 1182 ipsum
620 1147 774 1174 consulere.

212 1192 266 1221 Sed
289 1193 411 1221 nondum
434 1192 613 1220 dimittendus
637 1191 808 1220 Hermannus
835 1192 961 1221 Vencma.

176 1239 267 1275 Pergit
282 1240 324 1267 vir
335 1239 464 1267 criticusl
481 1243 518 1271 et,
535 1246 590 1273 quo
601 1238 696 1273 probet
715 1238 796 1266 allata
810 1239 892 1266 verba
903 1247 964 1267 esse

177 1285 334 1320 accipienda
352 1286 424 1312 velut
441 1292 456 1312 a
470 1283 608 1313 Clemente
616 1285 649 1313 de
660 1293 689 1312 se
701 1285 760 1320 ipso
771 1286 890 1320 prolata,
907 1286 964 1313 haec

177 1330 295 1358 subdit:
314 1339 323 1356 ι
352 1329 428 1357 Licet
456 1331 566 1358 nomine
587 1330 716 1358 Ecclesia!
741 1329 881 1362 Romana,
906 1330 965 1365 ipse

179 1379 270 1402 tamen
287 1375 430 1410 epistolam
446 1376 567 1411 scripsit,
584 1380 611 1404 et
622 1375 656 1403 ad
669 1384 698 1403 se
709 1375 827 1404 subinde
837 1383 966 1411 expresse

178 1421 294 1455 digitum
305 1420 420 1448 intendit
432 1441 439 1452 ,
459 1421 497 1448 uti
513 1422 539 1448 in
556 1421 646 1449 verbis
659 1422 714 1456 (14)
731 1431 737 1448 :
756 1421 786 1448 Si
800 1426 906 1456 propter
926 1429 966 1448 me

179 1467 285 1501 sedilia,
312 1472 337 1494 et
352 1466 496 1499 discordia,
522 1472 546 1494 et
573 1468 727 1502 schismata,
744 1467 860 1501 discedo,
880 1469 964 1496 abeo:

181 1515 251 1548 ﬁeri,
275 1514 443 1549 Epiphanius
463 1515 559 1542 statuit
571 1514 656 1549 (15).»
673 1514 789 1549 Operam
821 1514 889 1542 ludit
902 1522 966 1542 cen-
980 1533 1001 1562 ο

183 1568 230 1588 sor
248 1561 311 1588 iste.
336 1559 369 1587 Et
396 1568 467 1596 aegre
490 1560 601 1596 quidem
627 1560 787 1593 ferendum,
814 1560 887 1596 quod
912 1568 968 1588 non

182 1606 350 1642 perspexerit
376 1607 417 1634 vir
439 1607 551 1634 oculeus
588 1610 674 1639 totus,
700 1606 880 1642 Epiphanium
905 1606 967 1635 Cle-

184 1653 284 1680 mentis
318 1652 480 1680 sententiam
508 1659 561 1680 non
589 1660 622 1679 ex
648 1652 735 1687 ipsius
760 1652 890 1688 epistula,
921 1652 968 1680 sed

181 1707 216 1726 ex
230 1698 392 1734 quibusdam
409 1699 615 1726 commentariis
630 1699 655 1726 in
668 1699 769 1734 quibus
784 1699 887 1726 dictum
902 1699 969 1726 illud

184 1744 337 1776 invenerat,
349 1745 542 1780 descripsisse.
559 1745 605 1772 Sic
621 1746 693 1772 enim
710 1746 754 1772 ille
766 1745 784 1772 l.
810 1753 836 1772 c.
853 1755 858 1772 :
890 1745 969 1779 Λέγει

182 1792 237 1828 γὰρ
251 1793 279 1819 ὲν
296 1793 345 1828 μιᾷ
358 1792 411 1819 τῶν
425 1791 573 1818 ἐπιστολῶν
586 1791 679 1818 αὑτοῦ·
697 1788 852 1827 Ἀναχωρῶ,
863 1791 968 1826 ἄπειμι.

185 1840 357 1876 εὕρομεν
382 1839 436 1876 γὰρ
463 1840 491 1867 ἐν
517 1848 588 1867 τισιν
614 1841 870 1876 ὑπομνηματισμοῖς
891 1839 970 1866 τοῦτο

183 1888 353 1923 ἐγκείμενον.
386 1897 395 1912 ι
411 1887 483 1917 Dicit
508 1888 580 1915 enim
606 1886 753 1922 (Clemens)
782 1886 809 1913 ir.
833 1894 887 1914 una
905 1886 969 1922 Epi-

186 1934 319 1962 stolarum
328 1940 451 1961 suarum:
462 1932 762 1965 Rccrdo,abeo;...nam
772 1932 798 1959 in
807 1931 971 1967 quibusdam

184 1978 393 2006 commentariis
407 1978 443 2005 ita
455 1979 589 2014 scriptum
604 1978 785 2013 reperimus.)
812 1976 882 2009 Quid
898 1976 971 2011 quod

186 2028 305 2060 ipsemet
320 2023 492 2059 Epiphanius
505 2023 657 2051 luculenter
680 2026 808 2053 testatur,
824 2021 896 2056 quod
911 2019 972 2048 Cle-

186 2077 265 2097 mens
280 2069 326 2095 illa
349 2068 502 2103 proferens,
526 2067 661 2095 nonnullis
676 2067 724 2093 hoc
750 2065 827 2093 modo
852 2065 972 2092 contule-

186 2115 253 2142 ιαιῖ
268 2114 324 2141 τισὶ
336 2113 416 2140 τοῦτο
431 2113 635 2149 συμϐουλεύωνε
652 2116 756 2139 tantum
771 2111 858 2142 abest,
869 2113 899 2137 ut
910 2117 974 2137 san-

187 2165 249 2188 ctus
261 2160 483 2188 Constantiensis
497 2159 643 2195 episcopus
663 2157 801 2185 memoriae
819 2155 972 2187 tradiderit,

1004 233 1080 261 cors?
1086 234 1148 268 quis
1161 233 1303 261 charitatis
1311 233 1420 269 plenus?
1428 233 1501 261 dicat
1511 242 1517 261 :
1530 233 1558 260 Si
1566 237 1678 268 propter
1689 241 1733 261 me
1743 241 1789 261 se-

1004 278 1082 310 ditio,
1095 283 1122 306 et
1133 279 1282 311 discordia,
1295 284 1321 307 et
1333 280 1484 307 schismata
1494 288 1501 312 ;
1510 278 1632 309 discedo,
1641 278 1710 306 abeo
1721 287 1792 314 quo-

1004 329 1113 358 cunque
1133 323 1311 351 volueritis...
1325 323 1378 356 Qui
1398 323 1450 350 boc
1468 323 1581 356 fecerit,
1593 323 1645 351 sibi
1660 331 1792 360 magnum

1005 369 1089 397 decus
1103 369 1131 396 in
1151 368 1266 396 Domino
1280 369 1459 404 comparabit,
1481 369 1626 404 omnisque
1639 369 1717 397 locus
1727 377 1792 397 eum

1005 415 1146 450 suscipiet.
1165 424 1174 441 ι
1200 415 1305 448 Quibus
1332 422 1397 443 sane
1417 415 1508 443 verbis
1523 422 1603 443 nemo
1627 423 1682 443 non
1705 415 1793 449 videt,

1006 459 1109 487 hortari
1123 459 1289 488 Clementem
1314 459 1484 492 Corinthios,
1509 464 1539 487 ut
1568 460 1677 488 etiamsi
1697 460 1795 495 justus

1005 506 1068 540 quis
1079 506 1150 533 inter
1164 513 1212 534 eos
1224 505 1316 537 fuerit,
1336 509 1417 541 atque
1441 505 1574 533 immunis
1593 513 1608 533 a
1627 506 1794 538 schismate,

1005 553 1071 587 quin
1084 556 1112 580 et
1125 553 1199 579 omni
1212 552 1344 580 virtutum
1362 559 1461 587 genere
1480 552 1680 588 oruatus;juri
1697 556 1794 580 tamen

1007 605 1058 626 suo
1081 598 1171 630 cedat,
1192 601 1222 626 ut
1243 598 1373 626 Ecclesiae
1402 597 1587 626 Corinthiaca:
1607 599 1796 634 tranquillitas

1007 643 1071 671 inde
1085 647 1244 679 consurgat.
1257 644 1298 671 An
1309 652 1364 672 non
1384 644 1467 680 igitur
1481 643 1615 672 Clementi
1638 644 1710 672 mire
1725 652 1796 672 con-

1007 690 1075 718 cinit
1088 690 1268 726 Epiphanius,
1294 691 1359 718 dum
1386 691 1425 718 ait
1440 691 1528 726 ipsum
1545 691 1583 718 ita
1602 691 1690 719 fuisse
1715 692 1798 718 locu-

1007 739 1085 769 tum,
1113 736 1169 762 τισὶ
1193 735 1272 762 τοῦτο
1300 736 1537 771 συμϐουλεύονταῖ
1565 735 1635 763 Hinc
1658 737 1799 764 immerito

1008 780 1170 808 insimulant
1183 784 1308 808 sanctum
1336 781 1412 808 illum
1433 781 1671 809 Constantiensem
1686 782 1799 817 episco-

1008 834 1075 862 pum
1087 826 1273 854 Thorndicius
1289 826 1346 862 (l6)
1361 830 1388 854 et
1402 826 1541 855 Burtonus
1566 827 1589 862 (1
1597 827 1634 863 7),
1650 828 1724 863 quod
1737 827 1800 856 Cle-

1009 872 1159 900 mentinam
1177 872 1341 901 sententiam
1365 872 1438 900 haud
1464 873 1501 900 sit
1519 877 1674 901 assecutus.
1700 872 1799 900 Imme-

1008 917 1062 945 rito
1075 918 1138 945 item
1153 925 1187 945 ex
1198 914 1321 952 ejusdem
1343 916 1371 944 S.
1398 916 1490 945 Patris
1514 918 1606 945 verbis
1617 937 1625 950 ,
1642 917 1798 946 Clementis

1010 963 1209 990 abdicationem
1225 962 1388 990 conﬁrmare
1404 963 1530 990 nituntur
1541 963 1587 990 alii
1599 963 1692 999 magni
1707 964 1801 991 nomi-

1011 1008 1053 1037 nis
1067 1008 1130 1036 viri.

1045 1055 1080 1082 At
1092 1055 1190 1092 potiori
1203 1055 1266 1090 jure
1277 1055 1414 1083 notandus
1436 1054 1468 1083 11,
1494 1054 1625 1088 Venema,
1643 1063 1689 1090 qui
1705 1063 1739 1083 eo
1752 1063 1804 1091 po-

1012 1102 1148 1130 tissimum
1172 1101 1282 1129 nomine
1308 1100 1454 1137 Epiphanii
1479 1102 1642 1129 auctoritate
1663 1101 1802 1134 abutitur,

1012 1155 1067 1183 quo
1081 1147 1209 1175 nimirum
1227 1151 1382 1175 commento
1403 1155 1453 1176 suo
1473 1147 1507 1175 de
1528 1146 1629 1183 Grapte
1652 1147 1804 1176 Clementis

1014 1201 1098 1221 uxore
1114 1192 1319 1220 fundamentum
1331 1192 1481 1227 praejaciat,
1503 1193 1578 1220 nullo
1599 1193 1710 1221 innixus
1727 1198 1804 1221 vete-

1015 1246 1074 1265 rum
1087 1238 1255 1271 testimonio,
1282 1238 1348 1273 quin
1373 1246 1388 1266 e
1405 1242 1502 1265 contra
1521 1238 1662 1266 obnitente
1681 1239 1804 1274 scripto-

1014 1292 1074 1311 rum
1091 1285 1266 1319 antiquorum
1282 1283 1343 1311 ﬁde.
1359 1283 1437 1316 Nam,
1452 1287 1481 1311 ut
1504 1283 1600 1320 lgnatii
1616 1284 1805 1320 Epistolarum

1016 1329 1238 1365 interpolatorem
1259 1330 1419 1358 omittamus
1444 1330 1512 1366 (l8),
1537 1338 1618 1365 quem
1646 1338 1732 1358 unum
1750 1338 1806 1358 no-

1015 1376 1054 1403 vit
1077 1376 1121 1403 hic
1134 1383 1241 1408 censor,
1262 1375 1439 1403 vetustiorem
1460 1375 1549 1402 adhuc
1571 1375 1704 1404 habemus
1723 1376 1808 1403 Reco-

1017 1422 1161 1456 gm‘tionum
1183 1422 1356 1456 scriptorem,
1373 1422 1473 1448 saeculo
1495 1428 1513 1448 ll
1538 1421 1696 1454 desinente,
1723 1422 1807 1456 cujus

1017 1468 1074 1495 haec
1085 1471 1149 1495 sunt
1162 1468 1245 1495 verba
1267 1467 1324 1503 (l9)
1344 1477 1350 1495 :
1370 1467 1425 1502 Ego
1452 1467 1572 1494 Clemens
1597 1467 1624 1494 in
1639 1467 1703 1494 urbe
1720 1467 1807 1494 Roma

1019 1518 1107 1546 natus,
1122 1520 1155 1540 ea:
1168 1513 1255 1548 prima
1271 1518 1348 1540 (etate
1365 1513 1500 1547 pudicitia:
1514 1513 1632 1540 studium
1649 1513 1728 1548 gessi.
1739 1513 1808 1546 Quae

1020 1563 1113 1594 postea
1128 1562 1186 1585 tum
1208 1558 1430 1586 Clementinorum
1450 1558 1518 1594 (20),
1529 1563 1586 1585 tum
1601 1557 1736 1593 Epitomes
1750 1559 1808 1594 (2i)

1019 1608 1146 1632 auctores
1155 1603 1389 1639 exscripsereJlis
1399 1604 1505 1631 accedit
1515 1603 1680 1637 Althclmus,
1692 1604 1739 1638 qui
1746 1605 1809 1631 Cle-

1021 1650 1121 1678 mentis
1135 1649 1319 1685 virginitatem
1334 1649 1392 1677 sive
1415 1657 1497 1684 prosa
1520 1649 1576 1676 sive
1597 1649 1717 1676 carmine
1738 1649 1807 1676 cele-

1021 1698 1116 1725 brasse
1137 1696 1387 1732 comperitur(‘22).
1410 1696 1536 1724 Clemens
1563 1696 1654 1731 itaque
1682 1696 1771 1731 virgo,
1785 1696 1808 1724 si

1021 1744 1088 1771 ﬁdes
1100 1743 1142 1771 his
1156 1744 1326 1772 auctoribus.
1344 1743 1377 1770 Et
1392 1743 1487 1779 quidni
1510 1742 1597 1770 ﬁdes?
1622 1742 1660 1769 ait
1679 1741 1807 1770 doctissi-

1022 1798 1083 1818 mus
1092 1789 1242 1818 Cotelerius
1255 1790 1322 1825 (25).

1057 1836 1169 1870 Verum,
1189 1836 1255 1872 quid
1270 1844 1352 1872 porro
1363 1835 1396 1864 de
1410 1835 1511 1871 Craptc
1522 1835 1687 1863 dicendum?
1703 1835 1733 1863 Si
1741 1834 1810 1863 Her-

1021 1892 1072 1912 ma:
1084 1884 1194 1919 quidem
1208 1883 1291 1911 verba
1305 1883 1417 1918 penitus
1439 1882 1626 1917 iutrospicias,
1636 1882 1741 1910 sentias
1755 1882 1810 1909 uti-

1022 1939 1076 1966 que
1088 1937 1151 1958 cum
1166 1930 1233 1957 viris
1253 1929 1369 1957 eruditis
1385 1928 1441 1964 (24)
1467 1931 1584 1963 oportet,
1610 1928 1697 1963 ipsam
1724 1927 1811 1955 fuisse

1024 1977 1152 2004 feminam
1179 1979 1309 2011 spectatae
1328 1974 1449 2011 pietatis,
1476 1974 1592 2001 forsitan
1610 1973 1808 2004 diaconissam,

1023 2022 1081 2049 sive
1091 2021 1219 2049 Ecclesiae
1237 2020 1365 2047 Romanae
1379 2018 1555 2055 πρεσϐύτιδα,
1566 2018 1675 2046 viduam
1692 2019 1809 2050 scilicet,

1023 2067 1068 2094 cui
1080 2066 1201 2101 reliquas
1212 2065 1304 2093 viduas
1321 2065 1446 2101 juniores
1460 2068 1543 2099 atque
1560 2063 1691 2098 orphanos
1707 2063 1760 2090 sub
1771 2063 1812 2089 vi-

1023 2114 1139 2142 duarum
1148 2121 1213 2141 cura
1223 2114 1336 2148 positos,
1345 2112 1456 2148 optimis
1467 2111 1612 2147 praeceptis
1623 2111 1812 2145 institutisque

1025 2160 1164 2189 imbuendi
1192 2167 1293 2188 munus
1316 2159 1493 2187 commissum
1516 2157 1608 2184 fuerit.
1630 2156 1698 2184 Cum
1728 2157 1811 2192 igitur

186 2206 355 2235 Clememem
372 2213 405 2234 εο
431 2206 483 2233 Ιοοί
507 2205 541 2232 ad
556 2213 586 2232 ευ
609 2204 724 2239 (“Ellum
741 2210 870 2238 "Nesse
885 2202 974 2229 lmen-
991 2206 1012 2233 D
1028 2208 1085 2236 sive
1098 2215 1130 2235 ex
1149 2206 1238 2235 verbis
1258 2205 1417 2238 Clementis,
1432 2205 1491 2232 sive
1508 2212 1541 2231 ex
1556 2202 1703 2238 Epiphanii
1716 2207 1809 2230 aucto-

188 2252 514 2288 disse,quemadmodum
527 2255 692 2286 prmposlcre
702 2249 841 2277 contendit
854 2248 897 2276 vir
905 2249 972 2276 clar.

190 2298 557 2327 VerumtamenClementem
570 2296 658 2331 ipsum
666 2295 703 2322 ita
713 2295 868 2330 loquentem
880 2294 976 2321 audia-

189 2353 269 2373 mus:
289 2345 337 2377 Τις
351 2343 398 2371 οὗν
408 2345 437 2371 ὲν
451 2345 517 2380 ἡμῖν
527 2344 650 2377 γενναῖος
660 2351 667 2375 ;
676 2342 717 2373 τίς
724 2341 907 2376 εὖσπλαγχνος
918 2349 925 2373 ;
935 2341 976 2372 ri;

188 2390 469 2427 πεπληροφορημένος
500 2389 634 2424 ἁγάπηςς
665 2387 778 2414 εἰπάτω·
805 2388 829 2413 ει
859 2386 892 2413 δι’
926 2386 976 2422 ἐμὲ

191 2438 296 2469 στάσις,
313 2438 360 2464 καὶ
372 2436 441 2472 ἐρις,
467 2436 514 2463 καὶ
544 2435 691 2470 σχίσματα,
720 2432 844 2469 ὲκχωρῶ,
868 2432 974 2467 ἄπειμι,

189 2480 222 2511 οὖ
235 2483 284 2511 ὲὰν
304 2482 444 2518 βούλησθε.
469 2497 503 2503 —-
519 2481 607 2508 Τοῦτο
621 2481 636 2507 ὁ
650 2480 776 2516 ποιήσας,
801 2478 889 2513 ἑαυτῷ
906 2477 976 2513 μέγα

191 2533 269 2565 κλέος
279 2532 307 2559 ὲν
317 2531 412 2566 Κυρίῳ
420 2530 636 2566 περιποιήσεται,
652 2528 699 2556 καὶ
712 2528 765 2559 πᾶς
779 2526 859 2558 τόπος
873 2524 975 2557 δέξεται

227 2631 284 2664 (ll)
298 2630 384 2665 Epist.
404 2630 416 2657 1
438 2629 472 2656 ad
485 2628 616 2665 Corique,
633 2635 693 2662 cap.
708 2625 751 2653 51.

230 2666 288 2700 (15)
305 2663 407 2694 Haeres.
426 2673 541 2693 xxxviii.
557 2663 609 2700 §6.

229 2697 286 2735 (16)
301 2701 404 2736 Origin.
420 2700 524 2736 eadem,
540 2697 602 2736 pag.
614 2697 677 2725 386.

231 2736 287 2769 (l7)
302 2736 331 2763 In
350 2740 407 2763 not.
419 2735 453 2762 ad
468 2735 553 2762 Clem.
570 2735 588 2761 l.
600 2742 624 2760 c.

243 2765 286 2805 18)
298 2771 382 2805 lgnat.
395 2770 481 2805 Epist.
495 2770 529 2796 ad
541 2767 707 2805 Philadelph.
727 2767 852 2805 intcrpol.
875 2773 936 2802 cap.
950 2765 976 2792 4.

246 2780 275 2799 Ιδ
298 2780 306 2798 I
328 2780 382 2798 nat.
395 2780 481 2805 ιψιει.
495 2780 529 2796 aa
541 2780 707 2802 I'ultauerpu.
727 2780 753 2794 Ill

246 2780 288 2839 l9l
304 2780 384 2834 incl.
399 2805 533 2839 Recoynit.
548 2804 595 2832 lib.
611 2812 631 2836 ι,
651 2812 710 2838 cap.
727 2803 754 2839 l.

242 2838 287 2879 20)
302 2843 381 2871 Auct.
395 2838 522 2870 Clemcm.
539 2839 611 2868 Imm.
633 2846 653 2872 ι,
669 2846 728 2874 cap.
742 2838 767 2866 1.

1026 2255 1117 2286 ritate,
1133 2261 1190 2282 suae
1205 2262 1295 2282 causae
1314 2252 1472 2288 praesidium
1486 2251 1589 2278 {rustra
1605 2253 1708 2285 qmerat
1720 2249 1812 2276 erudi-

1025 2305 1071 2329 tus
1095 2300 1226 2333 Venema,
1251 2301 1318 2336 quin
1343 2304 1370 2327 et
1397 2299 1451 2335 ipsi
1471 2298 1582 2326 obstent
1607 2301 1663 2324 tum
1683 2295 1812 2323 Ecclesiae

1027 2347 1192 2383 scriptorum
1209 2345 1401 2377 vetustissimi,
1419 2349 1476 2372 tum
1502 2344 1686 2372 recentiorum
1709 2342 1811 2370 doctis-

1027 2393 1089 2421 simi
1101 2401 1109 2425 ;
1129 2399 1218 2427 neque
1233 2392 1318 2418 ullum
1331 2391 1443 2418 omnino
1456 2390 1553 2418 vadem
1578 2389 1692 2424 ipsemet
1701 2396 1752 2424 pro
1765 2395 1812 2416 sua

1028 2439 1162 2468 sententia
1190 2438 1217 2466 in
1242 2437 1360 2465 medium
1381 2436 1499 2464 adducat
1521 2446 1527 2463 :
1546 2436 1574 2462 in
1594 2435 1713 2462 nihilum
1735 2435 1813 2462 abeat

1028 2493 1141 2513 necesse
1161 2488 1204 2512 est
1223 2483 1325 2519 Grapte
1336 2481 1486 2510 Clementis
1513 2488 1592 2514 uxor,
1605 2488 1687 2516 quam
1698 2481 1812 2507 commi-

1029 2531 1171 2564 niscitur;
1198 2537 1316 2565 cumque
1346 2527 1500 2556 istiusmodi
1525 2527 1653 2562 ﬁgmento
1674 2526 1812 2554 evanescit

1066 2634 1122 2668 (2|)
1135 2634 1214 2661 Auct.
1231 2632 1345 2667 Epitam.
1357 2640 1419 2668 capi.
1435 2632 1461 2659 1.

1064 2665 1119 2704 (⁷22)
1138 2668 1174 2696 De
1189 2665 1263 2704 laud.
1275 2668 1341 2703 virg.
1351 2673 1383 2704 eti
1393 2665 1545 2704 ὶίρνιιιιιιιὶιιἒ
1560 2665 1676 2704 virginil.
1690 2672 1754 2704 cap.
1768 2665 1810 2691 22.

1065 2696 1120 2737 (25)
1134 2703 1219 2731 Cotel.
1234 2703 1261 2730 in
1281 2696 1328 2730 ιιοἷ
1353 2703 1386 2730 ad
1406 2702 1492 2730 Clem.
1504 2701 1584 2737 epist.
1596 2696 1621 2737 l",
1633 2708 1692 2734 cap.
1707 2696 1752 2737 58ἶ

1066 2735 1122 2775 (24)
1139 2739 1264 2775 (Σοιρμιξι
1276 2737 1354 2775 Fe_ll_.,
1368 2738 1402 2766 ad
1427 2735 1588 2765 Hermfvis.
1609 2735 1637 2775 ᾖ.
1651 2742 1714 2770 cap.
1741 2735 1813 2775 Isaac

1031 2769 1124 2802 Do‘dw’.
1142 2776 1169 2802 in
1185 2774 1271 2801 addit.
1285 2773 1319 2800 ad
1331 2773 1460 2801 Pearson.
1473 2780 1536 2806 opp.
1551 2769 1702 2807 posthumI,
1716 2769 1812 2806 p.196,

1031 2814 1058 2838 et
1073 2810 1152 2844 ibid.,
1164 2810 1192 2838 in
1204 2809 1313 2838 dissert.
1325 2809 1422 2844 singul.
1436 2816 1463 2844 p.
1481 2807 1542 2836 158.
