1875 3101
51 156 91 183 121

675 160 845 188 ΡΗΟΈΜΙΑ
865 162 1056 193 VARIORUM.

1615 165 1665 193 i‘l‘i

48 221 148 249 quoque
163 214 233 242 illud
255 219 445 251 argumentum
467 217 532 245 hinc
557 218 743 254 desumptum,
770 227 817 254 qut

896 221 927 249 iis
941 221 1014 250 haud
1029 222 1156 250 obscuris
1170 223 1315 251 verborum
1331 223 1499 258 φιλαδελφία,
1516 223 1663 258 φιλοξενίαν

48 261 219 295 epistularum
254 261 289 289 ad
311 263 424 297 virgines
452 264 640 292 sinceritatem
668 272 826 300 oppugnare

48 314 186 342 aggressus
199 311 253 335 est.
269 307 305 335 At
315 309 349 336 de
362 309 406 337 his
417 310 496 338 satis.

78 352 210 381 Caeterum
224 354 331 383 easdem
341 355 478 390 Epistolas
488 354 582 383 Graece
594 355 723 390 primitus
733 362 831 382 exara-

47 401 85 425 tas
95 397 178 426 fuisse
192 399 297 435 colligit
321 401 356 428 cl.
379 399 551 429 Wetstenius
571 406 628 428 tum
644 409 676 428 ex
701 401 826 433 vocibus,

48 445 209 480 ιῦχαριπία,
224 446 344 478 ἀσωτία,
373 446 503 478 κίνδυνος,
531 446 616 479 τάξις,
647 446 750 481 σχῆμα,
770 446 829 472 δια-

47 490 122 526 θήκη,
136 491 222 526 ἁγὼν,
241 491 375 525 αὑτολεξει
389 493 612 526 occurrentibus;
642 496 699 519 tum
712 500 743 519 ex
759 492 830 520 indi-

879 268 1055 304 φιλαργυρία,
1070 268 1262 305 φιλοπρωτεια,
1277 269 1540 305 παραιτεῖσθαιβῑε.
1550 269 1581 296 Ει
1595 269 1664 296 scri-

878 318 930 349 ptae
948 315 1058 349 quidem
1080 315 1196 343 fortasse
1221 314 1322 343 iuerint
1348 322 1402 342 non
1425 316 1504 350 longe
1518 323 1533 342 a
1548 314 1665 343 Neronis

878 361 965 392 obitu,
979 360 1044 387 dum
1065 360 1188 388 Ecclesia
1212 361 1360 396 tranquilla
1375 369 1442 396 pace
1456 361 1592 388 frueretur
1606 371 1612 388 :
1635 362 1664 389 in

878 406 914 433 iis
927 407 1000 434 enim
1020 407 1124 434 nullius
1139 408 1303 435 calamitatis
1315 411 1362 435 aut
1372 407 1523 434 vexationis
1531 406 1666 434 Christia-

879 460 976 480 norum
994 453 1108 481 mentio.

782 669 907 726 IV.

305 787 414 849 EX
479 787 547 849 Ρ.
591 787 943 851 LUMPERI
993 786 1395 850 HISTORIA.

74 914 191 947 (Historia
202 913 435 948 theologica-critica
444 915 475 941 de
484 914 543 946 vita,
555 914 653 947 scriptis
663 918 735 946 atque
744 914 856 940 doctrina
867 915 913 940 SS.
926 915 1037 945 Patrum,
1050 917 1110 945 etc.;
1124 917 1142 940 t.
1153 915 1174 945 Ι,
1187 915 1250 947 Aug.
1263 915 1396 945 Vlndelic.,
1406 914 1477 944 1⁵185,
1488 915 1512 939 tn
1524 916 1632 941 octavo.‘

601 1061 790 1108 CAPUT
824 1062 1086 1106 PRIMUM.

355 1156 557 1185 ARTICULUS
577 1156 719 1185 UNICUS.
737 1172 771 1176 —
792 1155 886 1184 VITA'I
907 1156 936 1185 S.
957 1156 1157 1185 CLEMENTIS
1175 1156 1349 1185 HISTORIA.

74 1293 100 1321 S.
115 1293 256 1320 Clementis
280 1293 367 1328 patria
393 1296 418 1319 et
437 1292 537 1328 generis
562 1293 696 1321 nobilitas.
711 1308 746 1313 -
757 1292 819 1321 Cle-
835 1297 856 1324 Β
871 1300 936 1320 vero
946 1291 1181 1328 Recognitionum,
1191 1293 1236 1328 qui
1248 1293 1299 1320 sub
1309 1293 1456 1321 Clementis
1467 1293 1548 1328 hujus
1557 1293 1664 1321 nomine

43 1347 112 1367 mens
136 1339 276 1368 Romanus
300 1344 458 1368 sanctorum
483 1338 607 1372 Patrum,
624 1344 757 1375 quotquot
775 1349 822 1367 ex-

42 1391 108 1414 stant
132 1386 356 1417 vetustissimus,
379 1393 467 1420 neque
496 1393 553 1412 uno
580 1385 690 1413 nomine
706 1386 821 1420 primus,

42 1431 119 1458 Roma
141 1440 155 1460 e
178 1431 318 1459 senatorio
337 1439 434 1466 genere
449 1431 505 1466 (25)
522 1435 599 1458 ortus
613 1435 665 1459 est.
683 1430 776 1458 Graeca
791 1430 820 1458 S.

42 1476 104 1504 Petri
119 1477 188 1512 apud
211 1476 415 1504 Henschenium
440 1480 500 1504 acta
527 1477 608 1503 etiam
631 1476 760 1512 Augustis
776 1483 822 1503 co-

41 1527 141 1558 gnatum
157 1523 255 1554 fuisse,
270 1522 469 1558 Neronemque,
487 1523 552 1550 dum
574 1522 747 1550 Christianos
760 1529 822 1557 per-

41 1568 212 1604 sequebatur,
241 1569 275 1597 ab
294 1569 341 1596 illo
365 1572 508 1604 eapropter
533 1568 700 1596 abstinuisse
717 1572 822 1595 testan-

41 1620 89 1643 tur.

71 1664 156 1690 Annus
179 1663 339 1694 nativitatis,
353 1667 378 1689 et
393 1662 449 1697 ejus
472 1661 617 1688 conversio.
629 1675 664 1680 --
675 1660 735 1693 Quo
749 1667 822 1687 anno

42 1709 147 1742 primam
170 1709 261 1736 lucem
284 1708 430 1743 aspexerit,
447 1715 538 1740 neruo,
553 1706 626 1742 quod
649 1707 744 1738 sciam,
757 1714 821 1740 pro-

42 1753 116 1787 didit;
130 1754 151 1781 si
167 1759 258 1782 tamen
273 1753 428 1788 conjectare
451 1753 543 1784 liceat.
559 1753 668 1781 Christo
688 1753 715 1780 in
740 1753 822 1780 terris

43 1799 122 1826 adhuc
130 1799 242 1834 degente
256 1804 337 1826 natus
353 1806 368 1826 e
380 1799 482 1834 reliqua
496 1799 559 1826 vitae
572 1799 642 1826 serie
655 1799 760 1826 censeri
772 1806 822 1833 po-

42 1845 97 1868 test.
113 1841 229 1870 Sanctus
251 1842 353 1870 Paulus
376 1843 404 1870 in
427 1850 470 1875 ea,
483 1850 564 1877 quam
581 1842 614 1869 ad
631 1842 821 1878 Philippenses

42 1886 117 1920 dedit,
129 1889 242 1923 epistola
258 1887 351 1915 laudat
370 1887 537 1915 Clementem
556 1892 680 1915 nostrum
692 1896 742 1916 ceu
756 1896 822 1924 apo-

41 1932 146 1960 stolatus
157 1933 198 1960 sui
213 1933 320 1961 socium
334 1938 361 1961 et
383 1933 568 1967 coadjutorem
583 1932 671 1967 ⁸³·¹⁰⁰;
688 1933 716 1960 in
744 1933 820 1960 libris

72 1999 138 2016 “"W
148 2000 187 2028 Ad
204 2001 335 2036 Philipp.,
349 2009 409 2036 cap.
424 2009 462 2034 iv,
478 2010 504 2029 v.
520 1999 538 2029 5
550 2005 577 2029 et
598 2009 655 2037 seq.

872 1339 1113 1372 circumferuntur,
1130 1349 1145 1367 a
1163 1341 1226 1367 divo
1242 1339 1323 1368 Petro
1339 1341 1525 1376 apostolorum
1541 1342 1664 1377 principe

872 1385 906 1412 ad
925 1385 1064 1413 Christum
1091 1394 1242 1414 conversus
1265 1395 1336 1418 esse,
1357 1387 1437 1422 eique
1456 1393 1549 1422 postea
1572 1395 1665 1415 comes

873 1431 960 1459 ﬁdelis
982 1431 1131 1459 adhaesisse
1156 1436 1294 1459 narratur.
1317 1431 1438 1465 Quorum
1461 1433 1592 1459 librorum
1611 1433 1663 1461 etsi

872 1485 927 1505 non
947 1479 1092 1506 admodum
1110 1479 1186 1506 ﬁrma
1209 1479 1245 1506 sit
1270 1479 1431 1510 auctoritas,
1448 1479 1498 1506 hac
1520 1483 1609 1507 tamen
1630 1487 1664 1507 ex

872 1526 948 1556 parte
970 1523 1007 1549 nil
1030 1531 1195 1559 magnopere
1223 1531 1254 1550 se
1278 1522 1367 1556 oli‘crt,
1385 1531 1436 1550 cur
1455 1523 1604 1558 rejicienda
1624 1524 1656 1551 vi.

872 1567 979 1595 deatur.

907 1614 929 1641 Α
948 1613 1006 1641 divo
1028 1613 1107 1641 Petro
1123 1615 1259 1649 episcopus
1274 1615 1437 1650 designatur.
1453 1614 1567 1642 —Cum
1589 1619 1657 1642 utro-

872 1667 925 1694 que
938 1663 1012 1686 certe
1026 1660 1212 1693 apostolorum
1232 1659 1355 1695 principe
1379 1660 1546 1687 Clementem
1571 1660 1618 1687 diu
1637 1663 1664 1687 et

873 1705 1044 1731 familiariter
1063 1705 1161 1739 egisse,
1179 1713 1193 1731 a
1207 1704 1287 1731 Petro
1304 1710 1393 1732 autem
1416 1706 1497 1732 etiam
1520 1713 1664 1733 successo-

872 1759 929 1778 rem
946 1751 972 1777 in
988 1750 1125 1785 pascendo
1147 1758 1227 1786 grege
1252 1750 1359 1778 Domini
1377 1751 1547 1787 designatum
1568 1751 1663 1785 fuisse,

873 1796 996 1832 plerique
1011 1796 1131 1822 fatentur
1146 1795 1213 1831 (26).

908 1842 982 1871 Cleta
1000 1844 1026 1870 in
1041 1843 1198 1878 pontiﬁcatu
1222 1843 1347 1875 succedit,
1364 1852 1432 1870 anno
1452 1842 1552 1870 C/trisli
1566 1843 1611 1870 9|.
1628 1857 1664 1863 —

872 1890 978 1923 Quotus
988 1889 1084 1917 ordine
1098 1889 1248 1916 Romanam
1263 1890 1418 1916 cathedram
1431 1889 1570 1920 insederit.
1585 1893 1663 1917 vetus

873 1940 900 1964 et
915 1935 1003 1963 adhuc
1015 1935 1066 1964 sub
1076 1935 1169 1970 judice
1183 1935 1217 1962 lis
1232 1940 1287 1968 est;
1304 1943 1359 1962 non
1374 1935 1479 1963 sedisse
1492 1939 1582 1962 tamen
1599 1939 1663 1962 ante

73 2058 124 2093 (25)
138 2057 314 2094 Reception-es
343 2058 441 2092 critici,
464 2059 603 2086 levissima
624 2058 700 2086 ducti
723 2059 815 2094 conje-
829 2063 850 2091 c
867 2064 943 2094 atque
953 2059 1033 2086 etiam
1055 2059 1135 2093 stirpe
1148 2058 1300 2090 Cinaram,
1318 2059 1389 2086 omni
1409 2058 1519 2085 scientia
1536 2059 1659 2094 relertus,

42 2098 120 2124 rtura,
132 2101 186 2129 non
205 2092 404 2129 RomanumAet
427 2094 636 2128 praeclarissimo
657 2098 750 2121 natum
768 2092 815 2129 ge-

43 2136 109 2159 nere,
128 2128 174 2156 sed
197 2135 231 2156 ex
252 2129 337 2162 stirpe
361 2127 474 2155 Iudaica
499 2133 670 2163 procreatum
694 2127 817 2157 censent.

42 2163 139 2190 Primus
152 2163 198 2196 qui
212 2171 274 2190 eam
289 2164 391 2190 invexit
403 2164 548 2196 novitatem
565 2163 808 2196 iuitTillemontiqg

45 2173 139 2190 FI'IIIIUS
152 2173 198 2196 (ιυι
212 2173 274 2190 eam
290 2173 391 2190 mvem
403 2173 548 2190 [IOVIlBlf‘lll
565 2173 616 2190 illi!
634 2173 808 2191 uttemonuu.

45 2196 69 2223 in
78 2197 133 2224 suis
148 2196 326 2224 Manumentis
336 2196 455 2223 historia
477 2195 679 2226 ecclesiastica,
705 2198 779 2220 torno
793 2173 824 2227 li,

45 2239 99 2266 pag.
115 2232 175 2259 H9.
187 2231 293 2259 Exinde
304 2239 368 2259 vero
381 2231 451 2266 idem
466 2231 555 2258 visum
569 2230 715 2266 Coutantio
731 2233 825 2255 nostro

46 2267 69 2293 in
78 2265 251 2301 celeberrimo
269 2275 319 2294 suo
333 2274 414 2301 opere
432 2265 616 2301 Epistolarum
638 2265 824 2292 Romanorum

48 2302 209 2342 pontiﬁcum,
220 2307 298 2342 tonio
311 2301 332 2333 1,
351 2309 411 2342 pag.
430 2302 474 2334 Η,
487 2301 549 2328 licet
563 2305 657 2342 postea
672 2307 755 2342 suam‘
767 2307 824 2342 mu-

45 2336 101 2364 tarit
111 2338 272 2365 sententiam
290 2335 357 2364 loco
370 2335 468 2369 citato,
484 2344 545 2371 pag.
569 2336 614 2363 M.
634 2335 758 2371 Accessit
777 2335 825 2371 de-

44 2379 110 2399 mum
126 2373 370 2400 reverendissimns
382 2369 510 2399 dominus
518 2371 658 2406 Remigius
672 2369 823 2406 Ceillierius

44 2411 138 2443 noster,
153 2407 197 2443 qui
211 2408 326 2434 lidenter
343 2407 425 2434 nimis
443 2407 469 2434 id
482 2404 610 2434 asserere
620 2414 674 2433 non
689 2404 824 2443 dubitavit

43 2441 73 2478 ini
85 2440 201 2470 Historia
214 2442 329 2478 generali
344 2447 482 2478 auctorum
495 2449 637 2478 sacrarum
659 2445 683 2467 et
699 2440 823 2478 ecclesia-

41 2477 169 2512 sticarum,
184 2475 259 2506 toino
270 2478 291 2510 l,
305 2485 363 2512 pag.
378 2477 441 2504 598.
452 2477 547 2512 Colligi
567 2477 591 2503 id
609 2484 690 2510 posse
704 2484 736 2503 ex
749 2475 822 2510 ejus-

44 2510 98 2546 dem
104 2510 187 2538 sancti
201 2510 351 2540 Clementis
357 2513 389 2540 ad
397 2510 553 2540 Corinthios
563 2512 678 2546 epistola
687 2513 774 2546 capite
791 2521 815 2538 ιν

43 2545 232 2581 arbitrabatur,
249 2547 295 2574 ubi
311 2552 349 2573 alt
365 2557 372 2575 :
393 2547 502 2581 Propter
520 2545 817 2574 wnutlationem’l’ater

43 2585 124 2617 noster
135 2580 216 2608 Iacob
229 2581 331 2616 aufugit
344 2591 360 2608 a
373 2580 527 2617 [acie'Esau
542 2582 636 2616 fratris
647 2582 698 2608 sui.
716 2581 815 2617 Verum

43 2613 94 2651 haec
107 2616 186 2643 verba
211 2613 349 2651 nequeunt
373 2613 506 2645 vetustam
530 2613 685 2651 opinionem
704 2616 814 2644 elidere.

44 2648 108 2687 Sane
133 2650 204 2678 illam
229 2648 320 2687 auctor
340 2653 413 2680 Libri
427 2648 585 2687 pontiﬁcalis
598 2655 726 2687 _secutus
750 2651 787 2678 ait
808 2662 814 2678 :

43 2684 152 2722 Clemens
163 2687 269 2714 natione
285 2686 419 2714 Romanus
428 2684 464 2715 'de
476 2684 579 2722 regione
590 2685 671 2714 Caelio
687 2691 775 2722 monte
785 2695 817 2713 ea:

42 2724 109 2752 patre
122 2719 260 2757 Faustino.
276 2722 380 2750 Similia
403 2719 535 2750 habentur
557 2722 583 2748 in
606 2722 744 2757 Catalogis
761 2720 816 2748 llo-

44 2762 175 2791 nianorum
199 2755 359 2785 Pontiﬁcum
386 2758 580 2785 vetustioribus
599 2767 604 2783 :
629 2755 818 2791 conseruitque

43 2788 199 2829 breuiarium
218 2791 368 2829 Roma_nurn
392 2793 426 2829 ad
446 2792 572 2829 d_icm_25
593 2788 818 2829 Novembrisfdc

43 2824 85 2862 i||_o
93 2825 157 2862 item
165 2831 283 2862 sanctus
295 2826 443 2855 Eucherius
459 2827 648 2862 Lugdunensis
663 2827 689 2854 in
705 2824 818 2862 epistola

44 2859 73 2886 ad
92 2859 218 2889 Valerium
236 2872 242 2890 :
259 2862 376 2891 Clemens
399 2859 635 2899 t‘etusta'prosapia
656 2859 818 2896 senatorum,

869 2095 1034 2129 omniumque
1053 2094 1202 2121 liberalium
1226 2095 1324 2120 artium
1345 2094 1522 2128 peritissimus
1538 2093 1572 2120 ad
1592 2094 1661 2122 Itane

864 2130 998 2164 justorum
1016 2130 1085 2156 viam
1100 2130 1223 2160 transiit;
1239 2129 1326 2164 itaque
1342 2130 1369 2155 in
1390 2137 1421 2155 ea
1440 2129 1596 2156 excellenter
1610 2130 1661 2163 ﬂo-

868 2165 931 2196 ruit,
944 2169 972 2190 ut
983 2163 1114 2199 Principis
1127 2172 1227 2199 quoque
1238 2164 1418 2199 apostolorum
1429 2172 1563 2191 successor
1577 2166 1662 2191 ersti-

868 2201 939 2228 (erit.
956 2199 1004 2226 His
1019 2199 1098 2227 tidem
1110 2200 1222 2227 minime
1235 2199 1409 2234 derogamus,
1422 2207 1484 2228 cum
1496 2199 1583 2233 ipsius
1597 2200 1661 2226 Cle-

868 2235 965 2261 mentis
981 2234 1008 2261 in
1028 2235 1196 2262 contrarium
1214 2235 1346 2270 producta
1371 2234 1484 2270 intelligi
1505 2234 1611 2270 possint
1625 2234 1661 2263 de

868 2270 929 2296 ﬁdei
951 2269 1054 2305 gratia,
1078 2274 1188 2304 propter
1211 2268 1303 2305 quam,
1325 2274 1354 2296 ut
1379 2268 1524 2305 inquit‘ad’
1549 2268 1661 2296 Galatas

866 2312 926 2338 cap.
944 2303 969 2331 γ]
984 2303 1086 2330 Paulus
1101 2303 1250 2339 apostolus,
1268 2303 1340 2339 Filii,
1354 2303 1537 2338 promissionis
1552 2311 1661 2338 compu-

868 2344 959 2372 tantur
972 2340 999 2364 in
1012 2338 1123 2372 semine.
1139 2339 1208 2372 Quid
1225 2339 1296 2372 quod
1320 2338 1496 2372 le-gphilns
1508 2339 1535 2365 in
1551 2340 1609 2366 suis
1625 2340 1657 2366 ad

868 2369 1030 2404 Autolycum
1047 2369 1138 2401 libris,
1153 2369 1201 2396 lib.
1219 2369 1261 2401 iii,
1272 2374 1338 2397 sect.
1353 2369 1542 2399 25.'Davidem
1556 2374 1659 2405 patrem

867 2412 914 2432 seu
927 2405 1119 2439 progenitorem
1136 2410 1258 2431 nostrum
1275 2404 1409 2439 appellat?
1422 2405 1539 2433 Ἔπειτα
1554 2404 1636 2432 Δαϐὶδ
1646 2407 1660 2432 ὁ

867 2440 997 2475 πρόγονος
1007 2439 1343 2475 ἡμῶν(ὲῆασίλευσεν)ἔτη
1353 2443 1390 2475 μ’·
1405 2439 1502 2468 Deinde
1513 2440 1596 2467 David
1610 2448 1659 2475 pa-

866 2480 906 2500 ter
916 2479 1004 2502 noster
1018 2475 1135 2509 regnarit
1150 2483 1234 2501 annos
1249 2475 1437 2510 quadraginta.
1456 2475 1583 2510 Nunquid
1598 2476 1659 2502 ideo

867 2510 995 2538 Ilebrazus
1007 2511 1151 2545 episcopus
1165 2511 1216 2537 iste
1229 2510 1438 2538 Antiochenus?
1450 2510 1553 2539 Eodem
1577 2511 1658 2545 plane

864 2553 947 2581 sensu
959 2544 1168 2581 cumCh-nicnte
1177 2545 1332 2581 locutisunt
1348 2545 1460 2573 Patrum
1469 2544 1656 2581 antiquissimi

863 2580 989 2608 Justinus
1003 2579 1039 2616 Μ.
1057 2580 1191 2616 (Dialugo
1213 2588 1274 2616 cum
1296 2580 1453 2615 Tryphone,
1470 2579 1544 2609 sect.
1565 2581 1655 2614 £55);

864 2615 990 2643 Clemens
1013 2615 1216 2643 Alexandrinus
1238 2615 1421 2647 (Stromatum
1437 2617 1483 2644 lib.
1501 2624 1527 2643 Vl
1539 2637 1546 2649 ,
1560 2624 1584 2643 c.
1601 2616 1632 2649 7}
1647 2625 1654 2649 ;

865 2650 1050 2678 Tertullianus
1072 2651 1198 2678 adversus
1219 2650 1398 2683 Marcianem,
1418 2651 1465 2679 lib.
1489 2659 1532 2685 tv,
1558 2659 1582 2679 c.
1600 2651 1654 2683 2t;

863 2691 959 2713 auctor
975 2686 1161 2721 Expositionis
1183 2686 1209 2713 in
1235 2685 1335 2721 Evang.
1357 2686 1424 2714 Luc.
1451 2695 1512 2721 quae
1536 2687 1586 2714 sub
1599 2686 1652 2713 Titi

863 2721 1015 2750 liostrensis
1028 2721 1138 2748 nomine
1151 2721 1344 2749 circumfertur
1355 2721 1421 2756 (Tit.
1438 2722 1511 2750 Bost.
1528 2722 1554 2748 in
1568 2729 1628 2755 cap.
1642 2729 1650 2749 t

863 2756 962 2791 Lucae)
983 2756 1095 2784 Bibliot.
1113 2755 1183 2788 ΡΡ..
1203 2757 1268 2784 edit.
1287 2755 1386 2790 Paris}.
1407 2762 1472 2792 tom.
1495 2756 1569 2788 Xlll,
1587 2764 1649 2792 pag.

863 2792 932 2825 767;
948 2792 1019 2827 Aug.
1033 2800 1116 2819 scrm.
1133 2794 1159 2824 5,
1180 2792 1232 2827 ξι,
1247 2791 1316 2827 Opp.
1328 2797 1393 2819 tom.
1418 2791 1449 2824 V,
1475 2800 1535 2827 pag.
1551 2791 1597 2819 50.

909 2828 965 2863 (‘26)
979 2827 1044 2855 Vide
1061 2827 1200 2863 lreiizcum,
1217 2829 1233 2854 ι.
1253 2837 1291 2860 ιιι,
1308 2836 1332 2856 c.
1347 2829 1374 2859 Ei;
1394 2827 1494 2854 Zozim.
1514 2827 1584 2862 apud
1598 2827 1648 2852 Ba-

871 2870 930 2891 ron.
948 2863 980 2891 ad
995 2871 1059 2891 ann.
1080 2862 1137 2897 H7,
1154 2871 1228 2891 num.
1244 2863 1287 2891 20.
