1875 3101
189 146 242 174 123

746 143 791 170 AD
810 143 840 171 S.
860 143 1073 172 CLEMENTEM
1092 144 1102 172 Ι
1122 143 1237 171 PAPAM

1755 139 1811 167 «ει

186 203 295 237 Linum,
310 204 382 239 quod
395 203 475 232 divus
489 202 670 237 Hieronymus
690 202 718 229 in
733 206 816 237 caput
839 210 877 229 LII
896 201 973 230 Isaia:
985 206 1010 234 Α
1023 202 1106 238 aliqui
1122 202 1213 230 ferunt
1228 200 1283 237 (54)
1298 209 1360 228 eum
1376 201 1410 228 ad
1425 201 1546 230 schisma
1559 201 1728 234 evitandum,
1743 201 1818 229 Pon-

187 250 286 282 Innuit,
299 258 349 285 pro
363 255 440 278 certo
459 250 516 285 jam
535 249 650 276 habetur
667 248 732 284 (27).
748 248 879 281 Quamvis
901 250 974 277 enim

186 303 201 322 a
219 300 315 324 sancto
326 295 407 323 Petro
421 296 449 322 in
464 295 622 330 episcopum
639 300 775 328 sacratus,
790 300 817 322 et
832 302 975 322 successor

186 341 345 376 designatus
358 341 449 372 fuerit,
462 341 592 368 honorem
606 340 784 368 nihilominus
798 343 825 368 et
840 344 905 367 tunc
916 347 975 368 mo-

186 386 262 414 deste
281 394 433 418 recusasse,
446 391 473 414 et.
494 389 555 420 post
579 385 608 413 S.
630 385 724 414 Jacobi
745 386 847 413 obitum
863 385 891 413 S.
906 385 975 413 Lino

187 432 258 459 ultro
272 431 400 464 cessisse,
416 431 535 459 traditur
547 439 563 459 a
576 431 704 464 Baronio,
718 432 798 466 cujus
812 432 976 459 sententiam

186 478 364 513 comprobant
372 477 475 506 Natalis
484 478 637 506 Alexander
647 478 715 514 (28),
727 478 885 512 Bollandus,
896 478 976 506 Cote-

187 524 271 551 lerius
283 527 310 551 et
327 523 527 553 Tillemoutius.
539 524 629 557 Quod,
650 529 680 552 ut
699 524 803 552 Natalis
822 524 977 553 Alexander

187 571 225 597 ait
239 570 298 598 loco
312 570 406 602 citato,
423 579 434 596 ι
451 571 593 605 pessimum
607 571 724 606 posteris
739 572 892 606 exemplum
906 579 975 606 prte-

187 616 246 643 beri
265 617 502 648 animadverteret,
518 617 542 645 si
563 625 598 645 ex
611 618 637 645 vi
657 617 839 645 ordinationis
858 623 885 645 et
905 618 977 645 desi-

187 662 335 696 gnatiouis,
347 662 380 690 de
394 670 424 690 se
438 662 517 690 facta:
530 671 545 689 a
558 661 586 690 S.
600 662 681 690 Petro
705 663 890 698 (quantumvis
903 663 977 698 justa

188 707 273 741 esset)
290 712 428 734 exerceret
444 707 630 741 pontiﬁcium;
646 708 710 742 quia
733 708 855 735 futurum
879 708 977 743 ιιι-«ιενί-

189 750 280 783 debat,
296 756 326 778 ut
344 752 367 779 si
385 752 507 786 pontiﬁci
522 753 614 780 liceret
632 752 682 780 sibi
697 753 842 788 designare
867 761 978 781 succes-

190 803 291 830 sorem,
312 797 404 831 plures
427 797 455 824 in
482 798 638 825 cathedram
663 797 737 825 Petri
765 799 904 831 subvecti,
929 799 977 826 sed

190 841 262 870 Petri
280 843 390 878 vestigia
406 851 461 871 non
478 844 574 875 secuti,
590 844 750 871 relationem
763 846 854 872 carnis
868 849 894 872 et
915 853 979 873 sau-

190 889 298 923 guinis,
315 898 368 917 non
385 888 504 925 Spiritus
519 891 605 918 sancti
627 891 746 918 aﬂlatum
762 891 976 920 attendereut....
995 880 1016 907 Β

191 935 285 970 sicque
308 943 444 963 summum
470 936 600 965 Ecclesia:
623 937 805 965 sacerdotium
827 938 861 965 ab
884 939 980 966 ordine

191 979 387 1009 Melchisedech
410 982 437 1009 in
462 983 585 1010 ordinem
612 983 730 1011 Aaronis
749 984 903 1016 decideret,
930 991 980 1012 nec

190 1026 313 1062 dignatio
337 1028 457 1056 caelestis
481 1029 594 1064 gratiae,
623 1029 671 1057 sed
695 1030 815 1058 carnalis
842 1029 981 1058 successio

191 1076 334 1108 generaret
344 1073 532 1102 Sacerdotem.
552 1085 561 1101 ι

228 1118 348 1147 Sanctus
362 1118 480 1148 lrenmus
493 1119 548 1155 (29)
565 1129 729 1149 enumerans
738 1121 877 1149 Romanos
892 1121 982 1157 ponti-

192 1164 257 1193 ﬁces
289 1166 336 1200 qui
359 1166 392 1194 ad
408 1174 457 1194 sua
477 1171 600 1202 tempora
623 1167 786 1200 ﬂoruerunt,
818 1168 899 1195 tertio
919 1172 982 1203 post

192 1215 318 1239 sanctum
333 1210 442 1239 Petrum
457 1213 517 1240 loco
535 1213 701 1240 Clementem
720 1214 807 1248 ponit.

227 1257 333 1285 Pariter
345 1257 479 1286 Eusebius
491 1258 546 1294 (50)
557 1263 583 1286 et
594 1258 762 1294 Epiphanius
772 1258 827 1295 (3i)
843 1259 980 1287 sentiunt:

192 1311 227 1331 ex
252 1303 368 1331 adverso
395 1307 508 1331 sanctus
531 1304 703 1339 Augustinus
732 1304 788 1339 (32)
817 1303 982 1332 Clementem

193 1349 261 1376 Lino
280 1348 437 1376 immediate
460 1349 628 1377 successisse
651 1353 766 1377 testatur
783 1358 886 1385 :quem
908 1350 983 1378 ordi-

194 1403 255 1422 nem
265 1395 293 1422 in
305 1396 483 1423 numerandis
494 1395 567 1423 Petri
580 1397 790 1424 successoribus
800 1401 892 1424 tenent
902 1397 982 1425 etiam

194 1444 307 1469 sanctus
327 1440 442 1476 Optatus
465 1441 637 1470 Milevitanus
654 1442 882 1477 (33),Chronicon
910 1441 984 1477 quod

194 1486 311 1514 Damaso
330 1488 411 1523 vulgo
435 1487 573 1519 tribuitur,
596 1491 623 1515 et
645 1488 786 1523 catalogus
805 1490 883 1515 vetus
903 1486 982 1514 Rom.

195 1532 354 1579 pontificum
371 1540 386 1560 e
399 1540 451 1560 ms.
473 1533 574 1579 codice
595 1534 693 1568 reginae
719 1533 823 1561 Suecim
839 1534 872 1560 ab
888 1533 984 1568 hagio—
997 1550 1018 1579 ρ

196 1579 307 1614 graphis
321 1578 409 1614 Belgis
425 1579 452 1605 in
468 1578 531 1605 Maii
547 1578 686 1614 Propylaeo
697 1586 824 1606 excusus.

230 1623 333 1651 Praeter
357 1623 506 1660 pugnantia
528 1624 596 1651 adeo
620 1624 786 1656 testimonia,
810 1632 864 1651 non
888 1624 986 1652 desunt

196 1676 252 1696 sua:
267 1669 375 1704 utrique
390 1676 423 1696 ex
438 1669 481 1696 his
494 1668 669 1704 opinionibus
689 1668 878 1703 dillicultates;
895 1673 986 1704 poste-

195 1713 253 1740 rior
272 1712 335 1740 inde
360 1716 450 1740 tamen
474 1713 636 1747 gravissime
656 1713 799 1748 premitur,
825 1714 897 1748 quod
922 1713 985 1741 fasti

196 1759 340 1790 Ecclesia},
365 1763 443 1787 vetus
465 1758 649 1786 Romanorum
671 1759 792 1791 traditio,
816 1763 843 1787 et
865 1759 986 1794 plerique

195 1804 311 1839 catalogi
324 1803 404 1831 Rom.
417 1804 516 1838 pontif.
531 1808 655 1832 sanctum
670 1803 837 1832 Clementem
854 1804 985 1840 martyrio

196 1854 356 1878 coronatum
370 1853 495 1878 asserant
516 1849 667 1885 imperante
680 1850 809 1885 Trajano,
825 1856 905 1885 atque
918 1851 986 1879 adeo

195 1896 247 1924 sub
270 1895 349 1924 initio
371 1896 463 1924 saeculi
491 1904 527 1930 II;
550 1896 675 1932 quamvis
699 1904 787 1932 neque
812 1895 908 1924 Linum
924 1898 986 1933 plus

196 1949 279 1977 quam
305 1949 355 1974 xu,
382 1948 470 1977 neque
495 1941 661 1968 Clementem
689 1941 759 1969 ultra
783 1941 876 1969 decem
898 1949 985 1970 annos

197 1988 302 2016 sedisse
315 1987 460 2022 quisquam
480 1990 606 2019 testetur,
622 1995 637 2014 a
653 1986 726 2015 Petri
750 1991 840 2014 autem
856 1988 986 2023 martyrio

197 2041 284 2068 usque
296 2033 329 2060 ad
344 2032 453 2068 Trajani
469 2033 611 2067 imperium
626 2040 680 2059 xxx
691 2036 721 2059 ut
733 2033 887 2064 minimum,
900 2039 986 2060 annos

196 2078 310 2106 ﬂuxisse
329 2082 444 2106 constet.
464 2077 625 2105 Dillicultate
646 2077 698 2104 hac
724 2081 754 2104 ut
768 2086 797 2106 se
814 2077 984 2113 expedirent,

234 2198 341 2236 (27)]1
350 2199 481 2236 Clemens
493 2197 534 2236 vir
547 2198 723 2236 apostolicus,
737 2197 861 2236 quipost
874 2196 983 2225 Petrum

197 2233 443 2262 Bo‘mJEcclesiam
467 2234 546 2265 rexit,
571 2234 667 2260 scribit
682 2233 714 2260 ad
732 2233 900 2263 Corinthios,
917 2237 982 2265 etc.,

198 2279 261 2306 opp.
276 2269 315 2306 Vl).
329 2269 437 2297 Hieron.
451 2269 553 2296 noviss.
569 2268 634 2295 edit.
650 2267 757 2300 Veuet.,
772 2272 837 2295 tom.
856 2266 899 2299 IV,
916 2276 941 2303 p.
957 2268 983 2300 ί,

209 2307 252 2333 -ol.
269 2305 330 2332 612.

198 2315 336 2403 ;:l‘§§)llzn
352 2339 424 2367 Hist.
438 2339 502 2366 εδει.
529 2338 620 2366 saeculi
633 2346 653 2370 ι,
664 2338 773 2366 dissert.
788 2338 830 2369 l3,
846 2345 906 2373 pag.
919 2337 986 2365 mihi

236 2411 292 2446 (29)
306 2409 461 2446 Fund_antes
477 2409 558 2446 igitur
569 2413 596 2437 et
611 2409 777 2446 instruentes
786 2409 857 2446 beati
870 2408 984 2446 apostoli

200 2443 360 2476 Ecclesiam,
376 2444 442 2471 Lino
454 2443 639 2478 episcopatum
656 2444 879 2471 administranda).
894 2443 986 2470 Eccle-

200 2481 248 2509 sia:
263 2480 443 2508 tradiderunt.
460 2479 589 2506 Succedit
602 2483 691 2506 autem
706 2480 730 2506 ei
746 2479 907 2512 Anacletus;
925 2482 987 2513 post

200 2524 262 2545 eum
282 2516 363 2543 tertio
378 2514 413 2541 ab
431 2515 562 2550 apostolis
583 2515 770 2550 episcopatum
794 2514 910 2550 sortitur
925 2513 987 2541 Cle-

200 2559 287 2579 mens.
308 2550 337 2577 S.
352 2550 470 2577 lrenaaus
492 2550 510 2577 l.
534 2556 565 2576 ιιι
590 2549 655 2577 Adv.
679 2549 784 2580 hwres.,
806 2557 866 2583 cap.
883 2549 909 2581 5,
923 2556 986 2584 pag.

200 2586 267 2614 mihi
280 2585 343 2615 176.
358 2584 425 2612 edit.
442 2585 545 2612 noviss.
557 2584 666 2612 Venette
681 2585 714 2612 de
727 2592 800 2611 anno
815 2584 894 2611 1754.

309 2620 380 2661 Hist.
404 2620 480 2662 eccl.,
497 2620 514 2646 1.
539 2627 580 2661 ιιι,
602 2628 626 2647 c.
644 2620 688 2651 15,
713 2621 769 2647 ait:
786 2619 988 2662 Anaﬁleta‘sreir-

201 2653 267 2683 actis
282 2653 309 2682 in
354 2655 470 2689 ircopatu
481 2656 557 2682 annis
573 2663 610 2682 xtl
626 2663 798 2682 successorem
813 2654 862 2680 reli
880 2655 918 2680 nit
932 2653 988 2680 Cle-

201 2662 400 2718 mentemfGide
423 2690 503 2716 etiam
524 2690 646 2718 eiusdem
671 2690 730 2717 libri
746 2697 770 2717 c.
785 2690 803 2716 4
817 2694 845 2717 ct
858 2663 904 2718 ές.
929 2689 988 2716 edi-

201 2698 321 2718 tuentem.
337 2698 400 2717 nae
423 2698 503 2716 ριιιιιιι
524 2698 646 2718 eiusuem
671 2698 730 2717 ΙΙυῐΊ
746 2698 770 2717 C.
785 2698 803 2716 4
817 2698 845 2717 οι
858 2698 904 2718 ΖΙ.
929 2698 988 2716 eul-

201 2699 321 2719 tuentem.
337 2699 400 2717 Viue
423 2699 503 2716 ριιιιιιι
524 2699 646 2724 (ιιιιδαειιι
671 2699 730 2717 lIDI'I
746 2699 770 2717 (Σ.
785 2699 803 2716 4
817 2699 845 2717 οι
858 2699 904 2721 ΖΙ,

200 2728 302 2754 tionem
317 2724 418 2752 Valcsii
433 2724 627 2752 'l‘aurineusem
642 2733 703 2760 pag.
716 2725 761 2755 82.
773 2724 847 2760 957et
861 2724 906 2751 98.

236 2761 292 2796 (5i)
309 2760 398 2788 Rarme
418 2760 497 2795 primi
517 2761 633 2796 omnium
645 2759 746 2787 Petrus
759 2759 902 2796 etrPtturlus
925 2767 989 2793 apo-

201 2794 263 2824 stoli
276 2796 376 2830 pariter
390 2800 466 2830 atque
482 2796 593 2829 episcopi
612 2795 726 2830 fuerunt,
748 2795 808 2822 inde
827 2794 920 2826 Linus,
934 2799 989 2820 tum

202 2829 304 2868 Cleturs,
317 2830 457 2868 poultttnc
465 2830 602 2868 Clemens;
611 2831 742 2868 Epiphan.
751 2831 850 2868 lintres.
864 2830 910 2868 Ξῖ,
923 2829 986 2868 c._6.

203 2875 263 2903 pag.
279 2867 340 2900 10⁵1,
352 2867 418 2893 edit.
430 2865 579 2900 Lipsiensis
588 2865 700 2898 Petavii,
714 2867 794 2901 vulgo
805 2865 988 2892 Coloniensis.

1026 248 1108 276 tilicia
1122 248 1254 284 dignitate
1273 255 1303 275 se
1321 247 1474 281 abdicasse.
1485 252 1513 276 et
1527 248 1606 284 longe
1618 252 1680 284 post
1693 248 1816 282 obiisse;

1025 302 1118 322 verum
1133 294 1159 321 id
1174 294 1248 320 omni
1264 294 1373 328 penitus
1387 294 1556 322 dubitatione
1571 303 1627 322 non
1639 298 1727 322 vacat.
1743 294 1817 327 Quid

1025 343 1116 367 autem
1136 339 1163 366 in
1186 347 1216 366 re
1238 339 1305 367 adeo
1326 340 1443 367 obscura
1461 340 1593 375 tricisque
1612 340 1818 374 chronologicis

1025 385 1141 420 implexa
1164 392 1228 412 vero
1251 385 1364 420 propius
1389 385 1512 418 accedat,
1537 385 1647 413 lectoris
1669 385 1818 413 arbitrium

1025 434 1103 458 esto:
1120 430 1186 457 mihi
1203 430 1311 457 animus
1331 430 1454 462 inclinat,
1470 434 1500 457 ut
1520 429 1549 457 S.
1567 429 1668 458 Irenaeo
1686 438 1737 457 ceu
1753 429 1819 456 testi

1026 476 1147 504 omnium
1160 476 1361 511 antiquissimo,
1377 483 1428 504 nec
1443 476 1523 511 longe
1537 483 1552 502 a
1565 474 1698 503 Romanis
1713 476 1818 511 posito,

1025 523 1091 558 quin
1111 522 1138 549 iu
1153 521 1227 550 Urbe
1241 522 1299 557 ipsa
1314 526 1433 554 versato,
1449 523 1631 554 subscribam,
1645 527 1672 550 et
1690 521 1820 550 Clemen-

1025 572 1092 601 tem,
1107 575 1161 595 non
1181 571 1255 602 ante,
1267 576 1347 604 quam
1358 573 1420 604 post
1439 568 1537 596 Linum
1557 573 1584 596 et
1597 569 1717 603 Cletum,
1729 569 1774 597 vel
1790 572 1822 597 ut

1027 613 1144 643 Irenaeus
1159 615 1250 646 habet.
1263 615 1422 643 Anacletum
1441 616 1545 643 sedisse
1559 623 1694 644 censeam.

1062 659 1112 688 Res
1131 660 1163 687 ab
1186 669 1216 688 ea
1238 661 1266 688 in
1290 661 1445 695 pontiﬁcatu
1468 662 1669 697 gestia—Quo
1692 667 1819 696 tempore

1028 706 1157 733 Ecclesia:
1172 710 1297 741 praeerat,
1319 707 1374 734 duo
1389 707 1561 741 potissimum
1576 708 1665 743 egisse
1678 714 1820 735 memora-

1028 754 1084 779 tur.
1106 750 1261 778 Laboraule
1280 751 1340 778 diro
1365 752 1514 779 schismate
1537 752 1745 780 Corinthiorum
1766 752 1820 780 Ec-

1028 798 1123 829 clesia,
1136 798 1246 833 scripsit
1264 798 1401 834 egregiam
1423 798 1503 826 hodie
1525 799 1614 826 adhuc
1639 799 1819 835 superstitem

1029 844 1183 879 epistolam,
1202 851 1255 878 qua
1270 843 1347 872 laicis
1369 844 1397 870 in
1411 844 1585 880 presbyteros
1599 845 1682 872 etiam
1699 846 1821 874 sanctis-

1031 890 1115 919 simos
1143 889 1348 925 insurgentibus
1382 889 1469 917 suasit
1499 897 1611 924 pacem.
1638 895 1821 926 mutuamque

1030 935 1216 963 concordiam.
1237 935 1381 971 Negotium
1399 935 1471 962 istud
1493 943 1526 962 ex
1546 936 1681 963 sententia
1705 936 1821 971 perfecit

1031 985 1142 1009 sanctus
1157 980 1293 1008 Pontifex.
1309 981 1443 1013 Alterum,
1461 981 1535 1016 quod
1553 984 1655 1015 septem
1671 981 1754 1009 urbis
1779 989 1822 1010 re-

1031 1027 1125 1061 giones
1136 1026 1164 1054 in
1178 1026 1300 1055 notarios
1316 1026 1427 1054 totidem
1443 1028 1561 1062 partitus
1578 1028 1624 1059 sit,
1638 1027 1685 1062 qui
1702 1027 1731 1054 in
1747 1033 1822 1063 gesta

1032 1073 1082 1101 SS.
1105 1079 1254 1110 martyrum
1291 1075 1479 1110 inquirerent,
1504 1075 1605 1111 illaque
1631 1076 1663 1103 ad
1694 1081 1822 1112 posteros

1031 1120 1142 1156 scriptis
1168 1120 1391 1148 commendarent
1409 1121 1487 1158 (35):
1512 1121 1577 1149 hinc
1597 1122 1679 1149 etiam
1701 1123 1822 1158 percipi-

1032 1173 1107 1196 mus,
1127 1170 1256 1200 quantam
1284 1166 1453 1201 diligentiam
1483 1167 1518 1193 ab
1542 1167 1609 1202 ipsis
1645 1167 1824 1196 incunabulis

1031 1210 1110 1238 Rom.
1129 1210 1250 1239 Ecclesia
1266 1211 1420 1238 adhibuerit
1436 1211 1462 1238 iu
1485 1212 1645 1247 colligendis
1667 1217 1823 1249 martyrum

1032 1256 1119 1285 fastis.
1132 1257 1242 1293 lugente
1257 1257 1421 1285 Christiame
1439 1259 1478 1286 rei
1498 1257 1663 1286 detrimento
1683 1263 1747 1286 acta
1766 1259 1823 1287 haec

1032 1303 1084 1330 sub
1110 1303 1315 1338 Diocletiano,e
1336 1303 1421 1331 fundo
1447 1304 1607 1339 religionem
1630 1304 1821 1332 Christianam

1033 1350 1188 1378 convellere
1212 1349 1371 1382 laborante,
1402 1349 1519 1378 llammis
1544 1350 1701 1386 perierunt,
1727 1351 1765 1378 ita
1794 1356 1825 1379 ut

1032 1395 1148 1430 paucula
1164 1395 1245 1423 hodie
1260 1395 1380 1430 genuina
1393 1395 1554 1423 venerandae
1569 1395 1744 1430 antiquitatis
1764 1404 1825 1423 mo-

1033 1446 1162 1468 numenta
1186 1441 1291 1476 reliqua
1309 1441 1372 1469 sint.
1390 1440 1546 1469 Promeruit
1569 1445 1597 1468 et
1617 1441 1675 1476 ipse
1696 1440 1824 1470 Clemens

1033 1486 1136 1514 eisdem
1152 1486 1230 1515 fastis
1244 1486 1378 1514 adscribi.

1071 1532 1231 1568 Martyrium
1257 1533 1343 1560 sancti
1369 1532 1526 1564 Clementis,
1548 1532 1654 1569 eiusque
1679 1533 1827 1561 obitus.—

1037 1577 1141 1605 Etenim
1155 1579 1182 1605 in
1197 1578 1396 1606 Chersonesum
1417 1578 1561 1606 Tauricam
1584 1580 1722 1615 relegatus
1743 1580 1826 1615 (Tar-

1037 1623 1134 1652 tariam
1158 1624 1291 1652 minorem
1306 1625 1386 1659 vulgo
1405 1625 1552 1660 appellant)
1573 1632 1634 1652 cum
1658 1626 1785 1653 doctrina
1800 1630 1826 1653 et

1036 1669 1176 1696 miraculis
1191 1677 1286 1697 omnes
1301 1670 1406 1697 incolas
1422 1670 1603 1697 convertisset
1621 1671 1654 1697 ad
1669 1670 1823 1702 Christum,

1033 1714 1145 1749 jubente
1158 1713 1276 1749 Traiano
1291 1715 1319 1742 in
1334 1722 1409 1741 mare
1423 1714 1566 1742 demersus
1581 1713 1632 1740 fuit
1646 1721 1719 1741 anno
1736 1714 1761 1741 .l.
1772 1714 1823 1741 Ch.

1036 1761 1097 1793 100,
1120 1760 1231 1795 Trajani
1253 1760 1298 1789 Ill.
1320 1759 1383 1788 Haec
1407 1767 1441 1787 ex
1461 1760 1546 1792 actis,
1566 1767 1626 1794 quae.
1646 1759 1674 1786 in
1696 1760 1825 1787 manibus

1035 1808 1181 1832 versantur
1197 1804 1289 1836 hodie,
1307 1808 1385 1833 eruta
1401 1807 1480 1838 sunt;
1502 1806 1600 1831 merito
1618 1807 1710 1831 tamen
1725 1812 1740 1830 a
1754 1804 1825 1832 viris

1036 1850 1218 1885 gravissimis,
1231 1850 1381 1878 Pearsonio
1401 1849 1547 1885 praecipue,
1564 1849 1591 1876 in
1605 1849 1720 1876 dubium
1744 1857 1826 1877 revo-

1035 1899 1144 1927 cantur,
1167 1895 1396 1931 quemadmodum
1415 1895 1529 1923 inferius
1552 1894 1684 1930 singulari
1705 1894 1825 1922 articulo

1035 1941 1223 1969 ostendemus.
1248 1940 1329 1973 Sunt,
1350 1941 1397 1976 qui
1413 1940 1523 1968 minime
1536 1940 1655 1967 violenta
1672 1943 1761 1966 morte
1777 1939 1825 1967 de-

1036 1987 1154 2015 cessisse
1179 1987 1273 2015 divum
1299 1987 1467 2015 Clementem
1494 1989 1648 2014 autumant.
1668 1985 1715 2013 Sic
1737 1985 1825 2013 Euse-

1035 2032 1097 2060 bius
1109 2032 1165 2069 (56)
1182 2037 1209 2060 et
1230 2038 1342 2061 sanctus
1356 2032 1535 2068 Hieronymus
1549 2033 1609 2067 ejus
1622 2037 1736 2060 mortem
1747 2032 1825 2059 nulla

1036 2077 1070 2106 de
1081 2080 1212 2115 martyrio
1227 2079 1364 2107 mentione
1376 2079 1501 2107 instituta
1514 2082 1741 2106 commemorant.
1757 2078 1826 2106 Sau-

1072 2200 1128 2236 (32)
1140 2200 1218 2228 Petro
1233 2200 1357 2227 successi:
1365 2200 1463 2236 Linus.
1474 2199 1540 2236 Lino
1552 2199 1682 2236 Clemens.
1694 2199 1825 2228 Clementi

1037 2236 1188 2267 Anaclelus,
1212 2236 1337 2263 Anacleto
1359 2235 1508 2262 Evariatus.
1531 2235 1560 2263 S.
1583 2235 1718 2271 Aug.,ep.
1740 2236 1778 2263 55
1791 2237 1824 2263 ad

1037 2270 1205 2299 Generosum.

1071 2306 1127 2340 (55)
1139 2305 1272 2333 Catltedra
1285 2314 1338 2332 una
1351 2309 1400 2337 est,
1421 2305 1488 2332 sedit
1499 2306 1572 2339 prior
1586 2305 1691 2335 Petrus,
1708 2306 1751 2332 cui
1764 2314 1824 2332 suc-

1036 2342 1114 2368 cessit
1129 2340 1221 2372 Linus,
1237 2341 1304 2368 Lino
1320 2341 1450 2373 Clemens,
1471 2340 1598 2368 Clementi
1620 2341 1774 2368 Anucletus.
1792 2341 1822 2368 D.

1036 2375 1161 2410 Optatus,
1178 2376 1224 2403 lib.
1243 2385 1273 2404 ιι.

1073 2411 1128 2446 (54)
1146 2411 1175 2438 D.
1189 2410 1458 2446 Epiphaniushaeres.
1467 2410 1544 2442 27,c.
1554 2410 1580 2438 6.
1591 2409 1785 2439 Henscheuius
1797 2414 1823 2438 et

1035 2445 1278 2481 Papebrochius’in
1291 2446 1351 2481 Μιιῆ
1366 2445 1514 2481 Propylaao.

1072 2481 1127 2516 (55)
1146 2480 1296 2509 Guilelmus
1320 2480 1461 2508 Burius’i’n
1476 2488 1526 2508 sua
1548 2480 1630 2516 Rom.
1652 2480 1751 2514 pontif.
1772 2489 1823 2508 no:

1035 2516 1094 2543 titia
1116 2516 1221 2550 adjicit,
1244 2516 1319 2543 illum
1343 2516 1454 2550 insuper
1476 2520 1565 2543 vestes
1588 2515 1614 2542 in
1638 2516 1722 2543 missa
1748 2517 1823 2543 adhi-

1038 2551 1141 2579 bendas
1167 2551 1360 2587 sacerdotibus
1379 2551 1596 2587 praescripsisse,
1614 2554 1641 2577 et
1665 2555 1693 2587 ut
1719 2559 1824 2587 mappae

1036 2587 1125 2616 liue.'c,
1144 2594 1213 2621 quas
1227 2586 1381 2621 corporalia
1397 2594 1536 2618 vocamus,
1558 2586 1585 2612 in
1606 2585 1738 2620 peculiari
1760 2585 1822 2615 vase

1037 2622 1205 2653 lavarentur.
1232 2622 1376 2654 statuisse;
1402 2621 1449 2648 sed
1473 2621 1499 2648 id
1520 2629 1535 2648 e
1554 2621 1742 2648 commentitia
1763 2622 1822 2649 Cle—

1037 2657 1137 2684 mentis
1160 2656 1194 2683 ad
1215 2655 1349 2683 Jacobum
1374 2655 1494 2691 Epistola
1519 2655 1617 2683 Burius
1641 2656 1820 2691 deprompsit.

1037 2690 1217 2718 Consecravit
1232 2691 1278 2719 hic
1296 2690 1410 2719 sanctus
1432 2691 1569 2722 Pontifex,
1592 2691 1709 2725 geminis
1730 2690 1822 2719 mense

1039 2726 1181 2762 Decembri
1202 2726 1432 2758 ordinationibus,
1454 2727 1584 2762 diaconos
1601 2726 1681 2757 duos,
1707 2727 1821 2762 presby-

1038 2761 1258 2802 tergsmdecemet
1272 2762 1418 2802 episcopos
1427 2761 1591 2802 quindecim.

1069 2796 1130 2858 l(36)
1150 2795 1336 2858 Elisscbiusﬂl.
1351 2795 1395 2830 E.,
1412 2795 1486 2830 lflu,
1503 2804 1528 2824 c.
1541 2796 1589 2829 5t;
1601 2795 1712 2823 llicrou.
1730 2796 1759 2823 in
1775 2797 1821 2823 Ca-

1079 2839 1122 2858 ua.
1139 2839 1163 2858 c.
1213 2852 1220 2858 .

1039 2835 1122 2867 talug.
1139 2839 1163 2858 c.
1178 2835 1220 2860 15,
